4002 6350
1444 384 1455 393 _
1548 383 1572 390 _
1629 379 2039 390 _____,____,_--..s
2078 378 2155 385 ....,.-
2184 376 2229 383 .-.
2252 378 2261 383 -.
2294 377 2359 384 ..ι
2390 376 2500 383 ,μη-
2648 372 2705 381 -δ
2736 369 2907 380 -υ--υ-

770 432 797 437 -.
884 432 903 433 κ
928 428 1257 436 κάμε-...τ’
1400 423 1761 433 Μι-..μ
1788 420 1985 428 ’-κ-μη
2046 417 2231 425 νἼ-..μνο
2292 416 2469 424 νρμμ-μκ
2588 413 2843 421 ..ι-...νη-η-

1429 545 1591 590 ANNO
1639 539 1867 583 DOMlNi
1916 538 2174 579 DCXLVI.

1669 647 1934 662 ———-'

687 776 1769 952 SANCTUS
1901 763 2839 933 GALLUS
2874 882 2916 953 ,

1355 1066 1608 1130 ABBAS
1656 1065 1753 1124 ET
1798 1058 2278 1124 CONFESSOR.

1589 1214 2029 1231 μ

748 1326 1217 1417 ΝΟΤΙΤΙΑ
1278 1308 1916 1402 HISTORICA
1980 1310 2101 1391 IN
2165 1309 2249 1391 S.
2313 1306 2834 1389 GALLUM.

1360 1478 1578 1541 (Fabric.
1621 1471 1750 1522 Bibl.
1785 1469 1915 1520 med.
1943 1476 1996 1519 et
2021 1466 2105 1518 inf.
2134 1468 2291 1528 teut.)

249 1690 442 1746 Gallus
488 1685 776 1746 llibernus,
807 1683 1100 1740 conlessnr,
1134 1671 1302 1728 sancti
1329 1667 1639 1726 Columnani
1684 1664 1767 1717 di-
1800 1663 1849 1723 Α
1877 1665 2014 1717 inter
2039 1660 2174 1715 Galli
2198 1660 2453 1729 opuscula
2501 1675 2528 1713 a
2565 1661 2778 1714 llarthiu
2819 1661 2985 1723 edita,
3028 1665 3166 1731 quod
3200 1666 3280 1719 vir
3328 1681 3470 1734 prm-

178 1782 452 1851 acipulus,
483 1778 652 1831 abbas
681 1771 817 1839 apud
866 1768 1132 1823 Arbonam
1172 1766 1225 1819 in
1256 1761 1562 1824 Germania,
1592 1755 1776 1810 defun-

183 1850 304 1931 ctus
350 1886 498 1926 anno
527 1867 722 1924 Christi
751 1863 877 1926 640,
915 1861 1085 1916 aetatis
1112 1857 1183 1914 95
1212 1856 1311 1928 (a),
1342 1855 1493 1921 cuius
1524 1850 1777 1905 memoria

189 1964 448 2020 recolitur
476 1960 531 2013 in
563 1952 955 2026 martyrologiis
991 1949 1058 2004 16
1086 1945 1355 2002 Octobris.
1390 1943 1517 2011 Ejus
1548 1941 1685 2001 Vita,
1719 1938 1781 1992 li-

196 2057 307 2110 bris
334 2050 550 2107 duobus
580 2062 610 2101 a
642 2044 940 2113 Walafrido
967 2041 1151 2097 Strabo
1177 2039 1400 2107 scripta,
1424 2042 1599 2090 exstat
1644 2031 1783 2100 apud

198 2146 411 2201 Sui-ium
442 2139 511 2193 16
542 2136 807 2201 Octobris,
832 2144 886 2188 et
923 2134 976 2187 iu
1005 2131 1227 2186 Thema:
1254 2123 1635 2196 Messinghami
1666 2122 1785 2178 Flo-

198 2233 387 2300 rilegio
422 2238 730 2283 sanctorum
756 2222 1039 2285 Hiberniae,
1070 2234 1191 2290 pag.
1220 2217 1327 2271 255
1352 2225 1408 2272 et
1431 2215 1561 2271 29$.
1591 2214 1790 2269 Memo-

198 2329 277 2380 ria
307 2340 371 2377 ex
400 2321 639 2376 Notkero
667 2317 732 2369 ad
761 2314 826 2369 16
855 2314 1062 2368 octobr.
1092 2319 1145 2365 et
1173 2310 1242 2364 de
1287 2307 1631 2362 translatione
1674 2303 1792 2374 ejus

202 2416 272 2470 16
305 2411 591 2466 novembr.
634 2414 798 2474 atque
827 2400 1061 2471 llatperti
1094 2399 1172 2470 (ὁ)
1202 2412 1389 2453 versus
1416 2397 1483 2451 de
1513 2393 1794 2449 festivitate

202 2504 374 2558 sancti
397 2500 555 2562 Galli,
584 2506 637 2551 et
660 2510 779 2565 pag.
803 2494 908 2548 415
932 2505 1098 2546 sermo
1127 2489 1196 2544 ab
1224 2503 1289 2544 eo
1314 2488 1487 2541 dictus
1514 2487 1567 2541 in
1597 2485 1796 2554 templo

208 2593 383 2647 sancti
427 2586 685 2657 Stephani
742 2587 795 2639 in
841 2582 1244 2637 consecratione
1286 2579 1509 2635 Joannis
1559 2576 1797 2646 episcopi

208 2680 665 2743 Constantiensis,
694 2690 835 2729 anno
872 2673 1001 2728 614.
1034 2672 1186 2727 Hunc
1216 2670 1418 2739 primus
1436 2668 1677 2724 ediderat
1701 2666 1801 2721 Ca-

216 2775 420 2835 nisius,
449 2780 574 2823 tom.
604 2768 643 2821 V
670 2766 1007 2835 antiquarum
1039 2762 1375 2825 Lectionum,
1410 2766 1561 2828 parte
1590 2774 1651 2824 tt,
1679 2772 1798 2826 pag.
1821 2776 1834 2785 ’

218 2862 329 2917 896
362 2861 526 2929 (Edit.
547 2874 685 2912 nocte
708 2855 1055 2925 Baanagiana:
1072 2862 1196 2906 tom.
1224 2852 1271 2917 1,
1292 2867 1407 2921 pag.
1432 2850 1583 2917 784),
1610 2848 1805 2903 deinde

217 2965 467 3005 recusnm
496 2950 547 3004 in
568 2948 953 3017 Supplemento
977 2943 1112 2997 Bibl.
1136 2942 1353 2996 Patrum
1378 2941 1570 3004 Paris.,
1605 2950 1733 2992 tom.
1762 2937 1802 3006 Ι,

1880 1756 2056 1808 clarus
2107 1753 2460 1822 conjiciehat,
2511 1768 2615 1806 non
2659 1763 2907 1819 exstant,
2962 1755 3089 1808 n‘hl
3140 1760 3280 1811 enim
3331 1760 3467 1811 Galli

1884 1856 2075 1909 praeter
2115 1858 2420 1898 sermonem
2462 1843 2571 1913 jam
2616 1854 2965 1899 memoratum
3000 1846 3245 1901 Barthius
3286 1850 3467 1903 edidit.

1887 1934 2175 2002 Epistulam
2224 1935 2437 1989 brevem
2468 1934 2535 1988 ad
2565 1935 2881 1989 Desiderium
2922 1937 2990 1990 ab
3032 1954 3170 1993 anno
3200 1930 3334 1994 1655
3365 1942 3471 1994 Ca-

1887 2028 2200 2083 durcensem
2241 2030 2569 2097 episcOpum,
2599 2044 2758 2098 quem
2788 2030 3050 2084 dominum
3095 2048 3147 2084 se
3167 2048 3289 2101 aper
3323 2052 3472 2088 suum

1889 2128 1934 2172 et
1977 2120 2311 2189 apostolicum
2350 2117 2558 2174 Patrem
2582 2121 2765 2176 Gallus
2805 2134 3037 2191 peccator
3076 2126 3327 2191 appellat,
3364 2129 3478 2180 vul-

1888 2213 2031 2280 gavit
2073 2212 2302 2267 Jacobus
2333 2212 2586 2267 Usserius
2640 2213 2692 2268 in
2738 2216 2975 2281 epismlis
3004 2216 3321 2282 Hibernicis,
3357 2234 3477 2287 pag.

1891 2302 1981 2357 2'5.
2033 2303 2086 2357 In
2115 2319 2175 2358 ea
2210 2305 2411 2359 mentio
2440 2305 2505 2358 dc
2540 2304 2691 2360 clade
2721 2306 3057 2362 Massiliensi.
3095 2308 3259 2377 llnjus
3293 2309 3476 2364 Sancti

1895 2391 2036 2446 Galli
2065 2393 2277 2447 celebre
2302 2396 2662 2449 monasterium
2709 2396 2760 2450 in
2789 2396 2982 2452 Suevia
3011 2399 3129 2451 ord.
3157 2399 3383 2464 Bened.,
3417 2401 3483 2452 de
3534 2453 3539 2459 ,

1896 2500 2002 2553 quo
2043 2483 2329 2541 Goldastus
2359 2487 2409 2539 in
2445 2485 2826 2542 Alemanuicis.
2879 2479 3012 2543 Vide
3041 2504 3201 2559 supra
3251 2498 3384 2543 tom.
3442 2492 3480 2554 Ι,

1899 2590 2021 2646 ρης.
2052 2576 2084 2630 6
2113 2589 2254 2646 seq.,
2283 2584 2442 2646 atque
2486 2577 2867 2647 epigrammata
2899 2587 2953 2633 et
2981 2578 3165 2649 hymni
3196 2582 3331 2635 sacri
3362 2581 3484 2633 illu-

1899 2668 2087 2720 strium
2115 2665 2351 2721 virorum
2389 2667 2525 2720 illius
2554 2668 2863 2723 monasterii
2896 2670 2946 2724 in
2983 2678 3113 2723 tom.
3150 2669 3210 2734 V,
3243 2679 3390 2734 parte
3426 2687 3485 2731 ιι.

1901 2758 2234 2826 antiquarum
2254 2756 2563 2812 Lectionum
2586 2758 2748 2813 llenr.
2771 2759 2967 2814 Canisii
2998 2759 3165 2831 (Edit.
3197 2777 3337 2813 nova:
3359 2771 3481 2814 tum.

1906 2845 1992 2912 II,
2024 2856 2166 2916 parte
2194 2863 2276 2913 ιιι,
2311 2865 2431 2920 pag.
2467 2850 2568 2904 135
2596 2851 2750 2920 3941.).
2783 2851 3084 2906 Chronicon
3117 2850 3488 2905 brevissimum

1904 2937 2217 2992 monasterii
2253 2937 2432 2993 Sancti
2460 2937 2597 2991 Galli
2639 2939 2706 2992 ab
2735 2954 2874 2993 anno
2901 2938 3095 2995 Christi
3130 2940 3227 2994 691
3266 2940 3329 2992 ad
3363 2939 3423 2992 81
3446 2940 3490 2999 ι.

218 3058 336 3112 pag.
367 3041 499 3108 6'18,
523 3051 575 3095 et
600 3009 1007 3109 in-bugdunensi
1034 3035 1193 3099 Bibl.,
1218 3042 1349 3088 tom.
1376 3032 1464 3097 XI,
1500 3046 1618 3101 pag.
1638 3030 1797 3096 1046,
1830 3009 1876 3069 Β
1903 3029 2041 3098 apud
2077 3029 2348 3084 Beluzium
2380 3039 2510 3086 tom.
2539 3029 2553 3082 1
2600 3029 2773 3095 Misc.,
2809 3046 2925 3099 pag.
2956 3030 3219 3085 494-495.
3251 3028 3489 3097 Denique

216 3144 270 3185 et
288 3131 579 3200 separatim
597 3144 718 3184 cum
735 3128 895 3198 Casp.
914 3126 1111 3181 Bartbii
1132 3126 1269 3181 notis
1284 3123 1530 3181 Francol‘.
1549 3122 1705 3188 l625,
1720 3120 1798 3175 8°.

220 3224 468 3277 Ecclesia:
502 3238 619 3275 vero
640 3221 981 3292 gubernanda:
1010 3222 1227 3291 formam
1258 3226 1306 3272 et
1337 3218 1526 3270 monita
1555 3213 1805 3269 salutaria

218 3319 284 3366 ad
318 3316 384 3369 W
388 3315 650 3368 ulmorum
694 3313 1084 3383 presbyterum,
1131 3325 1247 3378 qua:
1289 3318 1549 3363 memorat
1593 3306 1804 3370 Baleus,

222 3405 559 3460 intercidisse
586 3405 669 3458 vel
695 3413 843 3458 certe
881 3402 1022 3458 edita
1063 3415 1167 3456 non
1196 3413 1318 3455 esse
1353 3398 1622 3463 existimo,
1661 3406 1809 3454 certe

291 3542 371 3607 (α)
408 3537 644 3601 Caveus,
682 3535 917 3607 egBalei
947 3533 1088 3598 ιιιν,
1124 3532 1296 3607 l-l,_et
1323 3531 1510 3588 Jacob.
1545 3530 1797 3587 Warzetts

224 3604 309 3663 de
330 3607 703 3673 Scriptoribus
734 3605 1028 3673 Hiberniae,
1062 3620 1183 3675 pag.
1213 3604 1305 3660 2t).

1905 3118 2089 3173 Jodoci
2114 3117 2345 3184 Mezleri,
2376 3119 2658 3173 coenobiue
2686 3118 2791 3173 San
2822 3117 3087 3174 Gallensis
3116 3119 3183 3174 de
3213 3120 3340 3172 viris
3372 3116 3495 3170 illii-

1905 3212 2105 3267 stribus
2148 3210 2454 3265 monasterii
2498 3210 2676 3264 Sancti
2719 3209 2857 3265 Galli
2904 3210 3019 3265 libri
3060 3210 3165 3265 duo
3194 3224 3331 3263 anno
3358 3207 3497 3262 1606

1910 3302 2149 3373 inscripti
2175 3312 2231 3358 et
2246 3302 2393 3369 editi,
2427 3302 2676 3357 lict-nardi
2706 3301 2850 3358 Pezii
2879 3309 3010 3358 tom.
3036 3302 3055 3355 ι
3078 3299 3494 3360 Anecdotorum,

1912 3405 2061 3463 parte
2096 3409 2175 3460 ιιι,
2204 3408 2323 3464 pag.
2351 3392 2478 3449 555.

1919 3531 2059 3656 51(tit)
2099 3528 2296 3584 Confer
2325 3526 2460 3581 Bibl.
2493 3527 2635 3583 Patr.
2690 3538 2952 3597 pugnum,
2999 3538 3126 3583 tom.
3160 3528 3336 3595 XVII,
3370 3542 3488 3597 pag.

2054 3615 2171 3656 seu.

2054 3615 2171 3669 seq.

1024 3889 1277 3973 ALIA
1337 3888 1817 3972 NOTITIA
1876 3889 1992 3971 IN
2055 3888 2140 3970 S.
2206 3888 2737 3973 GALLUM.

1460 4067 1679 4118 Gallaud.
1718 4065 1843 4116 Bibl.
1870 4066 2002 4117 Patr.
2031 4072 2146 4116 tom.
2178 4064 2305 4120 ΧΗ.)

312 4253 354 4305 1.
396 4251 473 4303 Ex
510 4247 676 4318 gestis
702 4244 760 4300 S.
787 4241 919 4297 Galli
949 4240 1153 4297 abbatis
1179 4251 1296 4310 qlia:
1325 4239 1518 4295 litteris
1542 4253 1815 4294 commen-
1844 4240 1892 4304 C
1923 4249 2124 4305 suerat,
2153 4248 2392 4293 sanctum
2416 4236 2800 4292 Columbanum
2833 4240 2882 4294 in
2915 4243 3235 4295 monasterio
3260 4243 3507 4300 Bubiensi

242 4346 386 4396 davit
412 4337 742 4393 Walalritlus
766 4333 993 4389 Strabus
1023 4332 1117 4401 (a),
1151 4331 1497 4400 intelligimus
1536 4344 1656 4384 eum
1685 4329 1824 4383 circa

243 4432 425 4485 smcnli
457 4444 507 4481 rt
536 4427 772 4481 medium
821 4425 873 4477 in
902 4421 1147 4478 llibernia
1180 4429 1384 4486 natum,
1415 4419 1581 4474 sancti
1610 4417 1826 4473 Colum—

243 4520 373 4574 bani
420 4516 718 4585 disciplina:
764 4513 926 4567 fuisse
970 4527 999 4566 a
1038 4508 1345 4580 parentibus
1391 4507 1676 4571 traditum;
1724 4518 1829 4572 quo

243 4613 470 4664 ductore
500 4609 693 4677 pietate
731 4621 793 4659 ac
830 4604 1039 4669 litteris,
1072 4601 1367 4671 praesertim
1403 4600 1618 4664 divinis,
1645 4596 1831 4653 sedulo

245 4703 540 4764 excaltum,
565 4697 917 4752 monasticum
940 4694 1238 4749 institutum
1266 4694 1317 4747 in
1337 4690 1698 4747 Bancliorensi
1722 4706 1833 4745 caa-

252 4793 414 4845 nobio
449 4791 612 4844 luisse
640 4788 896 4856 deinceps
930 4786 1257 4855 amplexum.
1300 4783 1531 4854 Magistri
1564 4783 1647 4837 sui
1676 4797 1834 4837 asse-

250 4895 426 4938 ctator
454 4882 723 4946 assiduus,
758 4883 808 4934 in
838 4878 1185 4941 Britanniam,
1219 4876 1446 4933 Galliam
1497 4887 1550 4933 et
1578 4878 1833 4933 Aleman-

252 4977 399 5027 niain
428 4972 733 5037 cantendit;
784 4971 938 5040 eique
988 4969 1041 5024 in
1086 4969 1291 5024 Italiam
1339 4982 1554 5039 quoque
1596 4967 1835 5037 pergenti

255 5064 513 5118 comitem
556 5076 676 5116 sese
703 5060 1057 5129 adiunxisset,
1088 5059 1183 5113 sed
1211 5059 1357 5128 gravi
1386 5056 1532 5111 febre
1558 5064 1838 5125 correptus

258 5154 401 5223 apud
427 5156 753 5207 Alemannos
805 5151 1097 5215 remansit;
1152 5149 1243 5204 ubi
1285 5148 1497 5204 sanitati
1540 5146 1835 5212 restitutus,

256 5244 635 5299 construendae
662 5243 808 5298 dedit
852 5256 1069 5311 operam
1118 5240 1290 5306 cellae,
1338 5255 1457 5311 quae
1504 5238 1839 5308 postmodum

255 5337 674 5406 celeberrimum.
690 5335 773 5389 sui
801 5334 1031 5389 nominis
1053 5332 1436 5390 monasterium
1457 5333 1649 5388 evasit.
1674 5332 1843 5386 Inter-

258 5440 321 5478 ea
356 5426 428 5479 ibi
463 5423 663 5494 degens
708 5440 832 5480 cum
873 5425 1133 5480 duodenis
1168 5424 1445 5480 monachis
1470 5424 1662 5494 quibus
1691 5438 1843 5476 man-

258 5515 533 5569 sinnculas
568 5517 709 5571 eirea
758 5517 1043 5570 oratorium
1086 5531 1115 5570 η
1152 5528 1211 5571 se
1249 5526 1616 5571 constructum
1665 5514 1844 5581 dispo-

264 5673 414 5809 ’,(31)
454 5675 673 5740 Mabill.,
698 5674 815 5729 Act.
844 5674 943 5731 SS.
969 5674 1097 5729 0rd.
1124 5674 1279 5739 Ben.,
1304 5681 1437 5728 tom.
1469 5674 1533 5738 ll,
1562 5689 1708 5743 pagg.
1735 5671 1843 5723 215

328 5764 341 5791 Ι
401 5782 416 5795 .

328 5764 416 5795 IIII.

343 5814 417 5880 (lo)
452 5813 675 5879 Mabill.,
725 5814 763 5867 l.
811 5826 886 5876 c.,
919 5827 1035 5883 pag.
1065 5814 1194 5879 255,
1240 5824 1295 5868 et
1323 5815 1515 5870 Annal.
1546 5813 1673 5870 ΟΜ.
1711 5812 1840 5869 Ben.

714 5928 986 5988 Ρηιιοι..
1036 5928 1360 5989 LXXXVI
1377 5929 1389 5935 ’

1930 4344 2239 4398 supremum
2269 4328 2409 4383 diem
2449 4330 2724 4396 clausisse,
2752 4332 2849 4384 etsi
2883 4330 3086 4401 longius
3113 4332 3343 4398 abesset,
3373 4336 3507 4390 clivi-

1932 4420 2074 4473 nitus
2105 4418 2364 4473 intellexit
2390 4437 2401 4471 :
2432 4421 2551 4490 qui.
2572 4422 2728 4475 morti
2758 4424 3050 4489 proximus,
3084 4425 3324 4478 baculum
3356 4443 3507 4479 suum

1932 4525 2053 4565 cum
2105 4509 2328 4579 epistola
2379 4512 2431 4565 in
2486 4520 2721 4579 paterna:
2772 4514 3160 4568 benevolentia
3212 4517 3397 4582 pignus
3445 4521 3509 4567 ait

1934 4602 2105 4668 ipsum
2158 4600 2365 4670 legasse
2415 4602 2746 4670 perhibetur.
2807 4602 2934 4657 Haec
2989 4604 3195 4672 aliaque
3247 4606 3392 4671 plura
3442 4606 3512 4659 de

1935 4692 1993 4749 S.
2021 4693 2171 4750 Gallo
2200 4690 2526 4750 Walafridus
2554 4695 2712 4749 modo
2758 4695 3015 4749 laudatus.
3071 4697 3354 4765 Postquam
3386 4715 3513 4754 vero

1935 4788 2107 4840 artatis
2136 4786 2424 4856 nonaginta
2446 4786 2680 4856 quinque
2706 4800 2873 4840 annos
2903 4785 2984 4840 vir
3011 4786 3197 4841 beatus
3222 4791 3510 4857 explesset,

1936 4877 2150 4933 demum
2188 4879 2331 4933 circa
2374 4893 2570 4933 annum
2612 4876 2718 4931 645
2753 4888 2843 4931 aut
2885 4890 3191 4950 sequentem
3214 4921 3227 4945 ,
3261 4897 3368 4935 χιιι
3400 4883 3516 4936 Kal.

1938 4969 2275 5035 Novembris,
2308 4984 2372 5025 ex
2401 4969 2503 5024 hac
2533 4970 2634 5024 vita
2666 4969 2929 5036 discessit,
2954 4981 3009 5025 ut
3037 4972 3252 5026 calculis
3283 4975 3519 5028 exactius

1940 5063 2212 5117 subductis
2239 5062 2472 5118 ostendit
2501 5062 2571 5118 cl.
2604 5064 2935 5119 Mabillonius
2956 5065 3057 5134 (b).

2012 5152 2077 5207 ll.
2121 5153 2286 5208 Porro
2327 5168 2392 5208 ex
2436 5154 2649 5223 scriptis
2692 5154 2751 5208 S.
2777 5154 2909 5208 Galli
2939 5154 3147 5209 abbatis
3180 5170 3316 5209 unus
3345 5164 3519 5210 exstat

1943 5258 2119 5298 sermo
2147 5242 2475 5298 Constantia:
2514 5245 2686 5298 dictus
2729 5246 2781 5299 in
2815 5245 3011 5313 templo
3038 5247 3205 5301 sancti
3233 5247 3523 5315 Stephani,

1944 5352 2050 5405 quo
2076 5336 2161 5391 die
2186 5334 2507 5391 Constantia:
2534 5338 2755 5391 antistes
2779 5350 3119 5393 consecratus
3145 5348 3226 5393 est
3250 5338 3514 5401 Joannes;

1945 5443 2101 5495 quem
2133 5428 2344 5496 quidem
2392 5442 2691 5482 sermonem
2722 5444 2785 5482 ex
2818 5443 2917 5482 ms.
2948 5428 3157 5485 Codice"
3186 5429 3519 5483 bibliotheca!

1947 5519 2309 5588 Sangalleusis
2350 5521 2551 5588 primus
2580 5520 2843 5590 evulgavit
2882 5520 3127 5574 Canisius
3164 5522 3256 5589 (c).
3302 5518 3376 5572 lle
3415 5533 3520 5588 quo

1877 5594 1926 5652 D

1949 5674 2041 5728 lib.
2075 5688 2189 5734 xm.
2228 5673 2254 5741 §
2289 5689 2459 5727 χχιιι.

1950 5744 2096 5869 ὣς)
2150 5740 2351 5810 (lanis,
2391 5743 2667 5810 Antiquar.
2701 5742 2846 5796 Lect.
2880 5750 3009 5794 tom.
3050 5740 3110 5806 V,
3143 5748 3278 5808 part.
3312 5754 3369 5805 ι,
3400 5750 3520 5807 pag.

3020 5928 3051 5984 1
