4002 6350
263 251 3489 306 am:

1157 453 1835 568 SANG'I‘I
1911 454 2465 624 gnum
2503 520 2545 588 ,

1449 687 1714 738 ABBATIS
1748 687 1826 738 ET
1862 687 2303 749 CONFESSORIS,

896 909 950 953 ro
1066 851 1403 963 SERMO
1465 889 1919 967 HABITUS
1971 891 2670 970 CONSTANTUE.

1443 1173 1712 1237 (Galland.,
1735 1174 1860 1224 Bibl.
1884 1174 2014 1224 Patr.
2040 1182 2154 1226 tom.
2181 1175 2311 1239 XII.)

353 1434 731 1502 Sempiternus
753 1443 811 1489 et
831 1431 1811 1500 inrestimabilisDeus,cumcoasterna
1842 1434 2021 1502 Αἱρεῖ
2077 1436 2358 1504 pepercit,
2410 1445 2610 1492 tantum
2663 1454 2691 1491 a
2748 1440 2857 1495 Deo
2909 1445 3190 1515 terrigenis
3245 1449 3499 1506 honorem

236 1528 332 1582 sibi
351 1528 642 1596 sapientia,
675 1527 780 1581 hoc
803 1536 910 1590 est,
939 1525 1074 1580 Filio
1101 1526 1454 1594 sempiterno,
1478 1535 1533 1580 et
1555 1527 1818 1583 charitate

233 1619 338 1673 sibi
364 1629 420 1673 et
451 1617 587 1672 Filio
629 1631 730 1671 suo
753 1617 1204 1686 consempiterna,
1238 1616 1292 1670 id
1321 1627 1425 1681 εει,
1457 1617 1659 1687 Spiritu
1688 1632 1818 1674 san-

240 1720 343 1774 cto,
364 1712 571 1778 absque
602 1709 712 1763 ulla
742 1709 1098 1765 inchoationis
1131 1710 1210 1764 vel
1253 1711 1513 1779 temporis
1543 1711 1818 1766 mutabili-

235 1809 361 1867 tate,
392 1803 477 1855 vel
501 1800 741 1854 locorum
763 1799 850 1854 vel
874 1791 1290 1854 ministeriorum
1317 1800 1635 1870 indigentia,
1672 1813 1818 1856 sem-

238 1908 328 1959 per
358 1895 413 1946 in
445 1903 739 1959 semetipso
772 1894 926 1946 beata
957 1901 1010 1945 et
1042 1891 1336 1946 immortali
1367 1891 1653 1960 majestate
1683 1892 1819 1948 sub-

233 1985 450 2039 sistens.
476 1983 824 2052 Nequaquam
850 1993 1023 2038 tamen
1053 1983 1170 2038 sine
1197 1998 1434 2053 congruo
1462 1984 1566 2038 sibi
1594 1993 1618 2019 ιι
1642 1986 1814 2040 servi-

240 2075 428 2128 tiorum
470 2073 735 2142 obsequio
783 2073 1058 2128 solitarius
1103 2074 1365 2128 mansisse
1413 2074 1685 2142 putandus
1713 2083 1818 2140 est,

237 2184 350 2222 cum
398 2166 846 2222 manifestissime
894 2166 1037 2220 dicat
1080 2166 1370 2236 Apostolus
1404 2184 1415 2218 :
1452 2166 1622 2237 Elegit
1645 2183 1740 2222 nos
1765 2169 1819 2222 in

233 2262 435 2314 Christo
457 2271 577 2313 ante
596 2260 1006 2313 constitutione»:
1030 2259 1209 2312 viandi
1240 2257 1457 2329 (Ephes.
1489 2273 1534 2326 ι,
1564 2259 1658 2327 ι);
1683 2274 1820 2327 prae-

238 2352 593 2408 destinatione
637 2351 846 2405 scilicet
891 2361 1118 2416 mterna,
1168 2365 1274 2405 non
1306 2352 1582 2405 creatione
1613 2361 1818 2420 tempo-

238 2445 396 2506 raria,
445 2443 543 2498 sed
589 2443 872 2496 vocatione
913 2443 1167 2511 gratuita,
1213 2442 1296 2496 vel
1349 2442 1584 2498 indebita
1624 2443 1817 2512 gratia.

239 2533 338 2589 Sed
382 2534 474 2603 qui
516 2548 732 2602 semper
780 2535 958 2588 omnia
1004 2533 1187 2590 futura
1237 2534 1290 2588 in
1333 2549 1430 2588 sua
1473 2535 1733 2601 bonitate,
1765 2546 1820 2590 et

239 2627 467 2681 maxime
493 2636 805 2680 sanctorum
837 2626 1170 2696 angelorum,
1203 2635 1258 2681 et
1285 2625 1562 2682 hominum
1593 2629 1819 2682 societa-

242 2731 377 2786 tem,
421 2720 828 2788 praesentialiter
855 2719 1160 2774 contuendo
1189 2720 1341 2790 quasi
1375 2719 1514 2774 facta
1537 2721 1773 2788 disponit
1799 2739 1814 2785 ;

1926 1523 2184 1579 collatum
2210 1525 2530 1594 perdolens,
2559 1541 2741 1582 casum
2769 1544 2874 1598 quo
2899 1532 3014 1600 ipse
3043 1536 3307 1603 superbus
3341 1542 3500 1606 periit

1923 1613 2150 1670 incautis
2176 1623 2232 1669 et
2257 1615 2484 1671 fallacia:
2517 1619 2712 1673 nesciis
2741 1620 2956 1676 invidus
2987 1629 3253 1692 persuasit
3282 1647 3296 1693 ;
3337 1640 3392 1683 ut
3423 1633 3501 1684 vi-

1921 1702 2116 1758 delicet
2145 1719 2253 1758 non
2293 1716 2594 1762 creatorem
2627 1710 3016 1778 sempiternum
3059 1730 3155 1783 pro
3197 1717 3305 1772 Deo
3339 1735 3504 1774 venen

1922 1794 2048 1858 rari,
2092 1794 2184 1848 sed
2229 1804 2530 1850 creaturam
2579 1801 2953 1867 temporalem,
3002 1801 3103 1857 hoc
3145 1815 3249 1873 est,
3298 1809 3505 1876 seipsos

1920 1885 2020 1940 sibi
2055 1900 2151 1954 pro
2181 1886 2287 1940 diis
2323 1887 2522 1942 habere
2549 1888 2908 1948 delectatione
2956 1895 3229 1950 mortifera
3272 1913 3503 1954 consen~

1925 1977 2109 2030 tirent.
2142 1978 2296 2044 Quod
2340 1981 2631 2034 maximum
2665 1994 2716 2037 et
2749 1985 3189 2041 immanissimum
3223 2001 3500 2057 peccatum

1922 2078 2070 2123 tanta
2123 2070 2324 2140 ﬂagitia
2381 2081 2434 2126 et
2487 2072 2724 2127 facinora
2778 2075 2858 2130 vel
2901 2077 3062 2130 etiam
3112 2081 3331 2134 crimina
3378 2097 3505 2137 sunt

1920 2163 2233 2228 subsecuta,
2267 2164 2551 2233 utjustitia
2595 2167 2779 2220 divina
2831 2169 3087 2224 mundum
3131 2187 3286 2240 quem
3334 2179 3506 2227 Omni-

1921 2255 2082 2308 modo
2130 2255 2402 2310 dccoravit
2447 2265 2660 2321 ornatu,
2711 2273 2831 2313 cum
2878 2261 3112 2316 humano
3135 2278 3333 2332 genere
3360 2268 3502 2332 quod

1920 2344 2096 2399 eidem
2143 2348 2377 2417 regendo
2419 2348 2676 2416 praefecit,
2714 2350 2867 2419 aquis
2895 2350 3077 2404 diluvii
3104 2353 3286 2407 delere
3317 2355 3508 2409 decre-

1921 2435 2076 2488 verit.
2114 2436 2181 2489 Et
2230 2437 2469 2502 faceret,
2517 2437 2620 2492 nisi
2673 2439 2892 2492 multam
2944 2441 3204 2496 malitiam
3263 2454 3505 2499 nostram

1921 2527 2036 2596 ejus
2065 2529 2330 2584 immensa
2365 2530 2576 2585 bonitas
2607 2539 2909 2600 superaret.

1991 2621 2079 2676 Ill.
2127 2623 2265 2694 Ergo
2292 2637 2396 2678 nec
2427 2633 2571 2678 tanta
2617 2626 2822 2680 scelera
2863 2627 3030 2680 inulta
3060 2626 3367 2698 dereliquit,
3403 2645 3504 2683 nec

1923 2721 2099 2766 tamen
2128 2723 2430 2767 creaturam
2455 2714 2592 2769 bene
2615 2717 2884 2770 conditam
2914 2717 3127 2786 penitus
3156 2721 3506 2789 consumpsit.

243 2784 522 2880 a'iquando
563 2812 724 2864 etiam
773 2813 1076 2878 praescitam
1125 2819 1180 2866 et
1207 2784 1663 2878 'prmdestinatam
1717 2784 1818 2865 im?-
1847 2784 1892 2844 Β
1922 2802 2001 2857 Ex
2053 2804 2300 2858 omnibus
2348 2805 2677 2869 hominibus,
2708 2821 2816 2859 uno
2844 2784 3058 2861 delecto
3085 2808 3255 2877 justo,
3291 2784 3508 2877 per-cu-

244 2903 421 2956 mobili
457 2903 692 2956 consilio
733 2910 1056 2969 creaturam,
1091 2900 1155 2955 ad
1198 2916 1258 2956 se
1289 2901 1637 2968 laudandum,
1672 2911 1726 2957 et
1755 2918 1820 2958 ex

234 3008 317 3054 se,
363 3004 424 3048 et
454 2996 506 3048 in
538 3010 622 3060 sc,
654 3002 709 3048 et
738 3009 831 3063 per
857 3008 917 3047 se
944 2995 1103 3048 beate
1147 2993 1432 3047 vivendum
1482 2994 1812 3063 mriipoten-

239 3084 442 3140 tissimo
467 3085 719 3153 dignatus
745 3094 828 3138 est
857 3084 1070 3151 opiticio
1097 3096 1283 3137 creare
1314 3084 1381 3137 de
1413 3082 1603 3148 nihilo,
1637 3092 1692 3137 et
1721 3098 1819 3137 su-

240 3191 329 3242 per
365 3177 610 3230 ctelestia
651 3173 865 3243 quidem
918 3174 1086 3227 beatis
1133 3173 1414 3242 spiritibus
1460 3174 1818 3228 habitaculum

232 3265 384 3330 fecit,
447 3273 648 3318 terram
701 3279 828 3317 vero
880 3263 1070 3319 futuris
1126 3264 1429 3318 hominibus
1479 3267 1816 3334 praeparavit.

238 3355 473 3418 Quorum
515 3353 812 3406 creationis
843 3368 1056 3406 causam
1091 3369 1248 3406 nosse
1277 3369 1373 3407 nos
1401 3358 1672 3418 convenit,
1705 3356 1817 3410 fra-

237 3455 341 3496 tres
383 3443 862 3506 Christianissimi,
894 3458 985 3508 ne,
1037 3444 1174 3496 viles
1206 3458 1298 3497 vos
1326 3454 1380 3498 et
1410 3444 1651 3512 abjectos
1675 3446 1820 3500 arbi-

238 3547 463 3602 trantes,
492 3536 756 3604 pecudum
788 3536 1196 3590 conversatione
1232 3535 1542 3606 dignitatem
1582 3545 1817 3591 vestram

231 3629 564 3682 nuliiticetis.

299 3720 368 3773 ll.
399 3719 551 3774 Deus
598 3732 812 3772 summe
855 3718 1047 3780 bonus,
1080 3718 1447 3773 benevolentia
1477 3718 1689 3787 plenus,
1739 3719 1818 3772 in-

235 3811 389 3866 vidia
432 3825 652 3874 carens,
699 3810 913 3864 malitiae
968 3811 1221 3876 nescius,
1275 3812 1499 3880 spiritus
1549 3813 1816 3880 angelicas

235 3901 482 3970 exemplo
526 3901 610 3954 sui
653 3900 998 3955 rationabiles
1022 3915 1208 3957 creare
1235 3901 1525 3972 disposuit,
1557 3917 1614 3957 ut
1641 3903 1815 3970 ipsum

240 3993 522 4048 Dominum
553 4008 664 4047 sua:
710 4003 1096 4061 cognoscentes
1139 3994 1361 4064 originis
1407 4003 1701 4062 auctorem,
1734 3995 1814 4048 di-

233 4084 481 4138 lectionis
510 4084 628 4152 ejus
655 4083 976 4153 pinguedine
1006 4085 1212 4146 refecti,
1251 4086 1304 4138 iu
1332 4085 1454 4154 ipso
1479 4086 1810 4141 delectaren-

237 4185 316 4228 tur
345 4190 473 4230 esse
505 4174 666 4228 beati.
700 4174 804 4228 Sed
831 4189 956 4229 cum
1003 4175 1069 4229 de
1115 4173 1222 4228 illis
1247 4174 1431 4245 aliqui,
1479 4177 1712 4230 nondum
1745 4177 1810 4230 de

235 4269 346 4336 ejus
388 4268 680 4324 dulcedine
730 4269 1031 4338 degustata,
1076 4270 1283 4337 seipsos
1325 4271 1424 4325 sibi
1468 4286 1588 4326 esse
1619 4273 1814 4341 princi-

233 4362 380 4429 pium
408 4371 465 4415 et
493 4370 680 4429 caput,
711 4362 976 4429 vitamque
1001 4370 1055 4416 et
1083 4362 1421 4426 suavitatem,
1453 4376 1615 4417 cursu
1647 4373 1813 4418 teme-

238 4453 459 4506 rarioet
490 4452 809 4505 stultissimo
859 4450 1182 4520 persuadere
1227 4452 1330 4506 sibi
1385 4464 1812 4522 praesumerent:

233 4542 383 4596 intus
412 4542 609 4596 inanes
650 4553 707 4595 et
747 4543 920 4607 vacui,
972 4542 1339 4612 superbiaeque
1387 4545 1623 4612 pondere
1673 4561 1812 4613 pne-

231 4635 467 4699 gravati,
521 4635 590 4688 de
639 4633 1082 4702 tranquillissime
1121 4635 1378 4688 caelorum
1429 4635 1728 4690 habitaculo
1759 4638 1810 4691 iu

235 4730 397 4798 bujus
445 4731 590 4783 aeris
639 4738 1053 4797 tempestuosam
1104 4729 1506 4794 turbulentiam,
1555 4746 1723 4798 usque
1762 4731 1814 4784 in

233 4823 373 4877 diem
420 4822 690 4891 generalis
721 4832 772 4876 et
798 4822 1108 4889 sempiterni
1135 4821 1344 4890 judicii,
1378 4824 1662 4891 repentino
1690 4831 1815 4877 sunt

231 4934 352 4974 casu
404 4918 630 4972 detrusi.
685 4916 791 4972 Sed
842 4917 1193 4971 immutabilis
1244 4917 1605 4985 benignissitni
1654 4917 1814 4972 Crea-

232 5011 368 5065 toris
415 5009 666 5062 voluntas
713 5007 1033 5076 prrefinitum
1088 5006 1378 5060 beatissimi
1427 5015 1598 5060 cactus
1629 5021 1816 5058 nume-

235 5118 346 5156 rum
382 5103 635 5170 supplere
663 5100 974 5169 disponens,
1014 5101 1302 5153 humanum
1331 5113 1502 5167 genus
1546 5099 1596 5152 in
1624 5112 1814 5150 eorum

234 5193 411 5245 locum
443 5191 739 5244 substituit.
786 5191 930 5255 Quos
980 5189 1222 5242 homines
1271 5188 1476 5241 ratione
1531 5187 1812 5256 praeditos,

237 5284 526 5349 praeceptis
556 5283 868 5344 instructos,
899 5279 1058 5334 minis
1085 5279 1370 5343 coercitos,
1406 5281 1624 5348 prOprio
1649 5278 1814 5333 dere-

232 5376 388 5441 liquit
438 5374 685 5440 arbitrio,
739 5383 794 5426 ut
844 5374 1136 5426 imitatione
1186 5373 1274 5427 Dei
1323 5388 1482 5443 prava
1529 5381 1584 5426 et
1634 5372 1813 5442 iniqua

1918 2895 2006 2963 jus
2053 2893 2472 2962 providentiam,
2529 2897 2638 2949 imo
2685 2910 2838 2950 suam
2888 2897 3330 2962 admonitionem,
3389 2901 3507 2952 talis

1921 2983 2166 3050 quasdam
2198 2998 2323 3038 arca
2353 2994 2781 3050 construeretur,
2826 2986 2876 3040 in
2910 3002 3013 3055 qua
3046 2989 3160 3056 ipse
3191 3003 3312 3042 cum
3345 2990 3506 3043 domo

1922 3091 2021 3131 sua
2072 3084 2126 3130 et
2174 3075 2381 3147 reliqua
2429 3088 2678 3131 creatura
2728 3079 2793 3132 ad
2840 3080 3274 3136 resuscitandum
3324 3097 3506 3137 semen

1921 3177 2280 3238 competente,
2314 3169 2366 3223 in
2410 3173 2678 3237 supremis
2707 3170 2831 3225 licet
2863 3172 3118 3240 periculis
3148 3188 3207 3228 se
3236 3174 3389 3243 quasi
3415 3175 3504 3229 de-

1922 3260 2088 3314 functi
2114 3261 2299 3314 mundi
2325 3263 2668 3330 superstitem
2699 3277 2982 3318 remanere
3009 3265 3318 3319 miraretur.
3351 3263 3502 3320 Cum

1919 3367 2025 3421 que
2044 3363 2168 3423 post
2197 3354 2360 3407 totius
2381 3355 2509 3408 anni
2543 3369 2696 3424 paene
2726 3355 2989 3410 circulum
3023 3372 3262 3427 pra-sago
3293 3360 3508 3413 nomine

1919 3442 2035 3498 Noe
2081 3455 2470 3511 nuncupatum,
2520 3445 2674 3514 quasi
2725 3447 3119 3500 consolatorem
3166 3456 3347 3510 tantae,
3384 3448 3507 3500 licet

1916 3535 2228 3604 justissima:
2298 3537 2582 3602 vindictas,
2641 3537 2709 3591 de
2761 3538 2980 3591 claustri
3027 3538 3172 3591 illius
3226 3543 3500 3609 ergastulo

1919 3635 2136 3680 creator
2181 3626 2469 3679 miseratus
2512 3626 2806 3688 eduxisset,
2855 3635 2910 3680 et
2956 3627 3131 3695 ipsum
3181 3643 3302 3682 cum
3353 3633 3505 3699 prole

1918 3730 2036 3782 sua,
2087 3726 2145 3770 et
2183 3717 2531 3772 seminarium
2580 3727 2786 3773 cuncta:
2813 3728 3076 3773 creaturae
3107 3735 3244 3774 nova
3277 3723 3501 3776 benedi-

1919 3808 2098 3861 ctione
2152 3807 2362 3862 ditavit.
2415 3807 2644 3876 Jamque
2693 3810 3094 3864 renascentibus
3141 3811 3264 3865 filiis
3308 3814 3498 3879 Adam,

1921 3898 2119 3952 revixit
2171 3906 2226 3953 et
2267 3899 2519 3967 superbia
2550 3897 2750 3952 dudum
2785 3899 2836 3952 in
2865 3900 3044 3954 radice
3067 3902 3338 3966 damnata,
3371 3904 3505 3957 adeo

1920 4002 1976 4045 ut
2002 3992 2127 4046 lutei
2155 3993 2411 4046 mortales
2438 3994 2580 4047 luteo
2603 4003 2658 4047 et
2681 3993 2941 4048 bitumine
2975 3995 3160 4048 turrim
3192 4006 3503 4050 construere

1920 4084 2264 4146 molirentur,
2304 4085 2373 4138 de
2411 4086 2566 4154 cujus
2596 4086 2877 4140 cacumine
2907 4087 3176 4141 sidereum
3205 4097 3262 4143 et
3284 4091 3502 4142 immor-

1920 4177 2026 4231 tale
2066 4177 2482 4242 habitaculum,
2536 4180 2643 4232 Deo
2669 4193 2993 4247 possessore
3049 4182 3234 4246 invito,
3284 4193 3502 4250 possent

1918 4268 2191 4322 invadere.
2241 4269 2407 4339 Cujus
2457 4279 2562 4323 tam
2614 4269 2794 4322 invii-ti
2841 4271 2921 4340 (ut
2949 4270 3158 4324 stolidis
3189 4271 3496 4341 videbatur)

1918 4359 2334 4413 machinamenti
2390 4360 2842 4428 conspirationem
2891 4369 2995 4412 tam
3047 4359 3204 4414 facile
3250 4362 3495 4429 omnipo-

1919 4452 2216 4506 tentissima
2263 4451 2524 4520 sapientia
2569 4451 2867 4520 dissipavit,
2912 4462 2970 4505 ut
3016 4451 3209 4521 linguis
3255 4455 3493 4506 omnium

1917 4542 2234 4596 confusione
2279 4541 2667 4608 diversissima,
2724 4542 2808 4594 vel
2859 4542 3208 4595 similitudine
3254 4541 3497 4595 dissimil-

1920 4635 2044 4688 lima
2088 4634 2394 4703 disparatis,
2447 4633 2624 4687 nullus
2675 4633 3061 4700 consanguinei
3095 4634 3175 4685 vel
3208 4632 3386 4687 fratris
3417 4636 3499 4688 sui

1918 4727 2154 4796 linguam
2208 4725 2512 4794 intelligere
2551 4733 2750 4789 rosset.
2788 4723 2851 4774 Et
2882 4722 3080 4775 idcirco
3120 4723 3352 4777 universi
3401 4740 3494 4792 per

1917 4820 2166 4887 regiones
2206 4826 2260 4871 et
2305 4816 2420 4869 loca
2469 4814 2614 4866 varia
2655 4813 2887 4881 disjecti,
2921 4823 2981 4866 ut
3015 4816 3168 4867 terris
3195 4822 3251 4867 et
3282 4815 3494 4881 loquela

1917 4910 2093 4973 divisi,
2140 4909 2210 4960 ita
2241 4917 2295 4960 et
2324 4905 2580 4972 religione
2610 4904 2694 4958 vel
2724 4903 2902 4974 potius
2934 4903 3115 4959 furore
3142 4903 3371 4972 dispersi
3399 4923 3412 4971 ;
3441 4915 3498 4958 et

1915 5001 2005 5054 alii
2054 4998 2267 5068 quidem
2321 4997 2596 5052 caalestem
2639 5008 2880 5050 naturam
2927 4996 3199 5050 hominum
3249 4997 3496 5052 ministe-

1918 5094 2032 5155 riis.
2059 5091 2169 5146 Deo
2195 5099 2414 5145 auctore
2447 5089 2739 5157 provisam,
2771 5089 2952 5142 divino
2981 5089 3128 5142 cultu
3158 5098 3212 5144 et
3242 5091 3500 5144 servitute

1919 5183 2166 5238 venerati
2213 5194 2337 5236 sunt
2372 5201 2382 5234 :
2414 5181 2502 5234 alii
2549 5195 2676 5236 vero
2721 5181 2944 5234 mortuis
2989 5180 3296 5234 hominibus
3335 5182 3503 5233 simu—

1915 5279 2058 5333 lacra
2081 5279 2359 5345 facientes,
2385 5279 2646 5347 malignos
2674 5280 2891 5345 spiritus
2923 5276 3204 5332 altidentes
3234 5277 3312 5328 eis
3340 5277 3493 5342 quasi

1915 5380 2124 5425 tutores
2176 5379 2230 5425 et
2278 5370 2514 5424 fautores
2563 5371 2754 5425 animm
2806 5370 2887 5423 vel
2941 5369 3182 5436 corporis
3232 5367 3494 5429 vivorum,

227 5475 661 5526 contemnerent,
695 5480 757 5518 ac
790 5474 930 5518 recta
974 5475 1027 5518 et
1067 5479 1216 5533 aequa
1261 5466 1490 5518 retinere
1538 5473 1808 5518 curarent.
1847 5463 2211 5540 Dlicetjuste
2259 5464 2603 5529 mortalium,
2652 5463 2929 5518 dementes
2977 5464 3152 5515 colere
3197 5469 3491 5528 creperum.

231 5551 430 5619 impius
484 5565 660 5606 autem
709 5555 971 5608 homicida
996 5555 1246 5620 Satanas,
1300 5557 1388 5624 qui
1441 5572 1538 5610 nec
1590 5557 1807 5610 sibimet

1915 5556 2024 5612 Sed
2069 5557 2247 5612 adhuc
2289 5557 2555 5612 indefessa
2589 5557 2758 5624 pictas
2797 5555 3111 5610 immortalis
3134 5561 3186 5606 et
3214 5567 3352 5607 verae
3383 5554 3491 5607 dei-

299 5703 324 5727 ι
359 5692 718 5745 διιι.ιὲιὲυηιιιι.
751 5695 838 5748 Sic.
865 5693 989 5748 edit.
1020 5694 1150 5746 Bibl.
1183 5695 1280 5748 l’l‘.
1321 5695 1488 5748 luris.
1522 5705 1647 5748 tom.
1685 5693 1798 5761 XV,
1829 5710 1943 5764 pag.
1980 5695 2102 5747 078.
2134 5695 2201 5749 At
2231 5695 2436 5758 Canis.,
2471 5694 2715 5760 Basnag..
2750 5694 3065 5746 territorum.
