4002 6350
1018 230 1026 238 ε
1066 228 1100 254 :4
1130 227 1177 244 ιν

504 315 572 364 πε)
1403 316 1643 373 SANCTI
1683 316 1889 373 GALLI
1940 306 2234 370 ABBATIS
2276 310 2362 367 ET
2409 311 2870 375 CONFESSORIS
3674 324 3738 381 46

502 434 626 487 tatis
654 441 951 488 creaturam
981 434 1204 503 benigne
1232 436 1519 504 conditam,
1554 453 1659 492 non
1693 446 2077 507 usquequaque
2106 430 2151 487 Α
2182 426 2277 482 Dei
2335 430 2535 487 idcirco
2595 434 2902 503 impositum
2959 444 3038 490 est
3062 477 3076 503 ,
3134 437 3255 506 quia
3309 440 3622 497 transieram
3672 444 3738 499 dc

503 539 598 577 sua
648 525 993 580 miseratione
1042 527 1300 594 privatam
1350 528 1603 597 dispulit,
1653 530 1746 585 sed
1788 529 1855 583 de
1898 528 2073 583 medio

506 613 825 671 idololatrias
855 616 1155 672 deditarum
1185 620 1421 687 gentium
1454 621 1719 675 Abraham
1753 628 1954 689 patrem
1992 618 2074 673 fu-

507 715 751 761 turorum
793 707 1069 775 fidelium,
1122 710 1187 763 ad
1241 725 1300 764 se
1344 727 1525 765 verum
1577 720 1631 766 et
1677 714 1855 765 vivum
1906 709 2073 766 Deum

501 801 923 868 cognoscendum
955 801 1021 857 de
1048 803 1184 857 caelo
1207 804 1436 857 vocavit.

575 890 660 944 IV.
713 892 812 957 Qui
858 891 1271 962 incomparabili
1307 893 1491 961 plenus
1535 891 1862 959 obedientia,
1891 891 2071 946 divino

502 996 699 1051 parens
743 983 990 1051 imperio,
1040 984 1172 1038 eviit
1213 984 1279 1038 de
1326 992 1462 1038 terra
1506 993 1559 1037 et
1606 983 1922 1052 cognatione
1950 997 2071 1048 sua,

499 1076 742 1129 nesciens
766 1074 938 1129 adhuc
972 1090 1076 1145 quo
1118 1077 1194 1131 ire
1231 1075 1470 1138 deberet,
1502 1073 1797 1128 dummodo
1824 1073 1918 1129 Dei
1949 1072 2069 1143 jus-

504 1165 706 1217 sionem
754 1164 1011 1231 expleret.
1059 1166 1171 1232 Qua
1212 1164 1278 1218 de
1326 1179 1383 1217 re
1422 1163 1790 1231 hujuscemodi
1839 1164 2076 1231 desuper

501 1255 705 1323 accepit
748 1256 1048 1319 oraculum,
1097 1255 1234 1323 quod
1279 1264 1332 1307 et
1381 1264 1577 1308 terram
1628 1252 2072 1323 peregrinationis

498 1359 611 1398 sua:
639 1346 689 1399 in
720 1345 1111 1413 possessionem
1144 1352 1286 1397 esset
1316 1352 1634 1411 accepturus
1660 1360 1671 1395 :
1703 1342 1845 1412 quod
1872 1340 2070 1396 factum

499 1444 583 1488 est
613 1434 893 1490 in'Judazis
923 1434 989 1489 de
1016 1449 1175 1488 carne
1217 1433 1360 1503 ejus,
1408 1435 1619 1489 mortali
1651 1433 1942 1503 propagine
1973 1432 2069 1486 de-

497 1526 999 1581 scendentibttszet
1049 1526 1186 1594 quod
1221 1528 1271 1579 in
1317 1526 1523 1581 semine
1570 1526 1737 1594 ipsius
1790 1526 2071 1581 benedice-

498 1628 683 1671 rentur
708 1633 895 1672 omnes
931 1626 1131 1687 gentes.
1166 1617 1314 1683 Quod
1348 1618 1399 1671 in
1445 1618 1596 1672 nobis
1627 1618 1757 1685 ipsis
1786 1632 1882 1687 per
1910 1613 2068 1669 Chri-

495 1715 655 1769 stum,
683 1723 748 1760 ex
783 1706 895 1775 ejus
926 1708 1129 1760 semine
1159 1705 1449 1759 secundum
1483 1720 1698 1761 carnem
1727 1713 2066 1774 procreatum

2176 530 2333 589 gente
2365 524 2415 576 in
2444 536 2677 592 gentem,
2711 538 2765 579 et
2794 529 2859 580 de
2892 542 3054 596 regno
3085 530 3149 583 ad
3183 532 3434 599 potiulum
3466 534 3735 607 alterum),

2178 612 2323 666 dedit
2371 616 2450 669 eis
2499 617 2635 671 Deus
2682 634 2869 688 panem
2916 621 2998 674 vel
3047 636 3234 675 carnes
3267 623 3333 677 de
3362 625 3517 690 ca-lo,
3552 641 3736 696 aquam

2176 717 2302 757 vero
2334 707 2413 758 vel
2447 720 2684 761 amaram
2736 708 3052 775 dulcozavit,
3106 711 3187 764 vei
3240 729 3343 766 non
3398 715 3626 769 habitam
3674 718 3740 773 de

2177 799 2323 858 petra
2380 794 2647 862 produxit,
2697 805 2749 850 et
2784 809 2804 835 ε
2833 799 2909 851 sic
2955 813 3049 852 eos
3089 815 3183 866 per
3210 801 3480 857 desertum
3511 806 3737 873 quadra-

2174 887 2322 951 ginta
2372 900 2542 939 annos
2584 887 2651 939 ad
2701 896 2896 941 terram
2942 892 3317 957 promissionis
3361 894 3739 965 circumduxit,

2173 976 2343 1029 donec
2380 974 2759 1030 desuescerent
2803 976 3158 1033 idololatriam
3189 981 3257 1034 de
3293 998 3396 1050 qua
3425 995 3579 1038 erant
3607 987 3740 1041 edu-

2173 1061 2268 1131 cti,
2296 1073 2348 1118 et
2375 1079 2533 1133 quam
2593 1066 2892 1137 ubicunque
2921 1069 3165 1124 venirent
3196 1081 3348 1126 crant
3384 1072 3672 1143 inventuri,
3711 1092 3743 1131 ι

2172 1168 2272 1223 qua
2302 1155 2443 1208 sicut
2471 1165 2524 1209 ct
2552 1155 2619 1209 de
2648 1157 2859 1210 caeteris
2898 1158 3076 1223 malis,
3107 1160 3175 1213 de
3214 1161 3366 1215 caslis
3392 1162 3514 1216 illos
3558 1178 3747 1220 cavere

2177 1248 2409 1310 monuit,
2450 1257 2503 1301 et
2547 1247 2613 1301 ad
2658 1261 2718 1302 se
2758 1251 3212 1319 cognoscendum,
3258 1252 3340 1306 vel
3381 1253 3486 1309 alia
3528 1255 3664 1310 bona
3692 1266 3749 1311 et

2168 1334 2311 1403 justa
2349 1335 2601 1389 sectanda
2655 1336 2937 1406 diligenter
2963 1338 3275 1408 instructos,
3309 1343 3522 1397 tandem
3555 1344 3607 1399 in
3637 1354 3746 1399 ter-

2173 1439 2312 1489 ram,
2346 1425 2749 1493 pollicitationis
2804 1443 2914 1483 sua:
2963 1445 3192 1498 memor,
3244 1433 3529 1488 miseratus
3576 1436 3748 1489 intro-

2172 1513 2343 1567 duxit.
2378 1514 2441 1568 Et
2465 1526 2519 1569 ut
2547 1516 2751 1584 pridem
2788 1517 3030 1573 Rubrum
3056 1536 3225 1588 mare,
3270 1522 3343 1577 ita
3372 1524 3533 1579 modo
3560 1524 3741 1580 Jorda.

2171 1620 2296 1659 nem
2340 1605 2556 1660 fluvium
2588 1608 2940 1678 navigabilem
2971 1612 3128 1666 siccis
3159 1613 3386 1680 pedibus
3419 1623 3752 1671 transmeare

2172 1700 2427 1768 praecepit
2473 1709 2525 1753 et
2569 1698 2716 1753 fecit.
2751 1701 2992 1770 Dumque
3021 1702 3195 1757 adhuc
3223 1709 3312 1772 qul
3342 1704 3456 1760 hinc
3483 1707 3751 1762 mirabilia

498 1813 592 1863 per
643 1797 931 1866 Virginem,
981 1795 1308 1864 completum
1363 1808 1482 1849 esse
1536 1794 1853 1862 gaudemus.
1900 1791 2067 1860 Hujus
2100 1777 2421 1843 Bviderunt
2467 1790 2783 1858 superstites
2835 1792 2886 1845 in
2938 1806 3101 1848 carne
3154 1794 3425 1859 vixerunt,
3484 1799 3755 1855 notitiaet

496 1888 658 1957 igitur
690 1889 811 1943 fidei
852 1889 902 1941 in
936 1888 1196 1957 praeputio
1227 1887 1586 1954 comprobata:
1616 1885 1767 1953 quasi
1799 1883 2067 1953 quoddam

494 1984 824 2050 signaculum
883 1980 1054 2034 eidem
1117 1980 1251 2047 patri
1310 1977 1583 2032 Abraham
1647 1976 2071 2031 circumcisionis

494 2071 749 2139 imposuit
795 2070 1024 2140 signum.
1077 2069 1193 2137 Quo
1235 2079 1341 2122 tam
1380 2066 1469 2123 diu
1513 2076 1725 2136 gentem
1755 2067 1823 2121 de
1852 2065 1968 2136 ejus
1998 2064 2069 2118 fe-

494 2179 644 2218 more
684 2171 1023 2232 propagatam
1071 2161 1307 2232 oportuit
1347 2160 1610 2230 insigniri,
1650 2158 1829 2214 donec
1856 2159 1947 2213 ille
1964 2172 2068 2211 ve-

500 2256 641 2307 niret
670 2254 757 2323 qui
787 2268 977 2308 omnes
1006 2254 1057 2307 in
1090 2268 1149 2308 se
1178 2252 1462 2308 credentes
1493 2251 1559 2305 ab
1590 2251 1734 2306 omni
1776 2259 1993 2319 peccato
2022 2260 2074 2303 et

495 2342 915 2396 circumcisionis
941 2340 1153 2406 injuria,
1186 2356 1281 2395 sua
1311 2341 1558 2411 passione
1592 2338 2071 2395 redimeret.‘Com

495 2446 674 2489 autem
719 2434 944 2503 populus
984 2434 1051 2487 de
1096 2434 1189 2487 illo
1229 2447 1333 2487 non
1368 2432 1613 2487 modicus
1643 2441 1884 2496 exortus,
1914 2442 2071 2482 causa

496 2525 649 2577 famis
681 2524 748 2577 de
794 2534 935 2577 terra
981 2523 1234 2577 Chanaan
1283 2538 1441 2590 quam
1492 2522 1823 2584 incolebant,
1877 2531 2071 2573 terram

496 2618 901 2688 ingrederentur
945 2616 1179 2686 Aigypti,
1211 2631 1317 2685 quo
1349 2616 1487 2668 Deus
1532 2630 1693 2668 unum
1729 2614 1797 2669 de
1826 2622 2049 2682 “prone

498 2708 711 2778 potihus
757 2708 891 2776 ejus,
934 2722 1093 2762 causa
1147 2708 1437 2761 multorum
1466 2704 1677 2771 salutis,
1711 2704 1948 2770 direxit;
1980 2716 2074 2770 per

497 2800 648 2869 cujus
680 2799 1062 2866 providentiam
1094 2798 1324 2852 mundus
1355 2810 1490 2866 pene
1519 2805 1663 2851 totus
1686 2795 2066 2850 alimentorum

497 2890 718 2957 penuria
766 2890 1097 2958 periclitatus
1144 2888 1484 2955 aliquatenus
1524 2894 1973 2948 conservaretur;
2023 2891 2077 2937 et

492 2980 643 3049 juxta
673 2980 830 3033 ritum
861 2978 1037 3049 gentis
1066 2978 1208 3031 illius
1236 2977 1576 3031 milleformia
1604 2976 1895 3044 cmpissent
1922 2988 2077 3028 mon-

495 3084 611 3130 stra
654 3075 922 3140 venerari,
972 3072 1273 3127 durissimis
1301 3072 1461 3126 etiam
1486 3069 1737 3140 operibus
1769 3082 2077 3137 premeren—

497 3176 587 3219 tur
607 3166 674 3218 ab
702 3164 973 3235 Egyptiis
1004 3182 1014 3216 :
1049 3163 1359 3219 recordatus
1407 3162 1548 3217 Deus
1595 3160 1719 3216 fidei
1769 3159 2077 3230 probitatis-

500 3271 607 3322 que
638 3265 868 3325 patrum,
901 3255 1095 3310 direxit
1139 3254 1205 3308 ad
1249 3268 1343 3308 eos
1386 3267 1598 3309 servum
1639 3265 1793 3306 suum
1836 3250 2073 3319 Moysen,

499 3347 612 3413 qui,
650 3360 741 3413 per
770 3345 933 3399 multa
962 3345 1111 3415 signa
1150 3352 1204 3399 et
1242 3345 1424 3413 plagas
1469 3342 1836 3398 intolerabiles
1859 3340 2077 3396 domitis

496 3439 915 3509 AEgyptiis,Dei
948 3438 1198 3508 pupulum
1232 3438 1298 3492 ad
1333 3447 1529 3492 terram
1559 3439 1877 3507 patriarchae
1905 3435 2078 3490 Abra-

499 3530 624 3582 ham
672 3530 870 3582 dudum
920 3527 1276 3597 promissam,
1337 3528 1544 3582 cmlesti
1595 3527 1792 3582 ducatu
1839 3527 2076 3581 directus

496 3620 889 3673 introduceret.
921 3618 1162 3688 Cumque
1200 3619 1267 3672 de
1312 3628 1451 3674 terra
1498 3618 1585 3673 illa
1631 3616 1896 3687 progressi
1940 3617 2079 3670 inter

501 3725 650 3764 orant
684 3710 848 3763 Rubri
895 3711 1058 3763 maris
1088 3720 1140 3762 et
1172 3709 1529 3765 vastissimam
1558 3711 1917 3766 Aeolitudinetn
1952 3710 2076 3763 fessi

503 3802 913 3865 consedissent,
958 3816 1053 3855 rex
1101 3799 1470 3870 [Egyptiorum
1498 3842 1511 3865 ,
1566 3800 1762 3854 damno
1805 3801 2078 3854 servitutis

506 3899 718 3951 amissas
750 3895 1073 3959 stimulatus,
1121 3904 1448 3963 congregato
1495 3892 1733 3947 exercitu
1771 3892 2079 3962 junctisque

502 3991 767 4058 curribus,
797 4004 894 4044 eos
926 3990 996 4044 ita
1028 3991 1176 4058 quasi
1212 3991 1384 4058 pisces
1415 3990 1466 4043 in
1495 3990 1772 4057 gurgustio
1795 3987 2077 4042 conclusit.

503 4080 707 4145 Quibus
742 4079 821 4132 'ad
878 4078 1043 4133 Deum
1088 4094 1276 4132 verum
1327 4078 1625 4131 levantibns
1662 4092 1879 4138 vocem,
1929 4090 2080 4143 aqua:

506 4171 667 4224 maris
696 4169 800 4223 huc
825 4179 985 4239 atque
1014 4170 1136 4223 illuc
1166 4168 1376 4235 divisae,
1426 4170 1525 4221 iter
1566 4166 1766 4221 siccum
1808 4165 2079 4220 viantibus

506 4261 867 4325 prtebuerunt.
910 4259 1064 4326 Quod
1110 4268 1398 4313 cernentes
1439 4259 1675 4313 cultores
1715 4259 1990 4312 simiarum
2027 4265 2080 4310 et

504 4352 816 4408 caniformis
845 4352 1072 4419 Anubis,
1104 4352 1406 4423 Neptunum
1449 4352 1557 4421 jam
1604 4366 1935 4421 supervacue
1967 4352 2082 4420 pla-

2172 1877 2345 1932 cultus
2370 1893 2511 1932 verae
2543 1878 2764 1934 Deitatis
2806 1890 2862 1934 et
2905 1881 3097 1937 divinae
3146 1884 3386 1939 veritatis
3435 1885 3757 1942 incontami-

2176 1979 2298 2021 nata
2337 1971 2722 2036 perseveravit.
2754 1969 2864 2025 Illis
2895 1987 3023 2026 vero
3062 1973 3128 2027 ad
3173 1983 3351 2043 patres
3394 1991 3521 2030 suos
3548 1983 3757 2049 reposi-

2176 2058 2265 2122 tis,
2299 2058 2387 2111 lil.i
2418 2059 2483 2112 de
2513 2073 2675 2113 carne
2707 2062 2944 2128 ipsorum
2997 2066 3293 2133 propagati,
3349 2082 3455 2119 non
3500 2067 3626 2123 ﬁdei
3660 2071 3758 2124 bo-

2176 2166 2302 2205 num
2334 2152 2548 2218 imitati,
2597 2152 2690 2207 sed
2733 2154 3237 2223 circumpositarum
3271 2159 3503 2225 gentium
3534 2161 3758 2215 simula-

2175 2260 2265 2298 cra
2313 2245 2561 2311 colendo,
2609 2254 2736 2299 sunt
2766 2248 2817 2300 in
2852 2247 3202 2317 praecipitium
3244 2249 3561 2306 idololatrire
3591 2254 3757 2308 devo-

2174 2336 2291 2390 luti.
2326 2336 2430 2390 Pro
2454 2351 2561 2405 quo
2590 2336 2797 2391 scelere
2827 2337 2935 2391 dati
2963 2349 3085 2391 sunt
3113 2338 3164 2392 in
3194 2354 3380 2394 manus
3411 2343 3757 2398 inimicorum

2176 2441 2417 2489 suorum,
2464 2428 2816 2482 circumcirca
2868 2428 2950 2482 vel
2999 2428 3158 2498 longe
3186 2430 3501 2499 positorum.
3536 2434 3755 2486 Etcum

2176 2518 2463 2588 aliquando
2511 2518 2680 2586 pressi
2725 2518 3040 2587 iustissime,
3091 2534 3187 2588 per
3238 2536 3423 2589 preces
3464 2523 3529 2575 ad
3584 2524 3757 2578 Deum

2181 2617 2390 2677 patrum
2434 2622 2653 2661 suorum
2696 2607 2922 2662 fuissent
2951 2611 3172 2674 reversi,
3217 2610 3491 2665 suscitavit
3520 2611 3632 2666 illis
3661 2612 3767 2666 ali-

2178 2714 2336 2766 quem
2368 2698 2436 2753 de
2460 2698 2715 2753 fratribus
2741 2714 2953 2765 eorum,
2987 2700 3076 2767 qui
3108 2701 3184 2755 eis
3217 2711 3271 2755 et
3299 2700 3537 2755 salvator
3563 2713 3761 2756 contra

2181 2788 2387 2853 hostes,
2427 2798 2481 2842 et
2504 2788 2570 2841 ad
2603 2789 2946 2843 concordiam
2977 2791 3203 2844 invicem
3233 2791 3562 2845 retinendam
3590 2793 3763 2860 jttdex

2182 2879 2405 2933 idoneus
2429 2881 2705 2934 existeret.
2730 2880 2973 2950 Cumque
3004 2882 3171 2935 multo
3198 2892 3437 2951 tempore
3482 2885 3764 2939 inlluctua-

2180 2982 2318 3037 rent,
2350 2976 2399 3028 id
2431 2982 2534 3036 est,
2568 2981 2627 3025 ut
2646 2988 2764 3026 cum
2797 2973 3081 3042 aliquando
3109 2972 3212 3026 illis
3246 2976 3577 3041 prosperitas
3612 2981 3761 3029 arri-

2180 3064 2348 3129 deret,
2394 3065 2460 3119 ad
2509 3064 2879 3119 venerationes
2930 3065 3195 3119 idolorum
3246 3064 3544 3121 deﬂuerent
3593 3085 3765 3122 :cum

2181 3172 2310 3209 vero
2338 3166 2630 3225 tempestas
2655 3159 3085 3224 persecutionum
3117 3158 3440 3222 immineret,
3490 3158 3557 3212 ad
3577 3159 3763 3213 Deum

2188 3263 2399 3317 verum,
2443 3249 2509 3303 ad
2559 3250 2880 3303 tutissimum
2926 3260 3136 3318 portum
3168 3249 3312 3303 omni
3354 3250 3542 3304 adnisu
3574 3252 3765 3307 redire

2181 3356 2524 3402 conarentur.

2250 3436 2340 3490 Vi.
2370 3435 2607 3492 Tandem
2636 3435 2783 3491 dedit
2811 3438 2915 3491 illis
2941 3453 3141 3505 regem,
3187 3439 3403 3492 nomine
3445 3438 3632 3505 David,
3668 3442 3765 3510 qui

2179 3538 2234 3582 et
2264 3542 2292 3581 a
2322 3528 2669 3582 finitimarum
2696 3527 2938 3597 gentium
2984 3529 3381 3583 incursionibus
3419 3528 3765 3592 defenderet,

2180 3630 2234 3677 et
2266 3620 2511 3675 timorem
2540 3620 2654 3688 Dei,
2686 3621 2840 3690 cujus
2866 3620 2984 3688 ipse
3004 3621 3349 3691 plenissimus
3374 3630 3508 3687 erat,
3534 3630 3587 3673 et
3606 3620 3769 3689 juxta

2181 3727 2374 3767 nomen
2407 3728 2585 3776 suum,
2620 3713 2775 3767 Manu
2807 3713 2997 3779 ‘fortis,
3044 3712 3316 3768 continuis
3360 3713 3614 3767 retineret
3672 3716 3775 3767 lia-

2181 3801 2353 3854 benis.
2395 3801 2523 3855 Post
2569 3801 2723 3868 cujus
2772 3813 3024 3866 mortem,
3073 3819 3191 3854 cum
3240 3810 3455 3868 propter
3481 3812 3773 3870 peccatum

2183 3888 2415 3943 filiorum
2460 3886 2610 3954 ejus,
2663 3903 2766 3941 non
2798 3890 3028 3957 amplius
3071 3889 3138 3943 de
3186 3888 3465 3943 duodecim
3514 3890 3778 3947 tribubus

2184 3977 2416 4029 filiorum
2466 3976 2629 4030 Israel
2680 3977 2845 4044 (quod
2889 3992 3083 4031 nomen
3134 3978 3267 4046 patri
3315 3992 3522 4042 eorum,
3550 3988 3604 4033 et
3635 3980 3780 4047 ipsis

2183 4066 2381 4121 idcirco
2403 4066 2705 4133 impositum
2732 4078 2833 4129 est,
2857 4066 2980 4136 quia
3008 4067 3212 4122 visione
3232 4082 3327 4120 sua
3350 4067 3489 4121 Deus
3511 4070 3777 4126 eumdem

2186 4162 2518 4230 dignaretur)
2566 4177 2723 4230 quam
2753 4162 2869 4217 duae
2903 4173 3126 4230 tantum,
3159 4165 3434 4234 Beniamin
3480 4166 3691 4221 scilicet
3721 4179 3781 4223 et

2184 4253 2342 4318 Juda,
2373 4269 2401 4306 a
2430 4268 2532 4322 qua
2564 4262 2618 4308 et
2652 4252 2821 4307 Judaei
2870 4264 2994 4309 sunt
3038 4257 3306 4326 appellati,
3339 4259 3565 4325 posteris
3598 4259 3777 4315 David

2185 4360 2309 4398 cum
2358 4346 2538 4413 paucis
2582 4347 2951 4401 sacerdotibus
2982 4356 3035 4401 et
3067 4348 3240 4402 levitis
3267 4350 3605 4404 adhaererent
3630 4350 3781 4421 (quo

505 4444 738 4499 candutn
767 4442 867 4499 sibi
896 4444 1175 4512 putabant,
1224 4441 1303 4496 sic
1348 4441 1503 4496 undis
1551 4442 1602 4495 in
1652 4452 1830 4510 partes
1870 4440 2076 4495 divisis.
2110 4470 2166 4532 ι)
2191 4437 2405 4489 nomine
2435 4451 2621 4490 omnes
2651 4436 2833 4491 divino
2873 4438 3169 4494 ministerio
3201 4439 3596 4509 mancipandi),
3630 4445 3778 4495 reli-

507 4541 706 4592 Umnes
728 4535 889 4605 igitur
916 4542 1203 4600 sequentes
1224 4534 1388 4602 vestlg
1465 4532 1901 4599 commeantium,
1935 4529 1962 4568 ιι
1990 4545 2083 4586 ex-

496 4641 681 4684 tremo
729 4640 949 4682 suortttn
1002 4625 1314 4680 barathrum
1369 4624 1629 4694 ingressi,
1681 4622 2083 4691 novissimoque

511 4721 679 4788 plebis
725 4718 818 4773 Dei
859 4718 925 4772 ad
971 4717 1216 4771 naturale
1263 4715 1410 4770 littus
1459 4716 1798 4784 transgressi,
1844 4715 1921 4768 ita
1960 4723 2086 4768 sunt

509 4812 779 4865 montibus
832 4824 1094 4879 aquarum
1144 4808 1389 4874 involuti,
1444 4816 1502 4861 ut
1551 4806 1731 4861 nullus
1780 4817 2087 4862 remaneret

508 4904 598 4971 qui
627 4902 823 4956 factum
854 4901 998 4956 domi
1027 4899 1385 4955 residentibus
1416 4898 1620 4953 referre
1654 4898 1940 4967 potuisset.

587 4992 650 5046 V.
702 4991 834 5046 Cum
883 5002 1060 5045 autem
1092 5003 1341 5058 expensze
1377 5003 1511 5057 quas
1540 4989 1608 5043 de
1639 4987 1876 5059 IEgypto
1902 5003 2085 5043 secum

515 5086 744 5140 tulerant
786 5082 1026 5139 Hebraeis
1065 5080 1393 5137 defecissent
1435 5079 1599 5150 (quod
1648 5094 1842 5135 nomen
1890 5080 2087 5150 populo

586 5257 1088 5325 “.Pronepolibus...
1118 5258 1397 5325 per‘cujus.
1421 5254 1547 5310 Haec
1565 5255 1863 5325 improvide
1883 5257 2085 5311 omissa

497 5333 567 5385 in
602 5345 736 5385 nova
767 5327 1014 5382 Thesauri
1041 5327 1303 5382 Canisiani
1329 5327 1563 5383 editione
1585 5341 1616 5381 a
1641 5328 1902 5397 Basnagio
1927 5328 2089 5382 ador-

508 5408 821 5469 'Il8l8,}0m.
854 5398 895 5466 I,
925 5413 1045 5469 pag.
1076 5397 1205 5469 789.

588 5469 615 5508 ἰ
658 5467 900 5525 Extremo
927 5465 1091 5523 ἐπῶν.
1128 5467 1435 5523 ‘Cotelerius
1465 5466 1518 5538 in
1547 5465 1689 5522 notis
1711 5465 1781 5538 ad
1814 5466 2081 5538 Recognit.

519 5539 765 5595 Clement.
819 5538 911 5593 lib.
946 5538 989 5606 I,
1021 5552 1140 5606 cap.
1165 5538 1267 5604 35,
1300 5538 1441 5592 hunc
1488 5537 1661 5591 locum
1708 5536 1776 5591 ita
1817 5536 2085 5591 restituit:

525 5609 761 5663 Extremo
809 5625 1021 5662 suorum
1072 5608 1372 5661 barathrum
1417 5607 1663 5676 ingresso,
1714 5606 2090 5677 novissimoqtte

517 5680 688 5751 plebis
723 5679 815 5732 Dei
844 5679 911 5731 ad
939 5678 1172 5751 naturale
1200 5679 1340 5731 littus
1371 5686 1706 5751 transgresso,
1734 5685 1841 5729 etc.

590 5762 617 5789 ι
649 5749 742 5805 Sic
771 5766 854 5803 eos
884 5764 973 5806 ver
1000 5750 1277 5816 desertum,
1306 5757 1412 5803 etc.
1444 5744 1684 5802 Imitatur
1711 5754 1929 5805 sanctus
1958 5744 2089 5805 Gal-

2189 4544 2309 4599 qua:
2362 4543 2489 4582 vero
2534 4528 2747 4595 decem,
2799 4531 2881 4585 vel
2925 4531 3099 4600 potius
3156 4532 3400 4586 undecim
3454 4533 3622 4587 tribus
3676 4550 3784 4601 per

2193 4637 2371 4690 regem
2405 4636 2509 4675 una
2542 4621 2917 4678 subversorem
2951 4640 3103 4678 suum
3147 4626 3463 4680 llieroboam
3495 4642 3785 4695 nuncupa-

2180 4723 2325 4781 tum,
2352 4723 2408 4769 et
2440 4715 2727 4784 pessimam
2755 4716 2925 4785 ipsius
2954 4720 3261 4787 progeniem
3286 4719 3349 4772 ad
3376 4718 3781 4775 immunditiam

2188 4805 2214 4841 ’³
2267 4808 2586 4862 idololatriae
2638 4808 2895 4864 foeditatis
2946 4823 2975 4862 a
3025 4810 3195 4878 gloria
3242 4825 3359 4874 sua,
3406 4810 3517 4865 Deo
3562 4812 3788 4867 scilicet

2180 4895 2520 4965 scmpiterno
2550 4898 2940 4953 immanissima
2976 4900 3249 4954 dementia
3280 4909 3635 4955 recesserunt.
3669 4903 3784 4969 Qui

2190 4998 2244 5046 et
2267 4990 2487 5044 tradidit
2515 5005 2609 5044 eos
2637 4991 2690 5044 in
2723 5006 2913 5046 manus
2939 4992 3274 5046 inimicorum
3306 5006 3546 5059 suorum,
3574 4993 3788 5061 quibus

2182 5080 2440 5151 subjecti,
2481 5081 2619 5137 idola
2649 5092 2778 5136 sunt
2805 5085 2963 5137 etiam
2998 5084 3088 5151 qui
3133 5082 3340 5138 nollent
3366 5082 3593 5138 adorare
3621 5097 3787 5140 com-

2190 5260 2271 5314 lus
2292 5269 2562 5313 auctorem
2581 5257 2998 5325 Recognitionum
3012 5256 3457 5320 Clementinarum,
3478 5274 3517 5311 ι.
3534 5271 3609 5324 c.,
3630 5261 3785 5324 apud

2189 5345 2348 5399 quem
2398 5329 2475 5381 sic
2520 5328 2790 5399 legimus:
2824 5326 2926 5399 Per
2974 5328 3150 5394 longos
3199 5328 3350 5381 eremi
3394 5327 3587 5399 plebem
3630 5329 3790 5383 ducit

2192 5396 2477 5468 anfractus,
2526 5406 2586 5468 u_t
2630 5396 2969 5468 quadraginta
3013 5412 3264 5468 annorum
3304 5398 3581 5460 exercitiis,
3633 5401 3789 5453 mala

2188 5465 2304 5539 quis
2327 5469 2396 5521 eis
2421 5483 2485 5520 ex
2515 5465 2884 5539 Egyptioram
2927 5466 3150 5520 moribus
3196 5484 3292 5521 usu
3339 5468 3479 5538 longi
3505 5471 3787 5539 temporis

2188 5537 2540 5603 inoleverant,
2598 5538 2925 5591 innovatione
2972 5547 3179 5593 mutata:
3233 5537 3618 5592 consuetudinis
3675 5537 3783 5589 ab-

2192 5611 2367 5663 oleret.

2262 5681 2288 5718 ά
2312 5677 2653 5736 Idololatrix.
2688 5678 2847 5734 Forte
2880 5679 3221 5735 idololatriae
3251 5677 3517 5750 faditatis.
