4002 6350
224 377 290 433 ,τ
1752 359 2005 417 SERMO.
2481 355 2489 361 '
3424 361 3495 418 ts

223 491 377 561 pulsi.
419 487 529 544 Sed
561 472 617 541 et
646 483 940 540 ﬁdelissimi
974 481 1139 538 David
1168 482 1479 551 propagatio
1507 479 1572 533 ad
1610 478 1799 532 intide-
1830 476 1886 534 Δ.
1904 484 1958 531 et
1985 483 2200 543 propter
2229 481 2448 543 peccata
2497 473 2549 527 in
2597 471 2798 528 s:ecnlo
2840 472 3227 530 remanentium
3256 476 3491 544 primum

228 584 385 637 litatis
434 580 639 633 malum
696 592 803 631 non
844 585 962 643 post
1010 574 1238 629 multant
1288 572 1543 640 temporis
1587 571 1808 625 aberra-

226 678 333 739 vit;
364 674 506 728 adeo
536 682 598 726 ιη
646 681 703 727 et
744 672 855 736 ipsi-
891 684 1042 738 rcges
1088 679 1142 723 et
1181 668 1508 731 sacerdotes,
1566 666 1833 734 neglecto

229 768 382 821 unius
417 764 656 820 veri-Dei
697 752 867 829 cultu,
919 762 1198 827 Saturnos,
1250 760 1510 823 Junones,
1562 756 1827 826 turpissi-

226 870 479 924 ruuntque
525 854 801 923 Priapum,
852 853 907 906 in
954 854 1065 921 ipsa
1098 852 1451 916 Hierusalem,
1485 865 1644 919 quam
1676 847 1811 903 civi-

230 958 392 1001 tatem
441 961 569 1001 cum
625 946 827 1014 templo
862 945 913 998 in
946 944 1423 997 sanctiﬁcationem
1456 942 1557 995 sibi
1587 940 1812 1008 delegit,

228 1039 325 1091 acti
379 1038 567 1091 furore
618 1044 1029 1090 venerarentur.
1064 1033 1286 1099 Pmpter
1316 1030 1457 1101 quod
1488 1029 1813 1098 competenti

226 1127 354 1182 satis
387 1127 596 1180 talione
624 1124 1105 1193 impieaderelictus
1136 1124 1203 1177 ab
1230 1123 1332 1185 eis,
1361 1123 1503 1191 iuste
1525 1121 1813 1189 dereliquit

228 1232 321 1271 eos
354 1217 503 1271 Deus
543 1216 595 1269 in
638 1223 954 1281 potestatem
1002 1228 1350 1282 paganorum,
1402 1220 1458 1266 nt
1508 1212 1819 1280 impleretur

233 1310 391 1377 quod
414 1310 499 1361 eis
550 1316 709 1360 antea
750 1305 1214 1359 comminabatur:
1245 1304 1389 1360 Sicut
1437 1305 1666 1359 servistis
1713 1305 1817 1358 diis

230 1400 414 1452 alienis
443 1399 500 1452 in
530 1408 668 1451 terra
696 1405 881 1462 vestra,
912 1397 985 1449 sic
1008 1396 1236 1450 servietis
1263 1396 1362 1449 diis
1384 1395 1568 1449 alienis
1598 1396 1651 1448 in
1680 1402 1819 1448 terra

230 1508 329 1544 non
357 1502 554 1554 vestra,
584 1490 672 1556 qui
704 1506 807 1543 non
844 1489 1042 1542 dabunt
1081 1488 1221 1543 vobis
1247 1487 1471 1557 requiem
1501 1484 1720 1559 (Jerem.
1753 1501 1814 1552 ν,

233 1581 329 1644 L9;
360 1597 475 1646 xvt,
511 1579 628 1648 l3).

307 1673 415 1726 Vll.
462 1671 575 1726 Sed
611 1680 665 1725 et
703 1680 829 1726 tunc
879 1685 983 1724 non
1029 1670 1227 1725 oblitus
1276 1670 1399 1726 ﬁdei
1451 1670 1719 1725 Abraham
1767 1678 1821 1724 et

238 1762 415 1827 David,
447 1763 661 1830 aliquos
684 1778 749 1817 ex
783 1762 869 1825 iis,
901 1777 996 1831 pro
1027 1761 1287 1830 reliquiis,
1312 1762 1364 1816 in
1402 1770 1543 1815 terra
1572 1775 1666 1814 sua
1694 1760 1822 1815 reti-

238 1854 369 1915 nuit,
425 1854 798 1919 templumque
842 1868 996 1906 suum
1041 1854 1096 1906 in
1145 1852 1476 1908 Hierusalem
1508 1852 1573 1906 ad
1611 1862 1819 1920 tempus

238 1944 626 2011 aliquantulum
683 1943 1056 2009 conservavit,
1111 1942 1302 2007 donec,
1337 1943 1574 2010 peccatis
1631 1955 1817 1996 eorum

241 2033 727 2095 crebrescentibus,
773 2030 933 2086 etiam
977 2031 1149 2101 ipsum
1197 2045 1318 2085 cum
1367 2030 1582 2085 civibus
1606 2038 1660 2084 et
1686 2029 1820 2083 civi-

242 2136 339 2181 tate
383 2133 694 2180 mereretur
733 2124 967 2179 incendi.
1001 2124 1107 2179 Sed
1136 2138 1310 2194 neque
1338 2132 1467 2178 tunc
1497 2137 1592 2178 eos
1619 2137 1820 2192 usque-

242 2231 450 2286 quaque
498 2216 683 2270 divina
722 2214 962 2271 deseruit
1006 2215 1287 2269 clementia
1313 2232 1328 2281 ;
1360 2215 1486 2285 quin
1516 2216 1623 2269 imo
1644 2214 1714 2270 de
1743 2214 1822 2268 fa-

242 2310 373 2363 villis
424 2318 480 2364 et
531 2307 705 2362 ruinis
755 2307 902 2362 urbis
948 2321 1154 2362 eversae
1200 2307 1460 2375 quosdam
1503 2306 1822 2371 reservavit,

244 2398 430 2464 quibus
490 2398 778 2467 aptissime
832 2397 1204 2466 pmpbeticum
1263 2397 1391 2452 illud
1447 2396 1813 2452 conveniret:

243 2488 387 2543 Facti
429 2493 555 2545 estis
600 2492 748 2558 quasi
780 2492 932 2544 torris
962 2491 1026 2544 de
1057 2489 1293 2543 incendio
1322 2502 1524 2558 raptus,
1553 2500 1600 2544 et
1633 2505 1724 2542 nec
1752 2490 1825 2542 sic

242 2585 442 2637 redistis
484 2584 555 2636 ad
596 2599 697 2648 me,
748 2585 873 2637 dicit
928 2583 1179 2636 Dominus
1224 2583 1405 2653 (Amos
1434 2599 1503 2645 tv,
1535 2583 1647 2651 ll).
1672 2583 1823 2649 Quod

248 2676 460 2740 quidem
481 2676 534 2729 in
564 2677 642 2731 eis
674 2690 808 2745 quos
842 2676 895 2730 in
928 2686 1067 2731 terra
1100 2691 1194 2729 sua
1227 2676 1641 2741 resideretecit,
1672 2690 1825 2730 com-

256 2768 449 2830 pictum
498 2769 872 2837 cognovimus,
921 2777 979 2822 ut
1017 2778 1235 2837 peccata
1286 2768 1519 2834 peccatis
1566 2767 1828 2821 addentes

252 2866 301 2907 et
326 2870 390 2910 se
417 2869 599 2910 mutua
624 2858 772 2912 t-a'de
811 2866 1107 2923 vastantes,
1156 2859 1340 2910 ultima
1390 2856 1728 2926 necessitate,
1772 2866 1830 2911 ut

245 2945 341 2999 sibi
392 2947 701 3014 videbatur,
745 2949 1007 3016 compulsi
1041 2949 1092 3003 in
1125 2947 1429 3020 .Egyptum
1460 2948 1613 3016 quasi
1651 2964 1827 3003 reser-

244 3037 430 3101 vendi,
486 3046 673 3092 contra
720 3040 1147 3094 vetitum-divini
1198 3042 1426 3106 oraculi,
1483 3056 1607 3094 vere
1666 3041 1827 3094 truci-

244 3124 403 3181 dandi
448 3126 839 3198 conl‘ugissent.
881 3130 981 3196 Qui
1035 3144 1162 3185 vero
1186 3145 1215 3185 a
1246 3146 1371 3200 rege
1398 3132 1485 3201 qui
1518 3132 1825 3199 superbiam

242 3230 427 3272 eorum
492 3220 586 3274 Dei
646 3220 924 3276 voluntate
980 3222 1297 3289 domuerat,
1357 3224 1409 3278 in
1466 3224 1825 3292 captivitatem

242 3305 593 3378 longinquam
642 3310 866 3365 luissem
913 3312 1147 3380 abducti,
1191 3315 1259 3368 ibi
1302 3314 1368 3368 ad
1398 3314 1587 3370 Deum.
1616 3316 1827 3371 Patrum

242 3414 461 3453 suorum
491 3416 560 3455 ex
595 3403 895 3457 totocorde
920 3407 1185 3469 conversi,
1218 3405 1288 3459 ita
1322 3406 1678 3461 tribulationis
1710 3408 1830 3478 igne

242 3491 446 3545 decocti
477 3501 627 3558 sunt,
659 3502 716 3546 nt
738 3509 835 3548 nec
867 3495 990 3565 igne
1021 3496 1278 3552 materiali
1318 3498 1386 3551 ab
1418 3498 1583 3569 ipsius
1610 3512 1830 3569 possent

242 3595 422 3634 amore
454 3581 668 3635 divelli.

313 3670 446 3724 Vlll.
500 3670 740 3727 Tandem
791 3688 921 3745 ergo
966 3677 1271 3731 misericors
1311 3685 1364 3731 et
1410 3678 1695 3734 miserator
1721 3679 1831 3733 Do-

243 3760 439 3827 tninus,
477 3770 587 3815 tam
616 3777 807 3831 graves
836 3779 1022 3818 eorum
1047 3766 1259 3822 labores
1310 3770 1616 3833 miseratus,
1650 3785 1829 3839 regum

241 3851 377 3905 adeo
408 3851 624 3907 animos
650 3852 740 3921 qui
766 3852 981 3908 eosdem
1014 3855 1066 3908 in
1093 3856 1398 3926 captivitate
1433 3867 1738 3926 tenuerunt,
1767 3857 1832 3913 ad

244 3942 639 4014 indulgentiam
688 3954 744 4000 et
789 3946 1179 4003 relaxationem
1228 3949 1584 4003 voluntariam
1618 3950 1832 4004 illorum

243 4035 592 4098 permutavit,
626 4043 686 4088 ut
723 4034 793 4090 de
834 4035 1057 4104 publicis
1102 4036 1359 4092 reditibus
1390 4048 1445 4091 et
1470 4058 1497 4089 ιι
1520 4039 1674 4093 rariis
1720 4041 1836 4107 plu-

242 4126 377 4177 rima
426 4125 667 4193 impendi
714 4127 1089 4196 praeciperent,
1131 4129 1184 4182 in
1216 4128 1593 4183 adminiculum
1626 4129 1693 4182 ad
1726 4138 1835 4181 ter-

240 4229 360 4269 ram
392 4228 546 4270 suam
580 4216 905 4282 revertendi,
938 4227 992 4273 et
1024 4218 1280 4287 templum
1315 4218 1407 4273 Dei
1440 4219 1491 4272 in
1523 4234 1587 4273 ea
1619 4219 1836 4273 demum

237 4308 601 4363 restaurandi.
653 4308 777 4363 Sed.
803 4310 946 4364 heu!
981 4309 1114 4378 proh
1144 4309 1336 4364 dolor!
1384 4327 1503 4364 cum
1538 4311 1708 4381 legem
1742 4311 1836 4366 Dei

236 4398 323 4454 vel
349 4400 731 4465 caeremonias,
762 4400 814 4453 in
852 4412 1111 4470 quantum
1143 4417 1170 4455 a
1206 4402 1469 4470 ﬁnitimis,
1499 4405 1604 4456 imo
1632 4422 1659 4458 a
1690 4421 1841 4460 com-

235 4491 489 4545 mixtitiis
522 4492 769 4545 hostibus
797 4492 1045 4560 impediri
1078 4509 1182 4547 non
1217 4504 1484 4562 poterant,
1520 4496 1706 4551 sedulo
1736 4512 1834 4552 cu-

1914 566 2052 621 viles
2094 578 2337 634 persona:
2380 564 2449 620 de
2494 566 2895 622 successoribus
2940 583 3123 622 eorum
3170 570 3363 639 popqu
3398 571 3495 626 Dei

1916 659 2337 727 praelicerentur,
2379 666 2567 728 postea
2598 674 2725 714 vero
2751 668 2807 715 et
2833 659 2930 729 ipsi
2960 660 3280 730 alienigenis
3309 663 3499 718 misce-

1923 757 2133 812 rentur,
2164 748 2247 803 vel
2272 748 2449 818 potius
2471 749 2745 803 servitutis
2773 751 2887 818 ejus
2917 748 3047 820 jugo
3074 750 3492 821 subjicerentur,

1928 839 2291 896 necessarium
2322 848 2440 894 erat
2468 850 2525 895 ut
2556 841 2669 907 ipsa
2701 840 2880 895 divina
2912 840 3183 910 Sapientia
3209 858 3303 912 per
3333 859 3496 912 quam

1918 932 2110 979 cuncta
2135 931 2262 980 sunt
2290 922 2452 989 facta,
2503 924 2795 980 reﬁciendo
2842 928 3022 996 generi
3064 927 3296 984 humano
3322 944 3416 999 per
3441 944 3501 986 se

1919 1016 2090 1085 ipsam
2116 1014 2401 1071 consulere
2426 1012 2754 1084 dignaretur.

1989 1104 2081 1161 IX.
2126 1104 2233 1162 Sed
2270 1106 2391 1175 quia
2435 1108 2487 1161 in
2524 1121 2620 1161 sua
2662 1106 3185 1177 incomprehensibili
3225 1112 3503 1181 majestate

1921 1210 2113 1255 natura
2144 1199 2233 1255 illa
2271 1199 2452 1254 divina
2476 1199 2544 1255 ab
2569 1200 2791 1257 inﬁrmis
2818 1214 2874 1256 et
2900 1202 3215 1257 mortalibus
3254 1218 3503 1272 compre-

1923 1289 2084 1346 hendi
2113 1305 2222 1345 non
2271 1297 2498 1358 poterat,
2544 1289 2677 1346 mira
2708 1292 2920 1360 pietatis
2949 1292 3344 1362 dispensatione
3374 1308 3503 1362 pro-

1922 1382 2153 1449 curavit,
2184 1391 2242 1438 ut
2282 1391 2480 1436 nostra:
2511 1381 2806 1436 inﬁrmitati
2856 1385 3092 1450 mortali,
3133 1393 3383 1439 manente
3428 1394 3507 1438 ta-

1924 1489 2050 1530 men
2072 1472 2625 1530 incommutabilitatis
2653 1488 2764 1530 suae
2795 1476 3029 1544 potentia
3060 1474 3416 1542 conformata,
3442 1478 3506 1531 de

1927 1567 2249 1636 incorrupta
2288 1565 2520 1636 Virginis
2551 1574 2706 1621 utero
2752 1575 3101 1635 nasceretur,
3149 1579 3204 1622 et
3246 1580 3507 1623 consueto

1926 1657 2086 1713 nobis
2118 1670 2268 1711 more
2292 1670 2461 1725 usque
2487 1655 2552 1710 ad
2580 1655 2844 1725 juveniles
2867 1671 3036 1711 annos
3068 1666 3223 1711 aetate
3252 1667 3307 1713 et
3332 1659 3509 1712 inere-

1927 1749 2140 1813 mentis,
2170 1747 2340 1818 gratia
2372 1760 2501 1803 vero
2529 1757 2583 1802 et
2610 1746 2870 1817 sapientia
2900 1748 3153 1818 singulari
3186 1750 3504 1818 perveniret.

1853 1817 1897 1877 Β
1926 1839 2036 1895 Nec
2064 1817 2244 1894 tamen
2273 1852 2394 1893 cum
2426 1851 2589 1893 carne
2630 1852 2725 1892 sua
2757 1839 2926 1894 deitas
2962 1838 3103 1894 illius
3130 1850 3274 1895 esset
3312 1841 3509 1896 obum-

1923 1933 2097 1996 brata,
2132 1944 2225 2000 per
2254 1939 2424 1985 totum
2455 1929 2627 1999 pctuit
2665 1929 2911 1985 humanis
2938 1931 3207 1986 mentibus
3230 1932 3517 2000 abscondi;

1928 2021 2012 2075 his
2039 2020 2300 2075 duntaxat
2327 2020 2415 2091 qui
2445 2034 2566 2075 eum
2598 2021 2868 2090 cognitum
2900 2023 3172 2093 suscipere
3200 2024 3509 2079 voluissent.

1925 2111 2151 2179 Quando
2181 2119 2237 2165 et
2267 2112 2321 2165 in
2365 2111 2492 2167 hora
2527 2112 2821 2167 nativitatis
2863 2111 3007 2167 illius
3042 2114 3269 2183 angelus
3299 2114 3513 2169 Domini

1924 2217 2050 2258 cum
2082 2216 2274 2272 magna
2322 2202 2564 2259 claritate
2606 2203 2909 2271 pastoribus
2936 2205 3108 2275 gentis
3144 2206 3309 2275 ipsius
3354 2220 3520 2274 appa-

1926 2295 2054 2361 ruit,
2102 2302 2157 2348 et
2202 2303 2379 2348 ortum
2424 2294 2539 2364 ejus
2591 2296 2838 2351 omnibus
2885 2297 3131 2365 gentibus
3176 2296 3509 2366 profuturum

1927 2383 2193 2438 nuntiavit
2218 2401 2231 2449 ;
2257 2384 2310 2438 in
2337 2400 2456 2454 quae
2484 2384 2644 2441 verba
2674 2387 2849 2442 eidem
2880 2388 3069 2458 angelo
3093 2388 3376 2445 multitudo
3404 2404 3515 2446 cte-

1929 2473 2081 2530 leSIis
2111 2475 2312 2529 militiae
2341 2476 2594 2532 occinuit.
2623 2477 2729 2533 Sed
2757 2487 2810 2533 et
2839 2479 2948 2546 ipsa
2981 2480 3107 2534 hora
3133 2481 3184 2533 in
3215 2481 3517 2535 remotioric

1914 2562 2030 2619 bus
2075 2564 2308 2620 Orientis
2359 2567 2638 2635 partibus,
2690 2567 3101 2638 sapientissimis
3145 2580 3201 2625 et
3247 2580 3515 2626 astrorum

1929 2656 2111 2726 gnaris
2151 2656 2453 2713 hominibus
2507 2673 2641 2712 nova
2692 2660 2847 2715 stella
2902 2660 3182 2729 inopinato
3226 2677 3514 2731 apparens.

1930 2762 2028 2803 eos
2055 2749 2121 2803 ad
2144 2758 2321 2804 ortum
2350 2752 2473 2805 novi
2503 2751 2644 2820 regis
2673 2750 2911 2807 attraxit.
2941 2751 3049 2806 Nec
3074 2768 3178 2806 non
3206 2763 3261 2807 et
3288 2754 3519 2822 quadra-

1933 2837 2141 2907 gesimo
2185 2839 2478 2895 nativitatis
2519 2842 2637 2909 ejus
2675 2840 2782 2909 die,
2830 2855 2951 2896 cum
2992 2856 3112 2895 eum
3153 2841 3229 2896 ad,
3262 2843 3518 2912 templum

1935 2929 2053 2995 Dei,
2102 2947 2195 2998 pro
2241 2932 2468 2988 solemni
2514 2934 2633 3004 ejus
2684 2936 2859 3003 gentis
2896 2935 3305 3004 consuetudine,
3352 2947 3522 2993 mater

1939 3023 2566 3095 Virgopraasentandum
2606 3025 2860 3091 deferret,
2896 3027 3090 3082 ibidem
3126 3042 3156 3081 a
3193 3028 3389 3082 sanctis
3420 3029 3522 3082 ho-

1938 3115 2172 3170 minibus
2197 3116 2381 3170 mundi
2409 3116 2657 3172 Salvator
2697 3126 2782 3174 est
2808 3117 3039 3188 agnitus,
3082 3129 3136 3172 et
3164 3117 3231 3173 ab
3257 3120 3332 3173 eis
3363 3128 3524 3174 caete-

1934 3204 2007 3259 ris
2038 3204 2283 3261 ﬁdelibus
2322 3206 2616 3262 nuntiatus.
3328 3206 3331 3207 ⁷

2004 3297 2073 3351 Χ.
2104 3297 2429 3353 Duodecimo
2456 3312 2669 3368 quoque
2696 3298 2869 3354 aetatis
2895 3313 3058 3366 anno,
3088 3313 3208 3354 cum
3249 3300 3305 3355 in
3331 3298 3520 3355 eodem

1937 3392 2137 3457 templo
2166 3391 2474 3461 parentibus
2502 3403 2807 3449 remaneret
2842 3394 3059 3463 ignaris,
3093 3393 3343 3448 videlicet
3378 3395 3522 3447 acsti-

1937 3485 2204 3538 mantibus
2235 3483 2377 3539 inter
2400 3493 2657 3556 cognatos
2699 3496 2753 3540 et
2794 3493 2947 3539 notos
2989 3501 3109 3540 eum
3139 3500 3429 3541 secessisse
3455 3486 3523 3541 de

1935 3573 2091 3640 urbe,
2115 3574 2209 3629 sed
2235 3589 2300 3629 eo
2325 3589 2430 3630 non
2456 3575 2694 3642 invento,
2720 3576 3129 3645 regrederentur
3151 3577 3215 3631 ad
3239 3578 3521 3647 templum,

1933 3679 1988 3722 et
2020 3668 2087 3723 ibi
2114 3683 2233 3722 cum
2274 3677 2398 3737 post
2426 3668 2660 3724 triduum
2701 3669 2755 3723 in
2786 3669 2962 3725 medio
2988 3668 3266 3725 doctorum
3311 3673 3526 3740 sapien-

1939 3761 2145 3815 tissimo
2181 3776 2240 3816 se
2267 3771 2515 3831 agentem
2553 3763 2902 3831 reperissent,
2945 3763 3310 3834 interrogante
3354 3776 3525 3821 matre

1936 3868 2033 3906 cur
2062 3868 2181 3907 eam
2214 3854 2485 3909 dolentem
2515 3855 2839 3925 reliquisset,
2873 3856 3186 3925 reSpondit:
3217 3854 3282 3910 In
3313 3858 3389 3911 his
3411 3874 3543 3926 qua:-

1942 3941 2113 3997 Patris
2145 3945 2241 3997 mei
2268 3953 2405 4008 sunt,
2440 3954 2638 4014 oportet
2664 3962 2743 4000 me
2772 3963 2878 4001 esse
2901 3946 3052 4016 (Luc.
3078 3962 3153 4013 st,
3180 3946 3273 4016 49)
3300 3964 3312 4000 :
3344 3950 3523 4014 utique

1941 4035 2219 4089 insinuans
2251 4035 2506 4104 templum
2540 4052 2645 4091 non
2677 4038 2853 4091 minus
2884 4038 2949 4091 ad
2988 4052 3048 4093 se
3072 4053 3229 4107 quam
3255 4038 3319 4092 ad
3356 4038 3519 4091 Deum

1941 4126 2153 4179 Patrem
2188 4128 2482 4194 pertinere.
2515 4126 2817 4196 Trigesimo
2857 4142 2983 4182 vero
3013 4143 3079 4182 ex
3113 4143 3219 4194 quo
3251 4129 3387 4181 inter
3423 4127 3521 4181 ho-

1940 4220 2111 4274 mines
2151 4219 2459 4273 conversari
2496 4221 2661 4289 cuepit
2704 4234 2864 4285 anno,
2910 4220 2977 4274 ad
3022 4221 3282 4289 baptisma
3323 4220 3521 4275 servuli

1940 4310 2021 4363 sui
2083 4311 2425 4379 properavit,
2477 4320 2535 4366 ut
2583 4325 2649 4365 ex
2705 4326 2771 4365 eo
2808 4310 3010 4365 scilicet
3059 4312 3373 4381 sequacibus
3412 4311 3545 4365 suis-

1940 4403 2243 4471 exetnplum
2291 4402 2571 4468 tribueret,
2612 4419 2680 4459 ne
2724 4404 2845 4474 quis
2892 4406 2960 4458 ab
3007 4404 3243 4458 interiori
3295 4417 3521 4473 persona

1942 4492 2199 4564 baptizari
2243 4502 2635 4560 contemneret,
2666 4495 2879 4571 quando
2910 4495 3082 4562 ipsum
3138 4493 3417 4548 Dominum
3465 4501 3547 4547 et-

232 4592 454 4638 rassent
495 4583 822 4649 observare;
854 4585 993 4651 quod
1026 4586 1200 4639 nullus
1233 4601 1464 4653 unquam
1500 4587 1583 4641 vel
1614 4591 1832 4659 excogi-
1867 4559 1917 4618 θ
1944 4585 2109 4640 Deum
2145 4600 2298 4640 suum
2332 4587 2513 4641 famuli
2560 4587 2640 4641 sui
2674 4585 2917 4640 manibus
2947 4585 3287 4652 baptizatum
3334 4584 3520 4637 memi-

236 4684 359 4729 tare
406 4674 713 4744 petuisset,
765 4677 1048 4743 repentino
1096 4692 1223 4732 casu
1273 4695 1368 4731 rex
1421 4679 1831 4738 nefandissimns

232 4764 577 4832 Grecorum,
626 4775 833 4834 utputa,
894 4770 1122 4834 pervius
1165 4780 1218 4824 et
1258 4785 1432 4839 praeco
1477 4781 1503 4808 ιι
1551 4774 1830 4829 malissimi

232 4856 586 4922 Antichristi,
632 4873 727 4912 eos
767 4859 835 4911 ita
866 4859 1155 4927 oppressit,
1185 4870 1242 4913 ut
1272 4876 1379 4914 non
1407 4862 1507 4916 nisi
1536 4878 1695 4917 manu
1721 4879 1832 4920 cas-

232 4950 389 5004 lestis
432 4950 779 5018 Imperatoris
829 4966 889 5005 se
939 4952 1048 5006 ullo
1099 4953 1257 5007 modo
1301 4954 1524 5008 ulterius
1549 4956 1833 5012 crederent

231 5042 486 5098 allevari.
512 5042 615 5107 Qui
649 5052 699 5096 et
731 5051 880 5096 tanto
914 5043 1175 5099 miracu’o
1204 5046 1272 5099 ab
1300 5045 1829 5115 immanissimorum,

234 5135 738 5190 diversissimorum
794 5146 954 5204 atque
998 5136 1469 5192 innumerabilium
1500 5139 1835 5196 adversario-

234 5241 360 5277 rum
409 5240 505 5279 eos
550 5227 751 5292 impetu
797 5226 1061 5293 liberavit,
1095 5236 1152 5282 ut
1179 5229 1482 5297 paucissimi
1513 5231 1579 5284 de
1608 5229 1830 5300 Jttdaeis,

229 5314 488 5379 plurimis
524 5330 715 5369 eorum
759 5315 1084 5385 interfectis,
1119 5318 1340 5385 reliquis
1367 5318 1453 5387 qui
1489 5334 1704 5374 manere
1736 5335 1831 5389 po—

227 5414 414 5458 terant
472 5420 583 5459 non
640 5422 822 5472 parum
881 5406 1182 5462 incuterent
1229 5409 1532 5479 ubicunque
1587 5414 1828 5468 terroris.

228 5502 295 5546 At
331 5511 461 5550 eum
501 5497 577 5550 illi
607 5498 696 5566 qui
733 5497 928 5552 talibus
960 5498 1183 5570 ﬂagellis
1207 5501 1399 5555 eruditi
1433 5502 1715 5557 Dominum
1740 5518 1833 5572 pa-

225 5601 375 5642 trum
404 5602 629 5643 suorum
664 5602 906 5647 metuere
949 5603 1190 5659 nossent,
1240 5595 1468 5650 diversis
1496 5596 1709 5651 casibus
1740 5597 1833 5652 ab-

224 5685 455 5748 sumpti,
509 5695 686 5737 morte
734 5701 826 5737 sua
880 5685 1133 5738 mundum
1176 5687 1521 5757 reliquissent
1553 5690 1825 5754 orlntum,

1940 4681 2127 4731 uisset.
2157 4676 2261 4733 Sed
2291 4676 2415 4747 quia
2461 4691 2565 4731 non
2604 4676 2776 4743 aliqua
2807 4675 2887 4729 sui
2921 4674 3261 4741 necessitate,
3295 4672 3386 4728 sed
3418 4672 3518 4728 hu-

1940 4768 2181 4823 militatis
2210 4769 2566 4839 propagandae
2589 4768 2756 4839 gratia
2783 4769 3039 4826 voluisset
3080 4770 3131 4823 in
3163 4784 3296 4838 aqua
3330 4768 3517 4835 lavari,

1940 4876 2067 4916 ecce
2107 4861 2249 4916 Deus
2289 4861 2449 4916 Pater
2477 4876 2596 4916 cum
2626 4875 2756 4917 vcce
2784 4861 2851 4917 de
2880 4861 3017 4917 caelo
3049 4862 3223 4916 delata
3254 4872 3520 4917 contesta-

1942 4960 2026 5007 tus
2058 4961 2161 5017 est,
2206 4950 2394 5006 dicens
2425 4969 2439 5006 :
2479 4952 2578 5007 Hic
2612 4963 2683 5008 est
2715 4953 2852 5017 ﬁlius
2894 4971 3034 5008 meus
3075 4954 3313 5016 dilectus,
3343 4954 3394 5006 in
3423 4969 3524 5020 quo

1939 5045 2064 5099 mihi
2093 5045 2457 5115 complacitum
2487 5057 2560 5100 est
2588 5061 2607 5100 :
2636 5046 2802 5115 ipsum
2842 5048 3015 5100 audite
3040 5044 3256 5115 (Matth.
3304 5061 3382 5109 ttt,
3415 5044 3478 5097 l7
3504 5085 3523 5101 .

1937 5152 2066 5201 xvn,
2093 5137 2169 5204 5).
2201 5136 2267 5191 Ει
2289 5136 2523 5205 Spiritus
2550 5147 2788 5203 sanctus,
2815 5137 2968 5205 cujus
2995 5138 3103 5206 jam
3131 5148 3182 5191 et
3208 5153 3370 5203 Opere
3393 5150 3522 5190 cun-

1937 5238 2127 5297 ceptns
2156 5236 2261 5303 est,
2294 5228 2360 5282 ad
2388 5228 2767 5284 declarandam
2799 5229 3099 5283 sanctitatis
3127 5230 3242 5298 ejus
3267 5230 3523 5281 innoccna

1938 5320 2092 5383 tiam,
2123 5320 2177 5374 in
2202 5319 2465 5374 columbae
2489 5334 2650 5390 super
2673 5336 2794 5376 eum
2823 5321 3004 5389 specie
3041 5318 3335 5375 descendit.

2012 5408 2105 5463 XI.
2132 5408 2202 5464 lta
2242 5424 2373 5478 ergo
2398 5406 2642 5464 Christus
2687 5409 2850 5464 homo
2880 5409 3202 5478 gloriﬁcatus
3232 5416 3285 5460 et
3308 5405 3523 5460 confor-

1941 5509 2082 5555 tatus
2124 5499 2189 5554 atl
2230 5499 2473 5570 prtelium
2513 5513 2634 5555 cum
2677 5500 2889 5555 diabolo
2936 5499 3336 5561 conferendum,
3381 5514 3525 5565 quas

1938 5592 2181 5661 draginta
2214 5592 2419 5646 dierum
2444 5589 2710 5660 jejunium
2754 5600 3064 5651 exacturus,
3092 5589 3225 5642 abiit
3254 5588 3303 5641 in
3335 5588 3517 5643 desen

1939 5694 2069 5738 tum.
2103 5684 2309 5752 Quibus
2344 5682 2590 5752 expletis,
2638 5683 3010 5737 callidiSs-imus
3051 5679 3415 5741 adversarius,
3448 5694 3545 5735 ex.

305 5846 333 5896 ι
374 5843 681 5898 καιὶκὶηιὲ.
715 5842 806 5897 Sic
832 5864 841 5886 ι
865 5841 992 5897 itata
1018 5843 1181 5900 editio
1214 5844 1553 5901 l‘arisiensis.
1583 5842 1911 5913 Basrmgiana
1934 5856 2084 5909 vero,
2111 5838 2493 5903 malimus-simi,
2522 5837 2696 5892 minus
2720 5845 2883 5904 recte,
2912 5844 2967 5889 ut
2989 5832 3221 5890 videtur.
