  <div class='ocr_page' id='page_1' title='image "/cluster/home/n/w/nwhite01/storage/ocr_20150623/87/hvd.32044015469471/015.png"; bbox 0 0 4002 6350; ppageno 0'>
   <div class='ocr_carea' id='block_1_1' title="bbox 486 341 3732 408">
    <p class='ocr_par' dir='ltr' id='par_1_1' title="bbox 486 341 3732 408">
     <span class='ocr_line' id='line_1_1' title="bbox 486 341 3732 408; baseline 0.001 -5"><span class='ocrx_word' id='word_1_1' title='bbox 486 352 550 403; x_wconf 76' lang='grc'>19</span> <span class='ocrx_word' id='word_1_2' title='bbox 1355 341 1597 402; x_wconf 79' lang='lat' dir='ltr'><strong>SANCTI</strong></span> <span class='ocrx_word' id='word_1_3' title='bbox 1638 344 1845 400; x_wconf 81' lang='lat' dir='ltr'><strong>GALLI</strong></span> <span class='ocrx_word' id='word_1_4' title='bbox 1899 344 2191 402; x_wconf 77' lang='lat' dir='ltr'><strong>ABBATIS</strong></span> <span class='ocrx_word' id='word_1_5' title='bbox 2241 345 2331 401; x_wconf 83' lang='lat' dir='ltr'><strong>ET</strong></span> <span class='ocrx_word' id='word_1_6' title='bbox 2381 344 2849 404; x_wconf 76' lang='lat' dir='ltr'><strong>CONFESSORIS</strong></span> <span class='ocrx_word' id='word_1_7' title='bbox 3665 353 3732 408; x_wconf 72' lang='grc'><strong>20</strong></span> 
     </span>
    </p>
   </div>
   <div class='ocr_carea' id='block_1_2' title="bbox 479 459 3733 532">
    <p class='ocr_par' dir='ltr' id='par_1_2' title="bbox 479 459 3733 532">
     <span class='ocr_line' id='line_1_2' title="bbox 479 459 3733 532; baseline -0.001 -14"><span class='ocrx_word' id='word_1_8' title='bbox 479 465 763 532; x_wconf 83' lang='lat' dir='ltr'><strong>aliquibus,</strong></span> <span class='ocrx_word' id='word_1_9' title='bbox 795 470 853 516; x_wconf 93' lang='lat' dir='ltr'><strong>ut</strong></span> <span class='ocrx_word' id='word_1_10' title='bbox 882 460 1138 526; x_wconf 75' lang='lat' dir='ltr'><strong>creditur,</strong></span> <span class='ocrx_word' id='word_1_11' title='bbox 1185 459 1401 514; x_wconf 86' lang='lat' dir='ltr'><strong>humani</strong></span> <span class='ocrx_word' id='word_1_12' title='bbox 1434 462 1675 528; x_wconf 79' lang='lat' dir='ltr'><strong>corporis</strong></span> <span class='ocrx_word' id='word_1_13' title='bbox 1703 461 1938 530; x_wconf 75' lang='lat' dir='ltr'><strong>gestibus</strong></span> <span class='ocrx_word' id='word_1_14' title='bbox 1968 471 2058 515; x_wconf 91' lang='lat' dir='ltr'><strong>aut</strong></span> <span class='ocrx_word' id='word_1_15' title='bbox 2090 470 2136 528; x_wconf 76' lang='grc' dir='ltr'>Α</span> <span class='ocrx_word' id='word_1_16' title='bbox 2163 461 2443 517; x_wconf 88' lang='lat' dir='ltr'><strong>duodecim</strong></span> <span class='ocrx_word' id='word_1_17' title='bbox 2470 464 2662 518; x_wconf 90' lang='lat' dir='ltr'><strong>corbes</strong></span> <span class='ocrx_word' id='word_1_18' title='bbox 2703 464 2767 517; x_wconf 91' lang='lat' dir='ltr'><strong>ad</strong></span> <span class='ocrx_word' id='word_1_19' title='bbox 2813 464 3171 518; x_wconf 89' lang='lat' dir='ltr'><strong>testimonium</strong></span> <span class='ocrx_word' id='word_1_20' title='bbox 3203 467 3333 520; x_wconf 89' lang='lat' dir='ltr'><strong>tanti</strong></span> <span class='ocrx_word' id='word_1_21' title='bbox 3370 468 3604 523; x_wconf 80' lang='lat' dir='ltr'><strong>miraculi</strong></span> <span class='ocrx_word' id='word_1_22' title='bbox 3639 472 3733 526; x_wconf 85' lang='lat' dir='ltr'><strong>far.</strong></span> 
     </span>
    </p>
   </div>
   <div class='ocr_carea' id='block_1_3' title="bbox 481 554 2056 623">
    <p class='ocr_par' dir='ltr' id='par_1_3' title="bbox 481 554 2056 623">
     <span class='ocr_line' id='line_1_3' title="bbox 481 554 2056 623; baseline -0.003 -10"><span class='ocrx_word' id='word_1_23' title='bbox 481 559 690 623; x_wconf 90' lang='lat' dir='ltr'><strong>habitu,</strong></span> <span class='ocrx_word' id='word_1_24' title='bbox 716 556 861 610; x_wconf 91' lang='lat' dir='ltr'><strong>illum</strong></span> <span class='ocrx_word' id='word_1_25' title='bbox 889 556 1098 611; x_wconf 85' lang='lat' dir='ltr'><strong>esurire</strong></span> <span class='ocrx_word' id='word_1_26' title='bbox 1127 555 1544 622; x_wconf 87' lang='lat' dir='ltr'><strong>persentiscens,</strong></span> <span class='ocrx_word' id='word_1_27' title='bbox 1569 563 1623 609; x_wconf 93' lang='lat' dir='ltr'><strong>et</strong></span> <span class='ocrx_word' id='word_1_28' title='bbox 1649 554 1843 609; x_wconf 89' lang='lat' dir='ltr'><strong>idcirco</strong></span> <span class='ocrx_word' id='word_1_29' title='bbox 1887 554 2056 608; x_wconf 89' lang='lat' dir='ltr'><strong>homi-</strong></span> 
     </span>
    </p>
   </div>
   <div class='ocr_carea' id='block_1_4' title="bbox 481 648 2055 718">
    <p class='ocr_par' dir='ltr' id='par_1_4' title="bbox 481 648 2055 718">
     <span class='ocr_line' id='line_1_4' title="bbox 481 648 2055 718; baseline -0.003 -12"><span class='ocrx_word' id='word_1_30' title='bbox 481 668 602 707; x_wconf 88' lang='lat' dir='ltr'><strong>nem</strong></span> <span class='ocrx_word' id='word_1_31' title='bbox 632 664 753 707; x_wconf 90' lang='lat' dir='ltr'><strong>eum</strong></span> <span class='ocrx_word' id='word_1_32' title='bbox 785 660 987 704; x_wconf 90' lang='lat' dir='ltr'><strong>tantum</strong></span> <span class='ocrx_word' id='word_1_33' title='bbox 1026 663 1147 704; x_wconf 90' lang='lat' dir='ltr'><strong>esse</strong></span> <span class='ocrx_word' id='word_1_34' title='bbox 1191 659 1466 718; x_wconf 90' lang='lat' dir='ltr'><strong>reputans,</strong></span> <span class='ocrx_word' id='word_1_35' title='bbox 1505 649 1598 703; x_wconf 92' lang='lat' dir='ltr'><strong>sed</strong></span> <span class='ocrx_word' id='word_1_36' title='bbox 1643 657 1858 716; x_wconf 81' lang='lat' dir='ltr'><strong>propter</strong></span> <span class='ocrx_word' id='word_1_37' title='bbox 1897 648 2055 702; x_wconf 84' lang='lat' dir='ltr'><strong>vitam</strong></span> 
     </span>
    </p>
   </div>
   <div class='ocr_carea' id='block_1_5' title="bbox 479 738 2058 810">
    <p class='ocr_par' dir='ltr' id='par_1_5' title="bbox 479 738 2058 810">
     <span class='ocr_line' id='line_1_5' title="bbox 479 738 2058 810; baseline -0.003 -13"><span class='ocrx_word' id='word_1_38' title='bbox 479 746 794 798; x_wconf 75' lang='lat' dir='ltr'><strong>innocenter</strong></span> <span class='ocrx_word' id='word_1_39' title='bbox 841 752 1012 796; x_wconf 90' lang='lat' dir='ltr'><strong>actam</strong></span> <span class='ocrx_word' id='word_1_40' title='bbox 1061 756 1221 810; x_wconf 81' lang='lat' dir='ltr'><strong>super</strong></span> <span class='ocrx_word' id='word_1_41' title='bbox 1269 741 1514 795; x_wconf 90' lang='lat' dir='ltr'><strong>homines</strong></span> <span class='ocrx_word' id='word_1_42' title='bbox 1572 738 1898 804; x_wconf 87' lang='lat' dir='ltr'><strong>formidans;</strong></span> <span class='ocrx_word' id='word_1_43' title='bbox 1958 738 2058 793; x_wconf 91' lang='lat' dir='ltr'><strong>hac</strong></span> 
     </span>
    </p>
   </div>
   <div class='ocr_carea' id='block_1_6' title="bbox 478 833 2058 904">
    <p class='ocr_par' dir='ltr' id='par_1_6' title="bbox 478 833 2058 904">
     <span class='ocr_line' id='line_1_6' title="bbox 478 833 2058 904; baseline -0.002 -14"><span class='ocrx_word' id='word_1_44' title='bbox 478 847 594 892; x_wconf 88' lang='lat' dir='ltr'><strong>arte</strong></span> <span class='ocrx_word' id='word_1_45' title='bbox 632 836 782 891; x_wconf 87' lang='lat' dir='ltr'><strong>illum</strong></span> <span class='ocrx_word' id='word_1_46' title='bbox 812 835 1135 904; x_wconf 81' lang='lat' dir='ltr'><strong>aggreditur,</strong></span> <span class='ocrx_word' id='word_1_47' title='bbox 1179 843 1236 888; x_wconf 89' lang='lat' dir='ltr'><strong>ut</strong></span> <span class='ocrx_word' id='word_1_48' title='bbox 1276 835 1324 888; x_wconf 89' lang='lat' dir='ltr'><strong>si</strong></span> <span class='ocrx_word' id='word_1_49' title='bbox 1365 835 1582 903; x_wconf 83' lang='lat' dir='ltr'><strong>quidem</strong></span> <span class='ocrx_word' id='word_1_50' title='bbox 1629 833 1860 886; x_wconf 85' lang='lat' dir='ltr'><strong>esuriem</strong></span> <span class='ocrx_word' id='word_1_51' title='bbox 1904 847 2058 888; x_wconf 87' lang='lat' dir='ltr'><strong>suam</strong></span> 
     </span>
    </p>
   </div>
   <div class='ocr_carea' id='block_1_7' title="bbox 480 924 2055 993">
    <p class='ocr_par' dir='ltr' id='par_1_7' title="bbox 480 924 2055 993">
     <span class='ocr_line' id='line_1_7' title="bbox 480 924 2055 993; baseline 0 -14"><span class='ocrx_word' id='word_1_52' title='bbox 480 943 616 992; x_wconf 82' lang='lat' dir='ltr'><strong>pane</strong></span> <span class='ocrx_word' id='word_1_53' title='bbox 664 927 731 981; x_wconf 90' lang='lat' dir='ltr'><strong>de</strong></span> <span class='ocrx_word' id='word_1_54' title='bbox 769 926 946 993; x_wconf 82' lang='lat' dir='ltr'><strong>lapide</strong></span> <span class='ocrx_word' id='word_1_55' title='bbox 994 925 1155 991; x_wconf 86' lang='lat' dir='ltr'><strong>facto,</strong></span> <span class='ocrx_word' id='word_1_56' title='bbox 1201 935 1258 978; x_wconf 82' lang='lat' dir='ltr'><strong>ut</strong></span> <span class='ocrx_word' id='word_1_57' title='bbox 1311 926 1424 992; x_wconf 88' lang='lat' dir='ltr'><strong>ipse</strong></span> <span class='ocrx_word' id='word_1_58' title='bbox 1461 924 1739 990; x_wconf 80' lang='lat' dir='ltr'><strong>suadebat,</strong></span> <span class='ocrx_word' id='word_1_59' title='bbox 1791 924 2055 980; x_wconf 80' lang='lat' dir='ltr'><strong>consolari</strong></span> 
     </span>
    </p>
   </div>
   <div class='ocr_carea' id='block_1_8' title="bbox 478 1015 2057 1087">
    <p class='ocr_par' dir='ltr' id='par_1_8' title="bbox 478 1015 2057 1087">
     <span class='ocr_line' id='line_1_8' title="bbox 478 1015 2057 1087; baseline 0.002 -18"><span class='ocrx_word' id='word_1_60' title='bbox 478 1019 758 1085; x_wconf 87' lang='lat' dir='ltr'><strong>potuisset,</strong></span> <span class='ocrx_word' id='word_1_61' title='bbox 791 1017 971 1071; x_wconf 86' lang='lat' dir='ltr'><strong>divina</strong></span> <span class='ocrx_word' id='word_1_62' title='bbox 1000 1020 1056 1071; x_wconf 87' lang='lat' dir='ltr'><strong>in</strong></span> <span class='ocrx_word' id='word_1_63' title='bbox 1096 1031 1161 1070; x_wconf 91' lang='lat' dir='ltr'><strong>eo</strong></span> <span class='ocrx_word' id='word_1_64' title='bbox 1193 1017 1428 1086; x_wconf 88' lang='lat' dir='ltr'><strong>potentia</strong></span> <span class='ocrx_word' id='word_1_65' title='bbox 1459 1015 1815 1084; x_wconf 89' lang='lat' dir='ltr'><strong>deprehensa,</strong></span> <span class='ocrx_word' id='word_1_66' title='bbox 1845 1017 1912 1071; x_wconf 82' lang='lat' dir='ltr'><strong>ab</strong></span> <span class='ocrx_word' id='word_1_67' title='bbox 1941 1017 2057 1087; x_wconf 66' lang='lat' dir='ltr'><strong>eius</strong></span> 
     </span>
    </p>
   </div>
   <div class='ocr_carea' id='block_1_9' title="bbox 478 1109 2057 1180">
    <p class='ocr_par' dir='ltr' id='par_1_9' title="bbox 478 1109 2057 1180">
     <span class='ocr_line' id='line_1_9' title="bbox 478 1109 2057 1180; baseline 0.002 -17"><span class='ocrx_word' id='word_1_68' title='bbox 478 1111 688 1180; x_wconf 83' lang='lat' dir='ltr'><strong>injuriis</strong></span> <span class='ocrx_word' id='word_1_69' title='bbox 731 1121 785 1166; x_wconf 90' lang='lat' dir='ltr'><strong>et</strong></span> <span class='ocrx_word' id='word_1_70' title='bbox 815 1111 1257 1165; x_wconf 88' lang='lat' dir='ltr'><strong>insectationibus</strong></span> <span class='ocrx_word' id='word_1_71' title='bbox 1286 1111 1574 1178; x_wconf 89' lang='lat' dir='ltr'><strong>quievisset</strong></span> <span class='ocrx_word' id='word_1_72' title='bbox 1600 1126 1615 1163; x_wconf 90' lang='lat'><strong>:</strong></span> <span class='ocrx_word' id='word_1_73' title='bbox 1647 1109 1692 1164; x_wconf 90' lang='lat' dir='ltr'><strong>si</strong></span> <span class='ocrx_word' id='word_1_74' title='bbox 1715 1111 1767 1164; x_wconf 93' lang='lat' dir='ltr'><strong>in</strong></span> <span class='ocrx_word' id='word_1_75' title='bbox 1799 1120 1942 1164; x_wconf 88' lang='lat' dir='ltr'><strong>tanta</strong></span> <span class='ocrx_word' id='word_1_76' title='bbox 1966 1125 2057 1166; x_wconf 87' lang='lat' dir='ltr'><strong>ne-</strong></span> 
     </span>
    </p>
   </div>
   <div class='ocr_carea' id='block_1_10' title="bbox 478 1202 2055 1271">
    <p class='ocr_par' dir='ltr' id='par_1_10' title="bbox 478 1202 2055 1271">
     <span class='ocr_line' id='line_1_10' title="bbox 478 1202 2055 1271; baseline 0 -15"><span class='ocrx_word' id='word_1_77' title='bbox 478 1203 727 1257; x_wconf 83' lang='lat' dir='ltr'><strong>cessitate</strong></span> <span class='ocrx_word' id='word_1_78' title='bbox 750 1217 848 1256; x_wconf 91' lang='lat' dir='ltr'><strong>nec</strong></span> <span class='ocrx_word' id='word_1_79' title='bbox 875 1217 934 1257; x_wconf 90' lang='lat' dir='ltr'><strong>se</strong></span> <span class='ocrx_word' id='word_1_80' title='bbox 956 1203 1128 1268; x_wconf 88' lang='lat' dir='ltr'><strong>ipsum</strong></span> <span class='ocrx_word' id='word_1_81' title='bbox 1155 1216 1398 1256; x_wconf 90' lang='lat' dir='ltr'><strong>recreare</strong></span> <span class='ocrx_word' id='word_1_82' title='bbox 1419 1202 1697 1271; x_wconf 90' lang='lat' dir='ltr'><strong>quivisset,</strong></span> <span class='ocrx_word' id='word_1_83' title='bbox 1724 1218 1857 1271; x_wconf 94' lang='lat' dir='ltr'><strong>puro</strong></span> <span class='ocrx_word' id='word_1_84' title='bbox 1879 1213 2055 1258; x_wconf 89' lang='lat' dir='ltr'><strong>tamen</strong></span> 
     </span>
    </p>
   </div>
   <div class='ocr_carea' id='block_1_11' title="bbox 479 1292 2056 1362">
    <p class='ocr_par' dir='ltr' id='par_1_11' title="bbox 479 1292 2056 1362">
     <span class='ocr_line' id='line_1_11' title="bbox 479 1292 2056 1362; baseline 0.001 -16"><span class='ocrx_word' id='word_1_85' title='bbox 479 1294 695 1348; x_wconf 83' lang='lat' dir='ltr'><strong>homine</strong></span> <span class='ocrx_word' id='word_1_86' title='bbox 723 1294 1094 1362; x_wconf 89' lang='lat' dir='ltr'><strong>comprobato,</strong></span> <span class='ocrx_word' id='word_1_87' title='bbox 1127 1308 1231 1346; x_wconf 90' lang='lat' dir='ltr'><strong>non</strong></span> <span class='ocrx_word' id='word_1_88' title='bbox 1275 1293 1452 1347; x_wconf 89' lang='lat' dir='ltr'><strong>minus</strong></span> <span class='ocrx_word' id='word_1_89' title='bbox 1474 1307 1596 1347; x_wconf 91' lang='lat' dir='ltr'><strong>eum</strong></span> <span class='ocrx_word' id='word_1_90' title='bbox 1627 1292 1728 1347; x_wconf 89' lang='lat' dir='ltr'><strong>sibi</strong></span> <span class='ocrx_word' id='word_1_91' title='bbox 1757 1309 1914 1362; x_wconf 90' lang='lat' dir='ltr'><strong>quam</strong></span> <span class='ocrx_word' id='word_1_92' title='bbox 1952 1307 2056 1348; x_wconf 76' lang='lat' dir='ltr'><strong>ca:-</strong></span> 
     </span>
    </p>
   </div>
   <div class='ocr_carea' id='block_1_12' title="bbox 481 1383 2058 1438">
    <p class='ocr_par' dir='ltr' id='par_1_12' title="bbox 481 1383 2058 1438">
     <span class='ocr_line' id='line_1_12' title="bbox 481 1383 2058 1438; baseline -0.001 -1"><span class='ocrx_word' id='word_1_93' title='bbox 481 1394 623 1438; x_wconf 91' lang='lat' dir='ltr'><strong>teros</strong></span> <span class='ocrx_word' id='word_1_94' title='bbox 663 1384 964 1437; x_wconf 87' lang='lat' dir='ltr'><strong>mortalium</strong></span> <span class='ocrx_word' id='word_1_95' title='bbox 1010 1383 1296 1438; x_wconf 87' lang='lat' dir='ltr'><strong>obnoxium</strong></span> <span class='ocrx_word' id='word_1_96' title='bbox 1325 1383 1713 1438; x_wconf 85' lang='lat' dir='ltr'><strong>consideraret.</strong></span> <span class='ocrx_word' id='word_1_97' title='bbox 1745 1383 1846 1437; x_wconf 89' lang='lat' dir='ltr'><strong>Sed</strong></span> <span class='ocrx_word' id='word_1_98' title='bbox 1890 1383 2058 1438; x_wconf 83' lang='lat' dir='ltr'><strong>admi-</strong></span> 
     </span>
    </p>
   </div>
   <div class='ocr_carea' id='block_1_13' title="bbox 477 1471 2054 1542">
    <p class='ocr_par' dir='ltr' id='par_1_13' title="bbox 477 1471 2054 1542">
     <span class='ocr_line' id='line_1_13' title="bbox 477 1471 2054 1542; baseline -0.002 -14"><span class='ocrx_word' id='word_1_99' title='bbox 477 1474 658 1529; x_wconf 87' lang='lat' dir='ltr'><strong>rabilis</strong></span> <span class='ocrx_word' id='word_1_100' title='bbox 687 1475 940 1542; x_wconf 83' lang='lat' dir='ltr'><strong>magister</strong></span> <span class='ocrx_word' id='word_1_101' title='bbox 970 1473 1180 1542; x_wconf 86' lang='lat' dir='ltr'><strong>pietatis</strong></span> <span class='ocrx_word' id='word_1_102' title='bbox 1208 1472 1281 1526; x_wconf 84' lang='lat' dir='ltr'><strong>ita</strong></span> <span class='ocrx_word' id='word_1_103' title='bbox 1321 1473 1587 1526; x_wconf 86' lang='lat' dir='ltr'><strong>versutias</strong></span> <span class='ocrx_word' id='word_1_104' title='bbox 1629 1471 1745 1540; x_wconf 88' lang='lat' dir='ltr'><strong>ejus</strong></span> <span class='ocrx_word' id='word_1_105' title='bbox 1773 1472 1951 1537; x_wconf 90' lang='lat' dir='ltr'><strong>elusit,</strong></span> <span class='ocrx_word' id='word_1_106' title='bbox 1979 1480 2054 1536; x_wconf 89' lang='lat' dir='ltr'><strong>ut,</strong></span> 
     </span>
    </p>
   </div>
   <div class='ocr_carea' id='block_1_14' title="bbox 477 1561 2057 1633">
    <p class='ocr_par' dir='ltr' id='par_1_14' title="bbox 477 1561 2057 1633">
     <span class='ocr_line' id='line_1_14' title="bbox 477 1561 2057 1633; baseline -0.001 -16"><span class='ocrx_word' id='word_1_107' title='bbox 477 1580 577 1619; x_wconf 88' lang='lat' dir='ltr'><strong>nec</strong></span> <span class='ocrx_word' id='word_1_108' title='bbox 612 1566 664 1619; x_wconf 92' lang='lat' dir='ltr'><strong>i-n</strong></span> <span class='ocrx_word' id='word_1_109' title='bbox 693 1579 855 1633; x_wconf 90' lang='lat' dir='ltr'><strong>panes</strong></span> <span class='ocrx_word' id='word_1_110' title='bbox 899 1563 1164 1632; x_wconf 86' lang='lat' dir='ltr'><strong>lapidibus</strong></span> <span class='ocrx_word' id='word_1_111' title='bbox 1209 1561 1547 1631; x_wconf 87' lang='lat' dir='ltr'><strong>permutatis,</strong></span> <span class='ocrx_word' id='word_1_112' title='bbox 1577 1561 1871 1614; x_wconf 82' lang='lat' dir='ltr'><strong>divinitatis</strong></span> <span class='ocrx_word' id='word_1_113' title='bbox 1910 1561 1962 1614; x_wconf 91' lang='lat' dir='ltr'><strong>in</strong></span> <span class='ocrx_word' id='word_1_114' title='bbox 1991 1575 2057 1616; x_wconf 90' lang='lat' dir='ltr'><strong>eo</strong></span> 
     </span>
    </p>
   </div>
   <div class='ocr_carea' id='block_1_15' title="bbox 476 1652 2054 1725">
    <p class='ocr_par' dir='ltr' id='par_1_15' title="bbox 476 1652 2054 1725">
     <span class='ocr_line' id='line_1_15' title="bbox 476 1652 2054 1725; baseline -0.003 -15"><span class='ocrx_word' id='word_1_115' title='bbox 476 1657 904 1725; x_wconf 80' lang='lat' dir='ltr'><strong>deprehenderet</strong></span> <span class='ocrx_word' id='word_1_116' title='bbox 931 1656 1182 1725; x_wconf 82' lang='lat' dir='ltr'><strong>insignia,</strong></span> <span class='ocrx_word' id='word_1_117' title='bbox 1207 1668 1306 1709; x_wconf 91' lang='lat' dir='ltr'><strong>nec</strong></span> <span class='ocrx_word' id='word_1_118' title='bbox 1329 1652 1760 1723; x_wconf 84' lang='lat' dir='ltr'><strong>impossibilitate</strong></span> <span class='ocrx_word' id='word_1_119' title='bbox 1784 1652 2054 1719; x_wconf 87' lang='lat' dir='ltr'><strong>confessa,</strong></span> 
     </span>
    </p>
   </div>
   <div class='ocr_carea' id='block_1_16' title="bbox 475 1743 2055 1813">
    <p class='ocr_par' dir='ltr' id='par_1_16' title="bbox 475 1743 2055 1813">
     <span class='ocr_line' id='line_1_16' title="bbox 475 1743 2055 1813; baseline -0.003 -12"><span class='ocrx_word' id='word_1_120' title='bbox 475 1748 542 1801; x_wconf 87' lang='lat' dir='ltr'><strong>ad</strong></span> <span class='ocrx_word' id='word_1_121' title='bbox 567 1757 750 1800; x_wconf 88' lang='lat' dir='ltr'><strong>nostra</strong></span> <span class='ocrx_word' id='word_1_122' title='bbox 778 1747 1109 1802; x_wconf 92' lang='lat' dir='ltr'><strong>animaretur</strong></span> <span class='ocrx_word' id='word_1_123' title='bbox 1138 1746 1370 1811; x_wconf 74' lang='lat' dir='ltr'><strong>infirma,</strong></span> <span class='ocrx_word' id='word_1_124' title='bbox 1402 1745 1586 1799; x_wconf 90' lang='lat' dir='ltr'><strong>dicens</strong></span> <span class='ocrx_word' id='word_1_125' title='bbox 1629 1747 1770 1813; x_wconf 87' lang='lat' dir='ltr'><strong>quod</strong></span> <span class='ocrx_word' id='word_1_126' title='bbox 1822 1743 1931 1798; x_wconf 79' lang='lat' dir='ltr'><strong>vita</strong></span> <span class='ocrx_word' id='word_1_127' title='bbox 1969 1757 2055 1797; x_wconf 84' lang='lat' dir='ltr'><strong>ra-</strong></span> 
     </span>
    </p>
   </div>
   <div class='ocr_carea' id='block_1_17' title="bbox 2159 552 3734 631">
    <p class='ocr_par' dir='ltr' id='par_1_17' title="bbox 2159 552 3734 631">
     <span class='ocr_line' id='line_1_17' title="bbox 2159 552 3734 631; baseline 0.004 -26"><span class='ocrx_word' id='word_1_128' title='bbox 2159 552 2418 607; x_wconf 89' lang='lat' dir='ltr'><strong>cirentur.</strong></span> <span class='ocrx_word' id='word_1_129' title='bbox 2463 555 2606 608; x_wconf 84' lang='lat' dir='ltr'><strong>Mare</strong></span> <span class='ocrx_word' id='word_1_130' title='bbox 2633 569 2844 623; x_wconf 87' lang='lat' dir='ltr'><strong>quoque</strong></span> <span class='ocrx_word' id='word_1_131' title='bbox 2883 556 3039 609; x_wconf 83' lang='lat' dir='ltr'><strong>siccis</strong></span> <span class='ocrx_word' id='word_1_132' title='bbox 3084 557 3306 624; x_wconf 86' lang='lat' dir='ltr'><strong>pedibus</strong></span> <span class='ocrx_word' id='word_1_133' title='bbox 3346 559 3652 625; x_wconf 83' lang='lat' dir='ltr'><strong>ambulavit,</strong></span> <span class='ocrx_word' id='word_1_134' title='bbox 3682 579 3734 631; x_wconf 75' lang='grc' dir='ltr'>οι</span> 
     </span>
    </p>
   </div>
   <div class='ocr_carea' id='block_1_18' title="bbox 2158 643 3734 713">
    <p class='ocr_par' dir='ltr' id='par_1_18' title="bbox 2158 643 3734 713">
     <span class='ocr_line' id='line_1_18' title="bbox 2158 643 3734 713; baseline 0.003 -15"><span class='ocrx_word' id='word_1_135' title='bbox 2158 643 2386 698; x_wconf 83' lang='lat' dir='ltr'><strong>fetentes</strong></span> <span class='ocrx_word' id='word_1_136' title='bbox 2415 656 2651 699; x_wconf 88' lang='lat' dir='ltr'><strong>mortuos</strong></span> <span class='ocrx_word' id='word_1_137' title='bbox 2681 646 2752 699; x_wconf 90' lang='lat' dir='ltr'><strong>de</strong></span> <span class='ocrx_word' id='word_1_138' title='bbox 2777 647 3022 713; x_wconf 79' lang='lat' dir='ltr'><strong>sepulcro</strong></span> <span class='ocrx_word' id='word_1_139' title='bbox 3066 647 3367 711; x_wconf 83' lang='lat' dir='ltr'><strong>suscitavit,</strong></span> <span class='ocrx_word' id='word_1_140' title='bbox 3411 658 3465 701; x_wconf 91' lang='lat' dir='ltr'><strong>et</strong></span> <span class='ocrx_word' id='word_1_141' title='bbox 3509 651 3580 702; x_wconf 89' lang='lat' dir='ltr'><strong>ad</strong></span> <span class='ocrx_word' id='word_1_142' title='bbox 3603 665 3734 704; x_wconf 80' lang='lat' dir='ltr'><strong>con-</strong></span> 
     </span>
    </p>
   </div>
   <div class='ocr_carea' id='block_1_19' title="bbox 2158 733 3738 807">
    <p class='ocr_par' dir='ltr' id='par_1_19' title="bbox 2158 733 3738 807">
     <span class='ocr_line' id='line_1_19' title="bbox 2158 733 3738 807; baseline 0.006 -22"><span class='ocrx_word' id='word_1_143' title='bbox 2158 733 2356 787; x_wconf 81' lang='lat' dir='ltr'><strong>vivium</strong></span> <span class='ocrx_word' id='word_1_144' title='bbox 2388 745 2635 799; x_wconf 75' lang='lat' dir='ltr'><strong>vocatus,</strong></span> <span class='ocrx_word' id='word_1_145' title='bbox 2655 750 2820 803; x_wconf 86' lang='lat' dir='ltr'><strong>aquas</strong></span> <span class='ocrx_word' id='word_1_146' title='bbox 2848 735 2900 789; x_wconf 88' lang='lat' dir='ltr'><strong>in</strong></span> <span class='ocrx_word' id='word_1_147' title='bbox 2930 737 3051 790; x_wconf 89' lang='lat' dir='ltr'><strong>vina</strong></span> <span class='ocrx_word' id='word_1_148' title='bbox 3074 739 3314 792; x_wconf 90' lang='lat' dir='ltr'><strong>mutavit.</strong></span> <span class='ocrx_word' id='word_1_149' title='bbox 3352 739 3415 792; x_wconf 84' lang='lat' dir='ltr'><strong>Et</strong></span> <span class='ocrx_word' id='word_1_150' title='bbox 3444 754 3601 807; x_wconf 89' lang='lat' dir='ltr'><strong>super</strong></span> <span class='ocrx_word' id='word_1_151' title='bbox 3625 742 3738 796; x_wconf 79' lang='lat' dir='ltr'><strong>lucc</strong></span> 
     </span>
    </p>
   </div>
   <div class='ocr_carea' id='block_1_20' title="bbox 2158 823 3737 896">
    <p class='ocr_par' dir='ltr' id='par_1_20' title="bbox 2158 823 3737 896">
     <span class='ocr_line' id='line_1_20' title="bbox 2158 823 3737 896; baseline 0.006 -19"><span class='ocrx_word' id='word_1_152' title='bbox 2158 823 2358 889; x_wconf 84' lang='lat' dir='ltr'><strong>omnia,</strong></span> <span class='ocrx_word' id='word_1_153' title='bbox 2395 824 2551 878; x_wconf 83' lang='lat' dir='ltr'><strong>Pater</strong></span> <span class='ocrx_word' id='word_1_154' title='bbox 2579 825 2649 881; x_wconf 90' lang='lat' dir='ltr'><strong>de</strong></span> <span class='ocrx_word' id='word_1_155' title='bbox 2690 827 2848 890; x_wconf 76' lang='lat' dir='ltr'><strong>cado,</strong></span> <span class='ocrx_word' id='word_1_156' title='bbox 2882 828 3172 895; x_wconf 77' lang='lat' dir='ltr'><strong>quondam,</strong></span> <span class='ocrx_word' id='word_1_157' title='bbox 3217 828 3492 896; x_wconf 91' lang='lat' dir='ltr'><strong>discipulis</strong></span> <span class='ocrx_word' id='word_1_158' title='bbox 3521 832 3737 885; x_wconf 86' lang='lat' dir='ltr'><strong>audien-</strong></span> 
     </span>
    </p>
   </div>
   <div class='ocr_carea' id='block_1_21' title="bbox 2160 913 3738 989">
    <p class='ocr_par' dir='ltr' id='par_1_21' title="bbox 2160 913 3738 989">
     <span class='ocr_line' id='line_1_21' title="bbox 2160 913 3738 989; baseline 0.006 -24"><span class='ocrx_word' id='word_1_159' title='bbox 2160 913 2321 980; x_wconf 90' lang='lat' dir='ltr'><strong>tibus,</strong></span> <span class='ocrx_word' id='word_1_160' title='bbox 2367 913 2635 969; x_wconf 85' lang='lat' dir='ltr'><strong>interdum</strong></span> <span class='ocrx_word' id='word_1_161' title='bbox 2667 930 2796 970; x_wconf 90' lang='lat' dir='ltr'><strong>vero</strong></span> <span class='ocrx_word' id='word_1_162' title='bbox 2825 918 2995 972; x_wconf 82' lang='lat' dir='ltr'><strong>turbis</strong></span> <span class='ocrx_word' id='word_1_163' title='bbox 3021 918 3242 972; x_wconf 85' lang='lat' dir='ltr'><strong>infinitis</strong></span> <span class='ocrx_word' id='word_1_164' title='bbox 3269 921 3567 973; x_wconf 84' lang='lat' dir='ltr'><strong>astantibus</strong></span> <span class='ocrx_word' id='word_1_165' title='bbox 3597 922 3738 989; x_wconf 79' lang='lat' dir='ltr'><strong>pari-</strong></span> 
     </span>
    </p>
   </div>
   <div class='ocr_carea' id='block_1_22' title="bbox 2159 1006 3742 1072">
    <p class='ocr_par' dir='ltr' id='par_1_22' title="bbox 2159 1006 3742 1072">
     <span class='ocr_line' id='line_1_22' title="bbox 2159 1006 3742 1072; baseline 0.005 -14"><span class='ocrx_word' id='word_1_166' title='bbox 2159 1009 2240 1058; x_wconf 85' lang='lat' dir='ltr'><strong>ter</strong></span> <span class='ocrx_word' id='word_1_167' title='bbox 2270 1011 2327 1058; x_wconf 88' lang='lat' dir='ltr'><strong>et</strong></span> <span class='ocrx_word' id='word_1_168' title='bbox 2365 1006 2817 1072; x_wconf 85' lang='lat' dir='ltr'><strong>auscultantibus,</strong></span> <span class='ocrx_word' id='word_1_169' title='bbox 2854 1023 2975 1062; x_wconf 81' lang='lat' dir='ltr'><strong>eum</strong></span> <span class='ocrx_word' id='word_1_170' title='bbox 3029 1007 3220 1063; x_wconf 76' lang='lat' dir='ltr'><strong>Filium</strong></span> <span class='ocrx_word' id='word_1_171' title='bbox 3268 1024 3423 1064; x_wconf 81' lang='lat' dir='ltr'><strong>suum</strong></span> <span class='ocrx_word' id='word_1_172' title='bbox 3471 1025 3742 1066; x_wconf 75' lang='lat' dir='ltr'><strong>commen-</strong></span> 
     </span>
    </p>
   </div>
   <div class='ocr_carea' id='block_1_23' title="bbox 2157 1097 3745 1169">
    <p class='ocr_par' dir='ltr' id='par_1_23' title="bbox 2157 1097 3745 1169">
     <span class='ocr_line' id='line_1_23' title="bbox 2157 1097 3745 1169; baseline 0.004 -18"><span class='ocrx_word' id='word_1_173' title='bbox 2157 1097 2325 1165; x_wconf 81' lang='lat' dir='ltr'><strong>darit,</strong></span> <span class='ocrx_word' id='word_1_174' title='bbox 2354 1107 2408 1153; x_wconf 92' lang='lat' dir='ltr'><strong>et</strong></span> <span class='ocrx_word' id='word_1_175' title='bbox 2438 1114 2498 1154; x_wconf 88' lang='lat' dir='ltr'><strong>se</strong></span> <span class='ocrx_word' id='word_1_176' title='bbox 2525 1099 2671 1154; x_wconf 90' lang='lat' dir='ltr'><strong>illum</strong></span> <span class='ocrx_word' id='word_1_177' title='bbox 2699 1101 2808 1169; x_wconf 86' lang='lat' dir='ltr'><strong>jam</strong></span> <span class='ocrx_word' id='word_1_178' title='bbox 2835 1101 3160 1156; x_wconf 79' lang='lat' dir='ltr'><strong>ciarilicasse</strong></span> <span class='ocrx_word' id='word_1_179' title='bbox 3185 1111 3240 1158; x_wconf 91' lang='lat' dir='ltr'><strong>et</strong></span> <span class='ocrx_word' id='word_1_180' title='bbox 3281 1102 3456 1158; x_wconf 89' lang='lat' dir='ltr'><strong>adhuc</strong></span> <span class='ocrx_word' id='word_1_181' title='bbox 3486 1103 3745 1158; x_wconf 83' lang='lat' dir='ltr'><strong>clarifica-</strong></span> 
     </span>
    </p>
   </div>
   <div class='ocr_carea' id='block_1_24' title="bbox 2159 1191 2629 1259">
    <p class='ocr_par' dir='ltr' id='par_1_24' title="bbox 2159 1191 2629 1259">
     <span class='ocr_line' id='line_1_24' title="bbox 2159 1191 2629 1259; baseline 0.004 -14"><span class='ocrx_word' id='word_1_182' title='bbox 2159 1199 2332 1245; x_wconf 91' lang='lat' dir='ltr'><strong>turum</strong></span> <span class='ocrx_word' id='word_1_183' title='bbox 2365 1191 2629 1259; x_wconf 88' lang='lat' dir='ltr'><strong>promisit.</strong></span> 
     </span>
    </p>
   </div>
   <div class='ocr_carea' id='block_1_25' title="bbox 2228 1280 3752 1351">
    <p class='ocr_par' dir='ltr' id='par_1_25' title="bbox 2228 1280 3752 1351">
     <span class='ocr_line' id='line_1_25' title="bbox 2228 1280 3752 1351; baseline 0.001 -16"><span class='ocrx_word' id='word_1_184' title='bbox 2228 1280 2368 1336; x_wconf 76' lang='lat' dir='ltr'><strong>XIV.</strong></span> <span class='ocrx_word' id='word_1_185' title='bbox 2417 1282 2494 1336; x_wconf 92' lang='lat' dir='ltr'><strong>De</strong></span> <span class='ocrx_word' id='word_1_186' title='bbox 2540 1282 2784 1336; x_wconf 89' lang='lat' dir='ltr'><strong>doctrina</strong></span> <span class='ocrx_word' id='word_1_187' title='bbox 2838 1296 2968 1336; x_wconf 89' lang='lat' dir='ltr'><strong>vero</strong></span> <span class='ocrx_word' id='word_1_188' title='bbox 3018 1281 3140 1350; x_wconf 79' lang='lat' dir='ltr'><strong>eius</strong></span> <span class='ocrx_word' id='word_1_189' title='bbox 3181 1283 3300 1350; x_wconf 83' lang='lat' dir='ltr'><strong>quis</strong></span> <span class='ocrx_word' id='word_1_190' title='bbox 3343 1282 3543 1350; x_wconf 83' lang='lat' dir='ltr'><strong>aliquid</strong></span> <span class='ocrx_word' id='word_1_191' title='bbox 3587 1283 3752 1351; x_wconf 82' lang='lat' dir='ltr'><strong>digne</strong></span> 
     </span>
    </p>
   </div>
   <div class='ocr_carea' id='block_1_26' title="bbox 2155 1373 3736 1442">
    <p class='ocr_par' dir='ltr' id='par_1_26' title="bbox 2155 1373 3736 1442">
     <span class='ocr_line' id='line_1_26' title="bbox 2155 1373 3736 1442; baseline -0.001 -14"><span class='ocrx_word' id='word_1_192' title='bbox 2155 1373 2586 1428; x_wconf 80' lang='lat' dir='ltr'><strong>commemoret?</strong></span> <span class='ocrx_word' id='word_1_193' title='bbox 2614 1387 2734 1428; x_wconf 91' lang='lat' dir='ltr'><strong>cum</strong></span> <span class='ocrx_word' id='word_1_194' title='bbox 2775 1381 2832 1428; x_wconf 91' lang='lat' dir='ltr'><strong>et</strong></span> <span class='ocrx_word' id='word_1_195' title='bbox 2859 1374 3132 1442; x_wconf 89' lang='lat' dir='ltr'><strong>discipulis</strong></span> <span class='ocrx_word' id='word_1_196' title='bbox 3171 1375 3283 1429; x_wconf 86' lang='lat' dir='ltr'><strong>suis</strong></span> <span class='ocrx_word' id='word_1_197' title='bbox 3333 1374 3461 1427; x_wconf 80' lang='lat' dir='ltr'><strong>talia</strong></span> <span class='ocrx_word' id='word_1_198' title='bbox 3487 1374 3736 1427; x_wconf 86' lang='lat' dir='ltr'><strong>mandata</strong></span> 
     </span>
    </p>
   </div>
   <div class='ocr_carea' id='block_1_27' title="bbox 2161 1463 3750 1533">
    <p class='ocr_par' dir='ltr' id='par_1_27' title="bbox 2161 1463 3750 1533">
     <span class='ocr_line' id='line_1_27' title="bbox 2161 1463 3750 1533; baseline -0.002 -16"><span class='ocrx_word' id='word_1_199' title='bbox 2161 1473 2486 1532; x_wconf 89' lang='lat' dir='ltr'><strong>proponeret</strong></span> <span class='ocrx_word' id='word_1_200' title='bbox 2511 1479 2630 1533; x_wconf 72' lang='lat' dir='ltr'><strong>qua:</strong></span> <span class='ocrx_word' id='word_1_201' title='bbox 2669 1464 2755 1517; x_wconf 84' lang='lat' dir='ltr'><strong>vix</strong></span> <span class='ocrx_word' id='word_1_202' title='bbox 2778 1472 2866 1516; x_wconf 91' lang='lat' dir='ltr'><strong>aut</strong></span> <span class='ocrx_word' id='word_1_203' title='bbox 2897 1478 3226 1532; x_wconf 84' lang='lat' dir='ltr'><strong>nequaquam</strong></span> <span class='ocrx_word' id='word_1_204' title='bbox 3261 1465 3489 1517; x_wconf 89' lang='lat' dir='ltr'><strong>humana</strong></span> <span class='ocrx_word' id='word_1_205' title='bbox 3521 1463 3750 1531; x_wconf 88' lang='lat' dir='ltr'><strong>possibi-</strong></span> 
     </span>
    </p>
   </div>
   <div class='ocr_carea' id='block_1_28' title="bbox 2159 1551 3746 1621">
    <p class='ocr_par' dir='ltr' id='par_1_28' title="bbox 2159 1551 3746 1621">
     <span class='ocr_line' id='line_1_28' title="bbox 2159 1551 3746 1621; baseline -0.003 -14"><span class='ocrx_word' id='word_1_206' title='bbox 2159 1554 2302 1618; x_wconf 88' lang='lat' dir='ltr'><strong>litas,</strong></span> <span class='ocrx_word' id='word_1_207' title='bbox 2343 1553 2444 1607; x_wconf 89' lang='lat' dir='ltr'><strong>nisi</strong></span> <span class='ocrx_word' id='word_1_208' title='bbox 2479 1552 2529 1605; x_wconf 91' lang='lat' dir='ltr'><strong>vi</strong></span> <span class='ocrx_word' id='word_1_209' title='bbox 2575 1553 2745 1606; x_wconf 88' lang='lat' dir='ltr'><strong>valida</strong></span> <span class='ocrx_word' id='word_1_210' title='bbox 2793 1553 2885 1606; x_wconf 90' lang='lat' dir='ltr'><strong>Dei</strong></span> <span class='ocrx_word' id='word_1_211' title='bbox 2933 1553 3098 1618; x_wconf 87' lang='lat' dir='ltr'><strong>ipsius</strong></span> <span class='ocrx_word' id='word_1_212' title='bbox 3147 1551 3324 1621; x_wconf 92' lang='lat' dir='ltr'><strong>adjuta</strong></span> <span class='ocrx_word' id='word_1_213' title='bbox 3375 1552 3456 1606; x_wconf 85' lang='lat' dir='ltr'><strong>vel</strong></span> <span class='ocrx_word' id='word_1_214' title='bbox 3501 1561 3746 1616; x_wconf 86' lang='lat' dir='ltr'><strong>attracta,</strong></span> 
     </span>
    </p>
   </div>
   <div class='ocr_carea' id='block_1_29' title="bbox 2163 1641 3746 1712">
    <p class='ocr_par' dir='ltr' id='par_1_29' title="bbox 2163 1641 3746 1712">
     <span class='ocr_line' id='line_1_29' title="bbox 2163 1641 3746 1712; baseline -0.002 -16"><span class='ocrx_word' id='word_1_215' title='bbox 2163 1652 2345 1711; x_wconf 86' lang='lat' dir='ltr'><strong>posset</strong></span> <span class='ocrx_word' id='word_1_216' title='bbox 2370 1643 2614 1712; x_wconf 81' lang='lat' dir='ltr'><strong>exsequi,</strong></span> <span class='ocrx_word' id='word_1_217' title='bbox 2650 1652 2705 1697; x_wconf 91' lang='lat' dir='ltr'><strong>et</strong></span> <span class='ocrx_word' id='word_1_218' title='bbox 2729 1642 2873 1695; x_wconf 89' lang='lat' dir='ltr'><strong>omni</strong></span> <span class='ocrx_word' id='word_1_219' title='bbox 2904 1642 3054 1696; x_wconf 88' lang='lat' dir='ltr'><strong>sexui</strong></span> <span class='ocrx_word' id='word_1_220' title='bbox 3083 1642 3166 1696; x_wconf 86' lang='lat' dir='ltr'><strong>vel</strong></span> <span class='ocrx_word' id='word_1_221' title='bbox 3203 1641 3493 1696; x_wconf 90' lang='lat' dir='ltr'><strong>conditioni</strong></span> <span class='ocrx_word' id='word_1_222' title='bbox 3527 1651 3633 1694; x_wconf 89' lang='lat' dir='ltr'><strong>tam</strong></span> <span class='ocrx_word' id='word_1_223' title='bbox 3677 1641 3746 1693; x_wconf 81' lang='lat' dir='ltr'><strong>le-</strong></span> 
     </span>
    </p>
   </div>
   <div class='ocr_carea' id='block_1_30' title="bbox 2162 1732 3754 1802">
    <p class='ocr_par' dir='ltr' id='par_1_30' title="bbox 2162 1732 3754 1802">
     <span class='ocr_line' id='line_1_30' title="bbox 2162 1732 3754 1802; baseline 0 -16"><span class='ocrx_word' id='word_1_224' title='bbox 2162 1733 2244 1788; x_wconf 89' lang='lat' dir='ltr'><strong>via</strong></span> <span class='ocrx_word' id='word_1_225' title='bbox 2272 1745 2325 1788; x_wconf 91' lang='lat' dir='ltr'><strong>et</strong></span> <span class='ocrx_word' id='word_1_226' title='bbox 2369 1733 2438 1787; x_wconf 91' lang='lat' dir='ltr'><strong>ita</strong></span> <span class='ocrx_word' id='word_1_227' title='bbox 2488 1733 2718 1788; x_wconf 86' lang='lat' dir='ltr'><strong>salubria</strong></span> <span class='ocrx_word' id='word_1_228' title='bbox 2752 1734 2862 1802; x_wconf 90' lang='lat' dir='ltr'><strong>ipsa</strong></span> <span class='ocrx_word' id='word_1_229' title='bbox 2914 1732 3110 1787; x_wconf 90' lang='lat' dir='ltr'><strong>monita</strong></span> <span class='ocrx_word' id='word_1_230' title='bbox 3149 1733 3394 1787; x_wconf 90' lang='lat' dir='ltr'><strong>intimare</strong></span> <span class='ocrx_word' id='word_1_231' title='bbox 3431 1741 3663 1797; x_wconf 89' lang='lat' dir='ltr'><strong>curaret,</strong></span> <span class='ocrx_word' id='word_1_232' title='bbox 3697 1741 3754 1786; x_wconf 90' lang='lat' dir='ltr'><strong>nt</strong></span> 
     </span>
    </p>
   </div>
   <div class='ocr_carea' id='block_1_31' title="bbox 473 1817 3752 1896">
    <p class='ocr_par' dir='ltr' id='par_1_31' title="bbox 473 1817 3752 1896">
     <span class='ocr_line' id='line_1_31' title="bbox 473 1817 3752 1896; baseline -0.007 0"><span class='ocrx_word' id='word_1_233' title='bbox 473 1840 687 1896; x_wconf 91' lang='lat' dir='ltr'><strong>tionalis</strong></span> <span class='ocrx_word' id='word_1_234' title='bbox 711 1839 902 1892; x_wconf 69' lang='lat' dir='ltr'><strong>anima:</strong></span> <span class='ocrx_word' id='word_1_235' title='bbox 929 1853 1034 1891; x_wconf 93' lang='lat' dir='ltr'><strong>non</strong></span> <span class='ocrx_word' id='word_1_236' title='bbox 1065 1846 1267 1891; x_wconf 89' lang='lat' dir='ltr'><strong>tantum</strong></span> <span class='ocrx_word' id='word_1_237' title='bbox 1297 1836 1350 1890; x_wconf 90' lang='lat' dir='ltr'><strong>in</strong></span> <span class='ocrx_word' id='word_1_238' title='bbox 1376 1835 1638 1890; x_wconf 88' lang='lat' dir='ltr'><strong>materiali</strong></span> <span class='ocrx_word' id='word_1_239' title='bbox 1666 1835 1922 1890; x_wconf 81' lang='lat' dir='ltr'><strong>consistat</strong></span> <span class='ocrx_word' id='word_1_240' title='bbox 1953 1834 2052 1888; x_wconf 87' lang='lat' dir='ltr'><strong>ali-</strong></span> <span class='ocrx_word' id='word_1_241' title='bbox 2085 1817 2133 1878; x_wconf 76' lang='grc' dir='ltr'><strong>Β</strong></span> <span class='ocrx_word' id='word_1_242' title='bbox 2161 1827 2338 1882; x_wconf 77' lang='lat' dir='ltr'><strong>nullus</strong></span> <span class='ocrx_word' id='word_1_243' title='bbox 2365 1826 2604 1890; x_wconf 71' lang='lat' dir='ltr'><strong>omnino.</strong></span> <span class='ocrx_word' id='word_1_244' title='bbox 2633 1824 2736 1879; x_wconf 75' lang='grc' dir='ltr'><strong>ῐιὶεί</strong></span> <span class='ocrx_word' id='word_1_245' title='bbox 2763 1824 2988 1879; x_wconf 71' lang='lat' dir='ltr'><strong>tntillum</strong></span> <span class='ocrx_word' id='word_1_246' title='bbox 3013 1825 3228 1893; x_wconf 80' lang='lat' dir='ltr'><strong>ignarus</strong></span> <span class='ocrx_word' id='word_1_247' title='bbox 3253 1832 3308 1878; x_wconf 86' lang='lat' dir='ltr'><strong>et</strong></span> <span class='ocrx_word' id='word_1_248' title='bbox 3345 1837 3437 1891; x_wconf 86' lang='lat' dir='ltr'><strong>per</strong></span> <span class='ocrx_word' id='word_1_249' title='bbox 3465 1824 3642 1876; x_wconf 87' lang='lat' dir='ltr'><strong>omnia</strong></span> <span class='ocrx_word' id='word_1_250' title='bbox 3673 1822 3752 1875; x_wconf 85' lang='lat' dir='ltr'><strong>di-</strong></span> 
     </span>
    </p>
   </div>
   <div class='ocr_carea' id='block_1_32' title="bbox 470 1923 2059 1996">
    <p class='ocr_par' dir='ltr' id='par_1_32' title="bbox 470 1923 2059 1996">
     <span class='ocr_line' id='line_1_32' title="bbox 470 1923 2059 1996; baseline -0.005 -11"><span class='ocrx_word' id='word_1_251' title='bbox 470 1941 675 1993; x_wconf 88' lang='lat' dir='ltr'><strong>mcnto,</strong></span> <span class='ocrx_word' id='word_1_252' title='bbox 709 1931 798 1983; x_wconf 81' lang='lat' dir='ltr'><strong>sed</strong></span> <span class='ocrx_word' id='word_1_253' title='bbox 847 1930 900 1981; x_wconf 81' lang='lat' dir='ltr'><strong>in</strong></span> <span class='ocrx_word' id='word_1_254' title='bbox 945 1928 1084 1981; x_wconf 78' lang='lat' dir='ltr'><strong>omm’</strong></span> <span class='ocrx_word' id='word_1_255' title='bbox 1114 1927 1262 1981; x_wconf 82' lang='lat' dir='ltr'><strong>verbo</strong></span> <span class='ocrx_word' id='word_1_256' title='bbox 1303 1927 1440 1996; x_wconf 86' lang='lat' dir='ltr'><strong>quod</strong></span> <span class='ocrx_word' id='word_1_257' title='bbox 1488 1926 1716 1995; x_wconf 76' lang='lat' dir='ltr'><strong>procedit</strong></span> <span class='ocrx_word' id='word_1_258' title='bbox 1747 1926 1809 1980; x_wconf 77' lang='lat' dir='ltr'><strong>de</strong></span> <span class='ocrx_word' id='word_1_259' title='bbox 1852 1941 1937 1980; x_wconf 88' lang='lat' dir='ltr'><strong>ore</strong></span> <span class='ocrx_word' id='word_1_260' title='bbox 1967 1923 2059 1978; x_wconf 80' lang='lat' dir='ltr'><strong>Dei</strong></span> 
     </span>
    </p>
   </div>
   <div class='ocr_carea' id='block_1_33' title="bbox 470 2019 906 2089">
    <p class='ocr_par' dir='ltr' id='par_1_33' title="bbox 470 2019 906 2089">
     <span class='ocr_line' id='line_1_33' title="bbox 470 2019 906 2089; baseline -0.007 -15"><span class='ocrx_word' id='word_1_261' title='bbox 470 2023 688 2089; x_wconf 80' lang='lat' dir='ltr'><strong>(Matth.</strong></span> <span class='ocrx_word' id='word_1_262' title='bbox 721 2037 791 2082; x_wconf 84' lang='lat' dir='ltr'><strong>tv,</strong></span> <span class='ocrx_word' id='word_1_263' title='bbox 825 2019 906 2086; x_wconf 69' lang='grc'><strong>4).</strong></span> 
     </span>
    </p>
   </div>
   <div class='ocr_carea' id='block_1_34' title="bbox 543 2094 2059 2177">
    <p class='ocr_par' dir='ltr' id='par_1_34' title="bbox 543 2094 2059 2177">
     <span class='ocr_line' id='line_1_34' title="bbox 543 2094 2059 2177; baseline -0.003 -12"><span class='ocrx_word' id='word_1_264' title='bbox 543 2113 656 2165; x_wconf 82' lang='lat' dir='ltr'><strong>XII.</strong></span> <span class='ocrx_word' id='word_1_265' title='bbox 706 2113 760 2164; x_wconf 92' lang='lat' dir='ltr'><strong>lu</strong></span> <span class='ocrx_word' id='word_1_266' title='bbox 816 2111 916 2166; x_wconf 88' lang='lat' dir='ltr'><strong>hoc</strong></span> <span class='ocrx_word' id='word_1_267' title='bbox 963 2094 1092 2177; x_wconf 78' lang='lat' dir='ltr'><strong>ergo</strong></span> <span class='ocrx_word' id='word_1_268' title='bbox 1139 2109 1388 2162; x_wconf 79' lang='lat' dir='ltr'><strong>conﬂictu</strong></span> <span class='ocrx_word' id='word_1_269' title='bbox 1436 2107 1639 2161; x_wconf 86' lang='lat' dir='ltr'><strong>certior</strong></span> <span class='ocrx_word' id='word_1_270' title='bbox 1682 2105 1853 2160; x_wconf 85' lang='lat' dir='ltr'><strong>factus</strong></span> <span class='ocrx_word' id='word_1_271' title='bbox 1898 2121 2059 2174; x_wconf 74' lang='lat' dir='ltr'><strong>quam</strong></span> 
     </span>
    </p>
   </div>
   <div class='ocr_carea' id='block_1_35' title="bbox 470 2197 2059 2267">
    <p class='ocr_par' dir='ltr' id='par_1_35' title="bbox 470 2197 2059 2267">
     <span class='ocr_line' id='line_1_35' title="bbox 470 2197 2059 2267; baseline -0.001 -14"><span class='ocrx_word' id='word_1_272' title='bbox 470 2211 598 2256; x_wconf 88' lang='lat' dir='ltr'><strong>ante</strong></span> <span class='ocrx_word' id='word_1_273' title='bbox 630 2202 819 2264; x_wconf 81' lang='lat' dir='ltr'><strong>fuerat,</strong></span> <span class='ocrx_word' id='word_1_274' title='bbox 851 2200 1097 2254; x_wconf 88' lang='lat' dir='ltr'><strong>diabolus</strong></span> <span class='ocrx_word' id='word_1_275' title='bbox 1147 2214 1241 2267; x_wconf 87' lang='lat' dir='ltr'><strong>per</strong></span> <span class='ocrx_word' id='word_1_276' title='bbox 1268 2197 1688 2253; x_wconf 88' lang='lat' dir='ltr'><strong>ostentationem</strong></span> <span class='ocrx_word' id='word_1_277' title='bbox 1732 2197 1904 2250; x_wconf 86' lang='lat' dir='ltr'><strong>inanis</strong></span> <span class='ocrx_word' id='word_1_278' title='bbox 1944 2197 2059 2265; x_wconf 66' lang='grc' dir='ltr'><strong>διο.</strong></span> 
     </span>
    </p>
   </div>
   <div class='ocr_carea' id='block_1_36' title="bbox 472 2289 2059 2359">
    <p class='ocr_par' dir='ltr' id='par_1_36' title="bbox 472 2289 2059 2359">
     <span class='ocr_line' id='line_1_36' title="bbox 472 2289 2059 2359; baseline -0.002 -15"><span class='ocrx_word' id='word_1_279' title='bbox 472 2291 570 2344; x_wconf 74' lang='lat' dir='ltr'><strong>riae</strong></span> <span class='ocrx_word' id='word_1_280' title='bbox 596 2306 697 2358; x_wconf 90' lang='lat' dir='ltr'><strong>qua</strong></span> <span class='ocrx_word' id='word_1_281' title='bbox 739 2291 1025 2359; x_wconf 89' lang='lat' dir='ltr'><strong>plurimum</strong></span> <span class='ocrx_word' id='word_1_282' title='bbox 1058 2289 1313 2342; x_wconf 84' lang='lat' dir='ltr'><strong>delectari</strong></span> <span class='ocrx_word' id='word_1_283' title='bbox 1338 2289 1640 2342; x_wconf 84' lang='lat' dir='ltr'><strong>mortalium</strong></span> <span class='ocrx_word' id='word_1_284' title='bbox 1671 2297 1879 2341; x_wconf 90' lang='lat' dir='ltr'><strong>mentes</strong></span> <span class='ocrx_word' id='word_1_285' title='bbox 1899 2300 2059 2353; x_wconf 86' lang='lat' dir='ltr'><strong>agno-</strong></span> 
     </span>
    </p>
   </div>
   <div class='ocr_carea' id='block_1_37' title="bbox 471 2377 2055 2446">
    <p class='ocr_par' dir='ltr' id='par_1_37' title="bbox 471 2377 2055 2446">
     <span class='ocr_line' id='line_1_37' title="bbox 471 2377 2055 2446; baseline -0.002 -14"><span class='ocrx_word' id='word_1_286' title='bbox 471 2391 644 2446; x_wconf 86' lang='lat' dir='ltr'><strong>verat,</strong></span> <span class='ocrx_word' id='word_1_287' title='bbox 673 2381 1002 2434; x_wconf 89' lang='lat' dir='ltr'><strong>divinilatem</strong></span> <span class='ocrx_word' id='word_1_288' title='bbox 1043 2377 1244 2432; x_wconf 86' lang='lat' dir='ltr'><strong>Christi</strong></span> <span class='ocrx_word' id='word_1_289' title='bbox 1291 2393 1349 2432; x_wconf 84' lang='lat' dir='ltr'><strong>se</strong></span> <span class='ocrx_word' id='word_1_290' title='bbox 1387 2378 1668 2445; x_wconf 85' lang='lat' dir='ltr'><strong>explorare</strong></span> <span class='ocrx_word' id='word_1_291' title='bbox 1717 2391 1872 2445; x_wconf 85' lang='lat' dir='ltr'><strong>posse</strong></span> <span class='ocrx_word' id='word_1_292' title='bbox 1904 2385 2055 2444; x_wconf 83' lang='lat' dir='ltr'><strong>puta-</strong></span> 
     </span>
    </p>
   </div>
   <div class='ocr_carea' id='block_1_38' title="bbox 470 2469 2057 2540">
    <p class='ocr_par' dir='ltr' id='par_1_38' title="bbox 470 2469 2057 2540">
     <span class='ocr_line' id='line_1_38' title="bbox 470 2469 2057 2540; baseline -0.005 -11"><span class='ocrx_word' id='word_1_293' title='bbox 470 2477 563 2529; x_wconf 87' lang='lat' dir='ltr'><strong>bat</strong></span> <span class='ocrx_word' id='word_1_294' title='bbox 597 2491 607 2525; x_wconf 89' lang='lat'>:</span> <span class='ocrx_word' id='word_1_295' title='bbox 642 2482 915 2540; x_wconf 88' lang='lat' dir='ltr'><strong>assumpto</strong></span> <span class='ocrx_word' id='word_1_296' title='bbox 945 2486 1009 2526; x_wconf 91' lang='lat' dir='ltr'><strong>eo</strong></span> <span class='ocrx_word' id='word_1_297' title='bbox 1037 2481 1089 2524; x_wconf 90' lang='lat' dir='ltr'><strong>et</strong></span> <span class='ocrx_word' id='word_1_298' title='bbox 1118 2486 1278 2540; x_wconf 91' lang='lat' dir='ltr'><strong>super</strong></span> <span class='ocrx_word' id='word_1_299' title='bbox 1316 2472 1520 2540; x_wconf 82' lang='lat' dir='ltr'><strong>fastigia</strong></span> <span class='ocrx_word' id='word_1_300' title='bbox 1552 2469 1840 2525; x_wconf 89' lang='lat' dir='ltr'><strong>celsissimi</strong></span> <span class='ocrx_word' id='word_1_301' title='bbox 1874 2469 2057 2536; x_wconf 89' lang='lat' dir='ltr'><strong>templi</strong></span> 
     </span>
    </p>
   </div>
   <div class='ocr_carea' id='block_1_39' title="bbox 470 2561 2058 2632">
    <p class='ocr_par' dir='ltr' id='par_1_39' title="bbox 470 2561 2058 2632">
     <span class='ocr_line' id='line_1_39' title="bbox 470 2561 2058 2632; baseline -0.002 -15"><span class='ocrx_word' id='word_1_302' title='bbox 470 2564 674 2632; x_wconf 89' lang='lat' dir='ltr'><strong>posito,</strong></span> <span class='ocrx_word' id='word_1_303' title='bbox 705 2578 970 2632; x_wconf 89' lang='lat' dir='ltr'><strong>suasoque</strong></span> <span class='ocrx_word' id='word_1_304' title='bbox 1002 2572 1058 2616; x_wconf 92' lang='lat' dir='ltr'><strong>ut</strong></span> <span class='ocrx_word' id='word_1_305' title='bbox 1086 2563 1230 2627; x_wconf 87' lang='lat' dir='ltr'><strong>inde,</strong></span> <span class='ocrx_word' id='word_1_306' title='bbox 1263 2562 1305 2616; x_wconf 91' lang='lat' dir='ltr'><strong>si</strong></span> <span class='ocrx_word' id='word_1_307' title='bbox 1337 2562 1501 2617; x_wconf 88' lang='lat' dir='ltr'><strong>Filius</strong></span> <span class='ocrx_word' id='word_1_308' title='bbox 1530 2561 1623 2616; x_wconf 89' lang='lat' dir='ltr'><strong>Dei</strong></span> <span class='ocrx_word' id='word_1_309' title='bbox 1651 2569 1812 2628; x_wconf 88' lang='lat' dir='ltr'><strong>esset,</strong></span> <span class='ocrx_word' id='word_1_310' title='bbox 1841 2574 1899 2614; x_wconf 87' lang='lat' dir='ltr'><strong>se</strong></span> <span class='ocrx_word' id='word_1_311' title='bbox 1926 2577 2058 2627; x_wconf 73' lang='lat' dir='ltr'><strong>pra:-</strong></span> 
     </span>
    </p>
   </div>
   <div class='ocr_carea' id='block_1_40' title="bbox 473 2652 2058 2722">
    <p class='ocr_par' dir='ltr' id='par_1_40' title="bbox 473 2652 2058 2722">
     <span class='ocr_line' id='line_1_40' title="bbox 473 2652 2058 2722; baseline -0.001 -14"><span class='ocrx_word' id='word_1_312' title='bbox 473 2655 691 2722; x_wconf 86' lang='lat' dir='ltr'><strong>cipitem</strong></span> <span class='ocrx_word' id='word_1_313' title='bbox 720 2655 894 2718; x_wconf 90' lang='lat' dir='ltr'><strong>daret,</strong></span> <span class='ocrx_word' id='word_1_314' title='bbox 934 2663 988 2709; x_wconf 91' lang='lat' dir='ltr'><strong>et</strong></span> <span class='ocrx_word' id='word_1_315' title='bbox 1027 2670 1130 2707; x_wconf 88' lang='lat' dir='ltr'><strong>non</strong></span> <span class='ocrx_word' id='word_1_316' title='bbox 1174 2653 1475 2708; x_wconf 75' lang='lat' dir='ltr'><strong>lzederetur.</strong></span> <span class='ocrx_word' id='word_1_317' title='bbox 1509 2653 1587 2707; x_wconf 83' lang='lat' dir='ltr'><strong>Ad</strong></span> <span class='ocrx_word' id='word_1_318' title='bbox 1632 2667 1789 2722; x_wconf 88' lang='lat' dir='ltr'><strong>quem</strong></span> <span class='ocrx_word' id='word_1_319' title='bbox 1833 2652 2058 2706; x_wconf 82' lang='lat' dir='ltr'><strong>bellator</strong></span> 
     </span>
    </p>
   </div>
   <div class='ocr_carea' id='block_1_41' title="bbox 473 2741 2059 2816">
    <p class='ocr_par' dir='ltr' id='par_1_41' title="bbox 473 2741 2059 2816">
     <span class='ocr_line' id='line_1_41' title="bbox 473 2741 2059 2816; baseline -0.003 -16"><span class='ocrx_word' id='word_1_320' title='bbox 473 2750 705 2801; x_wconf 90' lang='lat' dir='ltr'><strong>invictus</strong></span> <span class='ocrx_word' id='word_1_321' title='bbox 733 2745 1037 2816; x_wconf 90' lang='lat' dir='ltr'><strong>hujusmodi</strong></span> <span class='ocrx_word' id='word_1_322' title='bbox 1069 2744 1383 2814; x_wconf 72' lang='lat' dir='ltr'><strong>temperarit</strong></span> <span class='ocrx_word' id='word_1_323' title='bbox 1413 2745 1709 2814; x_wconf 89' lang='lat' dir='ltr'><strong>eloquium,</strong></span> <span class='ocrx_word' id='word_1_324' title='bbox 1751 2754 1806 2797; x_wconf 94' lang='lat' dir='ltr'><strong>ut</strong></span> <span class='ocrx_word' id='word_1_325' title='bbox 1831 2758 1928 2797; x_wconf 91' lang='lat' dir='ltr'><strong>nec</strong></span> <span class='ocrx_word' id='word_1_326' title='bbox 1958 2741 2059 2797; x_wconf 80' lang='lat' dir='ltr'><strong>Fi-</strong></span> 
     </span>
    </p>
   </div>
   <div class='ocr_carea' id='block_1_42' title="bbox 475 2836 2058 2910">
    <p class='ocr_par' dir='ltr' id='par_1_42' title="bbox 475 2836 2058 2910">
     <span class='ocr_line' id='line_1_42' title="bbox 475 2836 2058 2910; baseline -0.003 -17"><span class='ocrx_word' id='word_1_327' title='bbox 475 2841 601 2894; x_wconf 88' lang='lat' dir='ltr'><strong>lium</strong></span> <span class='ocrx_word' id='word_1_328' title='bbox 631 2841 720 2893; x_wconf 86' lang='lat' dir='ltr'><strong>Dei</strong></span> <span class='ocrx_word' id='word_1_329' title='bbox 755 2857 813 2895; x_wconf 88' lang='lat' dir='ltr'><strong>se</strong></span> <span class='ocrx_word' id='word_1_330' title='bbox 843 2848 1081 2910; x_wconf 82' lang='lat' dir='ltr'><strong>negaret,</strong></span> <span class='ocrx_word' id='word_1_331' title='bbox 1114 2853 1214 2894; x_wconf 89' lang='lat' dir='ltr'><strong>nec</strong></span> <span class='ocrx_word' id='word_1_332' title='bbox 1241 2838 1441 2893; x_wconf 89' lang='lat' dir='ltr'><strong>diaboli</strong></span> <span class='ocrx_word' id='word_1_333' title='bbox 1469 2836 1804 2892; x_wconf 70' lang='lat' dir='ltr'><strong>suasionibus</strong></span> <span class='ocrx_word' id='word_1_334' title='bbox 1832 2849 2058 2891; x_wconf 86' lang='lat' dir='ltr'><strong>consen-</strong></span> 
     </span>
    </p>
   </div>
   <div class='ocr_carea' id='block_1_43' title="bbox 475 2929 2059 2998">
    <p class='ocr_par' dir='ltr' id='par_1_43' title="bbox 475 2929 2059 2998">
     <span class='ocr_line' id='line_1_43' title="bbox 475 2929 2059 2998; baseline -0.002 -13"><span class='ocrx_word' id='word_1_335' title='bbox 475 2932 714 2986; x_wconf 87' lang='lat' dir='ltr'><strong>tiendum</strong></span> <span class='ocrx_word' id='word_1_336' title='bbox 767 2947 887 2987; x_wconf 90' lang='lat' dir='ltr'><strong>esse</strong></span> <span class='ocrx_word' id='word_1_337' title='bbox 933 2933 1187 2997; x_wconf 89' lang='lat' dir='ltr'><strong>doceret,</strong></span> <span class='ocrx_word' id='word_1_338' title='bbox 1238 2931 1461 2986; x_wconf 89' lang='lat' dir='ltr'><strong>dicens:</strong></span> <span class='ocrx_word' id='word_1_339' title='bbox 1503 2931 1624 2998; x_wconf 84' lang='lat' dir='ltr'><strong>quia</strong></span> <span class='ocrx_word' id='word_1_340' title='bbox 1669 2943 1813 2982; x_wconf 73' lang='lat' dir='ltr'><strong>same</strong></span> <span class='ocrx_word' id='word_1_341' title='bbox 1866 2929 2059 2982; x_wconf 92' lang='lat' dir='ltr'><strong>mentis</strong></span> 
     </span>
    </p>
   </div>
   <div class='ocr_carea' id='block_1_44' title="bbox 473 3020 2060 3094">
    <p class='ocr_par' dir='ltr' id='par_1_44' title="bbox 473 3020 2060 3094">
     <span class='ocr_line' id='line_1_44' title="bbox 473 3020 2060 3094; baseline -0.004 -17"><span class='ocrx_word' id='word_1_342' title='bbox 473 3039 581 3077; x_wconf 89' lang='lat' dir='ltr'><strong>non</strong></span> <span class='ocrx_word' id='word_1_343' title='bbox 604 3032 747 3077; x_wconf 91' lang='lat' dir='ltr'><strong>esset</strong></span> <span class='ocrx_word' id='word_1_344' title='bbox 771 3033 825 3078; x_wconf 92' lang='lat' dir='ltr'><strong>ut</strong></span> <span class='ocrx_word' id='word_1_345' title='bbox 847 3024 1126 3094; x_wconf 84' lang='lat' dir='ltr'><strong>quisquam</strong></span> <span class='ocrx_word' id='word_1_346' title='bbox 1159 3022 1440 3076; x_wconf 86' lang='lat' dir='ltr'><strong>Dominum</strong></span> <span class='ocrx_word' id='word_1_347' title='bbox 1471 3029 1525 3073; x_wconf 89' lang='lat' dir='ltr'><strong>et</strong></span> <span class='ocrx_word' id='word_1_348' title='bbox 1557 3020 1719 3074; x_wconf 92' lang='lat' dir='ltr'><strong>Deum</strong></span> <span class='ocrx_word' id='word_1_349' title='bbox 1761 3033 1914 3072; x_wconf 88' lang='lat' dir='ltr'><strong>suum</strong></span> <span class='ocrx_word' id='word_1_350' title='bbox 1947 3027 2060 3071; x_wconf 90' lang='lat' dir='ltr'><strong>teu-</strong></span> 
     </span>
    </p>
   </div>
   <div class='ocr_carea' id='block_1_45' title="bbox 474 3110 2059 3183">
    <p class='ocr_par' dir='ltr' id='par_1_45' title="bbox 474 3110 2059 3183">
     <span class='ocr_line' id='line_1_45' title="bbox 474 3110 2059 3183; baseline -0.004 -16"><span class='ocrx_word' id='word_1_351' title='bbox 474 3127 593 3170; x_wconf 88' lang='lat' dir='ltr'><strong>tare</strong></span> <span class='ocrx_word' id='word_1_352' title='bbox 625 3127 993 3183; x_wconf 67' lang='lat' dir='ltr'><strong>praesumeret.</strong></span> <span class='ocrx_word' id='word_1_353' title='bbox 1024 3115 1186 3182; x_wconf 90' lang='lat' dir='ltr'><strong>Igitur</strong></span> <span class='ocrx_word' id='word_1_354' title='bbox 1235 3121 1288 3168; x_wconf 87' lang='lat' dir='ltr'><strong>et</strong></span> <span class='ocrx_word' id='word_1_355' title='bbox 1333 3112 1387 3166; x_wconf 86' lang='lat' dir='ltr'><strong>in</strong></span> <span class='ocrx_word' id='word_1_356' title='bbox 1429 3111 1532 3165; x_wconf 91' lang='lat' dir='ltr'><strong>hoc</strong></span> <span class='ocrx_word' id='word_1_357' title='bbox 1561 3111 1725 3166; x_wconf 87' lang='lat' dir='ltr'><strong>elisus</strong></span> <span class='ocrx_word' id='word_1_358' title='bbox 1769 3110 2059 3163; x_wconf 88' lang='lat' dir='ltr'><strong>certamine</strong></span> 
     </span>
    </p>
   </div>
   <div class='ocr_carea' id='block_1_46' title="bbox 476 3203 2059 3274">
    <p class='ocr_par' dir='ltr' id='par_1_46' title="bbox 476 3203 2059 3274">
     <span class='ocr_line' id='line_1_46' title="bbox 476 3203 2059 3274; baseline -0.003 -16"><span class='ocrx_word' id='word_1_359' title='bbox 476 3206 744 3271; x_wconf 89' lang='lat' dir='ltr'><strong>inimicus,</strong></span> <span class='ocrx_word' id='word_1_360' title='bbox 774 3221 870 3274; x_wconf 92' lang='lat' dir='ltr'><strong>per</strong></span> <span class='ocrx_word' id='word_1_361' title='bbox 915 3206 1190 3258; x_wconf 87' lang='lat' dir='ltr'><strong>avaritiam</strong></span> <span class='ocrx_word' id='word_1_362' title='bbox 1238 3219 1340 3272; x_wconf 90' lang='lat' dir='ltr'><strong>qua</strong></span> <span class='ocrx_word' id='word_1_363' title='bbox 1375 3204 1631 3258; x_wconf 89' lang='lat' dir='ltr'><strong>mundum</strong></span> <span class='ocrx_word' id='word_1_364' title='bbox 1662 3218 1720 3258; x_wconf 91' lang='lat' dir='ltr'><strong>se</strong></span> <span class='ocrx_word' id='word_1_365' title='bbox 1769 3203 2059 3273; x_wconf 89' lang='lat' dir='ltr'><strong>peremisse</strong></span> 
     </span>
    </p>
   </div>
   <div class='ocr_carea' id='block_1_47' title="bbox 473 3292 2061 3365">
    <p class='ocr_par' dir='ltr' id='par_1_47' title="bbox 473 3292 2061 3365">
     <span class='ocr_line' id='line_1_47' title="bbox 473 3292 2061 3365; baseline -0.004 -15"><span class='ocrx_word' id='word_1_366' title='bbox 473 3298 756 3365; x_wconf 82' lang='lat' dir='ltr'><strong>gaudebat,</strong></span> <span class='ocrx_word' id='word_1_367' title='bbox 791 3305 844 3349; x_wconf 92' lang='lat' dir='ltr'><strong>et</strong></span> <span class='ocrx_word' id='word_1_368' title='bbox 871 3296 1142 3348; x_wconf 82' lang='lat' dir='ltr'><strong>Christum</strong></span> <span class='ocrx_word' id='word_1_369' title='bbox 1188 3296 1287 3348; x_wconf 80' lang='lat' dir='ltr'><strong>sibi</strong></span> <span class='ocrx_word' id='word_1_370' title='bbox 1328 3294 1617 3363; x_wconf 86' lang='lat' dir='ltr'><strong>subjugare</strong></span> <span class='ocrx_word' id='word_1_371' title='bbox 1660 3309 1765 3348; x_wconf 88' lang='lat' dir='ltr'><strong>non</strong></span> <span class='ocrx_word' id='word_1_372' title='bbox 1795 3292 2061 3355; x_wconf 88' lang='lat' dir='ltr'><strong>diffidens,</strong></span> 
     </span>
    </p>
   </div>
   <div class='ocr_carea' id='block_1_48' title="bbox 474 3385 2063 3454">
    <p class='ocr_par' dir='ltr' id='par_1_48' title="bbox 474 3385 2063 3454">
     <span class='ocr_line' id='line_1_48' title="bbox 474 3385 2063 3454; baseline -0.006 -10"><span class='ocrx_word' id='word_1_373' title='bbox 474 3390 706 3444; x_wconf 87' lang='lat' dir='ltr'><strong>ostendit</strong></span> <span class='ocrx_word' id='word_1_374' title='bbox 729 3389 780 3442; x_wconf 90' lang='lat' dir='ltr'><strong>ei</strong></span> <span class='ocrx_word' id='word_1_375' title='bbox 821 3390 1000 3442; x_wconf 84' lang='lat' dir='ltr'><strong>omnia</strong></span> <span class='ocrx_word' id='word_1_376' title='bbox 1035 3403 1196 3454; x_wconf 84' lang='lat' dir='ltr'><strong>regna</strong></span> <span class='ocrx_word' id='word_1_377' title='bbox 1243 3386 1449 3451; x_wconf 90' lang='lat' dir='ltr'><strong>mundi,</strong></span> <span class='ocrx_word' id='word_1_378' title='bbox 1489 3396 1544 3440; x_wconf 89' lang='lat' dir='ltr'><strong>et</strong></span> <span class='ocrx_word' id='word_1_379' title='bbox 1585 3385 1810 3454; x_wconf 83' lang='lat' dir='ltr'><strong>gloriam</strong></span> <span class='ocrx_word' id='word_1_380' title='bbox 1847 3397 2063 3448; x_wconf 87' lang='lat' dir='ltr'><strong>eorum,</strong></span> 
     </span>
    </p>
   </div>
   <div class='ocr_carea' id='block_1_49' title="bbox 476 3476 2063 3550">
    <p class='ocr_par' dir='ltr' id='par_1_49' title="bbox 476 3476 2063 3550">
     <span class='ocr_line' id='line_1_49' title="bbox 476 3476 2063 3550; baseline -0.005 -15"><span class='ocrx_word' id='word_1_381' title='bbox 476 3496 540 3535; x_wconf 83' lang='lat' dir='ltr'><strong>eo</strong></span> <span class='ocrx_word' id='word_1_382' title='bbox 569 3492 724 3550; x_wconf 87' lang='lat' dir='ltr'><strong>pacto</strong></span> <span class='ocrx_word' id='word_1_383' title='bbox 757 3491 810 3532; x_wconf 90' lang='lat' dir='ltr'><strong>ut</strong></span> <span class='ocrx_word' id='word_1_384' title='bbox 845 3480 888 3533; x_wconf 90' lang='lat' dir='ltr'><strong>si</strong></span> <span class='ocrx_word' id='word_1_385' title='bbox 938 3494 1033 3547; x_wconf 85' lang='lat' dir='ltr'><strong>pro</strong></span> <span class='ocrx_word' id='word_1_386' title='bbox 1077 3478 1160 3532; x_wconf 91' lang='lat' dir='ltr'><strong>his</strong></span> <span class='ocrx_word' id='word_1_387' title='bbox 1207 3476 1530 3545; x_wconf 91' lang='lat' dir='ltr'><strong>accipiendis</strong></span> <span class='ocrx_word' id='word_1_388' title='bbox 1560 3476 1731 3544; x_wconf 89' lang='lat' dir='ltr'><strong>ipsum</strong></span> <span class='ocrx_word' id='word_1_389' title='bbox 1763 3481 2063 3542; x_wconf 89' lang='lat' dir='ltr'><strong>prostratus</strong></span> 
     </span>
    </p>
   </div>
   <div class='ocr_carea' id='block_1_50' title="bbox 479 3565 2066 3638">
    <p class='ocr_par' dir='ltr' id='par_1_50' title="bbox 479 3565 2066 3638">
     <span class='ocr_line' id='line_1_50' title="bbox 479 3565 2066 3638; baseline -0.005 -12"><span class='ocrx_word' id='word_1_390' title='bbox 479 3576 750 3638; x_wconf 85' lang='lat' dir='ltr'><strong>adoraret,</strong></span> <span class='ocrx_word' id='word_1_391' title='bbox 782 3574 980 3628; x_wconf 61' lang='lat' dir='ltr'><strong>talgbus</strong></span> <span class='ocrx_word' id='word_1_392' title='bbox 1011 3574 1079 3627; x_wconf 90' lang='lat' dir='ltr'><strong>ab</strong></span> <span class='ocrx_word' id='word_1_393' title='bbox 1106 3587 1170 3627; x_wconf 91' lang='lat' dir='ltr'><strong>co</strong></span> <span class='ocrx_word' id='word_1_394' title='bbox 1200 3571 1429 3626; x_wconf 90' lang='lat' dir='ltr'><strong>donatus</strong></span> <span class='ocrx_word' id='word_1_395' title='bbox 1455 3571 1648 3624; x_wconf 86' lang='lat' dir='ltr'><strong>abiret.</strong></span> <span class='ocrx_word' id='word_1_396' title='bbox 1678 3568 1845 3634; x_wconf 85' lang='lat' dir='ltr'><strong>Quam</strong></span> <span class='ocrx_word' id='word_1_397' title='bbox 1885 3565 2066 3619; x_wconf 87' lang='lat' dir='ltr'><strong>imma-</strong></span> 
     </span>
    </p>
   </div>
   <div class='ocr_carea' id='block_1_51' title="bbox 479 3658 2066 3735">
    <p class='ocr_par' dir='ltr' id='par_1_51' title="bbox 479 3658 2066 3735">
     <span class='ocr_line' id='line_1_51' title="bbox 479 3658 2066 3735; baseline -0.006 -14"><span class='ocrx_word' id='word_1_398' title='bbox 479 3671 753 3723; x_wconf 86' lang='lat' dir='ltr'><strong>nissimam</strong></span> <span class='ocrx_word' id='word_1_399' title='bbox 803 3667 1191 3735; x_wconf 89' lang='lat' dir='ltr'><strong>blasphemiam</strong></span> <span class='ocrx_word' id='word_1_400' title='bbox 1237 3663 1491 3732; x_wconf 88' lang='lat' dir='ltr'><strong>magister</strong></span> <span class='ocrx_word' id='word_1_401' title='bbox 1533 3660 1841 3716; x_wconf 83' lang='lat' dir='ltr'><strong>humilitatis</strong></span> <span class='ocrx_word' id='word_1_402' title='bbox 1870 3658 2066 3713; x_wconf 79' lang='lat' dir='ltr'><strong>exhor-</strong></span> 
     </span>
    </p>
   </div>
   <div class='ocr_carea' id='block_1_52' title="bbox 480 3751 2065 3826">
    <p class='ocr_par' dir='ltr' id='par_1_52' title="bbox 480 3751 2065 3826">
     <span class='ocr_line' id='line_1_52' title="bbox 480 3751 2065 3826; baseline -0.006 -13"><span class='ocrx_word' id='word_1_403' title='bbox 480 3776 720 3824; x_wconf 84' lang='lat' dir='ltr'><strong>rescens,</strong></span> <span class='ocrx_word' id='word_1_404' title='bbox 764 3759 976 3815; x_wconf 87' lang='lat' dir='ltr'><strong>turbida</strong></span> <span class='ocrx_word' id='word_1_405' title='bbox 1010 3757 1378 3826; x_wconf 88' lang='lat' dir='ltr'><strong>indignatione</strong></span> <span class='ocrx_word' id='word_1_406' title='bbox 1412 3765 1708 3808; x_wconf 88' lang='lat' dir='ltr'><strong>monstrum</strong></span> <span class='ocrx_word' id='word_1_407' title='bbox 1749 3751 2065 3806; x_wconf 87' lang='lat' dir='ltr'><strong>uefandissi-</strong></span> 
     </span>
    </p>
   </div>
   <div class='ocr_carea' id='block_1_53' title="bbox 481 3845 2065 3918">
    <p class='ocr_par' dir='ltr' id='par_1_53' title="bbox 481 3845 2065 3918">
     <span class='ocr_line' id='line_1_53' title="bbox 481 3845 2065 3918; baseline -0.006 -13"><span class='ocrx_word' id='word_1_408' title='bbox 481 3868 626 3906; x_wconf 88' lang='lat' dir='ltr'><strong>mum</strong></span> <span class='ocrx_word' id='word_1_409' title='bbox 677 3868 708 3905; x_wconf 89' lang='lat' dir='ltr'><strong>a</strong></span> <span class='ocrx_word' id='word_1_410' title='bbox 764 3868 820 3905; x_wconf 91' lang='lat' dir='ltr'><strong>se</strong></span> <span class='ocrx_word' id='word_1_411' title='bbox 873 3849 1091 3918; x_wconf 78' lang='lat' dir='ltr'><strong>repulit,</strong></span> <span class='ocrx_word' id='word_1_412' title='bbox 1134 3849 1366 3904; x_wconf 86' lang='lat' dir='ltr'><strong>dicens:</strong></span> <span class='ocrx_word' id='word_1_413' title='bbox 1413 3846 1646 3916; x_wconf 88' lang='lat' dir='ltr'><strong>religiosi</strong></span> <span class='ocrx_word' id='word_1_414' title='bbox 1698 3845 1873 3897; x_wconf 87' lang='lat' dir='ltr'><strong>cordis</strong></span> <span class='ocrx_word' id='word_1_415' title='bbox 1921 3857 2065 3908; x_wconf 88' lang='lat' dir='ltr'><strong>esse,</strong></span> 
     </span>
    </p>
   </div>
   <div class='ocr_carea' id='block_1_54' title="bbox 485 3934 2067 4009">
    <p class='ocr_par' dir='ltr' id='par_1_54' title="bbox 485 3934 2067 4009">
     <span class='ocr_line' id='line_1_54' title="bbox 485 3934 2067 4009; baseline -0.006 -10"><span class='ocrx_word' id='word_1_416' title='bbox 485 3947 767 3999; x_wconf 86' lang='lat' dir='ltr'><strong>Dominum</strong></span> <span class='ocrx_word' id='word_1_417' title='bbox 804 3945 967 3998; x_wconf 89' lang='lat' dir='ltr'><strong>Dcum</strong></span> <span class='ocrx_word' id='word_1_418' title='bbox 1000 3944 1248 4009; x_wconf 86' lang='lat' dir='ltr'><strong>adorare,</strong></span> <span class='ocrx_word' id='word_1_419' title='bbox 1278 3951 1331 3996; x_wconf 90' lang='lat' dir='ltr'><strong>et</strong></span> <span class='ocrx_word' id='word_1_420' title='bbox 1355 3940 1426 3994; x_wconf 92' lang='lat' dir='ltr'><strong>illi</strong></span> <span class='ocrx_word' id='word_1_421' title='bbox 1453 3938 1551 3994; x_wconf 90' lang='lat' dir='ltr'><strong>soli</strong></span> <span class='ocrx_word' id='word_1_422' title='bbox 1583 3938 1804 3992; x_wconf 88' lang='lat' dir='ltr'><strong>servire.</strong></span> <span class='ocrx_word' id='word_1_423' title='bbox 1828 3934 1991 4003; x_wconf 87' lang='lat' dir='ltr'><strong>Cujus</strong></span> <span class='ocrx_word' id='word_1_424' title='bbox 2018 3937 2067 3989; x_wconf 89' lang='lat' dir='ltr'><strong>vi</strong></span> 
     </span>
    </p>
   </div>
   <div class='ocr_carea' id='block_1_55' title="bbox 483 4032 2067 4095">
    <p class='ocr_par' dir='ltr' id='par_1_55' title="bbox 483 4032 2067 4095">
     <span class='ocr_line' id='line_1_55' title="bbox 483 4032 2067 4095; baseline -0.009 -2"><span class='ocrx_word' id='word_1_425' title='bbox 483 4041 718 4093; x_wconf 76' lang='lat' dir='ltr'><strong>fulminis</strong></span> <span class='ocrx_word' id='word_1_426' title='bbox 749 4037 1008 4092; x_wconf 90' lang='lat' dir='ltr'><strong>attonitus</strong></span> <span class='ocrx_word' id='word_1_427' title='bbox 1039 4036 1403 4094; x_wconf 84' lang='lat' dir='ltr'><strong>adversarius,</strong></span> <span class='ocrx_word' id='word_1_428' title='bbox 1433 4042 1486 4087; x_wconf 91' lang='lat' dir='ltr'><strong>et</strong></span> <span class='ocrx_word' id='word_1_429' title='bbox 1506 4032 1568 4084; x_wconf 84' lang='lat' dir='ltr'><strong>ab</strong></span> <span class='ocrx_word' id='word_1_430' title='bbox 1599 4048 1654 4085; x_wconf 91' lang='lat' dir='ltr'><strong>eo</strong></span> <span class='ocrx_word' id='word_1_431' title='bbox 1683 4033 1886 4084; x_wconf 83' lang='lat' dir='ltr'><strong>recessit</strong></span> <span class='ocrx_word' id='word_1_432' title='bbox 1909 4042 2067 4095; x_wconf 77' lang='lat' dir='ltr'><strong>usque</strong></span> 
     </span>
    </p>
   </div>
   <div class='ocr_carea' id='block_1_56' title="bbox 478 4117 2068 4201">
    <p class='ocr_par' dir='ltr' id='par_1_56' title="bbox 478 4117 2068 4201">
     <span class='ocr_line' id='line_1_56' title="bbox 478 4117 2068 4201; baseline -0.01 -15"><span class='ocrx_word' id='word_1_433' title='bbox 478 4136 549 4186; x_wconf 77' lang='lat' dir='ltr'><strong>ad</strong></span> <span class='ocrx_word' id='word_1_434' title='bbox 577 4145 772 4201; x_wconf 79' lang='lat' dir='ltr'><strong>tempus</strong></span> <span class='ocrx_word' id='word_1_435' title='bbox 799 4129 948 4201; x_wconf 87' lang='lat' dir='ltr'><strong>(Luc.</strong></span> <span class='ocrx_word' id='word_1_436' title='bbox 980 4144 1056 4194; x_wconf 87' lang='lat' dir='ltr'><strong>tv,</strong></span> <span class='ocrx_word' id='word_1_437' title='bbox 1079 4128 1192 4196; x_wconf 79' lang='lat' dir='ltr'><strong>I3).</strong></span> <span class='ocrx_word' id='word_1_438' title='bbox 1224 4123 1734 4180; x_wconf 78' lang='lat' dir='ltr'><strong>Victoriosissimum</strong></span> <span class='ocrx_word' id='word_1_439' title='bbox 1757 4135 1884 4174; x_wconf 89' lang='lat' dir='ltr'><strong>vero</strong></span> <span class='ocrx_word' id='word_1_440' title='bbox 1909 4117 2068 4186; x_wconf 81' lang='lat' dir='ltr'><strong>Regis</strong></span> 
     </span>
    </p>
   </div>
   <div class='ocr_carea' id='block_1_57' title="bbox 482 4212 2066 4287">
    <p class='ocr_par' dir='ltr' id='par_1_57' title="bbox 482 4212 2066 4287">
     <span class='ocr_line' id='line_1_57' title="bbox 482 4212 2066 4287; baseline -0.009 -10"><span class='ocrx_word' id='word_1_441' title='bbox 482 4225 650 4277; x_wconf 90' lang='lat' dir='ltr'><strong>nostri</strong></span> <span class='ocrx_word' id='word_1_442' title='bbox 694 4222 1020 4287; x_wconf 89' lang='lat' dir='ltr'><strong>triumphum</strong></span> <span class='ocrx_word' id='word_1_443' title='bbox 1076 4217 1405 4274; x_wconf 90' lang='lat' dir='ltr'><strong>admirantes</strong></span> <span class='ocrx_word' id='word_1_444' title='bbox 1458 4215 1654 4283; x_wconf 86' lang='lat' dir='ltr'><strong>angeli,</strong></span> <span class='ocrx_word' id='word_1_445' title='bbox 1703 4212 1897 4266; x_wconf 89' lang='lat' dir='ltr'><strong>debitis</strong></span> <span class='ocrx_word' id='word_1_446' title='bbox 1945 4225 2066 4264; x_wconf 91' lang='lat' dir='ltr'><strong>eum</strong></span> 
     </span>
    </p>
   </div>
   <div class='ocr_carea' id='block_1_58' title="bbox 481 4311 1198 4379">
    <p class='ocr_par' dir='ltr' id='par_1_58' title="bbox 481 4311 1198 4379">
     <span class='ocr_line' id='line_1_58' title="bbox 481 4311 1198 4379; baseline -0.007 -12"><span class='ocrx_word' id='word_1_447' title='bbox 481 4316 720 4370; x_wconf 90' lang='lat' dir='ltr'><strong>venerati</strong></span> <span class='ocrx_word' id='word_1_448' title='bbox 749 4322 875 4368; x_wconf 86' lang='lat' dir='ltr'><strong>sunt</strong></span> <span class='ocrx_word' id='word_1_449' title='bbox 903 4311 1198 4379; x_wconf 86' lang='lat' dir='ltr'><strong>obsequiis.</strong></span> 
     </span>
    </p>
   </div>
   <div class='ocr_carea' id='block_1_59' title="bbox 552 4394 2070 4472">
    <p class='ocr_par' dir='ltr' id='par_1_59' title="bbox 552 4394 2070 4472">
     <span class='ocr_line' id='line_1_59' title="bbox 552 4394 2070 4472; baseline -0.009 -12"><span class='ocrx_word' id='word_1_450' title='bbox 552 4405 692 4460; x_wconf 78' lang='lat' dir='ltr'><strong>XIII.</strong></span> <span class='ocrx_word' id='word_1_451' title='bbox 737 4404 830 4458; x_wconf 87' lang='lat' dir='ltr'><strong>llis</strong></span> <span class='ocrx_word' id='word_1_452' title='bbox 859 4418 988 4472; x_wconf 77' lang='lat' dir='ltr'><strong>ergo</strong></span> <span class='ocrx_word' id='word_1_453' title='bbox 1022 4403 1091 4457; x_wconf 88' lang='lat' dir='ltr'><strong>ita</strong></span> <span class='ocrx_word' id='word_1_454' title='bbox 1143 4399 1394 4470; x_wconf 85' lang='lat' dir='ltr'><strong>peractis,</strong></span> <span class='ocrx_word' id='word_1_455' title='bbox 1423 4397 1667 4451; x_wconf 89' lang='lat' dir='ltr'><strong>Christus</strong></span> <span class='ocrx_word' id='word_1_456' title='bbox 1710 4394 1966 4448; x_wconf 89' lang='lat' dir='ltr'><strong>Dominus</strong></span> <span class='ocrx_word' id='word_1_457' title='bbox 2004 4395 2070 4447; x_wconf 89' lang='lat' dir='ltr'><strong>ad</strong></span> 
     </span>
    </p>
   </div>
   <div class='ocr_carea' id='block_1_60' title="bbox 484 4489 2070 4567">
    <p class='ocr_par' dir='ltr' id='par_1_60' title="bbox 484 4489 2070 4567">
     <span class='ocr_line' id='line_1_60' title="bbox 484 4489 2070 4567; baseline -0.01 -14"><span class='ocrx_word' id='word_1_458' title='bbox 484 4500 728 4553; x_wconf 87' lang='lat' dir='ltr'><strong>homines</strong></span> <span class='ocrx_word' id='word_1_459' title='bbox 767 4509 1066 4567; x_wconf 80' lang='lat' dir='ltr'><strong>regressus,</strong></span> <span class='ocrx_word' id='word_1_460' title='bbox 1099 4491 1390 4548; x_wconf 86' lang='lat' dir='ltr'><strong>secundum</strong></span> <span class='ocrx_word' id='word_1_461' title='bbox 1440 4489 1793 4557; x_wconf 90' lang='lat' dir='ltr'><strong>Scripturam,</strong></span> <span class='ocrx_word' id='word_1_462' title='bbox 1834 4493 2070 4554; x_wconf 81' lang='lat' dir='ltr'><strong>operatus</strong></span> 
     </span>
    </p>
   </div>
   <div class='ocr_carea' id='block_1_61' title="bbox 483 4573 2072 4654">
    <p class='ocr_par' dir='ltr' id='par_1_61' title="bbox 483 4573 2072 4654">
     <span class='ocr_line' id='line_1_61' title="bbox 483 4573 2072 4654; baseline -0.009 -12"><span class='ocrx_word' id='word_1_463' title='bbox 483 4600 554 4642; x_wconf 80' lang='lat' dir='ltr'><strong>est</strong></span> <span class='ocrx_word' id='word_1_464' title='bbox 583 4590 798 4642; x_wconf 82' lang='lat' dir='ltr'><strong>salutem</strong></span> <span class='ocrx_word' id='word_1_465' title='bbox 841 4590 893 4641; x_wconf 80' lang='lat' dir='ltr'><strong>in</strong></span> <span class='ocrx_word' id='word_1_466' title='bbox 923 4585 1091 4640; x_wconf 81' lang='lat' dir='ltr'><strong>medio</strong></span> <span class='ocrx_word' id='word_1_467' title='bbox 1139 4595 1287 4637; x_wconf 72' lang='lat' dir='ltr'><strong>terra:</strong></span> <span class='ocrx_word' id='word_1_468' title='bbox 1317 4579 1490 4654; x_wconf 76' lang='lat' dir='ltr'><strong>(Psat.</strong></span> <span class='ocrx_word' id='word_1_469' title='bbox 1522 4593 1704 4640; x_wconf 75' lang='lat' dir='ltr'><strong>Lxuu,</strong></span> <span class='ocrx_word' id='word_1_470' title='bbox 1752 4577 1843 4642; x_wconf 69' lang='lat' dir='ltr'><strong>I2)</strong></span> <span class='ocrx_word' id='word_1_471' title='bbox 1869 4591 1884 4630; x_wconf 88' lang='lat'><strong>:</strong></span> <span class='ocrx_word' id='word_1_472' title='bbox 1917 4573 2072 4629; x_wconf 70' lang='lat' dir='ltr'><strong>caecis</strong></span> 
     </span>
    </p>
   </div>
   <div class='ocr_carea' id='block_1_62' title="bbox 482 4667 2067 4746">
    <p class='ocr_par' dir='ltr' id='par_1_62' title="bbox 482 4667 2067 4746">
     <span class='ocr_line' id='line_1_62' title="bbox 482 4667 2067 4746; baseline -0.012 -9"><span class='ocrx_word' id='word_1_473' title='bbox 482 4684 655 4737; x_wconf 88' lang='lat' dir='ltr'><strong>visum</strong></span> <span class='ocrx_word' id='word_1_474' title='bbox 703 4682 1013 4746; x_wconf 88' lang='lat' dir='ltr'><strong>restituens,</strong></span> <span class='ocrx_word' id='word_1_475' title='bbox 1056 4676 1234 4733; x_wconf 89' lang='lat' dir='ltr'><strong>surdis</strong></span> <span class='ocrx_word' id='word_1_476' title='bbox 1264 4673 1529 4737; x_wconf 86' lang='lat' dir='ltr'><strong>auditum,</strong></span> <span class='ocrx_word' id='word_1_477' title='bbox 1567 4670 1732 4724; x_wconf 90' lang='lat' dir='ltr'><strong>mutis</strong></span> <span class='ocrx_word' id='word_1_478' title='bbox 1776 4667 2067 4737; x_wconf 86' lang='lat' dir='ltr'><strong>loquelam,</strong></span> 
     </span>
    </p>
   </div>
   <div class='ocr_carea' id='block_1_63' title="bbox 484 4758 2072 4846">
    <p class='ocr_par' dir='ltr' id='par_1_63' title="bbox 484 4758 2072 4846">
     <span class='ocr_line' id='line_1_63' title="bbox 484 4758 2072 4846; baseline -0.014 -15"><span class='ocrx_word' id='word_1_479' title='bbox 484 4776 714 4846; x_wconf 88' lang='lat' dir='ltr'><strong>lcprosis</strong></span> <span class='ocrx_word' id='word_1_480' title='bbox 744 4772 1220 4833; x_wconf 90' lang='lat' dir='ltr'><strong>emundationem;</strong></span> <span class='ocrx_word' id='word_1_481' title='bbox 1256 4765 1461 4822; x_wconf 89' lang='lat' dir='ltr'><strong>mancis</strong></span> <span class='ocrx_word' id='word_1_482' title='bbox 1507 4763 1744 4832; x_wconf 85' lang='lat' dir='ltr'><strong>opificia,</strong></span> <span class='ocrx_word' id='word_1_483' title='bbox 1783 4758 2072 4814; x_wconf 85' lang='lat' dir='ltr'><strong>daemonia—</strong></span> 
     </span>
    </p>
   </div>
   <div class='ocr_carea' id='block_1_64' title="bbox 486 4854 2071 4933">
    <p class='ocr_par' dir='ltr' id='par_1_64' title="bbox 486 4854 2071 4933">
     <span class='ocr_line' id='line_1_64' title="bbox 486 4854 2071 4933; baseline -0.013 -11"><span class='ocrx_word' id='word_1_484' title='bbox 486 4873 564 4922; x_wconf 89' lang='lat' dir='ltr'><strong>cis</strong></span> <span class='ocrx_word' id='word_1_485' title='bbox 599 4876 856 4933; x_wconf 89' lang='lat' dir='ltr'><strong>mentem,</strong></span> <span class='ocrx_word' id='word_1_486' title='bbox 906 4861 1210 4932; x_wconf 88' lang='lat' dir='ltr'><strong>paralytieis</strong></span> <span class='ocrx_word' id='word_1_487' title='bbox 1253 4860 1514 4927; x_wconf 85' lang='lat' dir='ltr'><strong>vigorem,</strong></span> <span class='ocrx_word' id='word_1_488' title='bbox 1561 4854 1767 4910; x_wconf 87' lang='lat' dir='ltr'><strong>claudis</strong></span> <span class='ocrx_word' id='word_1_489' title='bbox 1811 4863 2071 4921; x_wconf 88' lang='lat' dir='ltr'><strong>gressum,</strong></span> 
     </span>
    </p>
   </div>
   <div class='ocr_carea' id='block_1_65' title="bbox 485 4942 2075 5016">
    <p class='ocr_par' dir='ltr' id='par_1_65' title="bbox 485 4942 2075 5016">
     <span class='ocr_line' id='line_1_65' title="bbox 485 4942 2075 5016; baseline -0.013 0"><span class='ocrx_word' id='word_1_490' title='bbox 485 4973 540 5016; x_wconf 86' lang='lat' dir='ltr'><strong>et</strong></span> <span class='ocrx_word' id='word_1_491' title='bbox 572 4961 714 5014; x_wconf 90' lang='lat' dir='ltr'><strong>mille</strong></span> <span class='ocrx_word' id='word_1_492' title='bbox 737 4961 853 5012; x_wconf 91' lang='lat' dir='ltr'><strong>sine</strong></span> <span class='ocrx_word' id='word_1_493' title='bbox 893 4954 1108 5010; x_wconf 90' lang='lat' dir='ltr'><strong>nomine</strong></span> <span class='ocrx_word' id='word_1_494' title='bbox 1137 4951 1337 5006; x_wconf 86' lang='lat' dir='ltr'><strong>morbis</strong></span> <span class='ocrx_word' id='word_1_495' title='bbox 1365 4948 1729 5004; x_wconf 91' lang='lat' dir='ltr'><strong>omnimodam</strong></span> <span class='ocrx_word' id='word_1_496' title='bbox 1765 4942 2075 5013; x_wconf 82' lang='lat' dir='ltr'><strong>impertiens</strong></span> 
     </span>
    </p>
   </div>
   <div class='ocr_carea' id='block_1_66' title="bbox 487 5034 2077 5116">
    <p class='ocr_par' dir='ltr' id='par_1_66' title="bbox 487 5034 2077 5116">
     <span class='ocr_line' id='line_1_66' title="bbox 487 5034 2077 5116; baseline -0.014 -8"><span class='ocrx_word' id='word_1_497' title='bbox 487 5054 772 5109; x_wconf 91' lang='lat' dir='ltr'><strong>medelam.</strong></span> <span class='ocrx_word' id='word_1_498' title='bbox 806 5050 947 5116; x_wconf 84' lang='lat' dir='ltr'><strong>Quin</strong></span> <span class='ocrx_word' id='word_1_499' title='bbox 978 5057 1032 5102; x_wconf 89' lang='lat' dir='ltr'><strong>et</strong></span> <span class='ocrx_word' id='word_1_500' title='bbox 1061 5043 1398 5114; x_wconf 91' lang='lat' dir='ltr'><strong>sequentium</strong></span> <span class='ocrx_word' id='word_1_501' title='bbox 1429 5050 1657 5109; x_wconf 88' lang='lat' dir='ltr'><strong>quatuor</strong></span> <span class='ocrx_word' id='word_1_502' title='bbox 1686 5036 1853 5089; x_wconf 89' lang='lat' dir='ltr'><strong>millia</strong></span> <span class='ocrx_word' id='word_1_503' title='bbox 1884 5034 1950 5088; x_wconf 88' lang='lat' dir='ltr'><strong>de</strong></span> <span class='ocrx_word' id='word_1_504' title='bbox 1991 5048 2077 5086; x_wconf 88' lang='lat' dir='ltr'><strong>se-</strong></span> 
     </span>
    </p>
   </div>
   <div class='ocr_carea' id='block_1_67' title="bbox 490 5124 2077 5214">
    <p class='ocr_par' dir='ltr' id='par_1_67' title="bbox 490 5124 2077 5214">
     <span class='ocr_line' id='line_1_67' title="bbox 490 5124 2077 5214; baseline -0.014 -15"><span class='ocrx_word' id='word_1_505' title='bbox 490 5158 633 5214; x_wconf 81' lang='lat' dir='ltr'><strong>ptem</strong></span> <span class='ocrx_word' id='word_1_506' title='bbox 664 5144 889 5212; x_wconf 87' lang='lat' dir='ltr'><strong>panibus</strong></span> <span class='ocrx_word' id='word_1_507' title='bbox 929 5150 985 5195; x_wconf 89' lang='lat' dir='ltr'><strong>et</strong></span> <span class='ocrx_word' id='word_1_508' title='bbox 1023 5135 1358 5208; x_wconf 86' lang='lat' dir='ltr'><strong>paucissimis</strong></span> <span class='ocrx_word' id='word_1_509' title='bbox 1387 5133 1624 5200; x_wconf 87' lang='lat' dir='ltr'><strong>piscibus</strong></span> <span class='ocrx_word' id='word_1_510' title='bbox 1656 5127 1955 5190; x_wconf 87' lang='lat' dir='ltr'><strong>saturavit;</strong></span> <span class='ocrx_word' id='word_1_511' title='bbox 1981 5124 2077 5178; x_wconf 91' lang='lat' dir='ltr'><strong>ali-</strong></span> 
     </span>
    </p>
   </div>
   <div class='ocr_carea' id='block_1_68' title="bbox 489 5216 2078 5307">
    <p class='ocr_par' dir='ltr' id='par_1_68' title="bbox 489 5216 2078 5307">
     <span class='ocr_line' id='line_1_68' title="bbox 489 5216 2078 5307; baseline -0.014 -17"><span class='ocrx_word' id='word_1_512' title='bbox 489 5236 701 5307; x_wconf 84' lang='lat' dir='ltr'><strong>quando</strong></span> <span class='ocrx_word' id='word_1_513' title='bbox 732 5249 858 5289; x_wconf 90' lang='lat' dir='ltr'><strong>vcro</strong></span> <span class='ocrx_word' id='word_1_514' title='bbox 883 5235 951 5287; x_wconf 91' lang='lat' dir='ltr'><strong>de</strong></span> <span class='ocrx_word' id='word_1_515' title='bbox 979 5231 1215 5300; x_wconf 92' lang='lat' dir='ltr'><strong>quinque</strong></span> <span class='ocrx_word' id='word_1_516' title='bbox 1263 5225 1489 5293; x_wconf 85' lang='lat' dir='ltr'><strong>panibus</strong></span> <span class='ocrx_word' id='word_1_517' title='bbox 1518 5233 1571 5276; x_wconf 90' lang='lat' dir='ltr'><strong>et</strong></span> <span class='ocrx_word' id='word_1_518' title='bbox 1602 5219 1812 5274; x_wconf 90' lang='lat' dir='ltr'><strong>duobus</strong></span> <span class='ocrx_word' id='word_1_519' title='bbox 1840 5216 2078 5285; x_wconf 88' lang='lat' dir='ltr'><strong>piscibus</strong></span> 
     </span>
    </p>
   </div>
   <div class='ocr_carea' id='block_1_69' title="bbox 492 5309 2081 5396">
    <p class='ocr_par' dir='ltr' id='par_1_69' title="bbox 492 5309 2081 5396">
     <span class='ocr_line' id='line_1_69' title="bbox 492 5309 2081 5396; baseline -0.014 -16"><span class='ocrx_word' id='word_1_520' title='bbox 492 5342 563 5381; x_wconf 82' lang='lat' dir='ltr'><strong>ita</strong></span> <span class='ocrx_word' id='word_1_521' title='bbox 613 5327 847 5396; x_wconf 90' lang='lat' dir='ltr'><strong>quinque</strong></span> <span class='ocrx_word' id='word_1_522' title='bbox 893 5322 1057 5377; x_wconf 88' lang='lat' dir='ltr'><strong>millia</strong></span> <span class='ocrx_word' id='word_1_523' title='bbox 1103 5321 1361 5384; x_wconf 87' lang='lat' dir='ltr'><strong>virorum,</strong></span> <span class='ocrx_word' id='word_1_524' title='bbox 1412 5321 1633 5380; x_wconf 78' lang='lat' dir='ltr'><strong>excepta</strong></span> <span class='ocrx_word' id='word_1_525' title='bbox 1695 5309 1981 5362; x_wconf 89' lang='lat' dir='ltr'><strong>mulierum</strong></span> <span class='ocrx_word' id='word_1_526' title='bbox 2027 5315 2081 5360; x_wconf 88' lang='lat' dir='ltr'><strong>et</strong></span> 
     </span>
    </p>
   </div>
   <div class='ocr_carea' id='block_1_70' title="bbox 493 5397 2082 5480">
    <p class='ocr_par' dir='ltr' id='par_1_70' title="bbox 493 5397 2082 5480">
     <span class='ocr_line' id='line_1_70' title="bbox 493 5397 2082 5480; baseline -0.011 -13"><span class='ocrx_word' id='word_1_527' title='bbox 493 5419 834 5480; x_wconf 75' lang='lat' dir='ltr'><strong>parvulorum</strong></span> <span class='ocrx_word' id='word_1_528' title='bbox 867 5414 1130 5467; x_wconf 89' lang='lat' dir='ltr'><strong>immensa</strong></span> <span class='ocrx_word' id='word_1_529' title='bbox 1177 5406 1586 5468; x_wconf 89' lang='lat' dir='ltr'><strong>numerositate,</strong></span> <span class='ocrx_word' id='word_1_530' title='bbox 1637 5400 1887 5470; x_wconf 89' lang='lat' dir='ltr'><strong>replevit,</strong></span> <span class='ocrx_word' id='word_1_531' title='bbox 1929 5405 1986 5451; x_wconf 94' lang='lat' dir='ltr'><strong>ut</strong></span> <span class='ocrx_word' id='word_1_532' title='bbox 2013 5397 2082 5451; x_wconf 87' lang='lat' dir='ltr'><strong>de</strong></span> 
     </span>
    </p>
   </div>
   <div class='ocr_carea' id='block_1_71' title="bbox 495 5489 2081 5581">
    <p class='ocr_par' dir='ltr' id='par_1_71' title="bbox 495 5489 2081 5581">
     <span class='ocr_line' id='line_1_71' title="bbox 495 5489 2081 5581; baseline -0.013 -18"><span class='ocrx_word' id='word_1_533' title='bbox 495 5510 809 5581; x_wconf 83' lang='lat' dir='ltr'><strong>fragmentis</strong></span> <span class='ocrx_word' id='word_1_534' title='bbox 842 5505 1214 5575; x_wconf 88' lang='lat' dir='ltr'><strong>reliquiarum,</strong></span> <span class='ocrx_word' id='word_1_535' title='bbox 1259 5515 1379 5570; x_wconf 74' lang='lat' dir='ltr'><strong>quae</strong></span> <span class='ocrx_word' id='word_1_536' title='bbox 1418 5497 1488 5552; x_wconf 92' lang='lat' dir='ltr'><strong>de</strong></span> <span class='ocrx_word' id='word_1_537' title='bbox 1531 5495 1613 5550; x_wconf 90' lang='lat' dir='ltr'><strong>his</strong></span> <span class='ocrx_word' id='word_1_538' title='bbox 1656 5491 1893 5563; x_wconf 88' lang='lat' dir='ltr'><strong>pauculis</strong></span> <span class='ocrx_word' id='word_1_539' title='bbox 1921 5489 2081 5543; x_wconf 82' lang='lat' dir='ltr'><strong>rebus</strong></span> 
     </span>
    </p>
   </div>
   <div class='ocr_carea' id='block_1_72' title="bbox 496 5588 2083 5656">
    <p class='ocr_par' dir='ltr' id='par_1_72' title="bbox 496 5588 2083 5656">
     <span class='ocr_line' id='line_1_72' title="bbox 496 5588 2083 5656; baseline -0.013 -1"><span class='ocrx_word' id='word_1_540' title='bbox 496 5606 634 5656; x_wconf 88' lang='lat' dir='ltr'><strong>inter</strong></span> <span class='ocrx_word' id='word_1_541' title='bbox 684 5617 872 5655; x_wconf 89' lang='lat' dir='ltr'><strong>manus</strong></span> <span class='ocrx_word' id='word_1_542' title='bbox 925 5607 981 5653; x_wconf 92' lang='lat' dir='ltr'><strong>et</strong></span> <span class='ocrx_word' id='word_1_543' title='bbox 1027 5596 1218 5651; x_wconf 87' lang='lat' dir='ltr'><strong>dentes</strong></span> <span class='ocrx_word' id='word_1_544' title='bbox 1258 5588 1655 5648; x_wconf 86' lang='lat' dir='ltr'><strong>convivantium</strong></span> <span class='ocrx_word' id='word_1_545' title='bbox 1707 5590 2083 5641; x_wconf 85' lang='lat' dir='ltr'><strong>succreverant</strong></span> 
     </span>
    </p>
   </div>
   <div class='ocr_carea' id='block_1_73' title="bbox 542 5739 2085 5878">
    <p class='ocr_par' dir='ltr' id='par_1_73' title="bbox 542 5739 2085 5878">
     <span class='ocr_line' id='line_1_73' title="bbox 542 5739 2085 5878; baseline -0.008 -72"><span class='ocrx_word' id='word_1_546' title='bbox 542 5764 594 5878; x_wconf 58' lang='lat' dir='ltr'><strong>lu</strong></span> <span class='ocrx_word' id='word_1_547' title='bbox 629 5754 789 5808; x_wconf 79' lang='lat' dir='ltr'><strong>Multo</strong></span> <span class='ocrx_word' id='word_1_548' title='bbox 824 5754 994 5820; x_wconf 82' lang='lat' dir='ltr'><strong>plura,</strong></span> <span class='ocrx_word' id='word_1_549' title='bbox 1028 5749 1235 5806; x_wconf 88' lang='lat' dir='ltr'><strong>Canisii</strong></span> <span class='ocrx_word' id='word_1_550' title='bbox 1256 5746 1418 5804; x_wconf 88' lang='lat' dir='ltr'><strong>editio</strong></span> <span class='ocrx_word' id='word_1_551' title='bbox 1449 5744 1703 5816; x_wconf 83' lang='lat' dir='ltr'><strong>Basnag.,</strong></span> <span class='ocrx_word' id='word_1_552' title='bbox 1734 5741 1893 5807; x_wconf 83' lang='lat' dir='ltr'><strong>male,</strong></span> <span class='ocrx_word' id='word_1_553' title='bbox 1923 5739 2085 5794; x_wconf 84' lang='lat' dir='ltr'><strong>multa</strong></span> 
     </span>
     <span class='ocr_line' id='line_1_74' title="bbox 561 5840 671 5878; baseline -0.018 0"><span class='ocrx_word' id='word_1_554' title='bbox 561 5840 671 5878; x_wconf 82' lang='lat' dir='ltr'><strong>ura.</strong></span> 
     </span>
    </p>
   </div>
   <div class='ocr_carea' id='block_1_74' title="bbox 502 5840 671 5894">
    <p class='ocr_par' dir='ltr' id='par_1_74' title="bbox 502 5840 671 5894">
     <span class='ocr_line' id='line_1_75' title="bbox 502 5840 671 5894; baseline -0.018 -15"><span class='ocrx_word' id='word_1_555' title='bbox 502 5840 671 5894; x_wconf 79' lang='lat' dir='ltr'><strong>plura.</strong></span> 
     </span>
    </p>
   </div>
   <div class='ocr_carea' id='block_1_75' title="bbox 1677 5949 1748 5962">
    <p class='ocr_par' dir='ltr' id='par_1_75' title="bbox 1677 5949 1748 5962">
     <span class='ocr_line' id='line_1_76' title="bbox 1677 5949 1748 5962; baseline -0.014 -3"><span class='ocrx_word' id='word_1_556' title='bbox 1677 5949 1704 5962; x_wconf 49' lang='grc' dir='ltr'><strong>ί.</strong></span> <span class='ocrx_word' id='word_1_557' title='bbox 1744 5954 1748 5958; x_wconf 50' lang='grc'><strong>»</strong></span> 
     </span>
    </p>
   </div>
   <div class='ocr_carea' id='block_1_76' title="bbox 2165 1913 3755 1988">
    <p class='ocr_par' dir='ltr' id='par_1_76' title="bbox 2165 1913 3755 1988">
     <span class='ocr_line' id='line_1_77' title="bbox 2165 1913 3755 1988; baseline -0.005 -15"><span class='ocrx_word' id='word_1_558' title='bbox 2165 1919 2289 1973; x_wconf 75' lang='lat' dir='ltr'><strong>vina</strong></span> <span class='ocrx_word' id='word_1_559' title='bbox 2320 1918 2489 1988; x_wconf 88' lang='lat' dir='ltr'><strong>gratia</strong></span> <span class='ocrx_word' id='word_1_560' title='bbox 2525 1917 2608 1971; x_wconf 91' lang='lat' dir='ltr'><strong>vel</strong></span> <span class='ocrx_word' id='word_1_561' title='bbox 2634 1915 2962 1984; x_wconf 84' lang='lat' dir='ltr'><strong>protectione</strong></span> <span class='ocrx_word' id='word_1_562' title='bbox 2988 1915 3252 1983; x_wconf 89' lang='lat' dir='ltr'><strong>indiguus,</strong></span> <span class='ocrx_word' id='word_1_563' title='bbox 3285 1928 3313 1967; x_wconf 92' lang='lat' dir='ltr'><strong>a</strong></span> <span class='ocrx_word' id='word_1_564' title='bbox 3340 1928 3504 1982; x_wconf 89' lang='lat' dir='ltr'><strong>regno</strong></span> <span class='ocrx_word' id='word_1_565' title='bbox 3536 1914 3627 1966; x_wconf 91' lang='lat' dir='ltr'><strong>Dei</strong></span> <span class='ocrx_word' id='word_1_566' title='bbox 3660 1913 3755 1966; x_wconf 90' lang='lat' dir='ltr'><strong>de-</strong></span> 
     </span>
    </p>
   </div>
   <div class='ocr_carea' id='block_1_77' title="bbox 2160 2007 3752 2076">
    <p class='ocr_par' dir='ltr' id='par_1_77' title="bbox 2160 2007 3752 2076">
     <span class='ocr_line' id='line_1_78' title="bbox 2160 2007 3752 2076; baseline -0.005 -11"><span class='ocrx_word' id='word_1_567' title='bbox 2160 2009 2285 2065; x_wconf 75' lang='lat' dir='ltr'><strong>beat</strong></span> <span class='ocrx_word' id='word_1_568' title='bbox 2309 2009 2540 2066; x_wconf 78' lang='lat' dir='ltr'><strong>excludi.</strong></span> <span class='ocrx_word' id='word_1_569' title='bbox 2572 2008 2807 2076; x_wconf 88' lang='lat' dir='ltr'><strong>Denique</strong></span> <span class='ocrx_word' id='word_1_570' title='bbox 2837 2007 2965 2075; x_wconf 88' lang='lat' dir='ltr'><strong>ipsis</strong></span> <span class='ocrx_word' id='word_1_571' title='bbox 2987 2008 3242 2076; x_wconf 85' lang='lat' dir='ltr'><strong>apostolis</strong></span> <span class='ocrx_word' id='word_1_572' title='bbox 3269 2015 3324 2060; x_wconf 89' lang='lat' dir='ltr'><strong>et</strong></span> <span class='ocrx_word' id='word_1_573' title='bbox 3348 2021 3530 2060; x_wconf 90' lang='lat' dir='ltr'><strong>eorum</strong></span> <span class='ocrx_word' id='word_1_574' title='bbox 3553 2020 3752 2074; x_wconf 87' lang='lat' dir='ltr'><strong>sequa—</strong></span> 
     </span>
    </p>
   </div>
   <div class='ocr_carea' id='block_1_78' title="bbox 2161 2097 3756 2167">
    <p class='ocr_par' dir='ltr' id='par_1_78' title="bbox 2161 2097 3756 2167">
     <span class='ocr_line' id='line_1_79' title="bbox 2161 2097 3756 2167; baseline -0.003 -12"><span class='ocrx_word' id='word_1_575' title='bbox 2161 2101 2314 2155; x_wconf 89' lang='lat' dir='ltr'><strong>cibus</strong></span> <span class='ocrx_word' id='word_1_576' title='bbox 2361 2102 2434 2154; x_wconf 83' lang='lat' dir='ltr'><strong>ita</strong></span> <span class='ocrx_word' id='word_1_577' title='bbox 2473 2101 2671 2154; x_wconf 89' lang='lat' dir='ltr'><strong>bonum</strong></span> <span class='ocrx_word' id='word_1_578' title='bbox 2703 2097 3019 2167; x_wconf 88' lang='lat' dir='ltr'><strong>virginitatis</strong></span> <span class='ocrx_word' id='word_1_579' title='bbox 3065 2097 3424 2164; x_wconf 84' lang='lat' dir='ltr'><strong>arripiendum</strong></span> <span class='ocrx_word' id='word_1_580' title='bbox 3465 2098 3756 2166; x_wconf 88' lang='lat' dir='ltr'><strong>persuasit,</strong></span> 
     </span>
    </p>
   </div>
   <div class='ocr_carea' id='block_1_79' title="bbox 2161 2187 3759 2253">
    <p class='ocr_par' dir='ltr' id='par_1_79' title="bbox 2161 2187 3759 2253">
     <span class='ocr_line' id='line_1_80' title="bbox 2161 2187 3759 2253; baseline -0.003 -7"><span class='ocrx_word' id='word_1_581' title='bbox 2161 2201 2219 2246; x_wconf 74' lang='lat' dir='ltr'><strong>ut</strong></span> <span class='ocrx_word' id='word_1_582' title='bbox 2262 2193 2363 2246; x_wconf 87' lang='lat' dir='ltr'><strong>hoc</strong></span> <span class='ocrx_word' id='word_1_583' title='bbox 2396 2193 2593 2246; x_wconf 89' lang='lat' dir='ltr'><strong>scirent</strong></span> <span class='ocrx_word' id='word_1_584' title='bbox 2632 2205 2737 2243; x_wconf 90' lang='lat' dir='ltr'><strong>non</strong></span> <span class='ocrx_word' id='word_1_585' title='bbox 2768 2190 3010 2242; x_wconf 73' lang='lat' dir='ltr'><strong>humana:</strong></span> <span class='ocrx_word' id='word_1_586' title='bbox 3055 2187 3348 2253; x_wconf 70' lang='lat' dir='ltr'><strong>industrim,</strong></span> <span class='ocrx_word' id='word_1_587' title='bbox 3379 2188 3471 2242; x_wconf 92' lang='lat' dir='ltr'><strong>sed</strong></span> <span class='ocrx_word' id='word_1_588' title='bbox 3517 2187 3759 2242; x_wconf 86' lang='lat' dir='ltr'><strong>muneris</strong></span> 
     </span>
    </p>
   </div>
   <div class='ocr_carea' id='block_1_80' title="bbox 2160 2277 3754 2348">
    <p class='ocr_par' dir='ltr' id='par_1_80' title="bbox 2160 2277 3754 2348">
     <span class='ocr_line' id='line_1_81' title="bbox 2160 2277 3754 2348; baseline -0.008 -8"><span class='ocrx_word' id='word_1_589' title='bbox 2160 2299 2283 2340; x_wconf 88' lang='lat' dir='ltr'><strong>esse</strong></span> <span class='ocrx_word' id='word_1_590' title='bbox 2325 2283 2509 2338; x_wconf 81' lang='lat' dir='ltr'><strong>divini.</strong></span> <span class='ocrx_word' id='word_1_591' title='bbox 2559 2280 3086 2336; x_wconf 80' lang='lat' dir='ltr'><strong>Abrenuntiationem</strong></span> <span class='ocrx_word' id='word_1_592' title='bbox 3135 2294 3346 2348; x_wconf 88' lang='lat' dir='ltr'><strong>quoque</strong></span> <span class='ocrx_word' id='word_1_593' title='bbox 3384 2278 3624 2332; x_wconf 91' lang='lat' dir='ltr'><strong>omnium</strong></span> <span class='ocrx_word' id='word_1_594' title='bbox 3674 2277 3754 2330; x_wconf 84' lang='lat' dir='ltr'><strong>fa-</strong></span> 
     </span>
    </p>
   </div>
   <div class='ocr_carea' id='block_1_81' title="bbox 2161 2369 3757 2439">
    <p class='ocr_par' dir='ltr' id='par_1_81' title="bbox 2161 2369 3757 2439">
     <span class='ocr_line' id='line_1_82' title="bbox 2161 2369 3757 2439; baseline -0.011 -2"><span class='ocrx_word' id='word_1_595' title='bbox 2161 2382 2417 2437; x_wconf 86' lang='lat' dir='ltr'><strong>cultatum</strong></span> <span class='ocrx_word' id='word_1_596' title='bbox 2451 2388 2507 2435; x_wconf 92' lang='lat' dir='ltr'><strong>et</strong></span> <span class='ocrx_word' id='word_1_597' title='bbox 2533 2379 2871 2434; x_wconf 83' lang='lat' dir='ltr'><strong>all‘ectionum</strong></span> <span class='ocrx_word' id='word_1_598' title='bbox 2904 2377 2980 2431; x_wconf 90' lang='lat' dir='ltr'><strong>sic</strong></span> <span class='ocrx_word' id='word_1_599' title='bbox 3009 2374 3209 2430; x_wconf 86' lang='lat' dir='ltr'><strong>eisdem</strong></span> <span class='ocrx_word' id='word_1_600' title='bbox 3235 2370 3644 2439; x_wconf 85' lang='lat' dir='ltr'><strong>aggrediendam</strong></span> <span class='ocrx_word' id='word_1_601' title='bbox 3675 2369 3757 2421; x_wconf 86' lang='lat' dir='ltr'><strong>in-</strong></span> 
     </span>
    </p>
   </div>
   <div class='ocr_carea' id='block_1_82' title="bbox 2162 2461 3763 2537">
    <p class='ocr_par' dir='ltr' id='par_1_82' title="bbox 2162 2461 3763 2537">
     <span class='ocr_line' id='line_1_83' title="bbox 2162 2461 3763 2537; baseline -0.007 -12"><span class='ocrx_word' id='word_1_602' title='bbox 2162 2473 2383 2537; x_wconf 90' lang='lat' dir='ltr'><strong>timavit,</strong></span> <span class='ocrx_word' id='word_1_603' title='bbox 2427 2481 2485 2525; x_wconf 91' lang='lat' dir='ltr'><strong>ut</strong></span> <span class='ocrx_word' id='word_1_604' title='bbox 2515 2487 2574 2525; x_wconf 92' lang='lat' dir='ltr'><strong>se</strong></span> <span class='ocrx_word' id='word_1_605' title='bbox 2605 2475 2994 2537; x_wconf 85' lang='lat' dir='ltr'><strong>cognoscerent</strong></span> <span class='ocrx_word' id='word_1_606' title='bbox 3018 2475 3074 2521; x_wconf 91' lang='lat' dir='ltr'><strong>et</strong></span> <span class='ocrx_word' id='word_1_607' title='bbox 3101 2466 3152 2519; x_wconf 90' lang='lat' dir='ltr'><strong>in</strong></span> <span class='ocrx_word' id='word_1_608' title='bbox 3184 2466 3282 2518; x_wconf 87' lang='lat' dir='ltr'><strong>hoc</strong></span> <span class='ocrx_word' id='word_1_609' title='bbox 3309 2462 3506 2516; x_wconf 65' lang='lat' dir='ltr'><strong>sarculo</strong></span> <span class='ocrx_word' id='word_1_610' title='bbox 3536 2471 3561 2496; x_wconf 69' lang='grc' dir='ltr'><strong>α</strong></span> <span class='ocrx_word' id='word_1_611' title='bbox 3590 2461 3763 2513; x_wconf 91' lang='lat' dir='ltr'><strong>multo</strong></span> 
     </span>
    </p>
   </div>
   <div class='ocr_carea' id='block_1_83' title="bbox 2163 2553 3756 2635">
    <p class='ocr_par' dir='ltr' id='par_1_83' title="bbox 2163 2553 3756 2635">
     <span class='ocr_line' id='line_1_84' title="bbox 2163 2553 3756 2635; baseline -0.01 -16"><span class='ocrx_word' id='word_1_612' title='bbox 2163 2566 2310 2635; x_wconf 89' lang='lat' dir='ltr'><strong>plura</strong></span> <span class='ocrx_word' id='word_1_613' title='bbox 2341 2579 2498 2634; x_wconf 90' lang='lat' dir='ltr'><strong>quam</strong></span> <span class='ocrx_word' id='word_1_614' title='bbox 2529 2564 2855 2631; x_wconf 89' lang='lat' dir='ltr'><strong>reliquerant</strong></span> <span class='ocrx_word' id='word_1_615' title='bbox 2879 2567 3211 2627; x_wconf 87' lang='lat' dir='ltr'><strong>accepturos,</strong></span> <span class='ocrx_word' id='word_1_616' title='bbox 3233 2565 3286 2609; x_wconf 93' lang='lat' dir='ltr'><strong>et</strong></span> <span class='ocrx_word' id='word_1_617' title='bbox 3309 2555 3358 2607; x_wconf 91' lang='lat' dir='ltr'><strong>in</strong></span> <span class='ocrx_word' id='word_1_618' title='bbox 3392 2554 3568 2607; x_wconf 85' lang='lat' dir='ltr'><strong>luturo</strong></span> <span class='ocrx_word' id='word_1_619' title='bbox 3594 2553 3756 2604; x_wconf 90' lang='lat' dir='ltr'><strong>vitam</strong></span> 
     </span>
    </p>
   </div>
   <div class='ocr_carea' id='block_1_84' title="bbox 2161 2643 3758 2723">
    <p class='ocr_par' dir='ltr' id='par_1_84' title="bbox 2161 2643 3758 2723">
     <span class='ocr_line' id='line_1_85' title="bbox 2161 2643 3758 2723; baseline -0.011 -14"><span class='ocrx_word' id='word_1_620' title='bbox 2161 2665 2419 2710; x_wconf 83' lang='lat' dir='ltr'><strong>aeternam</strong></span> <span class='ocrx_word' id='word_1_621' title='bbox 2463 2666 2828 2723; x_wconf 88' lang='lat' dir='ltr'><strong>possessuros,</strong></span> <span class='ocrx_word' id='word_1_622' title='bbox 2875 2658 2928 2704; x_wconf 81' lang='lat' dir='ltr'><strong>et</strong></span> <span class='ocrx_word' id='word_1_623' title='bbox 2977 2650 3029 2703; x_wconf 92' lang='lat' dir='ltr'><strong>in</strong></span> <span class='ocrx_word' id='word_1_624' title='bbox 3075 2647 3164 2701; x_wconf 89' lang='lat' dir='ltr'><strong>die</strong></span> <span class='ocrx_word' id='word_1_625' title='bbox 3204 2644 3374 2713; x_wconf 85' lang='lat' dir='ltr'><strong>magni</strong></span> <span class='ocrx_word' id='word_1_626' title='bbox 3417 2643 3603 2711; x_wconf 84' lang='lat' dir='ltr'><strong>judicii</strong></span> <span class='ocrx_word' id='word_1_627' title='bbox 3633 2656 3758 2695; x_wconf 92' lang='lat' dir='ltr'><strong>cum</strong></span> 
     </span>
    </p>
   </div>
   <div class='ocr_carea' id='block_1_85' title="bbox 2161 2731 3762 2813">
    <p class='ocr_par' dir='ltr' id='par_1_85' title="bbox 2161 2731 3762 2813">
     <span class='ocr_line' id='line_1_86' title="bbox 2161 2731 3762 2813; baseline -0.011 -13"><span class='ocrx_word' id='word_1_628' title='bbox 2161 2746 2278 2812; x_wconf 88' lang='lat' dir='ltr'><strong>ipso</strong></span> <span class='ocrx_word' id='word_1_629' title='bbox 2319 2743 2525 2813; x_wconf 76' lang='lat' dir='ltr'><strong>iudices</strong></span> <span class='ocrx_word' id='word_1_630' title='bbox 2577 2756 2696 2797; x_wconf 91' lang='lat' dir='ltr'><strong>esse</strong></span> <span class='ocrx_word' id='word_1_631' title='bbox 2746 2749 3019 2796; x_wconf 92' lang='lat' dir='ltr'><strong>venturos.</strong></span> <span class='ocrx_word' id='word_1_632' title='bbox 3071 2737 3306 2790; x_wconf 64' lang='lat' dir='ltr'><strong>Carteros</strong></span> <span class='ocrx_word' id='word_1_633' title='bbox 3353 2742 3525 2787; x_wconf 86' lang='lat' dir='ltr'><strong>autem</strong></span> <span class='ocrx_word' id='word_1_634' title='bbox 3568 2731 3762 2785; x_wconf 90' lang='lat' dir='ltr'><strong>lideles</strong></span> 
     </span>
    </p>
   </div>
   <div class='ocr_carea' id='block_1_86' title="bbox 2160 2823 3757 2904">
    <p class='ocr_par' dir='ltr' id='par_1_86' title="bbox 2160 2823 3757 2904">
     <span class='ocr_line' id='line_1_87' title="bbox 2160 2823 3757 2904; baseline -0.011 -11"><span class='ocrx_word' id='word_1_635' title='bbox 2160 2838 2363 2904; x_wconf 90' lang='lat' dir='ltr'><strong>docuit,</strong></span> <span class='ocrx_word' id='word_1_636' title='bbox 2412 2847 2469 2892; x_wconf 89' lang='lat' dir='ltr'><strong>ut</strong></span> <span class='ocrx_word' id='word_1_637' title='bbox 2509 2835 2823 2898; x_wconf 86' lang='lat' dir='ltr'><strong>humilitate,</strong></span> <span class='ocrx_word' id='word_1_638' title='bbox 2859 2830 3295 2891; x_wconf 88' lang='lat' dir='ltr'><strong>mansuetudine,</strong></span> <span class='ocrx_word' id='word_1_639' title='bbox 3346 2840 3496 2891; x_wconf 91' lang='lat' dir='ltr'><strong>pace,</strong></span> <span class='ocrx_word' id='word_1_640' title='bbox 3538 2823 3757 2877; x_wconf 89' lang='lat' dir='ltr'><strong>miseri-</strong></span> 
     </span>
    </p>
   </div>
   <div class='ocr_carea' id='block_1_87' title="bbox 2161 2914 3759 2996">
    <p class='ocr_par' dir='ltr' id='par_1_87' title="bbox 2161 2914 3759 2996">
     <span class='ocr_line' id='line_1_88' title="bbox 2161 2914 3759 2996; baseline -0.012 -11"><span class='ocrx_word' id='word_1_641' title='bbox 2161 2930 2364 2993; x_wconf 88' lang='lat' dir='ltr'><strong>cordia,</strong></span> <span class='ocrx_word' id='word_1_642' title='bbox 2394 2928 2599 2996; x_wconf 85' lang='lat' dir='ltr'><strong>justitia</strong></span> <span class='ocrx_word' id='word_1_643' title='bbox 2634 2926 2714 2980; x_wconf 89' lang='lat' dir='ltr'><strong>vel</strong></span> <span class='ocrx_word' id='word_1_644' title='bbox 2755 2923 3003 2992; x_wconf 88' lang='lat' dir='ltr'><strong>patientia</strong></span> <span class='ocrx_word' id='word_1_645' title='bbox 3029 2919 3055 2957; x_wconf 66' lang='grc' dir='ltr'><strong>ι’</strong></span> <span class='ocrx_word' id='word_1_646' title='bbox 3083 2919 3212 2973; x_wconf 88' lang='lat' dir='ltr'><strong>deos</strong></span> <span class='ocrx_word' id='word_1_647' title='bbox 3240 2930 3387 2978; x_wconf 89' lang='lat' dir='ltr'><strong>suos,</strong></span> <span class='ocrx_word' id='word_1_648' title='bbox 3437 2924 3490 2968; x_wconf 92' lang='lat' dir='ltr'><strong>et</strong></span> <span class='ocrx_word' id='word_1_649' title='bbox 3519 2914 3623 2968; x_wconf 89' lang='lat' dir='ltr'><strong>sibi</strong></span> <span class='ocrx_word' id='word_1_650' title='bbox 3673 2927 3759 2967; x_wconf 87' lang='lat' dir='ltr'><strong>re-</strong></span> 
     </span>
    </p>
   </div>
   <div class='ocr_carea' id='block_1_88' title="bbox 2163 3006 3764 3092">
    <p class='ocr_par' dir='ltr' id='par_1_88' title="bbox 2163 3006 3764 3092">
     <span class='ocr_line' id='line_1_89' title="bbox 2163 3006 3764 3092; baseline -0.012 -17"><span class='ocrx_word' id='word_1_651' title='bbox 2163 3037 2324 3092; x_wconf 77' lang='lat' dir='ltr'><strong>gnum</strong></span> <span class='ocrx_word' id='word_1_652' title='bbox 2355 3019 2470 3083; x_wconf 84' lang='lat' dir='ltr'><strong>Dei,</strong></span> <span class='ocrx_word' id='word_1_653' title='bbox 2521 3016 2920 3084; x_wconf 88' lang='lat' dir='ltr'><strong>persecutiones</strong></span> <span class='ocrx_word' id='word_1_654' title='bbox 2965 3012 3123 3065; x_wconf 90' lang='lat' dir='ltr'><strong>etiam</strong></span> <span class='ocrx_word' id='word_1_655' title='bbox 3171 3007 3562 3073; x_wconf 90' lang='lat' dir='ltr'><strong>improborum,</strong></span> <span class='ocrx_word' id='word_1_656' title='bbox 3592 3006 3640 3059; x_wconf 91' lang='lat' dir='ltr'><strong>si</strong></span> <span class='ocrx_word' id='word_1_657' title='bbox 3684 3006 3764 3059; x_wconf 82' lang='lat' dir='ltr'><strong>ita</strong></span> 
     </span>
    </p>
   </div>
   <div class='ocr_carea' id='block_1_89' title="bbox 2165 3096 3762 3169">
    <p class='ocr_par' dir='ltr' id='par_1_89' title="bbox 2165 3096 3762 3169">
     <span class='ocr_line' id='line_1_90' title="bbox 2165 3096 3762 3169; baseline -0.011 -3"><span class='ocrx_word' id='word_1_658' title='bbox 2165 3111 2458 3166; x_wconf 86' lang='lat' dir='ltr'><strong>necessitas</strong></span> <span class='ocrx_word' id='word_1_659' title='bbox 2485 3107 2836 3169; x_wconf 89' lang='lat' dir='ltr'><strong>incumberet,</strong></span> <span class='ocrx_word' id='word_1_660' title='bbox 2866 3099 3178 3158; x_wconf 87' lang='lat' dir='ltr'><strong>sustinendo</strong></span> <span class='ocrx_word' id='word_1_661' title='bbox 3209 3098 3483 3164; x_wconf 89' lang='lat' dir='ltr'><strong>acquirere</strong></span> <span class='ocrx_word' id='word_1_662' title='bbox 3514 3111 3622 3149; x_wconf 92' lang='lat' dir='ltr'><strong>non</strong></span> <span class='ocrx_word' id='word_1_663' title='bbox 3654 3096 3762 3149; x_wconf 87' lang='lat' dir='ltr'><strong>las-</strong></span> 
     </span>
    </p>
   </div>
   <div class='ocr_carea' id='block_1_90' title="bbox 2165 3185 3762 3258">
    <p class='ocr_par' dir='ltr' id='par_1_90' title="bbox 2165 3185 3762 3258">
     <span class='ocr_line' id='line_1_91' title="bbox 2165 3185 3762 3258; baseline -0.012 -1"><span class='ocrx_word' id='word_1_664' title='bbox 2165 3213 2432 3258; x_wconf 87' lang='lat' dir='ltr'><strong>sarentur.</strong></span> <span class='ocrx_word' id='word_1_665' title='bbox 2462 3199 2516 3254; x_wconf 90' lang='lat' dir='ltr'><strong>In</strong></span> <span class='ocrx_word' id='word_1_666' title='bbox 2539 3210 2824 3252; x_wconf 90' lang='lat' dir='ltr'><strong>commune</strong></span> <span class='ocrx_word' id='word_1_667' title='bbox 2853 3203 3030 3248; x_wconf 88' lang='lat' dir='ltr'><strong>autem</strong></span> <span class='ocrx_word' id='word_1_668' title='bbox 3061 3189 3266 3245; x_wconf 90' lang='lat' dir='ltr'><strong>cunctis</strong></span> <span class='ocrx_word' id='word_1_669' title='bbox 3297 3196 3622 3257; x_wconf 68' lang='lat' dir='ltr'><strong>praeceptum</strong></span> <span class='ocrx_word' id='word_1_670' title='bbox 3663 3185 3762 3239; x_wconf 88' lang='lat' dir='ltr'><strong>de-</strong></span> 
     </span>
    </p>
   </div>
   <div class='ocr_carea' id='block_1_91' title="bbox 2164 3279 3770 3359">
    <p class='ocr_par' dir='ltr' id='par_1_91' title="bbox 2164 3279 3770 3359">
     <span class='ocr_line' id='line_1_92' title="bbox 2164 3279 3770 3359; baseline -0.014 -9"><span class='ocrx_word' id='word_1_671' title='bbox 2164 3295 2261 3359; x_wconf 89' lang='lat' dir='ltr'><strong>dit,</strong></span> <span class='ocrx_word' id='word_1_672' title='bbox 2305 3309 2372 3348; x_wconf 92' lang='lat' dir='ltr'><strong>ne</strong></span> <span class='ocrx_word' id='word_1_673' title='bbox 2410 3291 2664 3346; x_wconf 84' lang='lat' dir='ltr'><strong>fratribus</strong></span> <span class='ocrx_word' id='word_1_674' title='bbox 2703 3288 2827 3343; x_wconf 86' lang='lat' dir='ltr'><strong>irati</strong></span> <span class='ocrx_word' id='word_1_675' title='bbox 2853 3285 3209 3340; x_wconf 87' lang='lat' dir='ltr'><strong>conviciorum</strong></span> <span class='ocrx_word' id='word_1_676' title='bbox 3254 3280 3530 3336; x_wconf 89' lang='lat' dir='ltr'><strong>maledicta</strong></span> <span class='ocrx_word' id='word_1_677' title='bbox 3578 3279 3632 3331; x_wconf 92' lang='lat' dir='ltr'><strong>in</strong></span> <span class='ocrx_word' id='word_1_678' title='bbox 3663 3292 3770 3331; x_wconf 75' lang='lat' dir='ltr'><strong>eos.</strong></span> 
     </span>
    </p>
   </div>
   <div class='ocr_carea' id='block_1_92' title="bbox 2161 3366 3766 3456">
    <p class='ocr_par' dir='ltr' id='par_1_92' title="bbox 2161 3366 3766 3456">
     <span class='ocr_line' id='line_1_93' title="bbox 2161 3366 3766 3456; baseline -0.013 -17"><span class='ocrx_word' id='word_1_679' title='bbox 2161 3385 2554 3456; x_wconf 85' lang='lat' dir='ltr'><strong>jacularentur,</strong></span> <span class='ocrx_word' id='word_1_680' title='bbox 2581 3379 2667 3433; x_wconf 89' lang='lat' dir='ltr'><strong>vel</strong></span> <span class='ocrx_word' id='word_1_681' title='bbox 2695 3379 2780 3432; x_wconf 90' lang='lat' dir='ltr'><strong>his</strong></span> <span class='ocrx_word' id='word_1_682' title='bbox 2816 3374 3186 3430; x_wconf 86' lang='lat' dir='ltr'><strong>occasionibus</strong></span> <span class='ocrx_word' id='word_1_683' title='bbox 3215 3386 3320 3426; x_wconf 88' lang='lat' dir='ltr'><strong>non</strong></span> <span class='ocrx_word' id='word_1_684' title='bbox 3347 3369 3658 3437; x_wconf 83' lang='lat' dir='ltr'><strong>amputatis,</strong></span> <span class='ocrx_word' id='word_1_685' title='bbox 3689 3366 3766 3419; x_wconf 85' lang='lat' dir='ltr'><strong>ad</strong></span> 
     </span>
    </p>
   </div>
   <div class='ocr_carea' id='block_1_93' title="bbox 2169 3457 3762 3532">
    <p class='ocr_par' dir='ltr' id='par_1_93' title="bbox 2169 3457 3762 3532">
     <span class='ocr_line' id='line_1_94' title="bbox 2169 3457 3762 3532; baseline -0.013 -4"><span class='ocrx_word' id='word_1_686' title='bbox 2169 3471 2454 3528; x_wconf 84' lang='lat' dir='ltr'><strong>homicidia</strong></span> <span class='ocrx_word' id='word_1_687' title='bbox 2478 3469 2804 3524; x_wconf 84' lang='lat' dir='ltr'><strong>laberentur.</strong></span> <span class='ocrx_word' id='word_1_688' title='bbox 2839 3465 2903 3518; x_wconf 88' lang='lat' dir='ltr'><strong>Et</strong></span> <span class='ocrx_word' id='word_1_689' title='bbox 2927 3478 2991 3518; x_wconf 93' lang='lat' dir='ltr'><strong>ne</strong></span> <span class='ocrx_word' id='word_1_690' title='bbox 3017 3463 3134 3532; x_wconf 90' lang='lat' dir='ltr'><strong>quis</strong></span> <span class='ocrx_word' id='word_1_691' title='bbox 3166 3475 3385 3515; x_wconf 82' lang='lat' dir='ltr'><strong>uxorem</strong></span> <span class='ocrx_word' id='word_1_692' title='bbox 3418 3457 3644 3526; x_wconf 79' lang='lat' dir='ltr'><strong>proximi</strong></span> <span class='ocrx_word' id='word_1_693' title='bbox 3677 3457 3762 3508; x_wconf 91' lang='lat' dir='ltr'><strong>sui</strong></span> 
     </span>
    </p>
   </div>
   <div class='ocr_carea' id='block_1_94' title="bbox 2167 3549 3761 3634">
    <p class='ocr_par' dir='ltr' id='par_1_94' title="bbox 2167 3549 3761 3634">
     <span class='ocr_line' id='line_1_95' title="bbox 2167 3549 3761 3634; baseline -0.013 -16"><span class='ocrx_word' id='word_1_694' title='bbox 2167 3565 2376 3634; x_wconf 90' lang='lat' dir='ltr'><strong>impuro</strong></span> <span class='ocrx_word' id='word_1_695' title='bbox 2415 3566 2757 3616; x_wconf 85' lang='lat' dir='ltr'><strong>contueretur</strong></span> <span class='ocrx_word' id='word_1_696' title='bbox 2796 3555 2971 3619; x_wconf 90' lang='lat' dir='ltr'><strong>oculo,</strong></span> <span class='ocrx_word' id='word_1_697' title='bbox 3003 3563 3056 3607; x_wconf 91' lang='lat' dir='ltr'><strong>et</strong></span> <span class='ocrx_word' id='word_1_698' title='bbox 3101 3551 3300 3607; x_wconf 89' lang='lat' dir='ltr'><strong>idcirco</strong></span> <span class='ocrx_word' id='word_1_699' title='bbox 3336 3549 3589 3602; x_wconf 77' lang='lat' dir='ltr'><strong>maculari</strong></span> <span class='ocrx_word' id='word_1_700' title='bbox 3631 3562 3761 3614; x_wconf 84' lang='lat' dir='ltr'><strong>pos-</strong></span> 
     </span>
    </p>
   </div>
   <div class='ocr_carea' id='block_1_95' title="bbox 2166 3644 3766 3715">
    <p class='ocr_par' dir='ltr' id='par_1_95' title="bbox 2166 3644 3766 3715">
     <span class='ocr_line' id='line_1_96' title="bbox 2166 3644 3766 3715; baseline -0.013 -3"><span class='ocrx_word' id='word_1_701' title='bbox 2166 3666 2252 3712; x_wconf 88' lang='lat' dir='ltr'><strong>set</strong></span> <span class='ocrx_word' id='word_1_702' title='bbox 2285 3651 2590 3715; x_wconf 71' lang='lat' dir='ltr'><strong>adulterio;</strong></span> <span class='ocrx_word' id='word_1_703' title='bbox 2635 3660 2688 3704; x_wconf 91' lang='lat' dir='ltr'><strong>ct</strong></span> <span class='ocrx_word' id='word_1_704' title='bbox 2729 3665 2796 3703; x_wconf 92' lang='lat' dir='ltr'><strong>ne</strong></span> <span class='ocrx_word' id='word_1_705' title='bbox 2839 3656 3041 3701; x_wconf 81' lang='lat' dir='ltr'><strong>temere</strong></span> <span class='ocrx_word' id='word_1_706' title='bbox 3065 3644 3246 3714; x_wconf 72' lang='lat' dir='ltr'><strong>iurare</strong></span> <span class='ocrx_word' id='word_1_707' title='bbox 3289 3647 3659 3709; x_wconf 58' lang='lat' dir='ltr'><strong>praesumeret,</strong></span> <span class='ocrx_word' id='word_1_708' title='bbox 3696 3650 3766 3691; x_wconf 84' lang='lat' dir='ltr'><strong>ne</strong></span> 
     </span>
    </p>
   </div>
   <div class='ocr_carea' id='block_1_96' title="bbox 2168 3729 3765 3817">
    <p class='ocr_par' dir='ltr' id='par_1_96' title="bbox 2168 3729 3765 3817">
     <span class='ocr_line' id='line_1_97' title="bbox 2168 3729 3765 3817; baseline -0.013 -13"><span class='ocrx_word' id='word_1_709' title='bbox 2168 3751 2306 3804; x_wconf 89' lang='lat' dir='ltr'><strong>forte</strong></span> <span class='ocrx_word' id='word_1_710' title='bbox 2336 3747 2674 3817; x_wconf 60' lang='lat' dir='ltr'><strong>pei&#39;juraret;</strong></span> <span class='ocrx_word' id='word_1_711' title='bbox 2700 3757 2796 3796; x_wconf 89' lang='lat' dir='ltr'><strong>nec</strong></span> <span class='ocrx_word' id='word_1_712' title='bbox 2835 3741 3114 3810; x_wconf 90' lang='lat' dir='ltr'><strong>quisquam</strong></span> <span class='ocrx_word' id='word_1_713' title='bbox 3145 3735 3410 3791; x_wconf 87' lang='lat' dir='ltr'><strong>obstinate</strong></span> <span class='ocrx_word' id='word_1_714' title='bbox 3449 3729 3765 3785; x_wconf 85' lang='lat' dir='ltr'><strong>adversario</strong></span> 
     </span>
    </p>
   </div>
   <div class='ocr_carea' id='block_1_97' title="bbox 2168 3822 3766 3902">
    <p class='ocr_par' dir='ltr' id='par_1_97' title="bbox 2168 3822 3766 3902">
     <span class='ocr_line' id='line_1_98' title="bbox 2168 3822 3766 3902; baseline -0.016 -4"><span class='ocrx_word' id='word_1_715' title='bbox 2168 3856 2266 3898; x_wconf 90' lang='lat' dir='ltr'><strong>suo</strong></span> <span class='ocrx_word' id='word_1_716' title='bbox 2294 3841 2592 3902; x_wconf 88' lang='lat' dir='ltr'><strong>resisteret,</strong></span> <span class='ocrx_word' id='word_1_717' title='bbox 2625 3845 2676 3890; x_wconf 93' lang='lat' dir='ltr'><strong>et</strong></span> <span class='ocrx_word' id='word_1_718' title='bbox 2705 3832 2827 3888; x_wconf 90' lang='lat' dir='ltr'><strong>inde</strong></span> <span class='ocrx_word' id='word_1_719' title='bbox 2857 3847 2962 3887; x_wconf 89' lang='lat' dir='ltr'><strong>non</strong></span> <span class='ocrx_word' id='word_1_720' title='bbox 2993 3830 3164 3884; x_wconf 91' lang='lat' dir='ltr'><strong>solum</strong></span> <span class='ocrx_word' id='word_1_721' title='bbox 3192 3826 3404 3890; x_wconf 74' lang='lat' dir='ltr'><strong>animae,</strong></span> <span class='ocrx_word' id='word_1_722' title='bbox 3437 3822 3528 3876; x_wconf 87' lang='lat' dir='ltr'><strong>sed</strong></span> <span class='ocrx_word' id='word_1_723' title='bbox 3560 3830 3612 3875; x_wconf 89' lang='lat' dir='ltr'><strong>et</strong></span> <span class='ocrx_word' id='word_1_724' title='bbox 3641 3834 3766 3873; x_wconf 84' lang='lat' dir='ltr'><strong>cor-</strong></span> 
     </span>
    </p>
   </div>
   <div class='ocr_carea' id='block_1_98' title="bbox 2172 3929 3019 4005">
    <p class='ocr_par' dir='ltr' id='par_1_98' title="bbox 2172 3929 3019 4005">
     <span class='ocr_line' id='line_1_99' title="bbox 2172 3929 3019 4005; baseline -0.015 -15"><span class='ocrx_word' id='word_1_725' title='bbox 2172 3934 2320 4005; x_wconf 88' lang='lat' dir='ltr'><strong>poris</strong></span> <span class='ocrx_word' id='word_1_726' title='bbox 2364 3931 2660 4002; x_wconf 90' lang='lat' dir='ltr'><strong>periculum</strong></span> <span class='ocrx_word' id='word_1_727' title='bbox 2701 3929 3019 3983; x_wconf 87' lang='lat' dir='ltr'><strong>incurreret.</strong></span> 
     </span>
    </p>
   </div>
   <div class='ocr_carea' id='block_1_99' title="bbox 2244 4005 3768 4087">
    <p class='ocr_par' dir='ltr' id='par_1_99' title="bbox 2244 4005 3768 4087">
     <span class='ocr_line' id='line_1_100' title="bbox 2244 4005 3768 4087; baseline -0.014 -9"><span class='ocrx_word' id='word_1_728' title='bbox 2244 4024 2362 4078; x_wconf 79' lang='lat' dir='ltr'><strong>XV.</strong></span> <span class='ocrx_word' id='word_1_729' title='bbox 2421 4023 2590 4076; x_wconf 86' lang='lat' dir='ltr'><strong>Porro</strong></span> <span class='ocrx_word' id='word_1_730' title='bbox 2647 4032 2821 4074; x_wconf 89' lang='lat' dir='ltr'><strong>autem</strong></span> <span class='ocrx_word' id='word_1_731' title='bbox 2869 4011 3201 4087; x_wconf 86' lang='lat' dir='ltr'><strong>perfectioris</strong></span> <span class='ocrx_word' id='word_1_732' title='bbox 3248 4009 3370 4064; x_wconf 74' lang='lat' dir='ltr'><strong>vita:</strong></span> <span class='ocrx_word' id='word_1_733' title='bbox 3412 4005 3659 4074; x_wconf 90' lang='lat' dir='ltr'><strong>cupidis,</strong></span> <span class='ocrx_word' id='word_1_734' title='bbox 3711 4016 3768 4058; x_wconf 90' lang='lat' dir='ltr'><strong>et</strong></span> 
     </span>
    </p>
   </div>
   <div class='ocr_carea' id='block_1_100' title="bbox 2171 4103 3770 4183">
    <p class='ocr_par' dir='ltr' id='par_1_100' title="bbox 2171 4103 3770 4183">
     <span class='ocr_line' id='line_1_101' title="bbox 2171 4103 3770 4183; baseline -0.015 -14"><span class='ocrx_word' id='word_1_735' title='bbox 2171 4127 2391 4183; x_wconf 90' lang='lat' dir='ltr'><strong>regnum</strong></span> <span class='ocrx_word' id='word_1_736' title='bbox 2414 4111 2677 4166; x_wconf 72' lang='lat' dir='ltr'><strong>cmlorum</strong></span> <span class='ocrx_word' id='word_1_737' title='bbox 2702 4107 2893 4175; x_wconf 82' lang='lat' dir='ltr'><strong>avidis,</strong></span> <span class='ocrx_word' id='word_1_738' title='bbox 2913 4106 2982 4159; x_wconf 90' lang='lat' dir='ltr'><strong>ita</strong></span> <span class='ocrx_word' id='word_1_739' title='bbox 3012 4103 3303 4157; x_wconf 89' lang='lat' dir='ltr'><strong>nuditatem</strong></span> <span class='ocrx_word' id='word_1_740' title='bbox 3322 4106 3376 4151; x_wconf 91' lang='lat' dir='ltr'><strong>et</strong></span> <span class='ocrx_word' id='word_1_741' title='bbox 3398 4104 3770 4163; x_wconf 87' lang='lat' dir='ltr'><strong>contemptum</strong></span> 
     </span>
    </p>
   </div>
   <div class='ocr_carea' id='block_1_101' title="bbox 2171 4192 3770 4266">
    <p class='ocr_par' dir='ltr' id='par_1_101' title="bbox 2171 4192 3770 4266">
     <span class='ocr_line' id='line_1_102' title="bbox 2171 4192 3770 4266; baseline -0.013 -3"><span class='ocrx_word' id='word_1_742' title='bbox 2171 4219 2504 4263; x_wconf 89' lang='lat' dir='ltr'><strong>terrenorqu</strong></span> <span class='ocrx_word' id='word_1_743' title='bbox 2553 4205 2763 4266; x_wconf 82' lang='lat' dir='ltr'><strong>indixit,</strong></span> <span class='ocrx_word' id='word_1_744' title='bbox 2795 4213 2852 4256; x_wconf 91' lang='lat' dir='ltr'><strong>ut</strong></span> <span class='ocrx_word' id='word_1_745' title='bbox 2894 4211 3067 4254; x_wconf 88' lang='lat' dir='ltr'><strong>tamen</strong></span> <span class='ocrx_word' id='word_1_746' title='bbox 3112 4208 3446 4263; x_wconf 90' lang='lat' dir='ltr'><strong>nequaquam</strong></span> <span class='ocrx_word' id='word_1_747' title='bbox 3496 4193 3611 4245; x_wconf 63' lang='lat' dir='ltr'><strong>hate</strong></span> <span class='ocrx_word' id='word_1_748' title='bbox 3658 4192 3770 4244; x_wconf 92' lang='lat' dir='ltr'><strong>sibi</strong></span> 
     </span>
    </p>
   </div>
   <div class='ocr_carea' id='block_1_102' title="bbox 2171 4281 3772 4356">
    <p class='ocr_par' dir='ltr' id='par_1_102' title="bbox 2171 4281 3772 4356">
     <span class='ocr_line' id='line_1_103' title="bbox 2171 4281 3772 4356; baseline -0.01 -5"><span class='ocrx_word' id='word_1_749' title='bbox 2171 4297 2414 4351; x_wconf 72' lang='lat' dir='ltr'><strong>defutura</strong></span> <span class='ocrx_word' id='word_1_750' title='bbox 2466 4295 2830 4356; x_wconf 84' lang='lat' dir='ltr'><strong>confiderent;</strong></span> <span class='ocrx_word' id='word_1_751' title='bbox 2876 4306 2996 4344; x_wconf 86' lang='lat' dir='ltr'><strong>cum</strong></span> <span class='ocrx_word' id='word_1_752' title='bbox 3045 4297 3268 4343; x_wconf 71' lang='lat' dir='ltr'><strong>cmteros</strong></span> <span class='ocrx_word' id='word_1_753' title='bbox 3312 4283 3644 4339; x_wconf 87' lang='lat' dir='ltr'><strong>Christianos</strong></span> <span class='ocrx_word' id='word_1_754' title='bbox 3683 4281 3772 4335; x_wconf 89' lang='lat' dir='ltr'><strong>his</strong></span> 
     </span>
    </p>
   </div>
   <div class='ocr_carea' id='block_1_103' title="bbox 2174 4371 3774 4445">
    <p class='ocr_par' dir='ltr' id='par_1_103' title="bbox 2174 4371 3774 4445">
     <span class='ocr_line' id='line_1_104' title="bbox 2174 4371 3774 4445; baseline -0.014 0"><span class='ocrx_word' id='word_1_755' title='bbox 2174 4391 2507 4445; x_wconf 85' lang='lat' dir='ltr'><strong>abundantes</strong></span> <span class='ocrx_word' id='word_1_756' title='bbox 2539 4387 2610 4440; x_wconf 83' lang='lat' dir='ltr'><strong>ita</strong></span> <span class='ocrx_word' id='word_1_757' title='bbox 2651 4385 2716 4438; x_wconf 91' lang='lat' dir='ltr'><strong>ad</strong></span> <span class='ocrx_word' id='word_1_758' title='bbox 2750 4382 2957 4437; x_wconf 90' lang='lat' dir='ltr'><strong>illorum</strong></span> <span class='ocrx_word' id='word_1_759' title='bbox 2989 4377 3311 4433; x_wconf 87' lang='lat' dir='ltr'><strong>accenderet</strong></span> <span class='ocrx_word' id='word_1_760' title='bbox 3339 4371 3677 4441; x_wconf 87' lang='lat' dir='ltr'><strong>obsequium.</strong></span> <span class='ocrx_word' id='word_1_761' title='bbox 3711 4378 3774 4423; x_wconf 90' lang='lat' dir='ltr'><strong>ut</strong></span> 
     </span>
    </p>
   </div>
   <div class='ocr_carea' id='block_1_104' title="bbox 2175 4464 3771 4552">
    <p class='ocr_par' dir='ltr' id='par_1_104' title="bbox 2175 4464 3771 4552">
     <span class='ocr_line' id='line_1_105' title="bbox 2175 4464 3771 4552; baseline -0.014 -17"><span class='ocrx_word' id='word_1_762' title='bbox 2175 4483 2479 4552; x_wconf 86' lang='lat' dir='ltr'><strong>quicunque</strong></span> <span class='ocrx_word' id='word_1_763' title='bbox 2508 4478 2718 4531; x_wconf 91' lang='lat' dir='ltr'><strong>illorum</strong></span> <span class='ocrx_word' id='word_1_764' title='bbox 2751 4475 2864 4528; x_wconf 66' lang='lat' dir='ltr'><strong>haec</strong></span> <span class='ocrx_word' id='word_1_765' title='bbox 2894 4473 3004 4526; x_wconf 90' lang='lat' dir='ltr'><strong>suis</strong></span> <span class='ocrx_word' id='word_1_766' title='bbox 3045 4466 3367 4539; x_wconf 85' lang='lat' dir='ltr'><strong>pauperibus</strong></span> <span class='ocrx_word' id='word_1_767' title='bbox 3413 4464 3771 4524; x_wconf 89' lang='lat' dir='ltr'><strong>ministraret,</strong></span> 
     </span>
    </p>
   </div>
   <div class='ocr_carea' id='block_1_105' title="bbox 2178 4551 3768 4642">
    <p class='ocr_par' dir='ltr' id='par_1_105' title="bbox 2178 4551 3768 4642">
     <span class='ocr_line' id='line_1_106' title="bbox 2178 4551 3768 4642; baseline -0.016 -16"><span class='ocrx_word' id='word_1_768' title='bbox 2178 4551 2278 4642; x_wconf 83' lang='lat' dir='ltr'><strong>ipsi</strong></span> <span class='ocrx_word' id='word_1_769' title='bbox 2307 4571 2525 4623; x_wconf 83' lang='lat' dir='ltr'><strong>Christo</strong></span> <span class='ocrx_word' id='word_1_770' title='bbox 2569 4576 2624 4621; x_wconf 92' lang='lat' dir='ltr'><strong>et</strong></span> <span class='ocrx_word' id='word_1_771' title='bbox 2653 4566 2762 4619; x_wconf 90' lang='lat' dir='ltr'><strong>Deo</strong></span> <span class='ocrx_word' id='word_1_772' title='bbox 2793 4563 2933 4617; x_wconf 85' lang='lat' dir='ltr'><strong>Patri</strong></span> <span class='ocrx_word' id='word_1_773' title='bbox 2980 4575 3038 4615; x_wconf 90' lang='lat' dir='ltr'><strong>se</strong></span> <span class='ocrx_word' id='word_1_774' title='bbox 3077 4557 3388 4626; x_wconf 85' lang='lat' dir='ltr'><strong>impendere</strong></span> <span class='ocrx_word' id='word_1_775' title='bbox 3417 4568 3520 4607; x_wconf 88' lang='lat' dir='ltr'><strong>non</strong></span> <span class='ocrx_word' id='word_1_776' title='bbox 3552 4551 3768 4604; x_wconf 89' lang='lat' dir='ltr'><strong>dubita-</strong></span> 
     </span>
    </p>
   </div>
   <div class='ocr_carea' id='block_1_106' title="bbox 2179 4642 3771 4717">
    <p class='ocr_par' dir='ltr' id='par_1_106' title="bbox 2179 4642 3771 4717">
     <span class='ocr_line' id='line_1_107' title="bbox 2179 4642 3771 4717; baseline -0.014 0"><span class='ocrx_word' id='word_1_777' title='bbox 2179 4672 2282 4717; x_wconf 92' lang='lat' dir='ltr'><strong>ret.</strong></span> <span class='ocrx_word' id='word_1_778' title='bbox 2314 4660 2494 4715; x_wconf 75' lang='lat' dir='ltr'><strong>Ficlos</strong></span> <span class='ocrx_word' id='word_1_779' title='bbox 2520 4665 2698 4711; x_wconf 91' lang='lat' dir='ltr'><strong>autem</strong></span> <span class='ocrx_word' id='word_1_780' title='bbox 2733 4655 2825 4708; x_wconf 91' lang='lat' dir='ltr'><strong>Dei</strong></span> <span class='ocrx_word' id='word_1_781' title='bbox 2865 4653 3124 4714; x_wconf 82' lang='lat' dir='ltr'><strong>cultores,</strong></span> <span class='ocrx_word' id='word_1_782' title='bbox 3160 4657 3215 4702; x_wconf 92' lang='lat' dir='ltr'><strong>et</strong></span> <span class='ocrx_word' id='word_1_783' title='bbox 3244 4647 3309 4700; x_wconf 94' lang='lat' dir='ltr'><strong>de</strong></span> <span class='ocrx_word' id='word_1_784' title='bbox 3338 4645 3547 4714; x_wconf 87' lang='lat' dir='ltr'><strong>generis</strong></span> <span class='ocrx_word' id='word_1_785' title='bbox 3575 4642 3771 4695; x_wconf 91' lang='lat' dir='ltr'><strong>nobili-</strong></span> 
     </span>
    </p>
   </div>
   <div class='ocr_carea' id='block_1_107' title="bbox 2180 4735 3776 4822">
    <p class='ocr_par' dir='ltr' id='par_1_107' title="bbox 2180 4735 3776 4822">
     <span class='ocr_line' id='line_1_108' title="bbox 2180 4735 3776 4822; baseline -0.014 -15"><span class='ocrx_word' id='word_1_786' title='bbox 2180 4763 2288 4806; x_wconf 92' lang='lat' dir='ltr'><strong>tate</strong></span> <span class='ocrx_word' id='word_1_787' title='bbox 2328 4752 2639 4822; x_wconf 87' lang='lat' dir='ltr'><strong>gloriantes,</strong></span> <span class='ocrx_word' id='word_1_788' title='bbox 2693 4744 2996 4812; x_wconf 83' lang='lat' dir='ltr'><strong>hypocritas</strong></span> <span class='ocrx_word' id='word_1_789' title='bbox 3045 4751 3101 4796; x_wconf 92' lang='lat' dir='ltr'><strong>et</strong></span> <span class='ocrx_word' id='word_1_790' title='bbox 3145 4739 3409 4809; x_wconf 86' lang='lat' dir='ltr'><strong>genimina</strong></span> <span class='ocrx_word' id='word_1_791' title='bbox 3462 4735 3776 4802; x_wconf 86' lang='lat' dir='ltr'><strong>viperarum</strong></span> 
     </span>
    </p>
   </div>
   <div class='ocr_carea' id='block_1_108' title="bbox 2179 4823 3776 4909">
    <p class='ocr_par' dir='ltr' id='par_1_108' title="bbox 2179 4823 3776 4909">
     <span class='ocr_line' id='line_1_109' title="bbox 2179 4823 3776 4909; baseline -0.013 -13"><span class='ocrx_word' id='word_1_792' title='bbox 2179 4841 2526 4909; x_wconf 87' lang='lat' dir='ltr'><strong>nuncupavit.</strong></span> <span class='ocrx_word' id='word_1_793' title='bbox 2559 4837 2708 4905; x_wconf 89' lang='lat' dir='ltr'><strong>Ipsos</strong></span> <span class='ocrx_word' id='word_1_794' title='bbox 2753 4847 2966 4903; x_wconf 91' lang='lat' dir='ltr'><strong>quoque</strong></span> <span class='ocrx_word' id='word_1_795' title='bbox 3007 4828 3337 4891; x_wconf 86' lang='lat' dir='ltr'><strong>sacerdotes,</strong></span> <span class='ocrx_word' id='word_1_796' title='bbox 3380 4825 3474 4892; x_wconf 89' lang='lat' dir='ltr'><strong>qui</strong></span> <span class='ocrx_word' id='word_1_797' title='bbox 3515 4823 3776 4891; x_wconf 87' lang='lat' dir='ltr'><strong>pietatem</strong></span> 
     </span>
    </p>
   </div>
   <div class='ocr_carea' id='block_1_109' title="bbox 2180 4916 3773 5000">
    <p class='ocr_par' dir='ltr' id='par_1_109' title="bbox 2180 4916 3773 5000">
     <span class='ocr_line' id='line_1_110' title="bbox 2180 4916 3773 5000; baseline -0.015 -10"><span class='ocrx_word' id='word_1_798' title='bbox 2180 4934 2395 4990; x_wconf 88' lang='lat' dir='ltr'><strong>nomine</strong></span> <span class='ocrx_word' id='word_1_799' title='bbox 2437 4928 2855 5000; x_wconf 71' lang='lat' dir='ltr'><strong>praztcndebaut,</strong></span> <span class='ocrx_word' id='word_1_800' title='bbox 2893 4934 2946 4980; x_wconf 91' lang='lat' dir='ltr'><strong>et</strong></span> <span class='ocrx_word' id='word_1_801' title='bbox 2974 4921 3228 4976; x_wconf 89' lang='lat' dir='ltr'><strong>malitiam</strong></span> <span class='ocrx_word' id='word_1_802' title='bbox 3275 4918 3328 4971; x_wconf 90' lang='lat' dir='ltr'><strong>in</strong></span> <span class='ocrx_word' id='word_1_803' title='bbox 3375 4916 3537 4970; x_wconf 90' lang='lat' dir='ltr'><strong>corde</strong></span> <span class='ocrx_word' id='word_1_804' title='bbox 3581 4925 3773 4969; x_wconf 88' lang='lat' dir='ltr'><strong>conte-</strong></span> 
     </span>
    </p>
   </div>
   <div class='ocr_carea' id='block_1_110' title="bbox 2179 5006 3775 5099">
    <p class='ocr_par' dir='ltr' id='par_1_110' title="bbox 2179 5006 3775 5099">
     <span class='ocr_line' id='line_1_111' title="bbox 2179 5006 3775 5099; baseline -0.016 -16"><span class='ocrx_word' id='word_1_805' title='bbox 2179 5029 2392 5099; x_wconf 88' lang='lat' dir='ltr'><strong>gebant,</strong></span> <span class='ocrx_word' id='word_1_806' title='bbox 2421 5023 2676 5080; x_wconf 68' lang='lat' dir='ltr'><strong>caecitatis</strong></span> <span class='ocrx_word' id='word_1_807' title='bbox 2724 5017 2952 5080; x_wconf 89' lang='lat' dir='ltr'><strong>notavit,</strong></span> <span class='ocrx_word' id='word_1_808' title='bbox 2979 5023 3032 5069; x_wconf 93' lang='lat' dir='ltr'><strong>et</strong></span> <span class='ocrx_word' id='word_1_809' title='bbox 3061 5025 3322 5067; x_wconf 60' lang='lat' dir='ltr'><strong>esteorum</strong></span> <span class='ocrx_word' id='word_1_810' title='bbox 3372 5007 3535 5061; x_wconf 87' lang='lat' dir='ltr'><strong>duces</strong></span> <span class='ocrx_word' id='word_1_811' title='bbox 3584 5006 3775 5059; x_wconf 84' lang='lat' dir='ltr'><strong>redar-</strong></span> 
     </span>
    </p>
   </div>
   <div class='ocr_carea' id='block_1_111' title="bbox 2178 5098 3774 5189">
    <p class='ocr_par' dir='ltr' id='par_1_111' title="bbox 2178 5098 3774 5189">
     <span class='ocr_line' id='line_1_112' title="bbox 2178 5098 3774 5189; baseline -0.015 -15"><span class='ocrx_word' id='word_1_812' title='bbox 2178 5098 2310 5189; x_wconf 89' lang='lat' dir='ltr'><strong>guit,</strong></span> <span class='ocrx_word' id='word_1_813' title='bbox 2350 5127 2404 5173; x_wconf 93' lang='lat' dir='ltr'><strong>et</strong></span> <span class='ocrx_word' id='word_1_814' title='bbox 2441 5117 2663 5171; x_wconf 91' lang='lat' dir='ltr'><strong>multum</strong></span> <span class='ocrx_word' id='word_1_815' title='bbox 2709 5109 3048 5166; x_wconf 79' lang='lat' dir='ltr'><strong>convenienti</strong></span> <span class='ocrx_word' id='word_1_816' title='bbox 3080 5102 3478 5171; x_wconf 85' lang='lat' dir='ltr'><strong>comparatione</strong></span> <span class='ocrx_word' id='word_1_817' title='bbox 3504 5098 3774 5179; x_wconf 83' lang='lat' dir='ltr'><strong>sepulcris</strong></span> 
     </span>
    </p>
   </div>
   <div class='ocr_carea' id='block_1_112' title="bbox 2180 5189 3770 5266">
    <p class='ocr_par' dir='ltr' id='par_1_112' title="bbox 2180 5189 3770 5266">
     <span class='ocr_line' id='line_1_113' title="bbox 2180 5189 3770 5266; baseline -0.018 0"><span class='ocrx_word' id='word_1_818' title='bbox 2180 5209 2438 5266; x_wconf 83' lang='lat' dir='ltr'><strong>dealbatis</strong></span> <span class='ocrx_word' id='word_1_819' title='bbox 2467 5205 2728 5260; x_wconf 78' lang='lat' dir='ltr'><strong>assituiles</strong></span> <span class='ocrx_word' id='word_1_820' title='bbox 2757 5202 2973 5262; x_wconf 89' lang='lat' dir='ltr'><strong>devicit,</strong></span> <span class='ocrx_word' id='word_1_821' title='bbox 3005 5197 3091 5265; x_wconf 89' lang='lat' dir='ltr'><strong>qui</strong></span> <span class='ocrx_word' id='word_1_822' title='bbox 3121 5211 3150 5248; x_wconf 89' lang='lat' dir='ltr'><strong>a</strong></span> <span class='ocrx_word' id='word_1_823' title='bbox 3183 5195 3310 5247; x_wconf 89' lang='lat' dir='ltr'><strong>foris</strong></span> <span class='ocrx_word' id='word_1_824' title='bbox 3351 5189 3567 5259; x_wconf 88' lang='lat' dir='ltr'><strong>quidem</strong></span> <span class='ocrx_word' id='word_1_825' title='bbox 3600 5204 3770 5256; x_wconf 86' lang='lat' dir='ltr'><strong>appa-</strong></span> 
     </span>
    </p>
   </div>
   <div class='ocr_carea' id='block_1_113' title="bbox 2182 5281 3778 5364">
    <p class='ocr_par' dir='ltr' id='par_1_113' title="bbox 2182 5281 3778 5364">
     <span class='ocr_line' id='line_1_114' title="bbox 2182 5281 3778 5364; baseline -0.013 -9"><span class='ocrx_word' id='word_1_826' title='bbox 2182 5309 2302 5356; x_wconf 92' lang='lat' dir='ltr'><strong>rent</strong></span> <span class='ocrx_word' id='word_1_827' title='bbox 2336 5297 2642 5352; x_wconf 84' lang='lat' dir='ltr'><strong>hominibus</strong></span> <span class='ocrx_word' id='word_1_828' title='bbox 2684 5294 2930 5364; x_wconf 80' lang='lat' dir='ltr'><strong>pulchra,</strong></span> <span class='ocrx_word' id='word_1_829' title='bbox 2960 5291 3110 5342; x_wconf 86' lang='lat' dir='ltr'><strong>intus</strong></span> <span class='ocrx_word' id='word_1_830' title='bbox 3134 5299 3260 5340; x_wconf 83' lang='lat' dir='ltr'><strong>vero</strong></span> <span class='ocrx_word' id='word_1_831' title='bbox 3292 5284 3447 5352; x_wconf 81' lang='lat' dir='ltr'><strong>plena</strong></span> <span class='ocrx_word' id='word_1_832' title='bbox 3471 5291 3593 5335; x_wconf 87' lang='lat' dir='ltr'><strong>sunt</strong></span> <span class='ocrx_word' id='word_1_833' title='bbox 3622 5281 3778 5334; x_wconf 87' lang='lat' dir='ltr'><strong>omni</strong></span> 
     </span>
    </p>
   </div>
   <div class='ocr_carea' id='block_1_114' title="bbox 2181 5374 3779 5463">
    <p class='ocr_par' dir='ltr' id='par_1_114' title="bbox 2181 5374 3779 5463">
     <span class='ocr_line' id='line_1_115' title="bbox 2181 5374 3779 5463; baseline -0.014 -15"><span class='ocrx_word' id='word_1_834' title='bbox 2181 5393 2456 5463; x_wconf 86' lang='lat' dir='ltr'><strong>spurcitia.</strong></span> <span class='ocrx_word' id='word_1_835' title='bbox 2490 5390 2597 5444; x_wconf 84' lang='lat' dir='ltr'><strong>Nec</strong></span> <span class='ocrx_word' id='word_1_836' title='bbox 2627 5404 2732 5442; x_wconf 93' lang='lat' dir='ltr'><strong>non</strong></span> <span class='ocrx_word' id='word_1_837' title='bbox 2766 5396 2820 5442; x_wconf 92' lang='lat' dir='ltr'><strong>et</strong></span> <span class='ocrx_word' id='word_1_838' title='bbox 2863 5381 3168 5440; x_wconf 74' lang='lat' dir='ltr'><strong>Phariszeos</strong></span> <span class='ocrx_word' id='word_1_839' title='bbox 3206 5379 3298 5448; x_wconf 81' lang='lat' dir='ltr'><strong>qui.</strong></span> <span class='ocrx_word' id='word_1_840' title='bbox 3341 5375 3443 5432; x_wconf 91' lang='lat' dir='ltr'><strong>sibi</strong></span> <span class='ocrx_word' id='word_1_841' title='bbox 3469 5374 3596 5445; x_wconf 87' lang='lat' dir='ltr'><strong>justi</strong></span> <span class='ocrx_word' id='word_1_842' title='bbox 3623 5375 3779 5428; x_wconf 83' lang='lat' dir='ltr'><strong>vide-</strong></span> 
     </span>
    </p>
   </div>
   <div class='ocr_carea' id='block_1_115' title="bbox 2183 5467 3781 5546">
    <p class='ocr_par' dir='ltr' id='par_1_115' title="bbox 2183 5467 3781 5546">
     <span class='ocr_line' id='line_1_116' title="bbox 2183 5467 3781 5546; baseline -0.014 -9"><span class='ocrx_word' id='word_1_843' title='bbox 2183 5483 2398 5546; x_wconf 83' lang='lat' dir='ltr'><strong>bantur,</strong></span> <span class='ocrx_word' id='word_1_844' title='bbox 2429 5489 2484 5535; x_wconf 92' lang='lat' dir='ltr'><strong>et</strong></span> <span class='ocrx_word' id='word_1_845' title='bbox 2510 5481 2857 5546; x_wconf 83' lang='lat' dir='ltr'><strong>aspernantes</strong></span> <span class='ocrx_word' id='word_1_846' title='bbox 2887 5483 3136 5535; x_wconf 65' lang='lat' dir='ltr'><strong>cancros,</strong></span> <span class='ocrx_word' id='word_1_847' title='bbox 3182 5467 3544 5536; x_wconf 77' lang='lat' dir='ltr'><strong>pmnitentiam</strong></span> <span class='ocrx_word' id='word_1_848' title='bbox 3587 5478 3781 5532; x_wconf 81' lang='lat' dir='ltr'><strong>pecca-</strong></span> 
     </span>
    </p>
   </div>
   <div class='ocr_carea' id='block_1_116' title="bbox 2187 5557 3788 5644">
    <p class='ocr_par' dir='ltr' id='par_1_116' title="bbox 2187 5557 3788 5644">
     <span class='ocr_line' id='line_1_117' title="bbox 2187 5557 3788 5644; baseline -0.014 -12"><span class='ocrx_word' id='word_1_849' title='bbox 2187 5586 2360 5632; x_wconf 86' lang='lat' dir='ltr'><strong>torum</strong></span> <span class='ocrx_word' id='word_1_850' title='bbox 2392 5575 2632 5644; x_wconf 90' lang='lat' dir='ltr'><strong>recipere</strong></span> <span class='ocrx_word' id='word_1_851' title='bbox 2663 5570 2971 5634; x_wconf 82' lang='lat' dir='ltr'><strong>uoluerunt,</strong></span> <span class='ocrx_word' id='word_1_852' title='bbox 3001 5565 3068 5619; x_wconf 90' lang='lat' dir='ltr'><strong>ita</strong></span> <span class='ocrx_word' id='word_1_853' title='bbox 3101 5560 3414 5621; x_wconf 84' lang='lat' dir='ltr'><strong>confutavit,</strong></span> <span class='ocrx_word' id='word_1_854' title='bbox 3442 5569 3498 5612; x_wconf 91' lang='lat' dir='ltr'><strong>ut</strong></span> <span class='ocrx_word' id='word_1_855' title='bbox 3520 5573 3577 5612; x_wconf 89' lang='lat' dir='ltr'><strong>se</strong></span> <span class='ocrx_word' id='word_1_856' title='bbox 3603 5557 3788 5624; x_wconf 29' lang='lat' dir='ltr'><strong>ipsum.</strong></span> 
     </span>
    </p>
   </div>
   <div class='ocr_carea' id='block_1_117' title="bbox 2258 5709 3790 5792">
    <p class='ocr_par' dir='ltr' id='par_1_117' title="bbox 2258 5709 3790 5792">
     <span class='ocr_line' id='line_1_118' title="bbox 2258 5709 3790 5792; baseline -0.013 -9"><span class='ocrx_word' id='word_1_857' title='bbox 2258 5728 2285 5767; x_wconf 67' lang='grc' dir='ltr'>δ</span> <span class='ocrx_word' id='word_1_858' title='bbox 2324 5728 2456 5782; x_wconf 82' lang='lat' dir='ltr'><strong>Deos</strong></span> <span class='ocrx_word' id='word_1_859' title='bbox 2501 5743 2641 5792; x_wconf 81' lang='lat' dir='ltr'><strong>suos,</strong></span> <span class='ocrx_word' id='word_1_860' title='bbox 2689 5735 2735 5780; x_wconf 86' lang='lat' dir='ltr'><strong>ct</strong></span> <span class='ocrx_word' id='word_1_861' title='bbox 2779 5725 2873 5779; x_wconf 81' lang='lat' dir='ltr'><strong>sibi</strong></span> <span class='ocrx_word' id='word_1_862' title='bbox 2907 5737 3119 5792; x_wconf 80' lang='lat' dir='ltr'><strong>regnum</strong></span> <span class='ocrx_word' id='word_1_863' title='bbox 3163 5718 3274 5772; x_wconf 79' lang='lat' dir='ltr'><strong>Dei.</strong></span> <span class='ocrx_word' id='word_1_864' title='bbox 3308 5714 3434 5770; x_wconf 66' lang='lat' dir='ltr'><strong>Ilmc</strong></span> <span class='ocrx_word' id='word_1_865' title='bbox 3483 5713 3534 5768; x_wconf 86' lang='lat' dir='ltr'><strong>in</strong></span> <span class='ocrx_word' id='word_1_866' title='bbox 3582 5709 3790 5765; x_wconf 73' lang='lat' dir='ltr'><strong>mendo</strong></span> 
     </span>
    </p>
   </div>
   <div class='ocr_carea' id='block_1_118' title="bbox 2194 5800 2688 5859">
    <p class='ocr_par' dir='ltr' id='par_1_118' title="bbox 2194 5800 2688 5859">
     <span class='ocr_line' id='line_1_119' title="bbox 2194 5800 2688 5859; baseline -0.016 0"><span class='ocrx_word' id='word_1_867' title='bbox 2194 5800 2389 5859; x_wconf 80' lang='lat' dir='ltr'><strong>cubare</strong></span> <span class='ocrx_word' id='word_1_868' title='bbox 2423 5801 2688 5856; x_wconf 81' lang='lat' dir='ltr'><strong>videntur.</strong></span> 
     </span>
    </p>
   </div>
  </div>
