4002 6350
289 348 351 404 3|
1808 345 1871 400 ει

1974 345 2051 399 l0.
3468 343 3543 396 Ἡ

289 465 488 518 diceret
503 467 638 518 ideo
668 465 901 528 venisse,
931 476 1034 515 non
1059 471 1115 515 ut
1142 460 1332 529 justus,
1364 457 1456 514 sed
1489 467 1794 525 peccatores
1820 468 1873 510 et
1904 467 1946 518 Α
1982 455 2162 518 turati,
2197 454 2494 521 petiverunt
2535 452 2837 523 praesidem,
2886 459 2943 504 ut
2970 463 3091 504 eum
3121 451 3354 519 crucifigi
3405 467 3539 520 prae-

294 553 532 620 perditos
575 554 870 618 inquireret
896 561 952 606 et
976 551 1154 606 salvos
1191 550 1408 604 faceret.
1443 550 1508 604 Et
1535 565 1594 604 se
1625 564 1742 603 esse
1773 563 1877 601 ve-

289 660 404 698 rum
451 644 549 698 Dei
596 642 817 711 Filium,
852 658 955 698 non
1005 644 1178 698 solum
1226 643 1567 697 attestatione
1607 642 1875 709 signorum

287 745 341 790 et
384 737 799 804 incomparabili
843 735 1101 803 sapientia
1150 734 1527 798 manifestavit,
1581 734 1674 788 sed
1720 732 1876 786 etiam

289 827 620 895 prOpheticia
684 828 898 882 litteris
932 842 995 881 ac
1065 827 1430 880 iuvictissimis
1476 825 1885 894 allegationibus-

289 917 608 984 approbavit
645 936 657 969 :
702 917 799 971 sed
852 915 1112 970 increduli
1143 916 1310 970 Judaei
1339 915 1549 984 quoties
1580 917 1632 968 in
1680 916 1878 970 sanctis

288 1008 400 1060 suis
433 1006 604 1060 Deum
648 1017 992 1061 coiitemnere
1021 1021 1123 1059 non
1155 1006 1465 1068 timuerunt,
1495 1019 1592 1059 nec
1618 1007 1687 1057 ab
1721 1006 1878 1058 unico

287 1097 422 1151 Filio
451 1098 574 1166 ejus
623 1097 839 1151 malitia:
870 1111 982 1150 suae
1024 1096 1448 1150 machinamenta
1479 1095 1874 1158 continuerunt,

286 1186 499 1255 injuriis
525 1201 648 1239 eum
679 1186 1090 1239 iacessentes—et
1120 1185 1435 1248 maledictis,
1469 1185 1684 1252 insuper
1721 1192 1774 1237 et
1801 1184 1876 1236 la-

285 1276 499 1344 pidibus
529 1291 651 1331 eum
683 1276 1025 1331 insectantes.
1055 1275 1188 1329 Cum
1213 1289 1342 1343 ergo
1374 1273 1762 1341 incorrigibiles
1785 1287 1879 1327 eos

285 1368 628 1436 pervideret,
675 1383 797 1422 cum
851 1366 1124 1434 discipulis
1193 1366 1306 1420 suis
1358 1364 1616 1419 secedens
1672 1364 1740 1417 ab
1800 1364 1878 1416 eis

286 1476 561 1526 seorsum,
592 1461 800 1514 ruinam
834 1461 1146 1513 miserorum
1173 1457 1281 1525 jam
1305 1457 1516 1526 jamque
1543 1456 1876 1520 incumbere,

286 1553 376 1608 sed
420 1561 478 1607 et
523 1552 708 1606 mundi
749 1551 909 1605 totius
943 1551 1101 1604 finem
1144 1565 1248 1602 non
1292 1552 1447 1616 longe
1479 1556 1596 1616 post
1643 1547 1878 1600 futurum

293 1646 660 1700 renuntiavit:
693 1654 747 1698 et
789 1658 849 1697 se
897 1657 992 1709 pro
1038 1643 1210 1695 salute
1254 1640 1466 1709 generis
1511 1638 1726 1694 humani
1771 1638 1878 1690 cito

288 1736 458 1788 crucis
493 1736 788 1801 patibulum
819 1734 1139 1795 subiturum,
1171 1740 1226 1786 et
1267 1733 1352 1785 die
1393 1732 1543 1784 tertia
1572 1744 1633 1784 se
1687 1743 1865 1782 resur-

291 1835 557 1878 recturum
585 1838 709 1878 esse
735 1823 1091 1892 prophetavit.

357 1935 495 1988 XVI.
540 1935 746 1988 interea
788 1949 919 2004 gens
960 1933 1118 2001 impia
1168 1946 1325 1984 unum
1371 1931 1436 1983 de
1465 1929 1738 1998 discipulis
1763 1926 1870 1996 jam

291 2024 485 2078 dudum
533 2025 770 2077 avaritias
802 2023 988 2077 morbo
1029 2031 1358 2088 corruptum,
1406 2021 1666 2087 promissa
1715 2035 1874 2086 pecu-

291 2116 399 2181 nia,
433 2117 499 2168 ad
536 2115 890 2184 proditionem
938 2114 1174 2184 magistri
1204 2120 1256 2165 et
1299 2111 1506 2165 Domini
1543 2111 1622 2164 sui
1665 2119 1875 2179 protra-

293 2207 421 2261 here
463 2214 748 2261 curaverat
793 2223 806 2258 :
851 2204 974 2259 dum
1019 2203 1109 2257 ille
1155 2201 1365 2257 diabolo
1414 2200 1624 2270 plenus,
1666 2208 1722 2254 et
1765 2199 1873 2267 jam

292 2299 427 2350 ultro
470 2297 705 2351 inimicis
747 2310 867 2350 eum
922 2293 1134 2349 tradere
1178 2300 1392 2361 paratus
1438 2299 1602 2346 esset.
1657 2289 1872 2358 Captata

293 2389 448 2456 igitur
493 2389 894 2456 opportunitate
941 2386 1153 2455 quando
1190 2385 1307 2439 sine
1351 2385 1517 2438 turbis
1558 2397 1676 2448 quas
1725 2382 1872 2436 illum

295 2476 732 2546 frequentissime
749 2478 897 2545 sequi
919 2476 1186 2539 solebant,
1214 2474 1280 2527 ita
1305 2473 1371 2527 ab
1391 2471 1714 2526 adversariis
1734 2472 1871 2536 capi,

297 2569 466 2634 ligari,
525 2568 773 2638 trahique
817 2566 1108 2636 potuisset,
1161 2574 1217 2619 ut
1261 2564 1517 2620 evadendi
1557 2565 1640 2617 vel
1689 2563 1874 2617 defen—

300 2659 450 2713 dendi
495 2660 720 2714 facultas
767 2660 837 2726 ei,
890 2659 1026 2713 sicut
1069 2658 1171 2711 illis
1222 2655 1519 2720 videbatur,
1552 2670 1656 2708 non
1693 2663 1872 2717 esset;

306 2760 420 2818 post
464 2753 763 2806 orationem
816 2766 972 2819 quam
1031 2750 1188 2802 valde
1235 2747 1496 2815 prolixam
1552 2760 1648 2814 pro
1703 2745 1874 2799 salute

300 2849 478 2893 nostra
527 2840 637 2895 Deo
688 2841 831 2895 Patri
887 2837 1145 2909 profudit,
1192 2839 1400 2892 obviam
1448 2835 1875 2905 persecutoribus

297 2928 404 2981 suis
435 2928 717 2996 processit,
748 2936 803 2982 et
848 2943 1002 2994 quem
1034 2935 1334 2995 quaererent
1366 2923 1732 2992 interrogavit.
1775 2922 1873 2988 Qui

294 3032 414 3071 cum
462 3033 526 3072 se
580 3017 762 3072 Jesum
806 3016 992 3088 (quod
1027 3014 1217 3069 nomen
1266 3013 1381 3082 ejus
1428 3022 1543 3068 erat
1589 3010 1871 3079 propitium

295 3107 420 3178 ιρις.
456 3107 776 3176 pr0prium)
819 3121 1061 3174 quaerere
1101 3105 1378 3168 dixissent,
1414 3110 1468 3157 et
1516 3102 1603 3155 ille
1645 3117 1704 3156 se
1753 3115 1870 3156 esse

295 3198 671 3263 responderet,
704 3197 894 3251 iterum
919 3205 1077 3263 atque
1108 3195 1299 3248 iterum
1327 3189 1869 3255 retroactiabieruut,

299 3300 351 3343 et
375 3291 692 3344 ceciderunt
721 3287 776 3342 in
807 3295 1022 3341 terram.
1055 3285 1161 3339 Sed
1194 3285 1278 3352 qui
1312 3283 1378 3336 ad
1410 3281 1509 3334 hoc
1549 3288 1787 3344 venerat,
1821 3290 1876 3334 ut

294 3385 548 3452 passione
594 3396 687 3436 sua
737 3395 833 3436 nos
879 3381 945 3434 ab
983 3389 1182 3434 aeterna
1214 3375 1553 3430 damnatione
1597 3375 1872 3438 liberaret,

297 3476 513 3529 tandem
561 3474 863 3542 aliquando,
897 3472 1189 3540 maiestatis
1219 3484 1328 3524 sua:
1358 3468 1595 3537 potentia
1625 3466 1690 3519 ad
1734 3475 1870 3520 tem-

292 3584 388 3638 pus
417 3568 760 3632 abscondita,
805 3567 857 3620 in
905 3572 1222 3634 potestatem
1264 3559 1548 3615 furentium
1593 3572 1651 3611 se
1683 3565 1873 3625 sponte

293 3659 563 3728 permisit,
593 3667 651 3712 ut
682 3657 915 3712 indebita
947 3664 1118 3709 morte
1147 3667 1243 3708 sua
1287 3665 1383 3704 nos
1412 3650 1480 3704 ab
1509 3647 1758 3703 omnibus
1780 3645 1871 3699 de-

295 3750 420 3803 bitis
469 3747 700 3816 peccatis
749 3745 1069 3799 absolveret.
1112 3742 1337 3810 Captum
1380 3753 1507 3808 ergo
1553 3745 1609 3792 et
1656 3736 1870 3805 ligatum

295 3839 447 3907 impii
481 3834 709 3890 ministri
751 3834 816 3888 ad
849 3819 1278 3886 tribunal-Pilati
1327 3826 1566 3897 prtesidis
1605 3825 1870 3893 perduxe-

300 3941 439 3994 runt,
474 3930 617 3998 quod
648 3935 858 3997 gentem
907 3925 1118 3979 illorum
1166 3923 1528 3984 subverteret,
1575 3925 1632 3971 et
1673 3917 1866 3971 tributa

296 4021 496 4075 ϐεδετὶ
526 4020 656 4074 dare
700 4016 1024 4085 prohiberet,
1064 4021 1121 4068 et
1143 4011 1415 4066 Christum
1456 4022 1634 4077 regem
1661 4024 1720 4062 se
1748 4022 1870 4061 esse

293 4113 541 4175 diceret;
571 4118 628 4163 et
678 4107 877 4162 idcirco
917 4104 1078 4175 judex
1129 4104 1262 4173 ipse,
1308 4102 1354 4156 si
1398 4101 1602 4154 amicus
1637 4098 1866 4154 Caesaris

298 4219 418 4258 esse
442 4203 724 4264 voluisset,
759 4199 916 4253 talem
949 4197 1128 4251 vivere
1167 4196 1220 4249 in
1249 4194 1331 4249 sui
1365 4192 1864 4248 condemnationem

295 4294 487 4361 capitis
513 4293 824 4361 permittere
850 4304 953 4343 non
981 4287 1218 4342 deberet.
1244 4286 1377 4340 Tum
1400 4284 1510 4349 ille,
1543 4283 1866 4338 necessitate

298 4381 632 4450 compulsus,
659 4378 805 4433 dedit
831 4377 976 4432 illum
1007 4375 1265 4430 militibus
1288 4372 1397 4428 suis
1417 4372 1484 4425 ad
1514 4370 1861 4425 illudendum.

1977 544 2198 612 ciperet.
2230 542 2379 608 Quod
2411 557 2530 595 cum
2566 543 2654 597 ille
2683 542 2875 609 szepius
2906 542 3183 605 abnueret,
3213 542 3396 596 dicens
3423 560 3433 594 :
3472 542 3545 596 In.

1978 652 2035 690 eo
2062 651 2114 687 re
2151 635 2280 687 nihil
2320 635 2531 705 dignum
2571 646 2728 687 morte
2758 635 2982 687 inuenire
3012 634 3163 702 (Luc.
3191 635 3381 702 nm);
3415 646 3541 688 tunc

1981 728 2138 796 impia
2167 742 2295 796 gens
2323 736 2376 781 et
2414 729 2586 782 cuntis
2611 726 2991 790 abominanda,
3037 727 3125 780 tali
3173 728 3453 781 maledicto
3481 742 3542 781 se

1977 819 2267 882 damnavit,
2309 827 2367 873 ut
2406 819 2828 886 imprecarentur
2874 819 3172 886 sanguinem
3219 820 3332 889 ejus
3373 820 3539 872 venire

1977 927 2126 980 super
2151 921 2276 964 se-et
2306 926 2455 978 super
2479 911 2618 977 ﬁlios
2652 926 2769 963 auos
2800 907 3011 978 (Matth.
3048 923 3211 975 xxvii,
3242 907 3371 976 25);
3405 910 3541 976 adji-

1977 1006 2177 1060 cieutcs
2199 1005 2320 1072 quia
2367 1004 2465 1071 ipsi
2508 1005 2673 1072 legem
2707 1003 2982 1062 baberent,
3012 1011 3065 1055 et
3116 1001 3202 1055 ille
3248 1003 3535 1056 secundum

1981 1095 2151 1162 legem
2177 1093 2394 1148 deberet
2419 1094 2551 1146 uori
2579 1093 2667 1160 qui
2698 1107 2756 1146 se
2785 1093 2876 1146 Dei
2907 1091 3094 1145 Filium
3120 1100 3540 1160 praesumptuOSe

1981 1185 2176 1238 faceret
2205 1200 2216 1233 :
2247 1182 2340 1236 sed
2373 1196 2439 1234 ne
2472 1181 2636 1235 verbo
2672 1181 2890 1249 quidem
2914 1181 3142 1247 simplici
3185 1180 3405 1243 diceret,
3438 1180 3543 1233 nisi

1980 1289 2042 1327 eo
2070 1272 2227 1326 modo
2257 1283 2312 1323 ut
2345 1272 2440 1338 ipsi
2491 1286 2554 1326 ex
2584 1271 2836 1338 operibus
2865 1285 2982 1341 quze
3013 1271 3065 1324 in
3111 1271 3324 1324 nomine
3364 1269 3538 1324 Patris

1978 1364 2059 1417 sui
2117 1362 2339 1416 faciebat
2385 1362 2735 1424 metirentur,
2786 1371 2876 1414 aut
2931 1361 3316 1430 coniectarent,
3367 1368 3542 1413 utrum

1980 1460 2244 1506 tantorum
2277 1451 2600 1504 mirabilium
2622 1459 2870 1517 Operator
2894 1451 3058 1504 Filius
3084 1451 3171 1505 Dei
3195 1451 3298 1506 dici
3320 1459 3375 1505 et
3397 1452 3539 1504 credi

1980 1544 2169 1597 merito
2220 1542 2461 1596 deberet.
2507 1541 2597 1595 His
2645 1541 2801 1610 igitur
2847 1555 3047 1609 praeses
3087 1543 3448 1607 tremefactus,
3491 1552 3546 1592 et

1987 1633 2216 1686 maxime
2244 1643 2459 1700 propter
2489 1630 2616 1684 illud
2648 1631 2991 1691 constrictus,
3025 1631 3163 1699 quod
3194 1631 3340 1699 quasi
3371 1631 3541 1684 maxi-

1981 1738 2121 1775 mum
2173 1732 2226 1777 et
2275 1722 2604 1776 intolerabile
2653 1721 2755 1774 sibi
2804 1723 3065 1775 metuebat
3111 1720 3376 1789 objectum
3422 1739 3433 1772 :
3483 1720 3544 1774 Si

1911 1807 1949 1864 Β
1979 1815 2113 1866 hunc
2143 1814 2375 1878 dimittis,
2410 1830 2509 1866 non
2539 1829 2590 1866 es
2619 1814 2814 1866 amicus
2840 1810 3054 1866 Cwsaris
3079 1812 3258 1881 (Joan.
3285 1827 3392 1877 xix,
3429 1811 3545 1874 12),

1977 1906 2289 1976 adiudicavit
2320 1905 2429 1972 fieri
2480 1905 2771 1973 petitionem
2817 1919 2991 1958 eorum
3027 1903 3174 1974 (Luc.
3207 1919 3358 1968 mu,
3389 1903 3504 1960 24).

2048 2039 2232 2093 XVIII.
2263 2038 2411 2092 Tunc
2454 2037 2816 2105 imposuerunt
2846 2036 2891 2089 ei
2924 2050 3135 2089 crucem
3166 2051 3320 2102 quam
3352 2035 3417 2090 ad
3457 2037 3536 2088 lu-

1977 2144 2096 2181 cum
2131 2143 2296 2196 usque
2325 2136 2589 2196 portaret;
2629 2125 2722 2180 sed
2747 2134 2922 2179 tamen
2953 2127 3106 2192 quasi
3137 2129 3457 2180 honorantes
3487 2137 3542 2180 ct

1977 2219 2360 2288 conipaticntes
2389 2217 2436 2270 ei
2478 2231 2633 2286 quem
2669 2224 2776 2269 tam
2822 2215 3037 2286 indigna
3079 2226 3250 2270 morte
3281 2219 3545 2286 perimere

1977 2318 2301 2378 satagerunt,
2343 2315 2635 2374 coegerunt
2679 2306 2962 2374 quemdam
3014 2307 3368 2375 alienigenam
3417 2323 3543 2362 cru-

1977 2416 2091 2457 cem
2121 2400 2259 2455 fcrre
2291 2410 2406 2468 post
2438 2399 2606 2454 illum.
2643 2398 2852 2452 Etcum
2889 2399 3124 2452 venisset
3153 2397 3220 2452 ad
3251 2399 3424 2452 locum
3456 2401 3542 2467 qui

1977 2492 2237 2546 Calvarize
2264 2490 2562 2554 dicebatur,
2594 2503 2688 2556 pro
2717 2502 2781 2540 co
2810 2487 2949 2555 quod
2992 2486 3184 2541 ibidem
3225 2487 3289 2540 ad
3319 2499 3544 2541 mortem

1976 2581 2316 2638 condemnati
2357 2582 2589 2634 truncari
2644 2579 2908 2643 solebant,
2951 2577 3217 2632 Clu-istum
3263 2579 3544 2634 Dominum

1977 2675 2374 2745 cruciﬁgentes;
2411 2683 2464 2725 ut
2495 2687 2557 2725 ex
2587 2671 2687 2724 hoc
2719 2670 3024 2738 turpissima
3055 2685 3199 2723 mors
3234 2670 3551 2725 redderetur

1977 2766 2243 2830 infamior,
2287 2765 2518 2817 latrones
2549 2778 2709 2815 unum
2741 2776 2768 2813 a
2799 2760 3022 2824 dextris,
3054 2760 3276 2813 alterum
3322 2775 3548 2829 suspen-

1975 2858 2168 2912 derunt
2196 2871 2226 2909 a
2260 2855 2514 2918 sinistris,
2548 2861 2601 2906 et
2630 2852 2713 2904 bis
2740 2851 2915 2906 verbis
2946 2849 3168 2906 irridere
3201 2851 3499 2920 gaudebant
3528 2871 3539 2904 :

1975 2950 2113 3002 Alios
2156 2949 2321 3002 salvos
2353 2947 2487 3012 fecit,
2527 2960 2578 2998 se
2608 2945 2773 3012 ipsum
2821 2958 2920 2996 non
2950 2949 3108 3012 potest
3137 2943 3332 2996 salvum
3381 2946 3546 3010 facere

1974 3040 2187 3110 (Matth.
2221 3055 2385 3103 xxvu,
2423 3037 2535 3107 49.).
2581 3036 2724 3092 Unus
2753 3035 2910 3091 etiam
2941 3035 3007 3090 de
3031 3036 3347 3100 latronibus,
3381 3038 3543 3090 simili

1976 3130 2261 3184 bacchatus
2310 3128 2534 3194 insania,
2579 3126 2709 3180 dixit
2740 3125 2804 3180 ad
2847 3126 2995 3180 illum
3027 3146 3038 3179 :
3067 3126 3127 3181 Si
3171 3136 3224 3180 tu
3274 3142 3324 3179 es
3375 3125 3546 3180 Filius

1981 3219 2096 3285 Dei,
2129 3219 2324 3272 salvum
2353 3222 2436 3288 [ac
2457 3226 2504 3270 te
2527 3217 2692 3283 ipsum
2715 3228 2760 3270 et
2790 3232 2878 3268 nos
2904 3216 3057 3285 (Luc.
3084 3232 3232 3282 χχιιι,
3255 3217 3365 3284 59).
3397 3216 3545 3270 Alter

1978 3324 2127 3373 vero,
2159 3309 2307 3378 cujus
2336 3308 2475 3362 Deus
2507 3307 2808 3361 illuminare
2834 3305 3080 3375 dignatus
3115 3315 3197 3361 est
3218 3316 3448 3360 mentem
3477 3307 3544 3360 ad

1975 3400 2396 3467 cognoscendam
2428 3400 2705 3453 veritatem
2748 3405 3085 3465 praesentem,
3116 3397 3423 3464 increpabat
3451 3411 3540 3450 so-

1975 3490 2134 3555 cium,
2167 3499 2223 3544 et
2249 3490 2548 3543 obsecravit
2580 3488 2862 3540 Dominum
2897 3487 3237 3555 pendentem,
3273 3495 3327 3539 ut
3352 3487 3544 3540 suimet

1976 3583 2027 3635 in
2073 3596 2236 3648 regno
2263 3596 2360 3634 suo
2393 3577 2700 3632 meminisse
2726 3577 3051 3646 dignaretur.
3083 3575 3246 3646 Cujus
3273 3577 3540 3630 credulam

1975 3679 2208 3724 mentem
2248 3675 2302 3722 et
2332 3683 2392 3722 os
2421 3668 2684 3721 confitens
2728 3665 2973 3720 Christus
3002 3667 3321 3734 approbans,
3353 3668 3539 3721 eodem

1973 3759 2057 3812 die
2087 3774 2268 3813 secum
2301 3758 2355 3812 in
2404 3758 2648 3824 paradiso
2686 3757 2833 3810 illum
2881 3756 3166 3826 spopondit
3213 3756 3538 3813 adfuturum.

1973 3850 2107 3904 Dum
2153 3851 2270 3903 hate
2317 3849 2543 3905 Creator
2592 3864 2622 3901 a
2668 3857 2913 3902 creatura
2962 3862 3119 3916 quam
3172 3848 3538 3902 rationabilem

1971 3939 2232 4004 condidit,
2285 3939 2620 4009 pertulisset,
2676 3937 3060 3992 irrationabilia
3113 3947 3165 3992 et
3215 3938 3538 3992 insensibilia

1972 4033 2266 4100 majestatis
2312 4032 2430 4099 ejus
2473 4042 2602 4084 nutu
2631 4031 2937 4095 conterrita,
2968 4031 3236 4085 defectum
3265 4031 3344 4084 sui
3395 4047 3540 4085 mor-

1972 4125 2166 4178 talibus
2197 4124 2570 4178 minabantur:
2599 4138 2718 4177 cum
2751 4133 2804 4178 ct
2840 4123 2920 4176 sol
2945 4123 2998 4176 in
3029 4123 3276 4177 tenebras
3300 4124 3366 4176 sit
3406 4137 3541 4177 con-

1969 4229 2176 4280 versus,
2226 4222 2282 4266 et
2311 4223 2448 4267 terra
2495 4220 2657 4276 mota,
2690 4222 2743 4266 et
2774 4222 2939 4280 petra:
2987 4213 3190 4276 scissae,
3247 4222 3300 4265 et
3346 4227 3537 4265 monu-

1970 4313 2150 4358 menta
2193 4311 2398 4372 aperta,
2428 4313 2481 4358 et
2527 4319 2703 4357 rerum
2748 4312 2933 4356 natura
2970 4305 3197 4369 turbata,
3229 4319 3347 4371 quae
3397 4304 3537 4370 inju—

1970 4399 2101 4451 riam
2131 4397 2226 4450 Dei
2282 4395 2422 4450 ferre
2455 4410 2558 4447 non
2599 4395 2912 4447 sustinebat.
2948 4393 3073 4448 Post
3123 4394 3232 4447 haec
3265 4410 3388 4446 vero
3418 4408 3539 4447 cum

296 4471 392 4537 Qui
441 4469 682 4523 ίηίδοτίθ
720 4473 891 4528 “Stet
944 4464 1114 4554 Vell"?
1149 4463 1238 4538 (ιυιί
1289 4462 1489 4554 τῗβίυω
1533 4460 1638 4554 θην
1669 4475 1862 4554 ηοωθξι
1898 4490 1948 4550 D
1973 4488 2149 4542 omnia
2181 4489 2384 4554 reliqua
2417 4500 2538 4554 qua:
2587 4485 2698 4539 ﬁeri
2733 4493 3042 4553 oportuerat
3072 4495 3252 4538 essent
3300 4485 3533 4551 impleta,

298 4573 563 4627 usurpare
608 4565 974 4625 praesumeret,
1032 4553 1258 4607 induens
1286 4549 1509 4622 (Forte,
1543 4549 1865 4617 induentes),

293 4660 348 4704 et
376 4647 793 4715 coronaspinea
825 4659 928 4714 pro
949 4643 1246 4697 diademate
1271 4650 1608 4704 coronatum,
1647 4639 1773 4708 quin
1814 4649 1868 4692 et

292 4737 560 4790 arundine
610 4750 706 4803 pro
750 4745 967 4802 sceptro
1017 4732 1274 4800 imperiali
1306 4731 1582 4785 dexteram
1627 4730 1867 4798 comple-

298 4841 430 4894 tum,
464 4828 639 4896 sputis
688 4828 741 4880 in
778 4826 968 4879 faciem
1013 4824 1154 4879 illius
1195 4823 1443 4891 projectis
1468 4861 1484 4886 ,
1527 4829 1583 4875 et
1625 4820 1868 4889 colaphis

293 4919 572 4987 alapisque
618 4915 980 4978 creberrimis,
1030 4912 1318 4981 ferulisque
1361 4910 1692 4966 caedentibus
1745 4923 1866 4964 eum

296 5012 639 5079 injurianles,
670 5018 726 5063 et
759 5007 900 5076 regis
929 5005 1144 5060 nomine
1189 5004 1483 5057 salutantes
1509 5018 1523 5066 ;
1567 5003 1785 5069 insuper
1815 5009 1870 5053 et

295 5100 629 5167 singulorum
674 5096 888 5150 nomina
941 5093 1164 5161 prodere
1209 5094 1442 5146 velatum
1490 5090 1864 5158 postulantes:

297 5190 443 5257 quasi
476 5187 583 5242 vile
613 5184 937 5252 mancipium
959 5180 1270 5254 (utvinterim
1298 5180 1390 5235 Dei
1420 5179 1610 5233 Filium
1636 5179 1866 5244 taceam)

299 5279 591 5330 maximum
619 5274 958 5343 prophetam,
983 5281 1036 5326 et
1066 5279 1328 5325 tantorum
1350 5268 1656 5325 ell‘eCtorem
1686 5267 1866 5334 signo-

300 5381 438 5428 rum,
471 5364 1036 5434 sapientissimumque
1066 5363 1238 5415 virum
1289 5360 1592 5429 turpissime
1641 5366 1871 5411 tractare

298 5457 657 5520 atuduerunt;
698 5462 753 5508 et
788 5453 864 5508 ita
910 5452 1144 5518 illusum,
1195 5451 1302 5505 imo
1345 5450 1683 5517 castigatum,
1713 5457 1768 5502 et
1814 5456 1873 5501 ut

299 5546 536 5614 apertius
568 5544 783 5612 quidem
817 5542 1013 5608 dicam,
1055 5541 1432 5596 mortilicatum
1469 5539 1730 5607 praefecto
1770 5552 1871 5593 suo

300 5638 490 5692 iterato
519 5635 670 5689 illum
702 5640 1181 5710 praesentaverunt.

376 5726 536 5782 XVII.
563 5724 734 5782 Judaei
774 5737 904 5779 vero
934 5721 1159 5779 necdum
1190 5719 1353 5777 tantis
1376 5719 1491 5791 ejus
1530 5717 1736 5789 injuriis
1781 5735 1871 5776 sa-

1974 4586 2032 4632 ut
2078 4586 2543 4630 consummaretur
2586 4576 2860 4642 Scriptura
2907 4576 3045 4642 quod
3089 4585 3239 4626 aceto
3280 4575 3538 4640 potandus

1969 4679 2133 4735 esset,
2165 4670 2313 4723 sitire
2357 4683 2418 4722 se
2447 4668 2601 4730 dixit,
2633 4675 2834 4719 etcum
2881 4666 3176 4732 accepisset
3221 4677 3451 4729 acetmn,
3487 4677 3540 4718 et

1971 4776 2122 4815 suum
2144 4759 2384 4826 spiritum
2413 4758 2462 4809 in
2491 4770 2678 4808 manus
2701 4754 2872 4807 Patris
2893 4754 3342 4821 commendasset,
3366 4757 3535 4811 dixit:

1973 4848 2388 4903 Cousummatum
2434 4855 2528 4908 est,
2556 4854 2600 4896 et
2631 4844 2700 4897 sic
2731 4843 2977 4897 inclinato
3007 4846 3168 4914 capite
3195 4847 3406 4899 tradidit
3437 4850 3539 4915 spi-

1969 4940 2122 4990 ritum
2154 4935 2333 5006 (Joan.
2386 4951 2498 4998 XIX,
2547 4933 2662 5003 50).
2719 4934 2784 4987 Et
2838 4935 3130 4989 honorilice
3183 4937 3422 5005 sepultus
3474 4943 3542 4989 ab

1970 5029 2176 5090 amicis,
2208 5027 2513 5080 cautissime
2540 5028 2851 5081 servabatur
2876 5043 2904 5078 a
2935 5027 3264 5090 custodibus,
3298 5039 3541 5081 metuen-

1974 5123 2113 5176 tibus
2141 5121 2389 5175 videlicet
2415 5134 2480 5173 ne
2510 5120 2597 5174 die
2627 5120 2780 5173 tertia
2799 5158 2814 5183 ,
2847 5119 2984 5172 sicut
3012 5130 3138 5174 ante
3167 5119 3430 5187 pratdixit,
3458 5134 3540 5171 re-

1972 5229 2188 5283 surgere
2219 5213 2492 5281 potuisset.

2045 5347 2184 5402 XIX.
2216 5347 2320 5400 Sed
2362 5344 2583 5412 angelus
2615 5358 2645 5397 e
2685 5343 2824 5398 caelo
2850 5344 3087 5406 veniens,
3115 5343 3310 5397 milites
3358 5343 3537 5409 sepul-

1971 5455 2121 5494 crum
2150 5435 2587 5506 evigilantissime
2614 5434 2974 5486 custodientes
3005 5442 3328 5486 mortuorum
3373 5432 3536 5484 instar
3585 5450 3590 5454 '

1972 5534 2298 5603 stupefactos
2326 5528 2590 5592 reddidit;
2622 5536 2677 5581 et
2705 5533 2823 5594 post
2852 5527 3114 5579 modicum
3150 5533 3390 5576 recreato
3417 5526 3534 5577 ani-
3588 5535 3592 5539 ‘

1977 5641 2063 5681 mo
2091 5635 2145 5680 et
2172 5624 2380 5691 spiritu,
2410 5626 2570 5675 testes
2598 5617 2845 5686 gloriosa:
2871 5615 3274 5670 resurrectionis
3310 5613 3425 5680 ejus
3454 5614 3535 5666 ef--
3569 5649 3576 5654 .

1978 5715 2121 5774 fecit.
2154 5716 2316 5771 Porro
2345 5711 2557 5767 interim
2585 5723 2707 5764 cum
2748 5708 2846 5776 ipsi
2874 5710 3110 5780 jacerent
3141 5713 3196 5757 ut
3241 5705 3535 5770 exanimes,
3562 5760 3566 5762 ,
