4002 6350
524 317 587 370 25
1367 319 1610 375 SANCTI
1652 321 1852 376 GALLI
1893 322 2183 378 ABDATIS
2229 323 2312 378 ET
2362 323 2819 385 CONFESSORIS
3687 338 3754 394 28

522 429 632 492 pias
679 440 796 479 cum
851 424 1176 480 aromatibus
1224 425 1338 495 ejus
1369 437 1394 463 °
1423 431 1794 498 corrumpendi
1840 435 2078 500 corporis
2103 436 2157 493 Α
2182 431 2358 500 fuerit,
2390 437 2556 489 salvus
2583 438 2709 501 erit;
2739 439 2825 506 qui
2852 453 2962 492 vero
2992 455 3092 492 nou
3133 439 3430 508 crediderit,
3455 458 3757 498 conueniun-

522 517 834 572 visitatrices
865 516 1001 573 idem
1035 517 1257 585 angelus
1285 529 1556 588 gratanter
1579 521 1786 588 aﬁ'atus,
1831 537 1898 577 ne
1929 521 2084 576 time-

522 619 638 661 rent
668 608 907 662 hortatus
948 616 1048 662 est.
1097 609 1162 662 Et
1190 611 1309 678 quia
1360 611 1612 667 Dominus
1643 613 1798 667 Jesus
1845 612 2087 667 Christus

520 699 730 753 devicto
753 700 938 752 mortis
961 700 1183 768 imperio
1205 704 1497 756 resurrexit
1519 712 1668 758 certo
1693 703 1937 771 patefecit
1958 703 1983 742 ιι
2007 704 2088 759 in-

520 791 686 855 dicio,
717 799 768 843 et
799 799 855 844 ut
887 791 1058 844 locum
1099 792 1338 848 viderent
1365 795 1461 849 "ubi
1507 795 1707 863 positus
1751 805 1866 850 erat
1896 796 2087 850 Domi-

519 896 634 942 nus,
669 881 962 934 admonuit.
1006 883 1121 948 Quo
1166 899 1286 938 cum
1341 886 1620 950 intrarent,
1657 885 1902 941 viderunt
1950 887 2086 942 duos

518 974 738 1040 angelos
781 975 831 1027 in
874 976 1007 1029 albis
1038 977 1309 1043 sedentes,
1356 993 1514 1032 unum
1539 978 1604 1032 ad
1633 988 1810 1047 caput,
1841 987 1894 1034 et
1922 997 2084 1035 unum

519 1062 586 1114 ad
619 1064 801 1130 pedes,
833 1067 1098 1133 quondatn
1144 1068 1212 1121 ibi
1247 1069 1656 1138 requiescentis,
1705 1079 1760 1126 et
1805 1072 1963 1128 modo
1994 1088 2084 1128 re-

517 1156 804 1222 surgentis,
841 1157 961 1211 inde
1005 1159 1235 1212 auctoris
1267 1167 1478 1213 atternae
1519 1160 1660 1216 vitta.
1709 1161 1946 1232 Cumque
1995 1178 2086 1233 pa-

516 1245 737 1301 vefactce
785 1250 1072 1316 cmpissent
1117 1249 1318 1319 egredi,
1374 1248 1625 1320 aufugere
1671 1253 1965 1320 cupientes,
1986 1266 2087 1309 oc-

517 1337 685 1389 currit
711 1339 788 1392 eis
829 1340 942 1408 ipse
975 1340 1259 1405 Dominus;
1309 1341 1687 1410 benignissime
1732 1345 1987 1398 salutatas
2017 1343 2085 1400 ad

516 1429 807 1497 discipulos
851 1445 976 1484 suos
1016 1432 1237 1485 devicta:
1289 1434 1476 1486 mortis
1521 1434 1734 1487 nuntias
1776 1434 2082 1490 destinavit.

515 1521 583 1575 Et
610 1522 797 1576 eodem
830 1523 916 1577 die
939 1524 1095 1578 Petro
1123 1524 1423 1592 specialiter
1447 1526 1709 1594 apparuit.
1741 1526 1842 1594 Qui
1873 1533 1929 1582 et
1956 1527 2086 1581 duo—

518 1615 617 1668 bus
643 1616 1055 1684 ambulantibus,
1091 1625 1142 1670 et
1173 1616 1240 1670 de
1270 1631 1327 1670 se
1355 1617 1839 1673 sermocinantibus
1871 1620 2085 1674 convia-

519 1715 602 1758 tor
633 1706 870 1772 effectus,
903 1706 969 1761 de
1011 1707 1299 1775 Scripturis
1343 1707 1573 1763 asseruit
1598 1708 1720 1776 quia
1765 1708 1842 1764 sic
1867 1720 2084 1777 oporte-

523 1804 604 1850 ret
629 1797 896 1851 Christum
928 1798 1058 1867 pati,
1088 1807 1143 1853 et
1173 1813 1447 1867 resurgere
1475 1813 1504 1853 a
1536 1800 1780 1862 mortuis,
1811 1810 1864 1856 et
1899 1776 1969 1854 ita
2001 1801 2084 1855 in-
2118 1776 2159 1835 Β

519 1894 660 1939 trare
687 1886 738 1940 in
765 1888 985 1955 gloriam
1017 1902 1187 1941 suam.
1221 1888 1262 1941 Α
1295 1888 1486 1957 quibus
1529 1888 1685 1944 etiam
1722 1889 1973 1945 invitatus
2017 1892 2084 1945 ad

517 1989 747 2045 C(Ettam,
777 1977 826 2030 in
857 1978 1111 2032 fractione
1143 1979 1290 2045 panis
1319 1987 1399 2034 est
1426 1981 1654 2051 agnitus,
1683 1996 1804 2036 cum
1835 1981 1903 2037 ob
1932 1984 2085 2038 carci-

519 2074 681 2139 tatem
708 2068 882 2122 cordis
915 2070 1057 2136 prius
1089 2069 1357 2124 videretur
1385 2071 1614 2140 ign0tus.

587 2175 704 2229 XX.
741 2177 873 2233 Sero
903 2193 1112 2247 quoque
1139 2194 1261 2234 cum
1311 2179 1506 2235 factum
1538 2191 1702 2248 esset,
1733 2184 1846 2252 ipsa
1875 2184 1963 2239 die
1993 2200 2086 2254 ap-

513 2270 689 2336 paruit
729 2271 979 2339 apostolis
1025 2270 1156 2336 suis,
1187 2282 1240 2326 et
1284 2273 1362 2327 eis
1399 2275 1586 2342 gaudia
1637 2277 1780 2344 pacis
1825 2277 2085 2332 mandans

511 2360 822 2423 insufflavit,
857 2372 909 2415 et
935 2363 1068 2417 dixit
1097 2380 1108 2414 :
1136 2363 1358 2432 Accipite
1389 2364 1642 2434 Spiritum
1663 2377 1891 2420 sanctum
1921 2383 1940 2421 :
1961 2384 2084 2435 quo-

512 2468 627 2503 rum
659 2454 950 2506 remiseritis
995 2463 1222 2523 peccata,
1275 2457 1602 2509 remittuntur
1657 2459 1749 2522 eis,
1790 2469 1837 2512 et
1866 2475 2084 2527 quorum

512 2544 837 2609 retinueritis,
865 2554 1058 2598 retenta
1088 2555 1205 2599 sunt
1236 2544 1413 2614 (Joan.
1451 2564 1538 2612 xx,
1568 2547 1661 2610 9.2,
1694 2548 1807 2617 25).
1835 2549 1912 2602 Ad
1955 2563 2083 2603 con-

517 2632 773 2687 ﬁrmanda
803 2635 927 2699 quin
958 2636 1116 2688 etiam
1145 2635 1307 2688 corda
1339 2635 1716 2701 dubitantium,
1749 2637 1838 2705 qui
1887 2653 1946 2692 se
1987 2653 2081 2707 pu-

512 2733 686 2777 tarent
730 2726 972 2793 spiritum
1005 2729 1180 2795 potius
1213 2730 1395 2785 videre
1434 2747 1590 2800 quam
1630 2748 1844 2800 corpus,
1896 2743 2080 2788 osten-

511 2815 588 2866 dit
614 2816 692 2868 eis
731 2831 922 2870 manus
952 2828 1002 2870 et
1034 2819 1193 2886 pedes
1224 2821 1608 2876 recentissimae
1640 2822 1904 2890 passEonis
1931 2823 2080 2892 signa

511 2909 831 2972 retinentes,
893 2919 946 2962 ut
997 2911 1210 2967 indubie
1262 2914 1666 2969 resurrectionis
1714 2913 1830 2982 ejus
1895 2915 2082 2969 tierent

510 2996 688 3049 idonei
740 3007 924 3053 testes.
960 3001 1066 3055 Sed
1120 3001 1226 3057 illis
1271 3003 1442 3058 adhuc
1487 3020 1590 3058 non
1642 3005 1980 3062 credentibus
2025 3015 2080 3060 et

2191 526 2324 580 bitur
2346 526 2534 594 (Marc.
2570 545 2677 596 xvr,
2712 530 2818 600 16).

2259 639 2401 695 XXI.
2433 641 2498 694 Et
2522 642 2641 708 quia
2673 642 2968 696 irritatores
3013 635 3106 696 Dei
3153 651 3207 697 et
3255 644 3515 698 increduli
3565 645 3753 712 Judzei,

2187 737 2242 784 et
2270 739 2454 796 gentes
2483 731 2799 786 idololatriae
2831 731 2994 786 dediti
3022 733 3345 800 signfserant
3373 735 3437 787 ad
3470 733 3628 788 ﬁdem
3660 750 3758 788 nu-

2189 818 2400 885 triendi,
2431 818 2578 874 dedit
2623 821 2881 890 apostolis
2927 821 3040 875 suis
3085 822 3334 876 virtutem
3383 836 3544 890 super
3575 823 3755 878 omnia

2187 907 2472 974 daemonia,
2501 918 2555 965 et
2581 919 2637 966 ut
2675 912 2959 978 languores
2982 922 3256 978 curarent,
3289 928 3460 969 (ηεροδ
3491 915 3754 969 illumina-

2186 1008 2328 1064 rent,
2361 999 2599 1069 leprosos
2624 1002 2964 1066 mundarent,
2997 1003 3142 1070 ipsos
3171 1010 3227 1058 et
3259 1013 3497 1057 mortuos
3525 1005 3755 1058 resusci-

2190 1099 2392 1156 tarent;
2423 1099 2477 1145 et
2507 1091 2760 1160 praecepit
2796 1091 2899 1145 illis
2927 1102 2982 1146 ut
3007 1093 3383 1147 annuntiarent
3410 1108 3632 1162 regnum
3663 1095 3758 1150 Dei

2188 1184 2628 1252 appropinquare.
2663 1184 2730 1238 Et
2763 1185 2884 1254 quia
2931 1185 3138 1240 cunctis
3185 1186 3430 1255 gentibus
3461 1196 3516 1241 et
3561 1187 3756 1250 linguis

2188 1289 2380 1330 novam
2426 1277 2562 1331 hanc
2587 1276 2882 1331 doctrinam
2911 1278 3202 1346 praedicare
3249 1278 3569 1344 debuerunt,
3612 1281 3758 1334 dedit

2188 1366 2266 1421 eis
2311 1365 2641 1421 diversarum
2685 1366 2981 1436 linguarum
3032 1369 3376 1438 agnitionem.
3409 1370 3548 1433 Quin
3595 1370 3754 1425 etiam

2189 1456 2320 1524 ipsis
2364 1465 2418 1510 et
2453 1457 2763 1512 earumdem
2813 1458 2936 1513 ﬁdei
2977 1461 3294 1529 sequacibus
3337 1462 3506 1514 multo
3555 1461 3754 1528 majora

2189 1546 2437 1614 promisit
2459 1556 2513 1601 et
2540 1547 2826 1614 concessit,
2856 1549 2926 1602 ita
2956 1557 3011 1603 ut
3036 1549 3161 1603 dum
3186 1550 3532 1617 plurimarum
3559 1551 3756 1617 lingua-

2188 1651 2304 1689 rum
2337 1637 2636 1692 hominibus
2664 1637 2716 1691 in
2762 1652 2864 1692 una
2908 1639 3274 1708 loquerentur,
3307 1654 3336 1693 a
3365 1641 3574 1694 cunctis
3608 1641 3756 1692 intel-

2188 1727 2500 1796 ligerentur,
2528 1738 2582 1783 et
2631 1728 2816 1782 umbra
2867 1729 3076 1784 illorum
3123 1733 3512 1786 transeuntium
3562 1731 3756 1786 inﬁrmi

2185 1825 2523 1884 sanarentur,
2552 1827 2605 1872 et
2645 1818 2874 1873 sudariis
2917 1819 3002 1874 vel
3029 1819 3367 1889 cingulorum
3400 1820 3622 1874 ﬁmbriis
3667 1835 3758 1872 ne-

2183 1923 2338 1978 quam
2366 1909 2584 1978 spiritus
2627 1908 2956 1978 fugarentur.
2991 1909 3098 1965 Sed
3135 1924 3255 1965 cum
3289 1912 3401 1965 haec
3434 1911 3486 1963 in
3528 1912 3634 1964 alia
3675 1925 3756 1963 re-

2183 1999 2362 2068 gione,
2393 1999 2494 2056 hoc
2522 2009 2624 2064 est,
2674 1999 2726 2055 in
2756 2000 2997 2067 Galilma,
3029 2002 3111 2056 vel
3161 2009 3283 2056 ante
3313 2001 3648 2070 passionem,
3673 2002 3756 2054 vel

2186 2098 2306 2157 post
2334 2089 2778 2144 resurrectionem
2810 2104 2958 2144 suam
2989 2090 3260 2160 discipulis
3287 2091 3576 2155 edidisset;
3609 2099 3666 2144 ut
3702 2092 3752 2143 in

2184 2179 2373 2234 vicinia
2405 2178 2523 2248 ejus
2555 2180 2652 2234 loci
2685 2180 2750 2233 ad
2780 2180 2886 2234 alta
2913 2180 3032 2234 coeli
3059 2181 3462 2246 conscenderet,
3500 2183 3586 2235 ubi
3634 2197 3756 2235 cru-

2183 2272 2260 2326 cis
2285 2271 2628 2340 ignominiam
2655 2272 2811 2341 paulo
2838 2280 2960 2326 ante
2985 2273 3167 2337 subiit,
3209 2282 3368 2341 atque
3394 2274 3512 2342 ipso
3543 2288 3756 2342 quoque

2184 2365 2398 2418 nomine
2443 2363 2897 2431 dispensationem
2965 2362 3382 2428 incarnationis,
3442 2366 3707 2430 passionis
3737 2407 3752 2429 ,

2183 2453 2604 2516 resurrectionis,
2638 2453 2968 2508 ascensionis
2999 2453 3052 2507 in
3095 2454 3290 2509 coelum
3341 2453 3590 2507 ﬁdelibus
3629 2467 3756 2520 ape-

2183 2545 2353 2599 riret:
2388 2543 2717 2608 Bethaniam,
2749 2559 2866 2613 qua:
2916 2544 3106 2598 domus
3151 2543 3472 2598 obedientite
3519 2543 3754 2606 dicitur,

2183 2635 2323 2686 unde
2353 2634 2518 2686 cmlos
2563 2641 2784 2702 peteret,
2826 2648 2946 2688 cum
2995 2634 3246 2702 apostolis
3292 2633 3490 2697 invisit,
3535 2632 3759 2686 doctore

2182 2724 2423 2794 gentium
2461 2725 2587 2794 quid
2631 2724 2928 2795 signiﬁcent
2955 2733 3295 2794 exponente:
3328 2723 3482 2778 Iesus
3519 2723 3756 2778 Christus

2183 2819 2350 2887 factus
2391 2825 2465 2870 est
2493 2817 2728 2870 obediens
2761 2833 2917 2886 usque
2947 2818 3012 2869 ad
3045 2827 3281 2882 mortem,
3331 2825 3541 2869 mortem
3589 2827 3756 2867 autem

2182 2909 2380 2974 crucis;
2425 2918 2632 2977 propter
2659 2909 2796 2977 quod
2842 2917 2887 2962 et
2934 2907 3067 2961 Deus
3115 2908 3260 2961 illum
3310 2908 3548 2960 exultavit
3600 2906 3756 2976 (Phi-

2181 2998 2313 3068 lipp.
2345 3014 2402 3063 ιι,
2432 3000 2485 3063 8,
2516 2999 2593 3068 9).
2635 2998 2871 3067 Cumque
2901 2999 3043 3052 illum
3075 2999 3165 3067 qui
3203 3007 3564 3052 convenerant
3592 3001 3756 3053 inter-

514 3086 824 3141 mirantibus
855 3104 965 3157 prie
995 3091 1210 3158 gaudio,
1245 3101 1301 3146 ut
1331 3107 1425 3161 per
1453 3092 1701 3148 effectum
1734 3095 2080 3150 comestionis

2184 3097 2438 3159 rogarent
2465 3089 2508 3143 si
2541 3088 2652 3143 dies
2678 3087 2863 3155 judicii
2889 3100 2943 3141 et
2964 3087 3322 3142 maniiestatio
3351 3089 3498 3156 regni
3532 3088 3626 3141 Dei
3645 3087 3753 3156 jam

514 3177 706 3230 veritas
753 3187 1050 3244 patesceret
1096 3181 1293 3248 carnis,
1340 3183 1685 3251 interrogavit
1729 3187 1775 3238 si
1823 3183 2080 3240 haberent

510 3269 704 3335 aliquid
759 3270 824 3323 ad
875 3271 1319 3326 munlucandum.
1372 3273 1613 3342 Cumque
1661 3276 1984 3331 obtulissent
2028 3279 2077 3334 ei

510 3367 712 3424 partem
747 3361 908 3428 piscis
936 3363 1041 3416 assi
1084 3373 1137 3416 et
1182 3364 1356 3418 favum
1403 3365 1599 3431 mellis,
1631 3367 1957 3422 manducans
1990 3383 2079 3423 co-

510 3461 621 3499 ram
654 3447 774 3512 illis,
809 3451 1055 3519 reliquias
1086 3451 1232 3506 dedit
1261 3452 1359 3516 eis,
1401 3462 1453 3508 et
1495 3457 1934 3512 commemoravit
1965 3460 2077 3515 haec

510 3539 587 3589 eis
612 3552 731 3593 esse
774 3542 931 3594 verba
967 3557 1084 3611 quae
1132 3550 1256 3597 ante
1290 3543 1589 3611 passionem
1628 3562 1778 3602 suam
1813 3551 2076 3618 praedixe-

508 3638 610 3693 rat,
645 3633 912 3698 quomodo
944 3647 1163 3688 necesse
1209 3643 1289 3689 est
1334 3649 1427 3689 sua
1475 3649 1649 3694 morte
1692 3641 1881 3695 mortis
1910 3643 2078 3711 impe—

507 3721 646 3775 rium
679 3722 917 3790 dissolvi,
948 3735 1000 3780 et
1027 3726 1077 3778 in
1107 3740 1202 3780 sua
1229 3729 1634 3785 resurrectionis
1665 3734 1936 3803 agnitione
1963 3750 2076 3803 poe-

509 3811 786 3865 nitentiam
817 3823 864 3867 et
898 3815 1267 3870 remissionem
1319 3828 1654 3885 peccatorum
1702 3824 1908 3877 cunctis
1948 3841 2076 3894 gen-

509 3901 647 3956 tibus
674 3904 974 3968 praadicari;
1001 3921 1097 3960 nec
1123 3922 1229 3960 non
1255 3917 1310 3963 et
1331 3909 1472 3978 ipsos
1495 3913 1666 3968 adhuc
1693 3914 2074 3983 gloriosissima

510 3993 745 4060 Spiritus
819 3997 986 4050 sancti
1043 3998 1294 4054 missione
1348 4001 1587 4058 roborari
1654 4007 1913 4072 promisit.
1969 4008 2076 4064 Nec

513 4091 686 4135 tamen
736 4085 805 4137 ita
854 4085 1142 4140 instructos
1169 4097 1224 4142 et
1263 4089 1354 4144 tali
1385 4093 1738 4160 promissione
1767 4099 2077 4154 consolatos

512 4187 637 4225 mox
687 4174 939 4230 abscessu
991 4179 1254 4246 corporali
1303 4181 1584 4240 discedere
1613 4187 1798 4254 voluit,
1843 4189 1935 4244 sed
1985 4205 2078 4259 per

510 4263 864 4333 quadraginta
896 4265 1009 4320 dies
1039 4267 1090 4321 in
1116 4269 1384 4327 universis
1409 4277 1736 4341 argumentis
1764 4292 1858 4334 eos
1897 4280 2077 4335 visita-

514 4354 611 4406 vit.
636 4353 782 4409 Nunc
807 4355 1010 4410 foribus
1031 4357 1243 4426 clausis,
1269 4362 1322 4416 in
1345 4365 1524 4420 medio
1546 4381 1731 4423 eorum
1758 4372 2074 4438 consistere;

2185 3177 2510 3244 immineret,
2560 3178 2815 3233 dicebat:
2851 3177 2973 3232 Non
3017 3193 3123 3232 esse
3172 3178 3402 3243 illorum,
3446 3179 3532 3232 vel
3579 3179 3755 3248 cujus-

2181 3287 2338 3342 quam
2367 3271 2709 3336 mortalium;
2740 3269 2835 3325 sed
2885 3284 2953 3326 ne
2995 3271 3231 3339 ipsorum
3274 3269 3485 3338 quidem
3535 3272 3753 3340 angelo-

2180 3378 2320 3428 rum,
2350 3379 2496 3416 nosse
2537 3372 2764 3430 tempora
2792 3370 2840 3416 et
2874 3371 3143 3428 momenta,
3173 3377 3287 3430 qua:
3318 3358 3477 3414 Pater
3503 3361 3672 3428 posuit
3703 3362 3754 3410 in

2179 3470 2272 3508 sua
2321 3462 2565 3524 potestate
2587 3453 2726 3523 (Act.
2759 3467 2799 3516 ι,
2828 3451 2858 3504 7
2889 3453 3046 3521 seq.);
3097 3452 3378 3520 potiusque
3431 3449 3484 3503 in
3534 3449 3753 3503 civitate

2178 3545 2472 3601 Jerusalem
2521 3545 2806 3599 adventum
2843 3544 3014 3600 sancti
3047 3543 3278 3611 Spiritus
3323 3543 3402 3595 eis
3431 3550 3754 3610 exspectare

2180 3636 2542 3706 praecipiebat.
2572 3635 2688 3701 Quo
2726 3635 2918 3705 spiritu
2963 3634 3222 3698 roborati,
3257 3640 3419 3686 testes
3464 3632 3538 3685 illi
3570 3640 3753 3686 essent

2179 3731 2405 3798 primum
2459 3728 2512 3784 in
2560 3729 2744 3784 eadem
2793 3728 2941 3795 urbe,
2992 3729 3188 3782 deinde
3235 3728 3287 3781 in
3332 3734 3438 3780 tota
3483 3722 3668 3778 .ludaaa
3698 3728 3754 3775 et

2177 3821 2437 3887 Samaria,
2489 3821 2556 3874 ad
2609 3831 2936 3889 postremum
2988 3835 3120 3876 vero
3162 3833 3329 3887 usque
3381 3819 3448 3871 ad
3504 3815 3750 3869 ultimum

2179 3921 2355 3967 terrae.
2386 3913 2451 3966 Et
2496 3912 2578 3966 his
2623 3910 2935 3980 praemissis,
2969 3911 3190 3964 elevatis
3229 3909 3472 3962 manibus
3505 3907 3618 3960 suis
3651 3908 3747 3961 be-

2177 4002 2379 4058 nedixit
2425 4002 2565 4069 illis;
2614 4011 2669 4057 et
2714 4000 2921 4055 cunctis
2965 3999 3097 4053 nihil
3149 3998 3322 4054 minus
3378 3997 3746 4066 opinantibus,

2175 4096 2326 4164 quasi
2360 4094 2545 4164 pennis
2591 4093 2852 4150 columbas
2900 4091 3304 4160 incorruptibile
3347 4104 3541 4158 corpus
3588 4104 3748 4143 suum

2179 4188 2396 4242 libravit
2421 4187 2486 4240 ad
2515 4185 2732 4241 coelum.
2763 4185 2928 4254 Cujus
2971 4184 3049 4240 rei
3098 4198 3220 4238 mox
3267 4182 3374 4237 duo
3419 4182 3621 4250 angeli,
3648 4181 3749 4234 hoc

2178 4290 2280 4344 esr,
2313 4279 2431 4348 quia
2452 4278 2644 4334 ccelum
2674 4287 2998 4346 penetraret,
3028 4275 3406 4344 astipulatores
3435 4277 3745 4335 astiterunt,

2177 4378 2232 4425 et
2257 4370 2379 4439 quia
2404 4370 2456 4423 in
2475 4368 2658 4422 eadem
2676 4369 2854 4437 specie
2875 4382 2974 4436 qua
2997 4375 3299 4434 assumptus
3323 4373 3405 4419 est
3430 4364 3497 4417 ab
3524 4364 3650 4423 illis,
3680 4363 3745 4416 ad

513 4458 652 4497 nunc
682 4458 805 4498 vero
835 4461 928 4514 per
959 4456 1120 4502 totam
1154 4461 1363 4508 noctem
1406 4455 1598 4511 frustra
1631 4458 1683 4512 in
1716 4459 1967 4526 piscando
1997 4461 2074 4515 la-
2108 4449 2152 4507 Ι)
2177 4459 2491 4528 judicandos
2518 4460 2668 4512 vivos
2711 4467 2766 4513 et
2810 4466 3050 4512 mortuos
3095 4469 3347 4512 venturus
3396 4463 3559 4521 esset,
3599 4453 3740 4506 dixe»

513 4532 854 4598 borantibus,
897 4537 1011 4602 ipse
1059 4545 1205 4592 stans
1247 4541 1299 4595 in
1349 4542 1527 4598 littore
1577 4547 1918 4603 multitudine
1971 4551 2079 4618 pis-

511 4621 652 4674 cium
681 4631 793 4676 retc
821 4638 1003 4678 eorum
1035 4629 1426 4698 compleverat;
1459 4643 1513 4687 et
1543 4634 1681 4689 inter
1710 4638 2075 4706 prandendum

512 4715 667 4768 beato
695 4715 849 4769 Petro
875 4729 993 4785 post
1034 4721 1210 4777 claves
1250 4726 1399 4796 regni
1429 4727 1683 4782 ctelorum
1723 4744 1786 4784 ac
1821 4733 2079 4788 retentio-

511 4817 608 4858 nes
658 4805 1076 4865 relaxationesve
1107 4823 1464 4882 peccatorum,
1496 4819 1670 4872 ovium
1723 4835 1936 4875 suarum
1985 4835 2079 4877 cu-

511 4909 625 4948 ram
671 4901 938 4965 praecepit,
985 4911 1038 4954 et
1067 4904 1188 4971 quia
1237 4921 1332 4974 pro
1369 4911 1675 4965 earumdem
1727 4927 1852 4967 cura
1898 4913 2076 4970 ovium

512 4999 722 5039 crucem
750 4990 1020 5045 subiturus
1047 5004 1188 5047 esset
1215 4995 1494 5054 intitnavit.
1523 4999 1722 5057 Deinde
1762 5004 1812 5057 in
1839 5015 2074 5059 montem

512 5078 794 5143 quemdam
841 5095 1050 5137 secutos
1097 5085 1149 5138 in
1198 5087 1299 5141 fide
1329 5089 1609 5164 Asolidavit,
1637 5100 1694 5146 et
1739 5097 1989 5164 praecepit
2019 5106 2078 5150 ut

515 5168 652 5220 irent
678 5170 855 5223 docere
883 5189 1050 5227 omnes
1081 5187 1273 5244 gentes,
1303 5162 1351 5231 εἰ
1391 5181 1650 5246 baptizare
1689 5199 1772 5236 eos
1798 5185 1849 5237 in
1875 5187 2080 5239 nomine

513 5257 708 5324 Patris,
737 5271 782 5312 et
837 5261 962 5315 Filii
1005 5275 1052 5317 et
1102 5266 1328 5334 Spiritus
1369 5273 1559 5334 sancti;
1593 5273 1830 5328 docentes
1881 5291 2079 5330 servare

513 5351 680 5402 omnia
711 5351 924 5419 (Matth.
978 5371 1165 5424 xxvttt,
1202 5359 1290 5428 19)
1318 5375 1652 5432 quaecunque
1698 5365 1810 5433 ipse
1860 5370 2078 5422 manda-

513 5453 658 5496 verat
704 5445 826 5511 illis,
859 5455 910 5500 el
954 5449 1025 5502 ait
1069 5451 1209 5505 illis:
1247 5453 1349 5519 Qui
1393 5455 1657 5509 crediderit
1704 5468 1749 5510 et
1792 5455 2076 5528 baptizatus

518 5667 524 5673 _
583 5606 604 5628 ιι
657 5597 1044 5721 (Ῑοῖῖμηιρρηάὶ.
1105 5605 1455 5675 Exscriptoris
1507 5613 1773 5669 mendum.
1833 5615 2077 5674 Rescribe

518 5682 750 5721 mmmem
770 5689 804 5721 ι.

511 5682 804 5739 "iungendi.

2180 4556 2323 4602 runt.
2356 4548 2506 4601 Tunc
2547 4554 2604 4600 ut
2650 4547 2747 4600 sibi
2797 4560 2824 4599 a
2873 4545 3206 4600 dominatore
3252 4544 3371 4600 (τωιί
3423 4551 3746 4613 μνωοθριιιω

2179 4647 2315 4705 erat,
2357 4636 2650 4692 Jerusalem
2703 4635 2947 4703 ingressi,
2990 4635 3156 4689 sancti
3197 4635 3424 4702 Spiritus
3455 4633 3742 4687 adventum

2178 4728 2423 4797 suSpensi
2476 4725 2943 4797 praestolabantur.
2986 4725 3082 4792 Qui
3131 4725 3333 4780 decima
3386 4724 3620 4792 posthzec
3657 4721 3742 4774 die

2179 4821 2348 4889 venit,
2382 4829 2436 4876 et
2461 4820 2700 4875 scientia:
2741 4819 3069 4889 perfectione
3115 4819 3234 4872 illos
3275 4819 3507 4880 edocuit,
3543 4824 3597 4870 et
3641 4815 3742 4867 lin-

2179 4928 2404 4983 guarum
2435 4913 2691 4967 varietate
2714 4911 2958 4976 donavit,
2988 4920 3041 4964 et
3083 4911 3337 4963 adversus
3373 4908 3575 4962 rabiem
3621 4921 3742 4973 per-

2179 5010 2404 5062 ﬁdorum
2456 5007 2727 5063 roboravit
2775 5024 2786 5058 :
2834 5005 3247 5074 congruentibus
3297 5003 3362 5057 ad
3415 5003 3529 5055 hmc
3579 5000 3743 5069 signis

2178 5099 2431 5161 ostensis,
2481 5111 2614 5151 sono
2658 5096 2904 5150 videlicet
2955 5095 3110 5148 ﬁatus
3163 5092 3516 5154 vehementis,
3555 5101 3607 5143 et
3647 5090 3742 5141 lin-

2180 5192 2295 5259 guis
2341 5191 2538 5260 igneis;
2587 5189 2739 5258 cujus
2788 5187 3100 5241 auctoritate
3147 5184 3456 5245 confortati,
3507 5196 3744 5235 resurreu
3817 5231 3822 5238 ,

2179 5286 2408 5339 ctionem
2440 5281 2647 5335 Domini
2679 5280 2841 5332 nostri
2871 5277 2996 5332 Jesu
3023 5275 3218 5331 Christi
3265 5277 3584 5328 auctoritate
3620 5289 3743 5342 pro-

2181 5373 2394 5442 phetica
2422 5367 2849 5436 comprobantes,
2891 5366 3034 5419 mille
3080 5364 3369 5419 Judeorum
3418 5365 3604 5418 eodem
3656 5362 3742 5414 die

2178 5463 2242 5516 ad
2295 5461 2450 5515 ﬁdem
2501 5465 2900 5512 convertuntur.
2941 5455 3006 5509 Et
3057 5457 3108 5509 in
3153 5457 3496 5524 sequentibus
3546 5454 3741 5524 aliquot

2253 5614 2276 5652 ι’
2315 5613 2536 5667 Indicio.
2593 5611 2661 5661 Ita
2721 5626 2780 5659 (ιγ
2850 5619 3100 5663 ciiiilcxlu
3159 5611 3543 5678 rescripsimus.
3604 5608 3736 5660 I‘Idil.

2183 5687 2339 5750 male,
2372 5696 2419 5736 ut
2458 5682 2678 5743 videtur,
2707 5680 2930 5748 judicio.
