4002 6350
230 322 289 369 '25
1703 311 1946 369 Slﬁlth).
3389 306 3460 357 ‘36

234 426 400 478 millia.
441 423 741 491 Quamdam
786 442 911 481 vero
940 427 1145 481 turbam
1187 425 1521 480 sacerdotum
1564 424 1781 479 obedire
1809 426 1857 480 Α
1884 428 1973 471 aut
2003 416 2362 478 homicidium,
2397 418 2476 471 vel
2509 415 2805 471 convicium
2838 413 3112 480 conferre,
3140 423 3229 468 aut
3270 414 3458 468 falsum

238 517 342 571 ﬁdei
376 527 776 583 persuaserunt.

294 602 449 657 XXII.
498 603 706 658 Interea
738 616 868 659 vero
914 605 1041 660 dum
1088 606 1266 660 omnia
1312 620 1472 675 supra
1521 605 1660 659 dicta
1695 605 1787 659 lie-

250 703 354 757 ent,
401 693 601 748 dimisit
648 694 908 749 Dominus
951 709 1136 751 omnes
1178 704 1366 766 gentes
1413 695 1616 765 ingredi
1671 696 1787 751 vias

226 799 358 847 suas,
391 793 445 839 et
474 784 965 842 diversissimarum
1014 803 1260 843 errorum
1307 789 1647 858 opinionibus
1684 788 1787 842 im-

227 876 387 941 pleri;
415 875 488 929 ita
526 886 583 930 ut
609 878 828 946 quidam
868 879 1034 933 solem
1066 890 1117 934 et
1160 880 1336 933 lunam
1367 889 1421 934 et
1448 880 1653 945 stellas,
1685 880 1788 933 mi-

228 968 435 1021 nisteria
463 966 716 1023 videlicet
770 969 1014 1024 humanis
1059 971 1243 1024 usibus
1289 972 1563 1037 attributa,
1594 970 1789 1026 divinis

225 1056 508 1110 honoribus
552 1058 908 1113 celebrarent.
941 1060 1046 1114 Alii
1090 1075 1220 1115 vero
1270 1061 1474 1132 majore
1518 1062 1789 1117 dementia

226 1144 378 1211 rapti,
412 1160 519 1199 non
564 1147 735 1200 solum
776 1163 963 1203 aurum
1002 1158 1055 1204 et
1083 1160 1382 1218 argentum,
1412 1151 1507 1207 sed
1550 1159 1604 1206 et
1645 1151 1787 1223 ligna

223 1242 270 1287 et
298 1233 526 1303 lapides,
568 1236 956 1305 quadrupedia,
1000 1240 1270 1308 serpentia
1317 1255 1413 1296 seu
1445 1240 1702 1307 volatilia,
1732 1249 1790 1296 et

224 1324 326 1392 ipsa
374 1334 535 1379 terra:
564 1326 812 1394 virentia,
847 1344 942 1397 pro
967 1329 1076 1384 Deo
1116 1340 1334 1386 auctore
1379 1343 1785 1388 venerarentur.

223 1414 454 1469 Tandem
488 1431 619 1487 ergo
648 1419 762 1487 pius
806 1432 1019 1476 creator
1046 1425 1309 1491 omnium,
1335 1426 1545 1495 quando
1587 1436 1643 1483 et
1689 1443 1789 1484 nos

223 1506 358 1571 ipsos
387 1505 825 1562 adinventionum
867 1520 921 1566 et
962 1514 1314 1580 pessimorum
1345 1525 1555 1570 actuum
1586 1528 1791 1574 nostro-

226 1609 335 1647 rum
363 1596 547 1665 pigere
576 1597 798 1653 deberet
826 1615 890 1656 ac
921 1603 1139 1669 taedere,
1170 1605 1368 1660 direxit
1410 1608 1475 1661 ad
1512 1621 1608 1662 nos
1654 1624 1788 1678 apo-

224 1683 379 1737 stolos
422 1699 553 1739 suos
600 1689 687 1755 qui
717 1688 974 1744 docerent
1018 1706 1115 1747 nos
1146 1694 1214 1748 ab
1242 1694 1323 1749 his
1351 1698 1505 1750 vanis
1547 1698 1787 1753 converti

1888 510 2246 564 testimonium
2311 510 2376 563 de
2454 510 2809 578 qualicunque
2890 509 3113 563 crimine
3178 518 3463 576 pra-sumat

1888 601 2129 665 inurere;
2159 602 2252 655 sed
2295 603 2412 656 sitis
2459 602 2685 656 invicem
2728 602 2965 671 benigni,
2998 609 3052 655 et
3077 600 3337 654 donantes
3369 615 3461 653 νο-

1887 692 2247 759 bismetipsis,
2333 693 2472 746 sicut
2532 691 2673 746 Deus
2754 692 2974 745 donavit
3029 693 3183 745 vobis
3242 704 3459 759 peccata

1887 794 2084 838 vestra.
2137 783 2201 837 Et
2252 782 2443 836 delicta
2500 784 2769 852 prmterita
2825 783 3153 851 paenitentiae
3206 782 3461 837 remediis

1892 876 1972 930 vel
2009 876 2465 944 eleemosynarum
2516 875 2761 944 largitate
2800 875 3146 940 redimentes,
3179 875 3461 928 imminen-

1890 967 1960 1019 tia
1999 980 2116 1019 cnm
2164 964 2259 1019 Dei
2307 964 2570 1033 adjutorio
2601 980 2900 1034 prmcavere
2946 965 3230 1020 studeatis.
3275 965 3460 1018 Scien-

1890 1065 1969 1110 tes
1997 1065 2050 1111 et
2077 1054 2218 1109 diem
2251 1055 2512 1124 generalis
2556 1054 2739 1122 judicii
2785 1055 2896 1123 jam
2940 1055 3160 1123 jamque
3192 1054 3459 1122 proxima-

1891 1161 1969 1211 re,
2011 1155 2065 1199 et
2107 1146 2362 1200 incertam
2400 1145 2624 1215 singulis
2667 1145 2843 1200 exitus
2889 1144 2971 1199 sui
3016 1144 3201 1199 horam
3251 1144 3457 1212 impen-

1890 1240 2038 1294 dere.
2072 1238 2134 1292 Et
2170 1236 2385 1306 quidem
2436 1238 2611 1307 magni
2635 1235 2823 1306 jndieii
2866 1236 3154 1291 novissima
3187 1236 3302 1289 dies
3326 1251 3460 1289 cnn-

1891 1332 1992 1385 etis
2040 1339 2121 1384 est
2167 1329 2480 1383 mortalibus
2532 1329 2962 1396 expavescenda,
2996 1337 3052 1381 ut
3101 1338 3224 1395 puta
3272 1326 3325 1379 in
3356 1341 3458 1395 qua

1892 1424 2021 1478 nihil
2062 1426 2415 1478 incorrectum
2450 1423 2649 1491 absque
2693 1423 2930 1476 mtcruali
2978 1435 3130 1490 pmna
3163 1418 3459 1475 remanebit

1892 1514 2139 1568 inuitum.

1963 1604 2151 1658 XXIV.
2183 1602 2287 1658 Sed
2334 1619 2438 1657 non
2491 1603 2666 1657 minus
2717 1602 2920 1655 cunctis
2968 1601 3300 1669 sapientibus
3331 1616 3464 1668 qun-

1893 1696 2146 1750 tidianum
2199 1696 2289 1749 Dei
2337 1695 2591 1764 judicium
2654 1693 3046 1747 formidandum
3107 1702 3210 1757 est,
3253 1706 3361 1760 quo
3407 1700 3462 1745 et

224 1772 282 1825 ad
321 1772 489 1829 Deum
537 1776 717 1830 vivum
771 1787 825 1833 et
872 1795 1075 1851 verum,
1132 1792 1187 1838 et
1239 1796 1551 1853 exspectare
1593 1786 1785 1842 Filium
1819 1787 1862 1846 Β
1892 1787 2148 1855 quosdam
2181 1786 2480 1855 probandus
2510 1785 2904 1852 dispensatorie
2932 1782 3140 1850 reliquit
3172 1782 3226 1835 in
3259 1781 3460 1852 mundo

229 1862 333 1927 ejus
354 1863 422 1916 de
447 1864 627 1926 ctelis,
650 1877 705 1920 et
734 1866 785 1921 in
815 1871 1154 1939 perceptione
1179 1872 1408 1943 Spiritus
1437 1877 1606 1930 sancti
1628 1893 1785 1946 quem

230 1951 274 2003 in
300 1952 515 2007 Christo
556 1958 855 2021 regenerati
887 1964 1220 2031 percepimus
1250 1968 1617 2022 remissionem
1662 1984 1787 2027 oec-

224 2054 451 2099 catorum
480 2050 737 2117 consequi
770 2064 867 2105 nos
888 2054 1252 2110 crederemus.

289 2136 473 2191 XXIII.
504 2136 676 2207 Hujus
708 2139 867 2210 igitur
898 2142 1175 2212 legationis
1219 2160 1316 2201 nos
1360 2146 1560 2217 indigni
1591 2150 1789 2205 nostris

224 2228 548 2294 tcuiporibus
581 2230 751 2284 vicem
792 2243 1061 2300 gerentes,
1102 2236 1447 2293 obsecramus
1493 2255 1589 2305 pro
1635 2238 1790 2295 Chri-

220 2327 317 2378 sto,
344 2321 559 2372 utsicut
586 2321 856 2387 quondam
887 2324 937 2377 in
974 2325 1258 2395 baptismo,
1294 2330 1364 2383 ita
1394 2345 1606 2399 semper
1630 2332 1789 2387 abre-

224 2409 469 2462 nuntietis
499 2408 714 2465 diabolo
742 2420 797 2466 et
815 2415 1060 2471 omnibus
1088 2421 1339 2486 operibus
1364 2422 1501 2490 ejus,
1530 2432 1583 2477 et
1612 2425 1790 2478 omni-

222 2496 311 2548 bus
340 2500 552 2567 pompis
581 2500 736 2570 ejus;
769 2513 823 2557 et
851 2512 1185 2574 cognoscatis
1216 2526 1376 2565 unum
1406 2528 1588 2567 verum
1622 2514 1785 2570 Deum

226 2587 425 2642 Patrem
470 2606 691 2660 semper
720 2596 771 2649 in
802 2597 937 2651 cmlo
968 2611 1296 2668 regnantem,
1329 2615 1382 2658 et
1402 2607 1785 2673 sempiternam

228 2679 543 2747 Sapientiam
576 2685 695 2752 ejus
742 2690 794 2741 in
829 2698 1067 2757 tempore
1109 2708 1206 2762 pro
1233 2696 1385 2748 nobis
1435 2698 1782 2763 incarnatam,

224 2784 531 2829 etszvnetum
567 2778 826 2845 Spiritum
877 2789 1090 2838 aeterna:
1121 2786 1310 2855 pignus
1358 2789 1545 2842 salutis
1586 2790 1636 2841 in
1690 2790 1789 2846 bac

224 2862 360 2917 vobis
411 2868 846 2934 {eregrinatinne
892 2886 1239 2942 concessum;
1286 2889 1446 2949 a'qne
1495 2880 1563 2933 ita
1611 2881 1788 2936 vivere

218 2956 423 3021 curetis,
453 2958 598 3013 sicut
645 2959 737 3013 Dei
770 2962 908 3018 ﬁlios
937 2964 1128 3021 decere
1167 2970 1512 3036 cognovistis,
1545 2972 1785 3025 devitan-

220 3054 291 3096 tes
326 3047 464 3115 gula
512 3050 1023 3120 concupiscentiam,
1071 3064 1127 3111 et
1174 3056 1449 3111 ebrietatis
1492 3060 1775 3127 insaniam,

1890 1878 1955 1931 ad
2006 1886 2234 1944 tempus,
2284 1876 2539 1945 quosdam
2590 1891 2715 1929 vero
2764 1874 2843 1929 bis
2888 1873 3030 1942 juste
3075 1872 3460 1927 condemnatos

1889 1973 2224 2027 obliviscitur
2255 1972 2305 2026 in
2340 1981 2671 2039 perpetuum.
2704 1969 2851 2023 Alios
2896 1981 3109 2035 quoque
3141 1966 3229 2018 diu
3263 1963 3453 2033 jacen-

1891 2073 1971 2118 tes
2018 2064 2069 2117 in
2118 2062 2429 2117 criminibus
2473 2077 2628 2115 manu
2685 2060 3064 2114 misericordiae
3117 2072 3226 2110 sua:
3275 2057 3457 2109 leVnt:

1887 2159 2020 2214 alios
2047 2165 2224 2209 autem
2255 2154 2322 2208 de
2355 2165 2563 2222 peracta
2600 2149 2801 2221 justitia
2836 2158 3215 2217 praesumentes
3241 2154 3263 2180 η
3300 2147 3455 2200 taeda:

1888 2247 2154 2317 quondam
2208 2243 2438 2313 passioni
2483 2242 2766 2297 concedit:
2810 2240 2909 2295 hos
2958 2254 3085 2295 vero
3143 2252 3461 2307 quocunque

1890 2338 2112 2391 verbere
2158 2336 2416 2389 coercitos
2448 2348 2610 2402 usque
2662 2332 2712 2386 in
2764 2332 2919 2385 linem
2960 2332 3026 2385 ab
3053 2332 3195 2383 omni
3240 2344 3456 2396 prorsus

1889 2430 2148 2485 scelerum
2196 2426 2315 2480 labe
2362 2425 2612 2479 custodit.
2643 2424 2901 2491 Quocirca
2941 2422 3041 2475 sub
3086 2422 3169 2475 his
3207 2422 3295 2474 Dei
3319 2420 3463 2488 judi-

1888 2521 1984 2575 eiis
2015 2519 2300 2587 unicuique
2329 2516 2380 2570 in
2416 2516 2514 2569 bac
2555 2515 2661 2568 vita
2695 2513 3034 2568 metuendum
3065 2521 3166 2575 est,
3197 2520 3254 2565 ut
3284 2510 3336 2564 in
3383 2509 3463 2561 fu-

1890 2618 2010 2663 turo
2054 2608 2260 2677 judicio
2289 2606 2357 2660 ab
2403 2604 2547 2659 omni
2590 2614 2738 2658 metu
2779 2611 3118 2672 peccatorum
3169 2610 3224 2654 et
3268 2599 3460 2653 mortis

1887 2702 2088 2757 absolvi
2148 2707 2438 2755 mereatur.
2496 2699 2633 2750 Deus
2685 2694 3063 2764 omnipotens,
3135 2692 3223 2755 qui
3291 2705 3463 2743 omnes

1888 2794 2117 2847 homines
2161 2792 2265 2845 vult
2307 2791 2473 2845 salvos
2509 2790 2646 2865 ﬁeri,
2674 2797 2719 2840 et
2767 2788 2833 2839 ad
2879 2784 3187 2855 agnitionem
3235 2782 3461 2833 veritatis

1889 2887 2053 2940 venire
2077 2884 2130 2957 (I
2160 2884 2291 2938 Tim.
2326 2899 2385 2946 tt,
2426 2882 2495 2946 ί),
2526 2880 2613 2949 qui
2663 2879 2775 2933 haec
2827 2893 2921 2946 per
2961 2876 3311 2929 ministerium
3363 2873 3463 2925 lin-

1885 2993 2002 3049 gnat
2030 2986 2227 3032 nostra:
2255 2976 2472 3029 auribus
2493 2981 2682 3025 vestra:
2714 2968 3059 3023 fraternitatis
3092 2967 3315 3029 infudit;
3350 2967 3462 3031 ipse

1894 3085 1988 3138 per
2018 3068 2237 3136 gratiam
2268 3081 2419 3119 suam
2459 3063 2645 3116 eadem
2679 3064 2729 3115 in
2762 3059 3013 3114 cordibus
3048 3056 3238 3110 vesuris
3273 3054 3461 3107 fructi-

219 3139 574 3194 Iornicationis
624 3141 1017 3199 immunditiam
1044 3188 1059 3210 ,
1107 3148 1350 3202 avaritia:
1406 3149 1780 3217 idololatriam,
1816 3138 1860 3199 Β
1894 3162 2055 3215 ἤθει-ε
2083 3159 2261 3222 faciat,
2308 3166 2631 3225 cooperante
2662 3152 2885 3206 Domino
2928 3160 3111 3203 nostro
3140 3148 3265 3202 Iesu
3311 3144 3463 3199 Chri-

222 3227 302 3281 irae
342 3230 638 3293 vesaniam,
693 3232 926 3288 tristitia:
970 3238 1238 3305 nebulam,
1291 3240 1434 3294 twdii
1484 3256 1784 3307 rancurem,

222 3320 414 3375 invidiae
446 3324 772 3390 rubiginem,
806 3328 1092 3384 inﬂationis
1132 3332 1467 3398 inanitatem,
1517 3333 1787 3400 superbize

223 3414 644 3483 subversionem;
679 3429 736 3473 et
779 3420 953 3475 nullus
994 3424 1214 3479 cuilibet
1250 3426 1554 3479 Christiano
1587 3425 1785 3482 furtum

282 3580 306 3606 ⁸
334 3574 534 3633 Fodit.
568 3580 795 3653 Basuag.
828 3586 1010 3651 editio,
1045 3605 1349 3659 perperam,
1379 3594 1531 3662 finde.

1891 3261 1996 3319 sto,
2027 3263 2078 3305 et
2102 3251 2300 3322 Spiritu
2330 3247 2617 3319 paracleto.
2652 3243 2967 3299 Benedictus
2996 3239 3133 3294 Deus
3162 3239 3213 3292 in
3244 3236 3460 3293 saecula.

1893 3348 2088 3400 Amen.

226 3733 3453 3779 W

1194 3824 2346 4022 /APPENDIx.

1059 4225 1792 4304 EPIGRAMMATA
1843 4264 1940 4304 seu
1976 4229 2309 4306 HYMNI
2356 4227 2635 4304 SACRI

440 4544 487 4575 κ-εῗ

392 4574 435 4603 /

667 4428 1304 4542 ANTIQUORUM
1379 4430 1777 4529 PATRUM
1850 4430 2441 4529 MONASTEBII
2515 4431 2589 4526 S.
2667 4430 3016 4557 GALLI,

336 4620 375 4753 τί
414 4658 2466 4753 BERMRRL...991£MML-.lassasset.galeamn.
2504 4656 3264 4753 sweeewww

736 4738 1083 4799 NOTKERI
1128 4741 1425 4812 MEDICI,
1460 4738 2194 4812 RA'I'PEHTI,STRABI
2231 4741 2466 4798 GALLI
2504 4738 2956 4806 FULDENS‘IS,

987 4819 1462 4897 TU'I‘ELONIS,
1511 4818 2048 4891 \VALDRAMMI,
2089 4818 2691 4888 ANONYMORUM;

3052 4737 3139 4821 az";
3286 4759 3293 4765 ν

2918 4822 3051 4921 μέν]

2568 4914 2915 4971 \.___,.»~"

626 4977 663 5017 Δ
700 4975 951 5018 οληιειο
979 4977 1227 5021 PRIMUM
1263 4980 1342 5021 EX
1379 4979 1842 5024 VETUSTISSIMIS
1875 4979 1978 5023 MS.
2013 4978 2344 5023 CODICIBUS
2374 4977 2593 5022 SANCTI
2631 4978 2811 5022 GALLI
2851 4978 3066 5020 EDITA.

1344 5170 1695 5234 CANISIUS
1740 5172 1846 5233 AD
1890 5173 2344 5236 LECTOBEM.

286 5312 569 5368 lllustrium
602 5314 835 5368 virorum
879 5313 1184 5379 monasterii
1230 5314 1407 5370 Sancti
1445 5315 1579 5371 Galli
1621 5331 1774 5370 saera

216 5386 449 5439 carmina
477 5386 564 5439 ubi
592 5386 729 5449 vidi,
777 5388 932 5452 digna
962 5389 1146 5441 censui
1178 5387 1324 5451 luce,
1367 5396 1475 5439 tum
1506 5388 1574 5439 ob
1600 5388 1777 5442 erudi-

216 5458 603 5525 tinnemptum
633 5457 703 5509 ob
735 5457 980 5525 pietatem
1008 5496 1023 5519 ,
1072 5467 1125 5511 et
1167 5457 1248 5511 vel
1299 5456 1527 5510 maxime
1567 5467 1778 5523 propter

218 5524 569 5579 venerandam
597 5528 991 5595 antiquitatem.
1028 5529 1275 5593 Ejusdem
1307 5528 1484 5590 iudicii
1511 5527 1604 5580 fuit
1629 5526 1777 5582 nobi-

218 5596 443 5649 lissimus
473 5597 687 5651 Marcus
718 5598 999 5661 Velserus,
1039 5600 1127 5666 qui
1162 5598 1212 5650 in
1248 5598 1436 5651 litteris
1466 5597 1779 5665 quibusdam

219 5667 434 5731 scribit,
483 5667 600 5720 bmc
630 5682 779 5721 sacra
813 5670 1051 5721 carmina
1083 5668 1181 5722 sibi
1214 5668 1452 5734 apprime
1485 5669 1777 5736 placuisse,

218 5738 285 5789 iis
320 5748 372 5791 ut
411 5739 671 5792 interdum
698 5755 827 5810 pene
858 5738 1111 5793 lacrumas
1144 5741 1483 5807 “cauerint,
1531 5740 1789 5809 antiquam

1882 5317 2115 5388 pietatem
2147 5333 2264 5388 icium
2301 5318 2489 5388 nostris
2523 5317 2826 5383 temporibus
2856 5316 3134 5388 conferenti
3161 5357 3195 5388 ,ί
3221 5317 3297 5388 ita
3323 5318 3463 5373 enitr

1882 5387 2117 5456 loquitur
2145 5387 2418 5443 Velserus.
2466 5387 2730 5443 Debemus
2761 5388 2876 5442 haec
2907 5386 3145 5442 carmina
3182 5387 3246 5439 Ii.
3284 5386 3341 5439 l’.
3373 5388 3440 5443 Jo

1880 5457 2018 5511 doco
2048 5458 2323 5526 Metzlero,
2366 5459 2676 5513 monasterii
2708 5458 2888 5514 Sancti
2917 5457 3052 5513 Galli
3085 5456 3360 5526 professo,
3408 5470 3464 5514 et

1881 5543 2155 5582 sacrorum
2185 5543 2446 5582 canonum
2477 5528 2713 5591 doctori,
2756 5530 2846 5596 qui
2879 5530 3023 5582 misit
3056 5525 3300 5596 libellum
3351 5544 3457 5584 IIIS.

1883 5613 2040 5668 quem
2075 5599 2250 5653 studio
2296 5608 2352 5652 et
2396 5614 2582 5653 amore
2609 5595 2943 5668 antiquitazis
2972 5595 3459 5668 cgnscri_psit,vo-

1886 5663 2076 5732 eatque
2104 5668 2410 5723 Memoriale
2440 5668 2722 5721 illustrium
2744 5663 2978 5719 virorum
3003 5663 3186 5719 Sancti
3215 5664 3378 5728 Galli,
3407 5670 3461 5721 in

1896 5739 2048 5808 cujus
2078 5742 2243 5810 prima
2277 5750 2425 5810 parte
2443 5740 2679 5795 illustres
2702 5746 3021 5807 sanctosque
3046 5734 3190 5789 viros
3213 5733 3464 5804 ejusdem
