  <div class='ocr_page' id='page_1' title='image "/cluster/home/n/w/nwhite01/storage/ocr_20150623/87/hvd.32044015469471/023.png"; bbox 0 0 4002 6350; ppageno 0'>
   <div class='ocr_carea' id='block_1_1' title="bbox 532 322 2776 386">
    <p class='ocr_par' dir='ltr' id='par_1_1' title="bbox 532 322 2776 386">
     <span class='ocr_line' id='line_1_1' title="bbox 532 322 2776 386; baseline -0.003 0"><span class='ocrx_word' id='word_1_1' title='bbox 532 335 600 386; x_wconf 63' lang='grc' dir='ltr'><strong>δὲ»</strong></span> <span class='ocrx_word' id='word_1_2' title='bbox 1609 326 1953 383; x_wconf 76' lang='lat' dir='ltr'><strong>APPENDIX</strong></span> <span class='ocrx_word' id='word_1_3' title='bbox 1997 325 2089 380; x_wconf 81' lang='lat' dir='ltr'><strong>AD</strong></span> <span class='ocrx_word' id='word_1_4' title='bbox 2127 323 2188 378; x_wconf 86' lang='lat' dir='ltr'><strong>S.</strong></span> <span class='ocrx_word' id='word_1_5' title='bbox 2231 322 2429 378; x_wconf 82' lang='lat' dir='ltr'><strong>GALLI</strong></span> <span class='ocrx_word' id='word_1_6' title='bbox 2468 323 2776 380; x_wconf 76' lang='lat' dir='ltr'><strong>SClllPTA.</strong></span> 
     </span>
    </p>
   </div>
   <div class='ocr_carea' id='block_1_2' title="bbox 2148 439 3348 510">
    <p class='ocr_par' dir='ltr' id='par_1_2' title="bbox 2148 439 3348 510">
     <span class='ocr_line' id='line_1_2' title="bbox 2148 439 3348 510; baseline 0.004 -19"><span class='ocrx_word' id='word_1_7' title='bbox 2148 443 2191 498; x_wconf 79' lang='grc' dir='ltr'><strong>Α</strong></span> <span class='ocrx_word' id='word_1_8' title='bbox 2297 439 2394 492; x_wconf 88' lang='lat' dir='ltr'><strong>Per</strong></span> <span class='ocrx_word' id='word_1_9' title='bbox 2423 449 2474 491; x_wconf 83' lang='lat' dir='ltr'><strong>te</strong></span> <span class='ocrx_word' id='word_1_10' title='bbox 2498 443 2772 496; x_wconf 67' lang='lat' dir='ltr'><strong>caelestem</strong></span> <span class='ocrx_word' id='word_1_11' title='bbox 2802 442 2961 510; x_wconf 64' lang='lat' dir='ltr'><strong>coepit</strong></span> <span class='ocrx_word' id='word_1_12' title='bbox 2987 439 3184 497; x_wconf 87' lang='lat' dir='ltr'><strong>habere</strong></span> <span class='ocrx_word' id='word_1_13' title='bbox 3209 439 3348 497; x_wconf 91' lang='lat' dir='ltr'><strong>diem</strong></span> 
     </span>
    </p>
   </div>
   <div class='ocr_carea' id='block_1_3' title="bbox 956 445 1694 514">
    <p class='ocr_par' dir='ltr' id='par_1_3' title="bbox 956 445 1694 514">
     <span class='ocr_line' id='line_1_3' title="bbox 956 445 1694 514; baseline 0 -18"><span class='ocrx_word' id='word_1_14' title='bbox 956 452 1082 498; x_wconf 72' lang='lat' dir='ltr'><strong>Item</strong></span> <span class='ocrx_word' id='word_1_15' title='bbox 1113 446 1263 498; x_wconf 75' lang='lat' dir='ltr'><strong>ctiiim</strong></span> <span class='ocrx_word' id='word_1_16' title='bbox 1293 445 1539 514; x_wconf 78' lang='lat' dir='ltr'><strong>auonymi</strong></span> <span class='ocrx_word' id='word_1_17' title='bbox 1569 447 1694 498; x_wconf 86' lang='lat' dir='ltr'><strong>alia.</strong></span> 
     </span>
    </p>
   </div>
   <div class='ocr_carea' id='block_1_4' title="bbox 529 555 2006 621">
    <p class='ocr_par' dir='ltr' id='par_1_4' title="bbox 529 555 2006 621">
     <span class='ocr_line' id='line_1_4' title="bbox 529 555 2006 621; baseline -0.005 -9"><span class='ocrx_word' id='word_1_18' title='bbox 529 564 680 613; x_wconf 76' lang='lat' dir='ltr'><strong>Itone</strong></span> <span class='ocrx_word' id='word_1_19' title='bbox 709 559 870 610; x_wconf 81' lang='lat' dir='ltr'><strong>diem.</strong></span> <span class='ocrx_word' id='word_1_20' title='bbox 1446 556 1480 621; x_wconf 59' lang='lat' dir='ltr'><strong>ti</strong></span> <span class='ocrx_word' id='word_1_21' title='bbox 1506 595 1520 609; x_wconf 94' lang='lat'><strong>.</strong></span> <span class='ocrx_word' id='word_1_22' title='bbox 1596 555 1785 608; x_wconf 80' lang='lat' dir='ltr'><strong>Multos</strong></span> <span class='ocrx_word' id='word_1_23' title='bbox 1815 567 2006 606; x_wconf 84' lang='lat' dir='ltr'><strong>annos.</strong></span> 
     </span>
    </p>
   </div>
   <div class='ocr_carea' id='block_1_5' title="bbox 533 646 2009 713">
    <p class='ocr_par' dir='ltr' id='par_1_5' title="bbox 533 646 2009 713">
     <span class='ocr_line' id='line_1_5' title="bbox 533 646 2009 713; baseline -0.005 -9"><span class='ocrx_word' id='word_1_24' title='bbox 533 652 682 704; x_wconf 79' lang='lat' dir='ltr'><strong>Ilunc</strong></span> <span class='ocrx_word' id='word_1_25' title='bbox 710 650 869 702; x_wconf 89' lang='lat' dir='ltr'><strong>diem.</strong></span> <span class='ocrx_word' id='word_1_26' title='bbox 1443 648 1477 713; x_wconf 63' lang='lat' dir='ltr'><strong>ii</strong></span> <span class='ocrx_word' id='word_1_27' title='bbox 1502 685 1517 701; x_wconf 94' lang='lat'><strong>.</strong></span> <span class='ocrx_word' id='word_1_28' title='bbox 1594 646 1788 699; x_wconf 79' lang='lat' dir='ltr'><strong>Multos</strong></span> <span class='ocrx_word' id='word_1_29' title='bbox 1819 659 2009 697; x_wconf 89' lang='lat' dir='ltr'><strong>annos.</strong></span> 
     </span>
    </p>
   </div>
   <div class='ocr_carea' id='block_1_6' title="bbox 530 737 2003 803">
    <p class='ocr_par' dir='ltr' id='par_1_6' title="bbox 530 737 2003 803">
     <span class='ocr_line' id='line_1_6' title="bbox 530 737 2003 803; baseline -0.006 -7"><span class='ocrx_word' id='word_1_30' title='bbox 530 743 681 796; x_wconf 89' lang='lat' dir='ltr'><strong>lluiic</strong></span> <span class='ocrx_word' id='word_1_31' title='bbox 710 742 870 795; x_wconf 84' lang='lat' dir='ltr'><strong>diem.</strong></span> <span class='ocrx_word' id='word_1_32' title='bbox 1442 738 1476 803; x_wconf 61' lang='lat' dir='ltr'><strong>ti</strong></span> <span class='ocrx_word' id='word_1_33' title='bbox 1501 775 1514 789; x_wconf 91' lang='lat'><strong>.</strong></span> <span class='ocrx_word' id='word_1_34' title='bbox 1593 737 1783 790; x_wconf 80' lang='lat' dir='ltr'><strong>Multos</strong></span> <span class='ocrx_word' id='word_1_35' title='bbox 1812 750 2003 788; x_wconf 89' lang='lat' dir='ltr'><strong>annos.</strong></span> 
     </span>
    </p>
   </div>
   <div class='ocr_carea' id='block_1_7' title="bbox 532 829 2077 902">
    <p class='ocr_par' dir='ltr' id='par_1_7' title="bbox 532 829 2077 902">
     <span class='ocr_line' id='line_1_7' title="bbox 532 829 2077 902; baseline -0.005 -12"><span class='ocrx_word' id='word_1_36' title='bbox 532 838 687 890; x_wconf 77' lang='lat' dir='ltr'><strong>Istam</strong></span> <span class='ocrx_word' id='word_1_37' title='bbox 720 834 1189 902; x_wconf 79' lang='lat' dir='ltr'><strong>congregationem</strong></span> <span class='ocrx_word' id='word_1_38' title='bbox 1452 832 1490 890; x_wconf 61' lang='lat' dir='ltr'><strong>ti</strong></span> <span class='ocrx_word' id='word_1_39' title='bbox 1515 868 1530 882; x_wconf 92' lang='lat'><strong>.</strong></span> <span class='ocrx_word' id='word_1_40' title='bbox 1611 829 1748 883; x_wconf 86' lang='lat' dir='ltr'><strong>Deus</strong></span> <span class='ocrx_word' id='word_1_41' title='bbox 1777 836 2077 884; x_wconf 81' lang='lat' dir='ltr'><strong>conservet.</strong></span> 
     </span>
    </p>
   </div>
   <div class='ocr_carea' id='block_1_8' title="bbox 529 919 2074 990">
    <p class='ocr_par' dir='ltr' id='par_1_8' title="bbox 529 919 2074 990">
     <span class='ocr_line' id='line_1_8' title="bbox 529 919 2074 990; baseline -0.006 -13"><span class='ocrx_word' id='word_1_42' title='bbox 529 925 686 978; x_wconf 59' lang='lat' dir='ltr'><strong>Istam</strong></span> <span class='ocrx_word' id='word_1_43' title='bbox 714 934 1184 990; x_wconf 78' lang='lat' dir='ltr'><strong>congregationem</strong></span> <span class='ocrx_word' id='word_1_44' title='bbox 1442 920 1482 984; x_wconf 62' lang='grc' dir='ltr'><strong>ἰἢ</strong></span> <span class='ocrx_word' id='word_1_45' title='bbox 1504 959 1518 972; x_wconf 95' lang='grc'><strong>.</strong></span> <span class='ocrx_word' id='word_1_46' title='bbox 1601 919 1740 971; x_wconf 91' lang='lat' dir='ltr'><strong>Dens</strong></span> <span class='ocrx_word' id='word_1_47' title='bbox 1770 924 2074 972; x_wconf 97' lang='lat' dir='ltr'><strong>conservet.</strong></span> 
     </span>
    </p>
   </div>
   <div class='ocr_carea' id='block_1_9' title="bbox 535 1007 2077 1081">
    <p class='ocr_par' dir='ltr' id='par_1_9' title="bbox 535 1007 2077 1081">
     <span class='ocr_line' id='line_1_9' title="bbox 535 1007 2077 1081; baseline -0.006 -15"><span class='ocrx_word' id='word_1_48' title='bbox 535 1018 689 1067; x_wconf 77' lang='lat' dir='ltr'><strong>Istam</strong></span> <span class='ocrx_word' id='word_1_49' title='bbox 722 1013 1191 1081; x_wconf 71' lang='lat' dir='ltr'><strong>congregationem</strong></span> <span class='ocrx_word' id='word_1_50' title='bbox 1455 1009 1490 1073; x_wconf 64' lang='grc' dir='ltr'>ιξ</span> <span class='ocrx_word' id='word_1_51' title='bbox 1515 1047 1528 1060; x_wconf 93' lang='grc'><strong>.</strong></span> <span class='ocrx_word' id='word_1_52' title='bbox 1610 1007 1746 1060; x_wconf 91' lang='lat' dir='ltr'><strong>Deus</strong></span> <span class='ocrx_word' id='word_1_53' title='bbox 1775 1012 2077 1059; x_wconf 77' lang='lat' dir='ltr'><strong>conservet.</strong></span> 
     </span>
    </p>
   </div>
   <div class='ocr_carea' id='block_1_10' title="bbox 531 1094 2108 1163">
    <p class='ocr_par' dir='ltr' id='par_1_10' title="bbox 531 1094 2108 1163">
     <span class='ocr_line' id='line_1_10' title="bbox 531 1094 2108 1163; baseline -0.006 -6"><span class='ocrx_word' id='word_1_54' title='bbox 531 1110 714 1158; x_wconf 79' lang='lat' dir='ltr'><strong>Annos</strong></span> <span class='ocrx_word' id='word_1_55' title='bbox 742 1103 863 1155; x_wconf 74' lang='lat' dir='ltr'><strong>vita:</strong></span> <span class='ocrx_word' id='word_1_56' title='bbox 1449 1099 1482 1163; x_wconf 65' lang='grc' dir='ltr'>ιῆ</span> <span class='ocrx_word' id='word_1_57' title='bbox 1509 1140 1520 1150; x_wconf 93' lang='grc'><strong>.</strong></span> <span class='ocrx_word' id='word_1_58' title='bbox 1603 1097 1738 1148; x_wconf 80' lang='lat' dir='ltr'><strong>Deus</strong></span> <span class='ocrx_word' id='word_1_59' title='bbox 1767 1094 2108 1160; x_wconf 82' lang='lat' dir='ltr'><strong>multiplicct.</strong></span> 
     </span>
    </p>
   </div>
   <div class='ocr_carea' id='block_1_11' title="bbox 531 1185 2110 1252">
    <p class='ocr_par' dir='ltr' id='par_1_11' title="bbox 531 1185 2110 1252">
     <span class='ocr_line' id='line_1_11' title="bbox 531 1185 2110 1252; baseline -0.007 -5"><span class='ocrx_word' id='word_1_60' title='bbox 531 1205 713 1247; x_wconf 77' lang='lat' dir='ltr'><strong>Itonos</strong></span> <span class='ocrx_word' id='word_1_61' title='bbox 741 1195 864 1246; x_wconf 63' lang='lat' dir='ltr'><strong>vita:</strong></span> <span class='ocrx_word' id='word_1_62' title='bbox 1449 1189 1484 1252; x_wconf 57' lang='grc' dir='ltr'>ιζ</span> <span class='ocrx_word' id='word_1_63' title='bbox 1515 1229 1521 1236; x_wconf 95' lang='grc'>.</span> <span class='ocrx_word' id='word_1_64' title='bbox 1605 1186 1741 1238; x_wconf 88' lang='lat' dir='ltr'><strong>Deus</strong></span> <span class='ocrx_word' id='word_1_65' title='bbox 1770 1185 2110 1251; x_wconf 83' lang='lat' dir='ltr'><strong>ninltiplicet.</strong></span> 
     </span>
    </p>
   </div>
   <div class='ocr_carea' id='block_1_12' title="bbox 535 1276 2109 1340">
    <p class='ocr_par' dir='ltr' id='par_1_12' title="bbox 535 1276 2109 1340">
     <span class='ocr_line' id='line_1_12' title="bbox 535 1276 2109 1340; baseline -0.005 -5"><span class='ocrx_word' id='word_1_66' title='bbox 535 1289 716 1340; x_wconf 76' lang='lat' dir='ltr'><strong>Annos</strong></span> <span class='ocrx_word' id='word_1_67' title='bbox 741 1288 862 1339; x_wconf 69' lang='lat' dir='ltr'><strong>vita:</strong></span> <span class='ocrx_word' id='word_1_68' title='bbox 1451 1279 1487 1334; x_wconf 58' lang='lat' dir='ltr'><strong>Ii</strong></span> <span class='ocrx_word' id='word_1_69' title='bbox 1506 1315 1526 1332; x_wconf 70' lang='lat'><strong>.</strong></span> <span class='ocrx_word' id='word_1_70' title='bbox 1608 1277 1744 1327; x_wconf 78' lang='lat' dir='ltr'><strong>Deus</strong></span> <span class='ocrx_word' id='word_1_71' title='bbox 1779 1276 2109 1340; x_wconf 73' lang='lat' dir='ltr'><strong>multiplicat.</strong></span> 
     </span>
    </p>
   </div>
   <div class='ocr_carea' id='block_1_13' title="bbox 535 1365 1873 1432">
    <p class='ocr_par' dir='ltr' id='par_1_13' title="bbox 535 1365 1873 1432">
     <span class='ocr_line' id='line_1_13' title="bbox 535 1365 1873 1432; baseline -0.01 -1"><span class='ocrx_word' id='word_1_72' title='bbox 535 1380 808 1432; x_wconf 82' lang='lat' dir='ltr'><strong>Fcticitcr.</strong></span> <span class='ocrx_word' id='word_1_73' title='bbox 1254 1368 1526 1424; x_wconf 78' lang='lat' dir='ltr'><strong>Feliciter.</strong></span> <span class='ocrx_word' id='word_1_74' title='bbox 1604 1365 1873 1419; x_wconf 81' lang='lat' dir='ltr'><strong>Felicitcr.</strong></span> 
     </span>
    </p>
   </div>
   <div class='ocr_carea' id='block_1_14' title="bbox 678 1503 1974 1570">
    <p class='ocr_par' dir='ltr' id='par_1_14' title="bbox 678 1503 1974 1570">
     <span class='ocr_line' id='line_1_14' title="bbox 678 1503 1974 1570; baseline -0.005 -9"><span class='ocrx_word' id='word_1_75' title='bbox 678 1511 858 1563; x_wconf 75' lang='lat' dir='ltr'><strong>l&#39;ersits</strong></span> <span class='ocrx_word' id='word_1_76' title='bbox 882 1517 905 1542; x_wconf 74' lang='grc'><strong>³</strong></span> <span class='ocrx_word' id='word_1_77' title='bbox 932 1507 1204 1560; x_wconf 72' lang='grc' dir='ltr'>Πιτνιῑιιτι</span> <span class='ocrx_word' id='word_1_78' title='bbox 1234 1506 1294 1556; x_wconf 79' lang='lat' dir='ltr'><strong>tle</strong></span> <span class='ocrx_word' id='word_1_79' title='bbox 1324 1505 1590 1570; x_wconf 73' lang='lat' dir='ltr'><strong>festivitate</strong></span> <span class='ocrx_word' id='word_1_80' title='bbox 1620 1513 1785 1554; x_wconf 79' lang='lat' dir='ltr'><strong>saitctt</strong></span> <span class='ocrx_word' id='word_1_81' title='bbox 1811 1503 1974 1556; x_wconf 74' lang='lat' dir='ltr'><strong>Galli.</strong></span> 
     </span>
    </p>
   </div>
   <div class='ocr_carea' id='block_1_15' title="bbox 539 1613 1772 1684">
    <p class='ocr_par' dir='ltr' id='par_1_15' title="bbox 539 1613 1772 1684">
     <span class='ocr_line' id='line_1_15' title="bbox 539 1613 1772 1684; baseline -0.012 -6"><span class='ocrx_word' id='word_1_82' title='bbox 539 1629 747 1684; x_wconf 82' lang='lat' dir='ltr'><strong>Annua,</strong></span> <span class='ocrx_word' id='word_1_83' title='bbox 771 1628 953 1674; x_wconf 74' lang='lat' dir='ltr'><strong>sancte</strong></span> <span class='ocrx_word' id='word_1_84' title='bbox 987 1617 1098 1680; x_wconf 86' lang='lat' dir='ltr'><strong>Dei,</strong></span> <span class='ocrx_word' id='word_1_85' title='bbox 1128 1617 1461 1669; x_wconf 88' lang='lat' dir='ltr'><strong>celebremus</strong></span> <span class='ocrx_word' id='word_1_86' title='bbox 1485 1614 1616 1666; x_wconf 86' lang='lat' dir='ltr'><strong>festa</strong></span> <span class='ocrx_word' id='word_1_87' title='bbox 1643 1613 1772 1678; x_wconf 88' lang='lat' dir='ltr'><strong>dici,</strong></span> 
     </span>
    </p>
   </div>
   <div class='ocr_carea' id='block_1_16' title="bbox 607 1703 1762 1781">
    <p class='ocr_par' dir='ltr' id='par_1_16' title="bbox 607 1703 1762 1781">
     <span class='ocr_line' id='line_1_16' title="bbox 607 1703 1762 1781; baseline -0.01 -16"><span class='ocrx_word' id='word_1_88' title='bbox 607 1717 716 1781; x_wconf 83' lang='lat' dir='ltr'><strong>Qua</strong></span> <span class='ocrx_word' id='word_1_89' title='bbox 749 1723 898 1780; x_wconf 90' lang='lat' dir='ltr'><strong>pater</strong></span> <span class='ocrx_word' id='word_1_90' title='bbox 929 1725 959 1762; x_wconf 93' lang='lat' dir='ltr'><strong>e</strong></span> <span class='ocrx_word' id='word_1_91' title='bbox 986 1710 1140 1761; x_wconf 87' lang='lat' dir='ltr'><strong>terris</strong></span> <span class='ocrx_word' id='word_1_92' title='bbox 1163 1706 1362 1765; x_wconf 84' lang='lat' dir='ltr'><strong>sidera,</strong></span> <span class='ocrx_word' id='word_1_93' title='bbox 1395 1703 1570 1762; x_wconf 86' lang='lat' dir='ltr'><strong>Galle,</strong></span> <span class='ocrx_word' id='word_1_94' title='bbox 1604 1705 1762 1768; x_wconf 75' lang='lat' dir='ltr'><strong>petis.</strong></span> 
     </span>
    </p>
   </div>
   <div class='ocr_carea' id='block_1_17' title="bbox 540 1793 2001 1869">
    <p class='ocr_par' dir='ltr' id='par_1_17' title="bbox 540 1793 2001 1869">
     <span class='ocr_line' id='line_1_17' title="bbox 540 1793 2001 1869; baseline -0.003 -16"><span class='ocrx_word' id='word_1_95' title='bbox 540 1809 676 1861; x_wconf 66' lang='lat' dir='ltr'><strong>Ecce</strong></span> <span class='ocrx_word' id='word_1_96' title='bbox 705 1804 819 1857; x_wconf 87' lang='lat' dir='ltr'><strong>dies</strong></span> <span class='ocrx_word' id='word_1_97' title='bbox 848 1800 1053 1869; x_wconf 82' lang='lat' dir='ltr'><strong>pupulis</strong></span> <span class='ocrx_word' id='word_1_98' title='bbox 1086 1798 1241 1848; x_wconf 87' lang='lat' dir='ltr'><strong>iiiicat</strong></span> <span class='ocrx_word' id='word_1_99' title='bbox 1273 1799 1385 1848; x_wconf 73' lang='lat' dir='ltr'><strong>lucc</strong></span> <span class='ocrx_word' id='word_1_100' title='bbox 1414 1794 1753 1847; x_wconf 76' lang='lat' dir='ltr'><strong>sanctissima</strong></span> <span class='ocrx_word' id='word_1_101' title='bbox 1783 1793 2001 1858; x_wconf 87' lang='lat' dir='ltr'><strong>nostris,</strong></span> 
     </span>
    </p>
   </div>
   <div class='ocr_carea' id='block_1_18' title="bbox 616 1883 1882 1961">
    <p class='ocr_par' dir='ltr' id='par_1_18' title="bbox 616 1883 1882 1961">
     <span class='ocr_line' id='line_1_18' title="bbox 616 1883 1882 1961; baseline -0.01 -12"><span class='ocrx_word' id='word_1_102' title='bbox 616 1901 852 1961; x_wconf 79' lang='lat' dir='ltr'><strong>Quorum</strong></span> <span class='ocrx_word' id='word_1_103' title='bbox 883 1902 934 1943; x_wconf 90' lang='lat' dir='ltr'><strong>tu</strong></span> <span class='ocrx_word' id='word_1_104' title='bbox 964 1890 1206 1956; x_wconf 80' lang='lat' dir='ltr'><strong>princeps</strong></span> <span class='ocrx_word' id='word_1_105' title='bbox 1233 1896 1417 1939; x_wconf 91' lang='lat' dir='ltr'><strong>auctor</strong></span> <span class='ocrx_word' id='word_1_106' title='bbox 1444 1883 1507 1936; x_wconf 90' lang='lat' dir='ltr'><strong>ad</strong></span> <span class='ocrx_word' id='word_1_107' title='bbox 1539 1892 1680 1935; x_wconf 88' lang='lat' dir='ltr'><strong>astra</strong></span> <span class='ocrx_word' id='word_1_108' title='bbox 1713 1899 1882 1949; x_wconf 87' lang='lat' dir='ltr'><strong>meas,</strong></span> 
     </span>
    </p>
   </div>
   <div class='ocr_carea' id='block_1_19' title="bbox 551 1975 1719 2041">
    <p class='ocr_par' dir='ltr' id='par_1_19' title="bbox 551 1975 1719 2041">
     <span class='ocr_line' id='line_1_19' title="bbox 551 1975 1719 2041; baseline -0.014 1"><span class='ocrx_word' id='word_1_109' title='bbox 551 1988 764 2041; x_wconf 77' lang='lat' dir='ltr'><strong>Finibus</strong></span> <span class='ocrx_word' id='word_1_110' title='bbox 790 1981 1034 2036; x_wconf 78' lang='lat' dir='ltr'><strong>Occiduis</strong></span> <span class='ocrx_word' id='word_1_111' title='bbox 1063 1979 1269 2039; x_wconf 85' lang='lat' dir='ltr'><strong>abiens,</strong></span> <span class='ocrx_word' id='word_1_112' title='bbox 1300 1975 1540 2028; x_wconf 83' lang='lat' dir='ltr'><strong>succedis</strong></span> <span class='ocrx_word' id='word_1_113' title='bbox 1576 1976 1719 2039; x_wconf 82' lang='lat' dir='ltr'><strong>Eois,</strong></span> 
     </span>
    </p>
   </div>
   <div class='ocr_carea' id='block_1_20' title="bbox 624 2066 1738 2136">
    <p class='ocr_par' dir='ltr' id='par_1_20' title="bbox 624 2066 1738 2136">
     <span class='ocr_line' id='line_1_20' title="bbox 624 2066 1738 2136; baseline -0.01 -6"><span class='ocrx_word' id='word_1_114' title='bbox 624 2080 762 2130; x_wconf 72' lang='lat' dir='ltr'><strong>ltans</strong></span> <span class='ocrx_word' id='word_1_115' title='bbox 793 2075 960 2126; x_wconf 85' lang='lat' dir='ltr'><strong>lucem</strong></span> <span class='ocrx_word' id='word_1_116' title='bbox 995 2069 1160 2136; x_wconf 91' lang='lat' dir='ltr'><strong>plebis</strong></span> <span class='ocrx_word' id='word_1_117' title='bbox 1191 2067 1452 2134; x_wconf 79' lang='lat' dir='ltr'><strong>dogmatis</strong></span> <span class='ocrx_word' id='word_1_118' title='bbox 1492 2066 1611 2134; x_wconf 88' lang='lat' dir='ltr'><strong>igne</strong></span> <span class='ocrx_word' id='word_1_119' title='bbox 1643 2067 1738 2119; x_wconf 89' lang='lat' dir='ltr'><strong>titi.</strong></span> 
     </span>
    </p>
   </div>
   <div class='ocr_carea' id='block_1_21' title="bbox 545 2153 1772 2236">
    <p class='ocr_par' dir='ltr' id='par_1_21' title="bbox 545 2153 1772 2236">
     <span class='ocr_line' id='line_1_21' title="bbox 545 2153 1772 2236; baseline -0.013 -15"><span class='ocrx_word' id='word_1_120' title='bbox 545 2171 675 2236; x_wconf 71' lang='lat' dir='ltr'><strong>Qum</strong></span> <span class='ocrx_word' id='word_1_121' title='bbox 707 2163 980 2219; x_wconf 89' lang='lat' dir='ltr'><strong>tenebrosa</strong></span> <span class='ocrx_word' id='word_1_122' title='bbox 1010 2158 1107 2212; x_wconf 88' lang='lat' dir='ltr'><strong>fuit</strong></span> <span class='ocrx_word' id='word_1_123' title='bbox 1137 2157 1257 2210; x_wconf 88' lang='lat' dir='ltr'><strong>ﬁdei</strong></span> <span class='ocrx_word' id='word_1_124' title='bbox 1283 2169 1378 2209; x_wconf 92' lang='lat' dir='ltr'><strong>nec</strong></span> <span class='ocrx_word' id='word_1_125' title='bbox 1406 2156 1520 2209; x_wconf 90' lang='lat' dir='ltr'><strong>lucc</strong></span> <span class='ocrx_word' id='word_1_126' title='bbox 1542 2153 1772 2219; x_wconf 81' lang='lat' dir='ltr'><strong>refulsit,</strong></span> 
     </span>
    </p>
   </div>
   <div class='ocr_carea' id='block_1_22' title="bbox 615 2310 2112 2378">
    <p class='ocr_par' dir='ltr' id='par_1_22' title="bbox 615 2310 2112 2378">
     <span class='ocr_line' id='line_1_22' title="bbox 615 2310 2112 2378; baseline -0.007 -4"><span class='ocrx_word' id='word_1_127' title='bbox 615 2333 639 2359; x_wconf 79' lang='grc' dir='ltr'><strong>ι</strong></span> <span class='ocrx_word' id='word_1_128' title='bbox 670 2321 838 2374; x_wconf 87' lang='lat' dir='ltr'><strong>Placet</strong></span> <span class='ocrx_word' id='word_1_129' title='bbox 872 2317 956 2369; x_wconf 91' lang='lat' dir='ltr'><strong>hic</strong></span> <span class='ocrx_word' id='word_1_130' title='bbox 985 2314 1140 2367; x_wconf 87' lang='lat' dir='ltr'><strong>verba</strong></span> <span class='ocrx_word' id='word_1_131' title='bbox 1176 2311 1409 2365; x_wconf 77' lang='lat' dir='ltr'><strong>Metzleri</strong></span> <span class='ocrx_word' id='word_1_132' title='bbox 1438 2310 1726 2373; x_wconf 88' lang='lat' dir='ltr'><strong>ascribere,</strong></span> <span class='ocrx_word' id='word_1_133' title='bbox 1775 2325 1895 2378; x_wconf 65' lang='lat' dir='ltr'><strong>quae</strong></span> <span class='ocrx_word' id='word_1_134' title='bbox 1921 2311 1986 2365; x_wconf 81' lang='lat' dir='ltr'><strong>ile</strong></span> <span class='ocrx_word' id='word_1_135' title='bbox 2010 2311 2112 2364; x_wconf 81' lang='lat' dir='ltr'><strong>Ra-</strong></span> 
     </span>
    </p>
   </div>
   <div class='ocr_carea' id='block_1_23' title="bbox 545 2381 2113 2462">
    <p class='ocr_par' dir='ltr' id='par_1_23' title="bbox 545 2381 2113 2462">
     <span class='ocr_line' id='line_1_23' title="bbox 545 2381 2113 2462; baseline -0.005 -18"><span class='ocrx_word' id='word_1_136' title='bbox 545 2405 693 2462; x_wconf 84' lang='lat' dir='ltr'><strong>pcrto</strong></span> <span class='ocrx_word' id='word_1_137' title='bbox 717 2401 768 2442; x_wconf 92' lang='lat' dir='ltr'><strong>et</strong></span> <span class='ocrx_word' id='word_1_138' title='bbox 797 2396 986 2462; x_wconf 81' lang='lat' dir='ltr'><strong>sancto</strong></span> <span class='ocrx_word' id='word_1_139' title='bbox 1005 2383 1155 2436; x_wconf 89' lang='lat' dir='ltr'><strong>Gallo</strong></span> <span class='ocrx_word' id='word_1_140' title='bbox 1183 2382 1488 2461; x_wconf 76' lang='lat' dir='ltr'><strong>observavit</strong></span> <span class='ocrx_word' id='word_1_141' title='bbox 1512 2397 1526 2436; x_wconf 90' lang='lat'><strong>:</strong></span> <span class='ocrx_word' id='word_1_142' title='bbox 1557 2381 1818 2462; x_wconf 53' lang='lat' dir='ltr'><strong>llapertus</strong></span> <span class='ocrx_word' id='word_1_143' title='bbox 1850 2383 1929 2462; x_wconf 77' lang='lat' dir='ltr'><strong>v_ir</strong></span> <span class='ocrx_word' id='word_1_144' title='bbox 1947 2383 2113 2436; x_wconf 89' lang='lat' dir='ltr'><strong>unde-</strong></span> 
     </span>
    </p>
   </div>
   <div class='ocr_carea' id='block_1_24' title="bbox 539 2451 2112 2532">
    <p class='ocr_par' dir='ltr' id='par_1_24' title="bbox 539 2451 2112 2532">
     <span class='ocr_line' id='line_1_24' title="bbox 539 2451 2112 2532; baseline -0.013 -16"><span class='ocrx_word' id='word_1_145' title='bbox 539 2451 750 2532; x_wconf 75' lang='lat' dir='ltr'><strong>quaque</strong></span> <span class='ocrx_word' id='word_1_146' title='bbox 778 2457 1131 2515; x_wconf 89' lang='lat' dir='ltr'><strong>doctissimus,</strong></span> <span class='ocrx_word' id='word_1_147' title='bbox 1166 2451 1340 2532; x_wconf 77' lang='lat' dir='ltr'><strong>gravis</strong></span> <span class='ocrx_word' id='word_1_148' title='bbox 1371 2451 1704 2532; x_wconf 39' lang='lat' dir='ltr'><strong>etp-rudens,</strong></span> <span class='ocrx_word' id='word_1_149' title='bbox 1740 2451 1941 2504; x_wconf 63' lang='lat' dir='ltr'><strong>scholae</strong></span> <span class='ocrx_word' id='word_1_150' title='bbox 1975 2468 2112 2518; x_wconf 83' lang='lat' dir='ltr'><strong>pro-</strong></span> 
     </span>
    </p>
   </div>
   <div class='ocr_carea' id='block_1_25' title="bbox 543 2520 2110 2587">
    <p class='ocr_par' dir='ltr' id='par_1_25' title="bbox 543 2520 2110 2587">
     <span class='ocr_line' id='line_1_25' title="bbox 543 2520 2110 2587; baseline -0.01 -1"><span class='ocrx_word' id='word_1_151' title='bbox 543 2520 638 2586; x_wconf 76' lang='lat' dir='ltr'><strong>luit</strong></span> <span class='ocrx_word' id='word_1_152' title='bbox 667 2520 734 2583; x_wconf 70' lang='grc' dir='ltr'><strong>ἰιι</strong></span> <span class='ocrx_word' id='word_1_153' title='bbox 769 2529 960 2580; x_wconf 89' lang='lat' dir='ltr'><strong>multos</strong></span> <span class='ocrx_word' id='word_1_154' title='bbox 1006 2538 1193 2582; x_wconf 90' lang='lat' dir='ltr'><strong>annos,</strong></span> <span class='ocrx_word' id='word_1_155' title='bbox 1245 2523 1376 2573; x_wconf 90' lang='lat' dir='ltr'><strong>adeo</strong></span> <span class='ocrx_word' id='word_1_156' title='bbox 1406 2520 1708 2587; x_wconf 75' lang='lat' dir='ltr'><strong>diligenter,</strong></span> <span class='ocrx_word' id='word_1_157' title='bbox 1762 2529 1816 2572; x_wconf 94' lang='lat' dir='ltr'><strong>ut</strong></span> <span class='ocrx_word' id='word_1_158' title='bbox 1863 2535 2110 2573; x_wconf 89' lang='lat' dir='ltr'><strong>nonnun-</strong></span> 
     </span>
    </p>
   </div>
   <div class='ocr_carea' id='block_1_26' title="bbox 541 2591 2112 2669">
    <p class='ocr_par' dir='ltr' id='par_1_26' title="bbox 541 2591 2112 2669">
     <span class='ocr_line' id='line_1_26' title="bbox 541 2591 2112 2669; baseline -0.008 -13"><span class='ocrx_word' id='word_1_159' title='bbox 541 2617 699 2669; x_wconf 89' lang='lat' dir='ltr'><strong>quaiii</strong></span> <span class='ocrx_word' id='word_1_160' title='bbox 732 2601 918 2650; x_wconf 87' lang='lat' dir='ltr'><strong>missas</strong></span> <span class='ocrx_word' id='word_1_161' title='bbox 947 2604 1000 2647; x_wconf 90' lang='lat' dir='ltr'><strong>et</strong></span> <span class='ocrx_word' id='word_1_162' title='bbox 1045 2607 1281 2669; x_wconf 79' lang='lat' dir='ltr'><strong>cursum_</strong></span> <span class='ocrx_word' id='word_1_163' title='bbox 1305 2591 1609 2669; x_wconf 55' lang='lat' dir='ltr'><strong>negligerft,</strong></span> <span class='ocrx_word' id='word_1_164' title='bbox 1659 2592 1880 2669; x_wconf 73' lang='lat' dir='ltr'><strong>dicens:</strong></span> <span class='ocrx_word' id='word_1_165' title='bbox 1942 2591 2112 2669; x_wconf 78' lang='lat' dir='ltr'><strong>Bonas</strong></span> 
     </span>
    </p>
   </div>
   <div class='ocr_carea' id='block_1_27' title="bbox 543 2660 2109 2726">
    <p class='ocr_par' dir='ltr' id='par_1_27' title="bbox 543 2660 2109 2726">
     <span class='ocr_line' id='line_1_27' title="bbox 543 2660 2109 2726; baseline -0.009 0"><span class='ocrx_word' id='word_1_166' title='bbox 543 2660 729 2725; x_wconf 76' lang='lat' dir='ltr'><strong>iiiissas</strong></span> <span class='ocrx_word' id='word_1_167' title='bbox 761 2667 999 2724; x_wconf 85' lang='lat' dir='ltr'><strong>t&#39;aciiiius,</strong></span> <span class='ocrx_word' id='word_1_168' title='bbox 1047 2663 1090 2716; x_wconf 93' lang='lat' dir='ltr'><strong>si</strong></span> <span class='ocrx_word' id='word_1_169' title='bbox 1117 2676 1209 2715; x_wconf 86' lang='lat' dir='ltr'><strong>eas</strong></span> <span class='ocrx_word' id='word_1_170' title='bbox 1251 2660 1505 2714; x_wconf 89' lang='lat' dir='ltr'><strong>docemus</strong></span> <span class='ocrx_word' id='word_1_171' title='bbox 1535 2660 1728 2713; x_wconf 86' lang='lat' dir='ltr'><strong>facere.</strong></span> <span class='ocrx_word' id='word_1_172' title='bbox 1771 2661 1963 2713; x_wconf 81' lang='lat' dir='ltr'><strong>Doctor</strong></span> <span class='ocrx_word' id='word_1_173' title='bbox 1995 2663 2109 2726; x_wconf 87' lang='lat' dir='ltr'><strong>pla-</strong></span> 
     </span>
    </p>
   </div>
   <div class='ocr_carea' id='block_1_28' title="bbox 541 2729 2108 2798">
    <p class='ocr_par' dir='ltr' id='par_1_28' title="bbox 541 2729 2108 2798">
     <span class='ocr_line' id='line_1_28' title="bbox 541 2729 2108 2798; baseline -0.006 -4"><span class='ocrx_word' id='word_1_174' title='bbox 541 2758 641 2794; x_wconf 88' lang='lat' dir='ltr'><strong>nus</strong></span> <span class='ocrx_word' id='word_1_175' title='bbox 687 2749 741 2791; x_wconf 79' lang='lat' dir='ltr'><strong>cl.</strong></span> <span class='ocrx_word' id='word_1_176' title='bbox 785 2736 1105 2790; x_wconf 83' lang='lat' dir='ltr'><strong>benevolus.</strong></span> <span class='ocrx_word' id='word_1_177' title='bbox 1155 2731 1447 2798; x_wconf 86' lang='lat' dir='ltr'><strong>disciplinis</strong></span> <span class='ocrx_word' id='word_1_178' title='bbox 1490 2731 1748 2796; x_wconf 85' lang='lat' dir='ltr'><strong>aSperior.</strong></span> <span class='ocrx_word' id='word_1_179' title='bbox 1797 2729 2108 2798; x_wconf 80' lang='lat' dir='ltr'><strong>Corrigeiidi</strong></span> 
     </span>
    </p>
   </div>
   <div class='ocr_carea' id='block_1_29' title="bbox 545 2800 2109 2868">
    <p class='ocr_par' dir='ltr' id='par_1_29' title="bbox 545 2800 2109 2868">
     <span class='ocr_line' id='line_1_29' title="bbox 545 2800 2109 2868; baseline -0.005 -5"><span class='ocrx_word' id='word_1_180' title='bbox 545 2812 844 2864; x_wconf 78' lang='lat' dir='ltr'><strong>facultatem</strong></span> <span class='ocrx_word' id='word_1_181' title='bbox 877 2801 1042 2856; x_wconf 90' lang='lat' dir='ltr'><strong>tenuit</strong></span> <span class='ocrx_word' id='word_1_182' title='bbox 1071 2802 1119 2853; x_wconf 92' lang='lat' dir='ltr'><strong>in</strong></span> <span class='ocrx_word' id='word_1_183' title='bbox 1149 2801 1403 2866; x_wconf 60' lang='lat' dir='ltr'><strong>capitulo.</strong></span> <span class='ocrx_word' id='word_1_184' title='bbox 1437 2800 1734 2868; x_wconf 74' lang='lat' dir='ltr'><strong>Disciplina:</strong></span> <span class='ocrx_word' id='word_1_185' title='bbox 1763 2809 1816 2852; x_wconf 91' lang='lat' dir='ltr'><strong>et</strong></span> <span class='ocrx_word' id='word_1_186' title='bbox 1849 2803 2109 2867; x_wconf 81' lang='lat' dir='ltr'><strong>regularis</strong></span> 
     </span>
    </p>
   </div>
   <div class='ocr_carea' id='block_1_30' title="bbox 545 2870 2109 2933">
    <p class='ocr_par' dir='ltr' id='par_1_30' title="bbox 545 2870 2109 2933">
     <span class='ocr_line' id='line_1_30' title="bbox 545 2870 2109 2933; baseline -0.003 -3"><span class='ocrx_word' id='word_1_187' title='bbox 545 2883 664 2932; x_wconf 62' lang='lat' dir='ltr'><strong>vitae</strong></span> <span class='ocrx_word' id='word_1_188' title='bbox 693 2889 870 2930; x_wconf 77' lang='lat' dir='ltr'><strong>tenax.</strong></span> <span class='ocrx_word' id='word_1_189' title='bbox 918 2873 1099 2925; x_wconf 69' lang='lat' dir='ltr'><strong>Tanta:</strong></span> <span class='ocrx_word' id='word_1_190' title='bbox 1128 2870 1430 2923; x_wconf 85' lang='lat' dir='ltr'><strong>stabilitatis</strong></span> <span class='ocrx_word' id='word_1_191' title='bbox 1459 2881 1514 2924; x_wconf 87' lang='lat' dir='ltr'><strong>et</strong></span> <span class='ocrx_word' id='word_1_192' title='bbox 1557 2870 1878 2933; x_wconf 74' lang='lat' dir='ltr'><strong>Solitudinis,</strong></span> <span class='ocrx_word' id='word_1_193' title='bbox 1912 2880 1968 2922; x_wconf 92' lang='lat' dir='ltr'><strong>ut</strong></span> <span class='ocrx_word' id='word_1_194' title='bbox 1997 2882 2109 2925; x_wconf 91' lang='lat' dir='ltr'><strong>toto</strong></span> 
     </span>
    </p>
   </div>
   <div class='ocr_carea' id='block_1_31' title="bbox 541 2941 2108 3007">
    <p class='ocr_par' dir='ltr' id='par_1_31' title="bbox 541 2941 2108 3007">
     <span class='ocr_line' id='line_1_31' title="bbox 541 2941 2108 3007; baseline -0.004 -6"><span class='ocrx_word' id='word_1_195' title='bbox 541 2964 680 3001; x_wconf 82' lang='lat' dir='ltr'><strong>anno</strong></span> <span class='ocrx_word' id='word_1_196' title='bbox 709 2962 811 2999; x_wconf 89' lang='lat' dir='ltr'><strong>non</strong></span> <span class='ocrx_word' id='word_1_197' title='bbox 845 2943 939 2996; x_wconf 89' lang='lat' dir='ltr'><strong>nisi</strong></span> <span class='ocrx_word' id='word_1_198' title='bbox 972 2958 1132 2994; x_wconf 89' lang='lat' dir='ltr'><strong>unum</strong></span> <span class='ocrx_word' id='word_1_199' title='bbox 1167 2956 1258 3007; x_wconf 85' lang='lat' dir='ltr'><strong>par</strong></span> <span class='ocrx_word' id='word_1_200' title='bbox 1275 2941 1570 2995; x_wconf 87' lang='lat' dir='ltr'><strong>calceorum</strong></span> <span class='ocrx_word' id='word_1_201' title='bbox 1592 2948 1804 2992; x_wconf 87' lang='lat' dir='ltr'><strong>tereret.</strong></span> <span class='ocrx_word' id='word_1_202' title='bbox 1839 2941 2108 2994; x_wconf 78' lang='lat' dir='ltr'><strong>ExcurStis</strong></span> 
     </span>
    </p>
   </div>
   <div class='ocr_carea' id='block_1_32' title="bbox 543 3011 2104 3079">
    <p class='ocr_par' dir='ltr' id='par_1_32' title="bbox 543 3011 2104 3079">
     <span class='ocr_line' id='line_1_32' title="bbox 543 3011 2104 3079; baseline -0.004 -9"><span class='ocrx_word' id='word_1_203' title='bbox 543 3027 789 3079; x_wconf 89' lang='lat' dir='ltr'><strong>mortem,</strong></span> <span class='ocrx_word' id='word_1_204' title='bbox 827 3016 997 3064; x_wconf 84' lang='lat' dir='ltr'><strong>labem</strong></span> <span class='ocrx_word' id='word_1_205' title='bbox 1031 3011 1312 3062; x_wconf 78' lang='lat' dir='ltr'><strong>maximam</strong></span> <span class='ocrx_word' id='word_1_206' title='bbox 1357 3011 1570 3062; x_wconf 84' lang='lat' dir='ltr'><strong>claustri</strong></span> <span class='ocrx_word' id='word_1_207' title='bbox 1606 3011 1974 3075; x_wconf 86' lang='lat' dir='ltr'><strong>impunitatem</strong></span> <span class='ocrx_word' id='word_1_208' title='bbox 2009 3025 2104 3063; x_wconf 86' lang='lat' dir='ltr'><strong>vu-</strong></span> 
     </span>
    </p>
   </div>
   <div class='ocr_carea' id='block_1_33' title="bbox 545 3081 2102 3148">
    <p class='ocr_par' dir='ltr' id='par_1_33' title="bbox 545 3081 2102 3148">
     <span class='ocr_line' id='line_1_33' title="bbox 545 3081 2102 3148; baseline -0.005 -7"><span class='ocrx_word' id='word_1_209' title='bbox 545 3092 734 3141; x_wconf 88' lang='lat' dir='ltr'><strong>eitans.</strong></span> <span class='ocrx_word' id='word_1_210' title='bbox 792 3084 930 3136; x_wconf 71' lang='lat' dir='ltr'><strong>Raro</strong></span> <span class='ocrx_word' id='word_1_211' title='bbox 957 3090 1012 3132; x_wconf 91' lang='lat' dir='ltr'><strong>et</strong></span> <span class='ocrx_word' id='word_1_212' title='bbox 1048 3088 1241 3148; x_wconf 71' lang='lat' dir='ltr'><strong>praeter</strong></span> <span class='ocrx_word' id='word_1_213' title='bbox 1282 3081 1471 3131; x_wconf 76' lang='lat' dir='ltr'><strong>fratres</strong></span> <span class='ocrx_word' id='word_1_214' title='bbox 1500 3093 1764 3144; x_wconf 84' lang='lat' dir='ltr'><strong>nunquam</strong></span> <span class='ocrx_word' id='word_1_215' title='bbox 1811 3081 2102 3133; x_wconf 90' lang='lat' dir='ltr'><strong>claustrum</strong></span> 
     </span>
    </p>
   </div>
   <div class='ocr_carea' id='block_1_34' title="bbox 540 3125 2181 3223">
    <p class='ocr_par' dir='ltr' id='par_1_34' title="bbox 540 3125 2181 3223">
     <span class='ocr_line' id='line_1_34' title="bbox 540 3125 2181 3223; baseline -0.006 -11"><span class='ocrx_word' id='word_1_216' title='bbox 540 3125 921 3223; x_wconf 65' lang='grc' dir='ltr'><strong>ἑὲῗὲᾇὲρεῖἑηε.</strong></span> <span class='ocrx_word' id='word_1_217' title='bbox 957 3125 1400 3223; x_wconf 35' lang='lat' dir='ltr'><strong>Edi&#39;t&#39;lit‘litaniam</strong></span> <span class='ocrx_word' id='word_1_218' title='bbox 1431 3125 1680 3223; x_wconf 63' lang='lat' dir='ltr'><strong>carmine</strong></span> <span class='ocrx_word' id='word_1_219' title='bbox 1705 3166 1719 3223; x_wconf 88' lang='lat'><strong>_:</strong></span> <span class='ocrx_word' id='word_1_220' title='bbox 1767 3148 1942 3223; x_wconf 81' lang='lat' dir='ltr'><strong>Ardua</strong></span> <span class='ocrx_word' id='word_1_221' title='bbox 1987 3166 2100 3214; x_wconf 73' lang='lat' dir='ltr'><strong>spes</strong></span> <span class='ocrx_word' id='word_1_222' title='bbox 2131 3125 2181 3192; x_wconf 64' lang='grc' dir='ltr'><strong>(Ξ</strong></span> 
     </span>
    </p>
   </div>
   <div class='ocr_carea' id='block_1_35' title="bbox 545 3217 2103 3289">
    <p class='ocr_par' dir='ltr' id='par_1_35' title="bbox 545 3217 2103 3289">
     <span class='ocr_line' id='line_1_35' title="bbox 545 3217 2103 3289; baseline -0.004 -11"><span class='ocrx_word' id='word_1_223' title='bbox 545 3217 747 3285; x_wconf 72' lang='lat' dir='ltr'><strong>mundi,</strong></span> <span class='ocrx_word' id='word_1_224' title='bbox 792 3236 948 3289; x_wconf 91' lang='lat' dir='ltr'><strong>quam</strong></span> <span class='ocrx_word' id='word_1_225' title='bbox 981 3233 1115 3288; x_wconf 86' lang='lat' dir='ltr'><strong>papa</strong></span> <span class='ocrx_word' id='word_1_226' title='bbox 1145 3217 1492 3289; x_wconf 8' lang='lat' dir='ltr'><strong>Nicoﬁlauslll</strong></span> <span class='ocrx_word' id='word_1_227' title='bbox 1532 3219 1882 3289; x_wconf 75' lang='lat' dir='ltr'><strong>canonizavit,</strong></span> <span class='ocrx_word' id='word_1_228' title='bbox 1931 3229 1984 3272; x_wconf 91' lang='lat' dir='ltr'><strong>et</strong></span> <span class='ocrx_word' id='word_1_229' title='bbox 2010 3235 2103 3272; x_wconf 88' lang='lat' dir='ltr'><strong>no-</strong></span> 
     </span>
    </p>
   </div>
   <div class='ocr_carea' id='block_1_36' title="bbox 546 3286 2100 3360">
    <p class='ocr_par' dir='ltr' id='par_1_36' title="bbox 546 3286 2100 3360">
     <span class='ocr_line' id='line_1_36' title="bbox 546 3286 2100 3360; baseline -0.003 -12"><span class='ocrx_word' id='word_1_230' title='bbox 546 3298 636 3348; x_wconf 91' lang='lat' dir='ltr'><strong>stri</strong></span> <span class='ocrx_word' id='word_1_231' title='bbox 685 3286 857 3360; x_wconf 83' lang='lat' dir='ltr'><strong>patres</strong></span> <span class='ocrx_word' id='word_1_232' title='bbox 903 3286 1214 3342; x_wconf 85' lang='lat' dir='ltr'><strong>sulemniter</strong></span> <span class='ocrx_word' id='word_1_233' title='bbox 1267 3288 1318 3340; x_wconf 94' lang='lat' dir='ltr'><strong>in</strong></span> <span class='ocrx_word' id='word_1_234' title='bbox 1364 3287 1551 3340; x_wconf 89' lang='lat' dir='ltr'><strong>diebus</strong></span> <span class='ocrx_word' id='word_1_235' title='bbox 1599 3286 1945 3360; x_wconf 51' lang='lat' dir='ltr'><strong>[legationum</strong></span> <span class='ocrx_word' id='word_1_236' title='bbox 1998 3305 2100 3343; x_wconf 95' lang='lat' dir='ltr'><strong>non</strong></span> 
     </span>
    </p>
   </div>
   <div class='ocr_carea' id='block_1_37' title="bbox 543 3356 2102 3420">
    <p class='ocr_par' dir='ltr' id='par_1_37' title="bbox 543 3356 2102 3420">
     <span class='ocr_line' id='line_1_37' title="bbox 543 3356 2102 3420; baseline -0.005 -1"><span class='ocrx_word' id='word_1_237' title='bbox 543 3368 660 3420; x_wconf 87' lang='lat' dir='ltr'><strong>sine</strong></span> <span class='ocrx_word' id='word_1_238' title='bbox 687 3356 877 3416; x_wconf 75' lang='lat' dir='ltr'><strong>affectu</strong></span> <span class='ocrx_word' id='word_1_239' title='bbox 911 3367 1123 3411; x_wconf 80' lang='lat' dir='ltr'><strong>cantare</strong></span> <span class='ocrx_word' id='word_1_240' title='bbox 1165 3367 1569 3410; x_wconf 87' lang='lat' dir='ltr'><strong>consueverunt.</strong></span> <span class='ocrx_word' id='word_1_241' title='bbox 1629 3357 1765 3409; x_wconf 77' lang='lat' dir='ltr'><strong>Fecit</strong></span> <span class='ocrx_word' id='word_1_242' title='bbox 1800 3356 1956 3410; x_wconf 86' lang='lat' dir='ltr'><strong>etiam</strong></span> <span class='ocrx_word' id='word_1_243' title='bbox 1988 3373 2102 3412; x_wconf 89' lang='lat' dir='ltr'><strong>ver-</strong></span> 
     </span>
    </p>
   </div>
   <div class='ocr_carea' id='block_1_38' title="bbox 545 3425 2103 3495">
    <p class='ocr_par' dir='ltr' id='par_1_38' title="bbox 545 3425 2103 3495">
     <span class='ocr_line' id='line_1_38' title="bbox 545 3425 2103 3495; baseline -0.004 -7"><span class='ocrx_word' id='word_1_244' title='bbox 545 3453 635 3489; x_wconf 88' lang='lat' dir='ltr'><strong>sus</strong></span> <span class='ocrx_word' id='word_1_245' title='bbox 682 3435 744 3484; x_wconf 86' lang='lat' dir='ltr'><strong>ad</strong></span> <span class='ocrx_word' id='word_1_246' title='bbox 776 3429 1160 3495; x_wconf 84' lang='lat' dir='ltr'><strong>processiones,</strong></span> <span class='ocrx_word' id='word_1_247' title='bbox 1191 3440 1414 3494; x_wconf 91' lang='lat' dir='ltr'><strong>quorum</strong></span> <span class='ocrx_word' id='word_1_248' title='bbox 1465 3426 1670 3493; x_wconf 90' lang='lat' dir='ltr'><strong>aliquos</strong></span> <span class='ocrx_word' id='word_1_249' title='bbox 1700 3425 1804 3479; x_wconf 88' lang='lat' dir='ltr'><strong>vidi</strong></span> <span class='ocrx_word' id='word_1_250' title='bbox 1838 3428 1888 3479; x_wconf 92' lang='lat' dir='ltr'><strong>in</strong></span> <span class='ocrx_word' id='word_1_251' title='bbox 1914 3427 2103 3481; x_wconf 87' lang='lat' dir='ltr'><strong>biblio-</strong></span> 
     </span>
    </p>
   </div>
   <div class='ocr_carea' id='block_1_39' title="bbox 547 3495 2102 3570">
    <p class='ocr_par' dir='ltr' id='par_1_39' title="bbox 547 3495 2102 3570">
     <span class='ocr_line' id='line_1_39' title="bbox 547 3495 2102 3570; baseline -0.004 -14"><span class='ocrx_word' id='word_1_252' title='bbox 547 3509 717 3557; x_wconf 80' lang='lat' dir='ltr'><strong>theca.</strong></span> <span class='ocrx_word' id='word_1_253' title='bbox 753 3502 981 3570; x_wconf 84' lang='lat' dir='ltr'><strong>llymnus</strong></span> <span class='ocrx_word' id='word_1_254' title='bbox 1005 3496 1273 3570; x_wconf 62' lang='lat' dir='ltr'><strong>desaiicto</strong></span> <span class='ocrx_word' id='word_1_255' title='bbox 1300 3495 1451 3548; x_wconf 85' lang='lat' dir='ltr'><strong>Gallo</strong></span> <span class='ocrx_word' id='word_1_256' title='bbox 1477 3514 1487 3546; x_wconf 89' lang='lat'>:</span> <span class='ocrx_word' id='word_1_257' title='bbox 1539 3497 1718 3570; x_wconf 65' lang='lat' dir='ltr'><strong>Anime</strong></span> <span class='ocrx_word' id='word_1_258' title='bbox 1744 3505 1936 3570; x_wconf 53' lang='lat' dir='ltr'><strong>sancte</strong></span> <span class='ocrx_word' id='word_1_259' title='bbox 1961 3511 2007 3570; x_wconf 15' lang='lat' dir='ltr'><strong>,‘r</strong></span> <span class='ocrx_word' id='word_1_260' title='bbox 2033 3496 2102 3552; x_wconf 89' lang='lat' dir='ltr'><strong>de</strong></span> 
     </span>
    </p>
   </div>
   <div class='ocr_carea' id='block_1_40' title="bbox 541 3564 2103 3634">
    <p class='ocr_par' dir='ltr' id='par_1_40' title="bbox 541 3564 2103 3634">
     <span class='ocr_line' id='line_1_40' title="bbox 541 3564 2103 3634; baseline -0.005 -7"><span class='ocrx_word' id='word_1_261' title='bbox 541 3583 724 3627; x_wconf 81' lang='lat' dir='ltr'><strong>sancto</strong></span> <span class='ocrx_word' id='word_1_262' title='bbox 747 3564 1032 3624; x_wconf 79' lang='lat' dir='ltr'><strong>Otliinaro:</strong></span> <span class='ocrx_word' id='word_1_263' title='bbox 1068 3564 1277 3618; x_wconf 66' lang='lat' dir='ltr'><strong>Festum</strong></span> <span class='ocrx_word' id='word_1_264' title='bbox 1299 3575 1570 3619; x_wconf 79' lang='lat' dir='ltr'><strong>sacratum.</strong></span> <span class='ocrx_word' id='word_1_265' title='bbox 1606 3566 1825 3630; x_wconf 75' lang='lat' dir='ltr'><strong>Laudes,</strong></span> <span class='ocrx_word' id='word_1_266' title='bbox 1858 3566 2103 3634; x_wconf 80' lang='lat' dir='ltr'><strong>Omnipo-</strong></span> 
     </span>
    </p>
   </div>
   <div class='ocr_carea' id='block_1_41' title="bbox 543 3637 2102 3708">
    <p class='ocr_par' dir='ltr' id='par_1_41' title="bbox 543 3637 2102 3708">
     <span class='ocr_line' id='line_1_41' title="bbox 543 3637 2102 3708; baseline -0.005 -12"><span class='ocrx_word' id='word_1_267' title='bbox 543 3655 672 3705; x_wconf 83' lang='lat' dir='ltr'><strong>tens,</strong></span> <span class='ocrx_word' id='word_1_268' title='bbox 721 3643 952 3708; x_wconf 78' lang='lat' dir='ltr'><strong>ferimus.</strong></span> <span class='ocrx_word' id='word_1_269' title='bbox 1007 3637 1425 3708; x_wconf 76' lang='lat' dir='ltr'><strong>Dictavitctiain</strong></span> <span class='ocrx_word' id='word_1_270' title='bbox 1458 3637 1600 3708; x_wconf 71' lang='lat' dir='ltr'><strong>varia</strong></span> <span class='ocrx_word' id='word_1_271' title='bbox 1629 3637 1693 3708; x_wconf 81' lang='lat' dir='ltr'><strong>ad</strong></span> <span class='ocrx_word' id='word_1_272' title='bbox 1733 3637 2102 3708; x_wconf 88' lang='lat' dir='ltr'><strong>suscipiendos</strong></span> 
     </span>
    </p>
   </div>
   <div class='ocr_carea' id='block_1_42' title="bbox 544 3705 2101 3781">
    <p class='ocr_par' dir='ltr' id='par_1_42' title="bbox 544 3705 2101 3781">
     <span class='ocr_line' id='line_1_42' title="bbox 544 3705 2101 3781; baseline -0.003 -15"><span class='ocrx_word' id='word_1_273' title='bbox 544 3705 784 3781; x_wconf 44' lang='lat' dir='ltr'><strong>reges,&#39;et</strong></span> <span class='ocrx_word' id='word_1_274' title='bbox 809 3708 1108 3781; x_wconf 74' lang='lat' dir='ltr'><strong>aliamtilta.</strong></span> <span class='ocrx_word' id='word_1_275' title='bbox 1136 3706 1362 3781; x_wconf 76' lang='lat' dir='ltr'><strong>Scripsit</strong></span> <span class='ocrx_word' id='word_1_276' title='bbox 1385 3716 1439 3759; x_wconf 93' lang='lat' dir='ltr'><strong>et</strong></span> <span class='ocrx_word' id='word_1_277' title='bbox 1463 3705 1762 3781; x_wconf 67' lang='lat' dir='ltr'><strong>Gliroiiicon</strong></span> <span class='ocrx_word' id='word_1_278' title='bbox 1791 3707 2101 3781; x_wconf 67' lang='lat' dir='ltr'><strong>monasterii</strong></span> 
     </span>
    </p>
   </div>
   <div class='ocr_carea' id='block_1_43' title="bbox 543 3775 2100 3851">
    <p class='ocr_par' dir='ltr' id='par_1_43' title="bbox 543 3775 2100 3851">
     <span class='ocr_line' id='line_1_43' title="bbox 543 3775 2100 3851; baseline -0.004 -17"><span class='ocrx_word' id='word_1_279' title='bbox 543 3775 772 3851; x_wconf 71' lang='lat' dir='ltr'><strong>graviter</strong></span> <span class='ocrx_word' id='word_1_280' title='bbox 788 3791 839 3851; x_wconf 82' lang='lat' dir='ltr'><strong>et</strong></span> <span class='ocrx_word' id='word_1_281' title='bbox 860 3777 1081 3851; x_wconf 84' lang='lat' dir='ltr'><strong>erudite,</strong></span> <span class='ocrx_word' id='word_1_282' title='bbox 1104 3775 1248 3851; x_wconf 74' lang='lat' dir='ltr'><strong>quod</strong></span> <span class='ocrx_word' id='word_1_283' title='bbox 1277 3791 1302 3825; x_wconf 88' lang='lat' dir='ltr'><strong>a</strong></span> <span class='ocrx_word' id='word_1_284' title='bbox 1325 3775 1676 3851; x_wconf 70' lang='lat' dir='ltr'><strong>sanctotiallo</strong></span> <span class='ocrx_word' id='word_1_285' title='bbox 1690 3791 1850 3851; x_wconf 77' lang='lat' dir='ltr'><strong>usque</strong></span> <span class='ocrx_word' id='word_1_286' title='bbox 1872 3777 1936 3829; x_wconf 87' lang='lat' dir='ltr'><strong>ad</strong></span> <span class='ocrx_word' id='word_1_287' title='bbox 1969 3778 2100 3829; x_wconf 76' lang='lat' dir='ltr'><strong>Iler-</strong></span> 
     </span>
    </p>
   </div>
   <div class='ocr_carea' id='block_1_44' title="bbox 548 3843 2099 3915">
    <p class='ocr_par' dir='ltr' id='par_1_44' title="bbox 548 3843 2099 3915">
     <span class='ocr_line' id='line_1_44' title="bbox 548 3843 2099 3915; baseline -0.001 -12"><span class='ocrx_word' id='word_1_288' title='bbox 548 3843 767 3904; x_wconf 69' lang='grc' dir='ltr'>ἧίιΙἸΙιιιιι</span> <span class='ocrx_word' id='word_1_289' title='bbox 800 3849 838 3913; x_wconf 89' lang='lat' dir='ltr'><strong>l,</strong></span> <span class='ocrx_word' id='word_1_290' title='bbox 870 3847 958 3915; x_wconf 90' lang='lat' dir='ltr'><strong>qui</strong></span> <span class='ocrx_word' id='word_1_291' title='bbox 990 3845 1217 3915; x_wconf 72' lang='lat' dir='ltr'><strong>pricfuit</strong></span> <span class='ocrx_word' id='word_1_292' title='bbox 1239 3859 1324 3895; x_wconf 90' lang='lat' dir='ltr'><strong>an.</strong></span> <span class='ocrx_word' id='word_1_293' title='bbox 1355 3846 1442 3915; x_wconf 62' lang='grc' dir='ltr'><strong>εδ,</strong></span> <span class='ocrx_word' id='word_1_294' title='bbox 1471 3859 1563 3915; x_wconf 85' lang='lat' dir='ltr'><strong>sua</strong></span> <span class='ocrx_word' id='word_1_295' title='bbox 1593 3843 1835 3897; x_wconf 82' lang='lat' dir='ltr'><strong>videlicet</strong></span> <span class='ocrx_word' id='word_1_296' title='bbox 1863 3856 2099 3914; x_wconf 86' lang='lat' dir='ltr'><strong>tempora</strong></span> 
     </span>
    </p>
   </div>
   <div class='ocr_carea' id='block_1_45' title="bbox 549 3912 2100 3988">
    <p class='ocr_par' dir='ltr' id='par_1_45' title="bbox 549 3912 2100 3988">
     <span class='ocr_line' id='line_1_45' title="bbox 549 3912 2100 3988; baseline -0.001 -19"><span class='ocrx_word' id='word_1_297' title='bbox 549 3912 831 3988; x_wconf 68' lang='lat' dir='ltr'><strong>perduim,</strong></span> <span class='ocrx_word' id='word_1_298' title='bbox 860 3912 997 3986; x_wconf 84' lang='lat' dir='ltr'><strong>quod</strong></span> <span class='ocrx_word' id='word_1_299' title='bbox 1029 3929 1127 3988; x_wconf 72' lang='lat' dir='ltr'><strong>ms.</strong></span> <span class='ocrx_word' id='word_1_300' title='bbox 1159 3913 1331 3965; x_wconf 89' lang='lat' dir='ltr'><strong>adhuc</strong></span> <span class='ocrx_word' id='word_1_301' title='bbox 1360 3912 1410 3988; x_wconf 83' lang='lat' dir='ltr'><strong>in</strong></span> <span class='ocrx_word' id='word_1_302' title='bbox 1438 3914 1752 3988; x_wconf 72' lang='lat' dir='ltr'><strong>bibliotheca</strong></span> <span class='ocrx_word' id='word_1_303' title='bbox 1779 3912 2100 3988; x_wconf 24' lang='lat' dir='ltr'><strong>quater‘ser-</strong></span> 
     </span>
    </p>
   </div>
   <div class='ocr_carea' id='block_1_46' title="bbox 545 3983 2098 4054">
    <p class='ocr_par' dir='ltr' id='par_1_46' title="bbox 545 3983 2098 4054">
     <span class='ocr_line' id='line_1_46' title="bbox 545 3983 2098 4054; baseline -0.003 -12"><span class='ocrx_word' id='word_1_304' title='bbox 545 3983 696 4043; x_wconf 72' lang='lat' dir='ltr'><strong>vatur</strong></span> <span class='ocrx_word' id='word_1_305' title='bbox 745 3983 1040 4041; x_wconf 81' lang='lat' dir='ltr'><strong>minimum.</strong></span> <span class='ocrx_word' id='word_1_306' title='bbox 1092 3983 1595 4054; x_wconf 72' lang='lat' dir='ltr'><strong>Composuitetiam</strong></span> <span class='ocrx_word' id='word_1_307' title='bbox 1649 3983 1894 4054; x_wconf 83' lang='lat' dir='ltr'><strong>ritlimice</strong></span> <span class='ocrx_word' id='word_1_308' title='bbox 1925 3983 2098 4054; x_wconf 79' lang='lat' dir='ltr'><strong>lingua</strong></span> 
     </span>
    </p>
   </div>
   <div class='ocr_carea' id='block_1_47' title="bbox 543 4051 2098 4123">
    <p class='ocr_par' dir='ltr' id='par_1_47' title="bbox 543 4051 2098 4123">
     <span class='ocr_line' id='line_1_47' title="bbox 543 4051 2098 4123; baseline -0.003 -9"><span class='ocrx_word' id='word_1_309' title='bbox 543 4061 857 4114; x_wconf 79' lang='lat' dir='ltr'><strong>Gi-riiiaiiica</strong></span> <span class='ocrx_word' id='word_1_310' title='bbox 892 4055 1059 4107; x_wconf 90' lang='lat' dir='ltr'><strong>Vitam</strong></span> <span class='ocrx_word' id='word_1_311' title='bbox 1093 4052 1259 4104; x_wconf 89' lang='lat' dir='ltr'><strong>sancti</strong></span> <span class='ocrx_word' id='word_1_312' title='bbox 1304 4051 1478 4116; x_wconf 91' lang='lat' dir='ltr'><strong>Galli,</strong></span> <span class='ocrx_word' id='word_1_313' title='bbox 1528 4068 1683 4120; x_wconf 88' lang='lat' dir='ltr'><strong>quam</strong></span> <span class='ocrx_word' id='word_1_314' title='bbox 1729 4053 1874 4106; x_wconf 88' lang='lat' dir='ltr'><strong>dedit</strong></span> <span class='ocrx_word' id='word_1_315' title='bbox 1907 4051 2098 4123; x_wconf 72' lang='lat' dir='ltr'><strong>populo</strong></span> 
     </span>
    </p>
   </div>
   <div class='ocr_carea' id='block_1_48' title="bbox 548 4123 2094 4196">
    <p class='ocr_par' dir='ltr' id='par_1_48' title="bbox 548 4123 2094 4196">
     <span class='ocr_line' id='line_1_48' title="bbox 548 4123 2094 4196; baseline -0.003 -14"><span class='ocrx_word' id='word_1_316' title='bbox 548 4129 756 4196; x_wconf 86' lang='lat' dir='ltr'><strong>publice</strong></span> <span class='ocrx_word' id='word_1_317' title='bbox 785 4130 835 4178; x_wconf 91' lang='lat' dir='ltr'><strong>in</strong></span> <span class='ocrx_word' id='word_1_318' title='bbox 885 4123 1118 4176; x_wconf 82' lang='lat' dir='ltr'><strong>Ecclesia</strong></span> <span class='ocrx_word' id='word_1_319' title='bbox 1145 4124 1479 4196; x_wconf 76' lang='lat' dir='ltr'><strong>captandam,</strong></span> <span class='ocrx_word' id='word_1_320' title='bbox 1510 4137 1628 4189; x_wconf 76' lang='lat' dir='ltr'><strong>qua:</strong></span> <span class='ocrx_word' id='word_1_321' title='bbox 1659 4137 1751 4196; x_wconf 86' lang='lat' dir='ltr'><strong>per</strong></span> <span class='ocrx_word' id='word_1_322' title='bbox 1798 4123 2094 4178; x_wconf 81' lang='lat' dir='ltr'><strong>Eckertiar-</strong></span> 
     </span>
    </p>
   </div>
   <div class='ocr_carea' id='block_1_49' title="bbox 544 4191 2094 4251">
    <p class='ocr_par' dir='ltr' id='par_1_49' title="bbox 544 4191 2094 4251">
     <span class='ocr_line' id='line_1_49' title="bbox 544 4191 2094 4251; baseline -0.002 0"><span class='ocrx_word' id='word_1_323' title='bbox 544 4191 667 4251; x_wconf 81' lang='lat' dir='ltr'><strong>dum</strong></span> <span class='ocrx_word' id='word_1_324' title='bbox 694 4198 962 4251; x_wconf 84' lang='lat' dir='ltr'><strong>Juniorem</strong></span> <span class='ocrx_word' id='word_1_325' title='bbox 993 4193 1242 4245; x_wconf 88' lang='lat' dir='ltr'><strong>translata</strong></span> <span class='ocrx_word' id='word_1_326' title='bbox 1271 4191 1452 4243; x_wconf 79' lang='lat' dir='ltr'><strong>Latine</strong></span> <span class='ocrx_word' id='word_1_327' title='bbox 1481 4200 1653 4244; x_wconf 81' lang='lat' dir='ltr'><strong>exstat</strong></span> <span class='ocrx_word' id='word_1_328' title='bbox 1683 4193 1732 4244; x_wconf 93' lang='lat' dir='ltr'><strong>iu</strong></span> <span class='ocrx_word' id='word_1_329' title='bbox 1763 4203 1968 4247; x_wconf 89' lang='lat' dir='ltr'><strong>vetusto</strong></span> <span class='ocrx_word' id='word_1_330' title='bbox 1995 4211 2094 4249; x_wconf 90' lang='lat' dir='ltr'><strong>ms.</strong></span> 
     </span>
    </p>
   </div>
   <div class='ocr_carea' id='block_1_50' title="bbox 541 4261 2097 4328">
    <p class='ocr_par' dir='ltr' id='par_1_50' title="bbox 541 4261 2097 4328">
     <span class='ocr_line' id='line_1_50' title="bbox 541 4261 2097 4328; baseline -0.003 -6"><span class='ocrx_word' id='word_1_331' title='bbox 541 4270 758 4327; x_wconf 79' lang='lat' dir='ltr'><strong>Codice,</strong></span> <span class='ocrx_word' id='word_1_332' title='bbox 787 4275 834 4318; x_wconf 89' lang='lat' dir='ltr'><strong>et</strong></span> <span class='ocrx_word' id='word_1_333' title='bbox 857 4281 886 4316; x_wconf 88' lang='lat' dir='ltr'><strong>a</strong></span> <span class='ocrx_word' id='word_1_334' title='bbox 914 4264 1062 4315; x_wconf 88' lang='lat' dir='ltr'><strong>nobis</strong></span> <span class='ocrx_word' id='word_1_335' title='bbox 1086 4275 1250 4328; x_wconf 86' lang='lat' dir='ltr'><strong>nuper</strong></span> <span class='ocrx_word' id='word_1_336' title='bbox 1283 4261 1529 4313; x_wconf 87' lang='lat' dir='ltr'><strong>translata</strong></span> <span class='ocrx_word' id='word_1_337' title='bbox 1551 4270 1633 4313; x_wconf 89' lang='lat' dir='ltr'><strong>est</strong></span> <span class='ocrx_word' id='word_1_338' title='bbox 1665 4262 1714 4314; x_wconf 92' lang='lat' dir='ltr'><strong>iii</strong></span> <span class='ocrx_word' id='word_1_339' title='bbox 1742 4263 1961 4316; x_wconf 85' lang='lat' dir='ltr'><strong>iambos.</strong></span> <span class='ocrx_word' id='word_1_340' title='bbox 2007 4265 2097 4319; x_wconf 88' lang='lat' dir='ltr'><strong>llis</strong></span> 
     </span>
    </p>
   </div>
   <div class='ocr_carea' id='block_1_51' title="bbox 546 4331 2097 4406">
    <p class='ocr_par' dir='ltr' id='par_1_51' title="bbox 546 4331 2097 4406">
     <span class='ocr_line' id='line_1_51' title="bbox 546 4331 2097 4406; baseline -0.002 -16"><span class='ocrx_word' id='word_1_341' title='bbox 546 4338 705 4406; x_wconf 81' lang='lat' dir='ltr'><strong>igitur</strong></span> <span class='ocrx_word' id='word_1_342' title='bbox 735 4345 789 4387; x_wconf 93' lang='lat' dir='ltr'><strong>et</strong></span> <span class='ocrx_word' id='word_1_343' title='bbox 816 4334 1072 4386; x_wconf 90' lang='lat' dir='ltr'><strong>similibus</strong></span> <span class='ocrx_word' id='word_1_344' title='bbox 1086 4331 1351 4406; x_wconf 74' lang='lat' dir='ltr'><strong>doctrina:</strong></span> <span class='ocrx_word' id='word_1_345' title='bbox 1378 4341 1430 4383; x_wconf 89' lang='lat' dir='ltr'><strong>et</strong></span> <span class='ocrx_word' id='word_1_346' title='bbox 1467 4334 1710 4406; x_wconf 66' lang='lat' dir='ltr'><strong>virtutum</strong></span> <span class='ocrx_word' id='word_1_347' title='bbox 1739 4334 1930 4386; x_wconf 74' lang='lat' dir='ltr'><strong>Studiis</strong></span> <span class='ocrx_word' id='word_1_348' title='bbox 1961 4334 2097 4387; x_wconf 88' lang='lat' dir='ltr'><strong>invi-</strong></span> 
     </span>
    </p>
   </div>
   <div class='ocr_carea' id='block_1_52' title="bbox 544 4401 2092 4475">
    <p class='ocr_par' dir='ltr' id='par_1_52' title="bbox 544 4401 2092 4475">
     <span class='ocr_line' id='line_1_52' title="bbox 544 4401 2092 4475; baseline -0.003 -15"><span class='ocrx_word' id='word_1_349' title='bbox 544 4401 730 4475; x_wconf 73' lang='lat' dir='ltr'><strong>gitans,</strong></span> <span class='ocrx_word' id='word_1_350' title='bbox 766 4409 975 4475; x_wconf 80' lang='lat' dir='ltr'><strong>tandem</strong></span> <span class='ocrx_word' id='word_1_351' title='bbox 1004 4411 1056 4453; x_wconf 90' lang='lat' dir='ltr'><strong>et</strong></span> <span class='ocrx_word' id='word_1_352' title='bbox 1086 4401 1196 4475; x_wconf 83' lang='lat' dir='ltr'><strong>ipse</strong></span> <span class='ocrx_word' id='word_1_353' title='bbox 1225 4410 1437 4475; x_wconf 82' lang='lat' dir='ltr'><strong>sanctus</strong></span> <span class='ocrx_word' id='word_1_354' title='bbox 1466 4401 1602 4454; x_wconf 86' lang='lat' dir='ltr'><strong>circa</strong></span> <span class='ocrx_word' id='word_1_355' title='bbox 1649 4402 1935 4456; x_wconf 90' lang='lat' dir='ltr'><strong>claustrum</strong></span> <span class='ocrx_word' id='word_1_356' title='bbox 1965 4419 2092 4458; x_wconf 90' lang='lat' dir='ltr'><strong>san-</strong></span> 
     </span>
    </p>
   </div>
   <div class='ocr_carea' id='block_1_53' title="bbox 2222 527 3422 597">
    <p class='ocr_par' dir='ltr' id='par_1_53' title="bbox 2222 527 3422 597">
     <span class='ocr_line' id='line_1_53' title="bbox 2222 527 3422 597; baseline 0.005 -17"><span class='ocrx_word' id='word_1_357' title='bbox 2222 527 2317 582; x_wconf 87' lang='lat' dir='ltr'><strong>llic</strong></span> <span class='ocrx_word' id='word_1_358' title='bbox 2347 530 2435 582; x_wconf 88' lang='lat' dir='ltr'><strong>tibi</strong></span> <span class='ocrx_word' id='word_1_359' title='bbox 2466 532 2742 584; x_wconf 59' lang='lat' dir='ltr'><strong>nocticolae</strong></span> <span class='ocrx_word' id='word_1_360' title='bbox 2775 543 2992 586; x_wconf 90' lang='lat' dir='ltr'><strong>tenuere</strong></span> <span class='ocrx_word' id='word_1_361' title='bbox 3014 532 3207 586; x_wconf 89' lang='lat' dir='ltr'><strong>cubilia</strong></span> <span class='ocrx_word' id='word_1_362' title='bbox 3239 534 3422 597; x_wconf 65' lang='lat' dir='ltr'><strong>larvtc,</strong></span> 
     </span>
    </p>
   </div>
   <div class='ocr_carea' id='block_1_54' title="bbox 2290 624 3511 694">
    <p class='ocr_par' dir='ltr' id='par_1_54' title="bbox 2290 624 3511 694">
     <span class='ocr_line' id='line_1_54' title="bbox 2290 624 3511 694; baseline 0.002 -16"><span class='ocrx_word' id='word_1_363' title='bbox 2290 624 2368 678; x_wconf 84' lang='lat' dir='ltr'><strong>Ad</strong></span> <span class='ocrx_word' id='word_1_364' title='bbox 2403 625 2613 679; x_wconf 91' lang='lat' dir='ltr'><strong>laudem</strong></span> <span class='ocrx_word' id='word_1_365' title='bbox 2640 625 2834 679; x_wconf 88' lang='lat' dir='ltr'><strong>Christi</strong></span> <span class='ocrx_word' id='word_1_366' title='bbox 2868 626 3045 694; x_wconf 88' lang='lat' dir='ltr'><strong>psallit</strong></span> <span class='ocrx_word' id='word_1_367' title='bbox 3071 626 3265 694; x_wconf 88' lang='lat' dir='ltr'><strong>ubique</strong></span> <span class='ocrx_word' id='word_1_368' title='bbox 3292 627 3511 682; x_wconf 85' lang='lat' dir='ltr'><strong>chorus.</strong></span> 
     </span>
    </p>
   </div>
   <div class='ocr_carea' id='block_1_55' title="bbox 2216 714 3488 788">
    <p class='ocr_par' dir='ltr' id='par_1_55' title="bbox 2216 714 3488 788">
     <span class='ocr_line' id='line_1_55' title="bbox 2216 714 3488 788; baseline 0.004 -21"><span class='ocrx_word' id='word_1_369' title='bbox 2216 714 2314 768; x_wconf 82' lang='lat' dir='ltr'><strong>llic</strong></span> <span class='ocrx_word' id='word_1_370' title='bbox 2341 715 2592 771; x_wconf 84' lang='lat' dir='ltr'><strong>fuitecce</strong></span> <span class='ocrx_word' id='word_1_371' title='bbox 2617 718 2740 773; x_wconf 86' lang='lat' dir='ltr'><strong>feris</strong></span> <span class='ocrx_word' id='word_1_372' title='bbox 2770 720 2935 773; x_wconf 88' lang='lat' dir='ltr'><strong>statio</strong></span> <span class='ocrx_word' id='word_1_373' title='bbox 2961 719 3268 788; x_wconf 86' lang='lat' dir='ltr'><strong>gratissima</strong></span> <span class='ocrx_word' id='word_1_374' title='bbox 3291 719 3446 772; x_wconf 70' lang='lat' dir='ltr'><strong>sazvis</strong></span> <span class='ocrx_word' id='word_1_375' title='bbox 3471 735 3488 785; x_wconf 87' lang='lat'><strong>;</strong></span> 
     </span>
    </p>
   </div>
   <div class='ocr_carea' id='block_1_56' title="bbox 2285 803 3472 862">
    <p class='ocr_par' dir='ltr' id='par_1_56' title="bbox 2285 803 3472 862">
     <span class='ocr_line' id='line_1_56' title="bbox 2285 803 3472 862; baseline 0.003 -4"><span class='ocrx_word' id='word_1_376' title='bbox 2285 803 2436 858; x_wconf 79' lang='lat' dir='ltr'><strong>Nunc</strong></span> <span class='ocrx_word' id='word_1_377' title='bbox 2461 807 2618 860; x_wconf 86' lang='lat' dir='ltr'><strong>sedes</strong></span> <span class='ocrx_word' id='word_1_378' title='bbox 2645 807 2850 862; x_wconf 86' lang='lat' dir='ltr'><strong>sanctis</strong></span> <span class='ocrx_word' id='word_1_379' title='bbox 2881 817 2933 861; x_wconf 92' lang='lat' dir='ltr'><strong>te</strong></span> <span class='ocrx_word' id='word_1_380' title='bbox 2963 818 3251 862; x_wconf 87' lang='lat' dir='ltr'><strong>resonante</strong></span> <span class='ocrx_word' id='word_1_381' title='bbox 3274 817 3472 862; x_wconf 88' lang='lat' dir='ltr'><strong>manet.</strong></span> 
     </span>
    </p>
   </div>
   <div class='ocr_carea' id='block_1_57' title="bbox 2215 893 3700 966">
    <p class='ocr_par' dir='ltr' id='par_1_57' title="bbox 2215 893 3700 966">
     <span class='ocr_line' id='line_1_57' title="bbox 2215 893 3700 966; baseline 0.001 -19"><span class='ocrx_word' id='word_1_382' title='bbox 2215 893 2292 947; x_wconf 84' lang='lat' dir='ltr'><strong>&#39;l‘n</strong></span> <span class='ocrx_word' id='word_1_383' title='bbox 2322 903 2470 960; x_wconf 85' lang='lat' dir='ltr'><strong>pater</strong></span> <span class='ocrx_word' id='word_1_384' title='bbox 2501 894 2602 948; x_wconf 89' lang='lat' dir='ltr'><strong>huc</strong></span> <span class='ocrx_word' id='word_1_385' title='bbox 2634 898 2874 960; x_wconf 85' lang='lat' dir='ltr'><strong>veniens,</strong></span> <span class='ocrx_word' id='word_1_386' title='bbox 2911 896 3019 951; x_wconf 89' lang='lat' dir='ltr'><strong>fers</strong></span> <span class='ocrx_word' id='word_1_387' title='bbox 3048 907 3221 951; x_wconf 89' lang='lat' dir='ltr'><strong>tecum</strong></span> <span class='ocrx_word' id='word_1_388' title='bbox 3253 897 3396 966; x_wconf 86' lang='lat' dir='ltr'><strong>pacis</strong></span> <span class='ocrx_word' id='word_1_389' title='bbox 3428 898 3700 964; x_wconf 83' lang='lat' dir='ltr'><strong>honores;</strong></span> 
     </span>
    </p>
   </div>
   <div class='ocr_carea' id='block_1_58' title="bbox 2288 984 3554 1056">
    <p class='ocr_par' dir='ltr' id='par_1_58' title="bbox 2288 984 3554 1056">
     <span class='ocr_line' id='line_1_58' title="bbox 2288 984 3554 1056; baseline 0.002 -18"><span class='ocrx_word' id='word_1_390' title='bbox 2288 984 2419 1038; x_wconf 86' lang='lat' dir='ltr'><strong>Hinc</strong></span> <span class='ocrx_word' id='word_1_391' title='bbox 2449 995 2615 1039; x_wconf 89' lang='lat' dir='ltr'><strong>totum</strong></span> <span class='ocrx_word' id='word_1_392' title='bbox 2641 987 2846 1053; x_wconf 89' lang='lat' dir='ltr'><strong>pellens</strong></span> <span class='ocrx_word' id='word_1_393' title='bbox 2876 987 3134 1056; x_wconf 86' lang='lat' dir='ltr'><strong>quidquid</strong></span> <span class='ocrx_word' id='word_1_394' title='bbox 3162 987 3354 1042; x_wconf 83' lang='lat' dir='ltr'><strong>adesse</strong></span> <span class='ocrx_word' id='word_1_395' title='bbox 3379 997 3554 1042; x_wconf 87' lang='lat' dir='ltr'><strong>nocet.</strong></span> 
     </span>
    </p>
   </div>
   <div class='ocr_carea' id='block_1_59' title="bbox 2215 1074 3620 1146">
    <p class='ocr_par' dir='ltr' id='par_1_59' title="bbox 2215 1074 3620 1146">
     <span class='ocr_line' id='line_1_59' title="bbox 2215 1074 3620 1146; baseline 0.002 -19"><span class='ocrx_word' id='word_1_396' title='bbox 2215 1074 2512 1142; x_wconf 77' lang='lat' dir='ltr'><strong>Espuleras</strong></span> <span class='ocrx_word' id='word_1_397' title='bbox 2543 1091 2793 1142; x_wconf 81' lang='lat' dir='ltr'><strong>noenum,</strong></span> <span class='ocrx_word' id='word_1_398' title='bbox 2823 1077 3098 1146; x_wconf 82' lang='lat' dir='ltr'><strong>complens</strong></span> <span class='ocrx_word' id='word_1_399' title='bbox 3123 1076 3405 1131; x_wconf 82' lang='lat' dir='ltr'><strong>dulcedine</strong></span> <span class='ocrx_word' id='word_1_400' title='bbox 3431 1086 3620 1140; x_wconf 82' lang='lat' dir='ltr'><strong>totum,</strong></span> 
     </span>
    </p>
   </div>
   <div class='ocr_carea' id='block_1_60' title="bbox 2288 1168 3550 1237">
    <p class='ocr_par' dir='ltr' id='par_1_60' title="bbox 2288 1168 3550 1237">
     <span class='ocr_line' id='line_1_60' title="bbox 2288 1168 3550 1237; baseline 0.002 -18"><span class='ocrx_word' id='word_1_401' title='bbox 2288 1168 2407 1233; x_wconf 81' lang='lat' dir='ltr'><strong>Quo</strong></span> <span class='ocrx_word' id='word_1_402' title='bbox 2435 1182 2630 1236; x_wconf 90' lang='lat' dir='ltr'><strong>corpus</strong></span> <span class='ocrx_word' id='word_1_403' title='bbox 2667 1169 2932 1237; x_wconf 84' lang='lat' dir='ltr'><strong>linquens,</strong></span> <span class='ocrx_word' id='word_1_404' title='bbox 2983 1168 3204 1236; x_wconf 87' lang='lat' dir='ltr'><strong>spiritus</strong></span> <span class='ocrx_word' id='word_1_405' title='bbox 3231 1176 3373 1221; x_wconf 82' lang='lat' dir='ltr'><strong>astra</strong></span> <span class='ocrx_word' id='word_1_406' title='bbox 3401 1168 3550 1236; x_wconf 88' lang='lat' dir='ltr'><strong>petit.</strong></span> 
     </span>
    </p>
   </div>
   <div class='ocr_carea' id='block_1_61' title="bbox 2215 1257 3572 1327">
    <p class='ocr_par' dir='ltr' id='par_1_61' title="bbox 2215 1257 3572 1327">
     <span class='ocr_line' id='line_1_61' title="bbox 2215 1257 3572 1327; baseline -0.002 -15"><span class='ocrx_word' id='word_1_407' title='bbox 2215 1257 2294 1312; x_wconf 84' lang='lat' dir='ltr'><strong>Eii</strong></span> <span class='ocrx_word' id='word_1_408' title='bbox 2323 1258 2484 1312; x_wconf 88' lang='lat' dir='ltr'><strong>hodie</strong></span> <span class='ocrx_word' id='word_1_409' title='bbox 2508 1260 2756 1312; x_wconf 89' lang='lat' dir='ltr'><strong>meritum</strong></span> <span class='ocrx_word' id='word_1_410' title='bbox 2791 1267 2846 1311; x_wconf 92' lang='lat' dir='ltr'><strong>tu</strong></span> <span class='ocrx_word' id='word_1_411' title='bbox 2878 1268 2996 1327; x_wconf 90' lang='lat' dir='ltr'><strong>post</strong></span> <span class='ocrx_word' id='word_1_412' title='bbox 3022 1258 3311 1312; x_wconf 88' lang='lat' dir='ltr'><strong>certamina</strong></span> <span class='ocrx_word' id='word_1_413' title='bbox 3343 1259 3572 1327; x_wconf 86' lang='lat' dir='ltr'><strong>palmam</strong></span> 
     </span>
    </p>
   </div>
   <div class='ocr_carea' id='block_1_62' title="bbox 2283 1347 3370 1416">
    <p class='ocr_par' dir='ltr' id='par_1_62' title="bbox 2283 1347 3370 1416">
     <span class='ocr_line' id='line_1_62' title="bbox 2283 1347 3370 1416; baseline 0 -15"><span class='ocrx_word' id='word_1_414' title='bbox 2283 1348 2591 1416; x_wconf 85' lang='lat' dir='ltr'><strong>Sumpsisti,</strong></span> <span class='ocrx_word' id='word_1_415' title='bbox 2624 1347 2786 1410; x_wconf 84' lang='lat' dir='ltr'><strong>Galli,</strong></span> <span class='ocrx_word' id='word_1_416' title='bbox 2819 1358 3036 1416; x_wconf 83' lang='lat' dir='ltr'><strong>protege</strong></span> <span class='ocrx_word' id='word_1_417' title='bbox 3066 1361 3160 1401; x_wconf 91' lang='lat' dir='ltr'><strong>nos</strong></span> <span class='ocrx_word' id='word_1_418' title='bbox 3191 1347 3370 1401; x_wconf 86' lang='lat' dir='ltr'><strong>hodie.</strong></span> 
     </span>
    </p>
   </div>
   <div class='ocr_carea' id='block_1_63' title="bbox 2213 1436 3723 1507">
    <p class='ocr_par' dir='ltr' id='par_1_63' title="bbox 2213 1436 3723 1507">
     <span class='ocr_line' id='line_1_63' title="bbox 2213 1436 3723 1507; baseline -0.001 -16"><span class='ocrx_word' id='word_1_419' title='bbox 2213 1436 2327 1492; x_wconf 79' lang='lat' dir='ltr'><strong>Jam</strong></span> <span class='ocrx_word' id='word_1_420' title='bbox 2356 1452 2515 1504; x_wconf 84' lang='lat' dir='ltr'><strong>super</strong></span> <span class='ocrx_word' id='word_1_421' title='bbox 2544 1445 2685 1489; x_wconf 84' lang='lat' dir='ltr'><strong>astra</strong></span> <span class='ocrx_word' id='word_1_422' title='bbox 2719 1437 2893 1491; x_wconf 86' lang='lat' dir='ltr'><strong>nitens</strong></span> <span class='ocrx_word' id='word_1_423' title='bbox 2925 1438 3243 1490; x_wconf 84' lang='lat' dir='ltr'><strong>famulorum</strong></span> <span class='ocrx_word' id='word_1_424' title='bbox 3277 1437 3487 1507; x_wconf 83' lang='lat' dir='ltr'><strong>suscipe</strong></span> <span class='ocrx_word' id='word_1_425' title='bbox 3517 1436 3723 1502; x_wconf 86' lang='lat' dir='ltr'><strong>laudes,</strong></span> 
     </span>
    </p>
   </div>
   <div class='ocr_carea' id='block_1_64' title="bbox 2283 1513 3417 1596">
    <p class='ocr_par' dir='ltr' id='par_1_64' title="bbox 2283 1513 3417 1596">
     <span class='ocr_line' id='line_1_64' title="bbox 2283 1513 3417 1596; baseline 0.003 -16"><span class='ocrx_word' id='word_1_426' title='bbox 2283 1530 2382 1595; x_wconf 80' lang='lat' dir='ltr'><strong>Qui</strong></span> <span class='ocrx_word' id='word_1_427' title='bbox 2410 1529 2499 1581; x_wconf 91' lang='lat' dir='ltr'><strong>tibi</strong></span> <span class='ocrx_word' id='word_1_428' title='bbox 2530 1513 2726 1581; x_wconf 77' lang='lat' dir='ltr'><strong>devoto</strong></span> <span class='ocrx_word' id='word_1_429' title='bbox 2755 1543 2896 1582; x_wconf 91' lang='lat' dir='ltr'><strong>nunc</strong></span> <span class='ocrx_word' id='word_1_430' title='bbox 2918 1529 3153 1596; x_wconf 81' lang='lat' dir='ltr'><strong>jubilant</strong></span> <span class='ocrx_word' id='word_1_431' title='bbox 3178 1529 3417 1583; x_wconf 90' lang='lat' dir='ltr'><strong>modulo.</strong></span> 
     </span>
    </p>
   </div>
   <div class='ocr_carea' id='block_1_65' title="bbox 2213 1616 3490 1686">
    <p class='ocr_par' dir='ltr' id='par_1_65' title="bbox 2213 1616 3490 1686">
     <span class='ocr_line' id='line_1_65' title="bbox 2213 1616 3490 1686; baseline 0 -15"><span class='ocrx_word' id='word_1_432' title='bbox 2213 1617 2404 1684; x_wconf 80' lang='lat' dir='ltr'><strong>ASpice</strong></span> <span class='ocrx_word' id='word_1_433' title='bbox 2433 1616 2692 1685; x_wconf 84' lang='lat' dir='ltr'><strong>prepitius</strong></span> <span class='ocrx_word' id='word_1_434' title='bbox 2718 1628 3034 1672; x_wconf 84' lang='lat' dir='ltr'><strong>venerantes</strong></span> <span class='ocrx_word' id='word_1_435' title='bbox 3069 1616 3243 1671; x_wconf 87' lang='lat' dir='ltr'><strong>nobile</strong></span> <span class='ocrx_word' id='word_1_436' title='bbox 3275 1619 3490 1686; x_wconf 82' lang='lat' dir='ltr'><strong>pignus,</strong></span> 
     </span>
    </p>
   </div>
   <div class='ocr_carea' id='block_1_66' title="bbox 2282 1709 3439 1778">
    <p class='ocr_par' dir='ltr' id='par_1_66' title="bbox 2282 1709 3439 1778">
     <span class='ocr_line' id='line_1_66' title="bbox 2282 1709 3439 1778; baseline 0.002 -16"><span class='ocrx_word' id='word_1_437' title='bbox 2282 1709 2492 1777; x_wconf 86' lang='lat' dir='ltr'><strong>Corpus</strong></span> <span class='ocrx_word' id='word_1_438' title='bbox 2519 1709 2853 1778; x_wconf 72' lang='lat' dir='ltr'><strong>praeclarum,</strong></span> <span class='ocrx_word' id='word_1_439' title='bbox 2885 1709 3032 1762; x_wconf 86' lang='lat' dir='ltr'><strong>Galle</strong></span> <span class='ocrx_word' id='word_1_440' title='bbox 3063 1711 3237 1774; x_wconf 70' lang='lat' dir='ltr'><strong>beate,</strong></span> <span class='ocrx_word' id='word_1_441' title='bbox 3269 1719 3439 1764; x_wconf 91' lang='lat' dir='ltr'><strong>tuum.</strong></span> 
     </span>
    </p>
   </div>
   <div class='ocr_carea' id='block_1_67' title="bbox 2144 1780 3609 1868">
    <p class='ocr_par' dir='ltr' id='par_1_67' title="bbox 2144 1780 3609 1868">
     <span class='ocr_line' id='line_1_67' title="bbox 2144 1780 3609 1868; baseline 0.002 -16"><span class='ocrx_word' id='word_1_442' title='bbox 2144 1780 2192 1840; x_wconf 76' lang='grc' dir='ltr'><strong><em>Β</em></strong></span> <span class='ocrx_word' id='word_1_443' title='bbox 2220 1799 2408 1865; x_wconf 78' lang='lat' dir='ltr'><strong>Aspice</strong></span> <span class='ocrx_word' id='word_1_444' title='bbox 2431 1814 2547 1865; x_wconf 67' lang='lat' dir='ltr'><strong>quae</strong></span> <span class='ocrx_word' id='word_1_445' title='bbox 2576 1799 2839 1863; x_wconf 89' lang='lat' dir='ltr'><strong>canimus,</strong></span> <span class='ocrx_word' id='word_1_446' title='bbox 2872 1814 3114 1867; x_wconf 68' lang='lat' dir='ltr'><strong>expugna</strong></span> <span class='ocrx_word' id='word_1_447' title='bbox 3141 1801 3299 1852; x_wconf 89' lang='lat' dir='ltr'><strong>corda</strong></span> <span class='ocrx_word' id='word_1_448' title='bbox 3330 1801 3609 1868; x_wconf 83' lang='lat' dir='ltr'><strong>benignus,</strong></span> 
     </span>
    </p>
   </div>
   <div class='ocr_carea' id='block_1_68' title="bbox 2289 1887 3343 1943">
    <p class='ocr_par' dir='ltr' id='par_1_68' title="bbox 2289 1887 3343 1943">
     <span class='ocr_line' id='line_1_68' title="bbox 2289 1887 3343 1943; baseline 0.003 -3"><span class='ocrx_word' id='word_1_449' title='bbox 2289 1888 2341 1940; x_wconf 91' lang='lat' dir='ltr'><strong>l.i</strong></span> <span class='ocrx_word' id='word_1_450' title='bbox 2375 1887 2536 1940; x_wconf 86' lang='lat' dir='ltr'><strong>rebus</strong></span> <span class='ocrx_word' id='word_1_451' title='bbox 2565 1889 2771 1942; x_wconf 91' lang='lat' dir='ltr'><strong>cunctis</strong></span> <span class='ocrx_word' id='word_1_452' title='bbox 2803 1897 2981 1942; x_wconf 91' lang='lat' dir='ltr'><strong>rector</strong></span> <span class='ocrx_word' id='word_1_453' title='bbox 3002 1890 3188 1942; x_wconf 85' lang='lat' dir='ltr'><strong>adesto</strong></span> <span class='ocrx_word' id='word_1_454' title='bbox 3220 1890 3343 1943; x_wconf 90' lang='lat' dir='ltr'><strong>tuis.</strong></span> 
     </span>
    </p>
   </div>
   <div class='ocr_carea' id='block_1_69' title="bbox 2216 1976 3472 2046">
    <p class='ocr_par' dir='ltr' id='par_1_69' title="bbox 2216 1976 3472 2046">
     <span class='ocr_line' id='line_1_69' title="bbox 2216 1976 3472 2046; baseline -0.002 -16"><span class='ocrx_word' id='word_1_455' title='bbox 2216 1977 2347 2030; x_wconf 81' lang='lat' dir='ltr'><strong>lliiie</strong></span> <span class='ocrx_word' id='word_1_456' title='bbox 2377 1976 2603 2030; x_wconf 88' lang='lat' dir='ltr'><strong>Domino</strong></span> <span class='ocrx_word' id='word_1_457' title='bbox 2634 1978 2773 2029; x_wconf 90' lang='lat' dir='ltr'><strong>trino</strong></span> <span class='ocrx_word' id='word_1_458' title='bbox 2809 1977 2914 2030; x_wconf 74' lang='lat' dir='ltr'><strong>lzeti</strong></span> <span class='ocrx_word' id='word_1_459' title='bbox 2949 1993 3237 2046; x_wconf 88' lang='lat' dir='ltr'><strong>pangainus</strong></span> <span class='ocrx_word' id='word_1_460' title='bbox 3265 1989 3318 2032; x_wconf 88' lang='lat' dir='ltr'><strong>et</strong></span> <span class='ocrx_word' id='word_1_461' title='bbox 3345 1995 3472 2044; x_wconf 89' lang='lat' dir='ltr'><strong>uno,</strong></span> 
     </span>
    </p>
   </div>
   <div class='ocr_carea' id='block_1_70' title="bbox 2284 2066 3497 2138">
    <p class='ocr_par' dir='ltr' id='par_1_70' title="bbox 2284 2066 3497 2138">
     <span class='ocr_line' id='line_1_70' title="bbox 2284 2066 3497 2138; baseline 0.008 -23"><span class='ocrx_word' id='word_1_462' title='bbox 2284 2066 2383 2134; x_wconf 83' lang='lat' dir='ltr'><strong>Q-ii</strong></span> <span class='ocrx_word' id='word_1_463' title='bbox 2413 2082 2509 2121; x_wconf 88' lang='lat' dir='ltr'><strong>nos</strong></span> <span class='ocrx_word' id='word_1_464' title='bbox 2537 2083 2676 2121; x_wconf 92' lang='lat' dir='ltr'><strong>nunc</strong></span> <span class='ocrx_word' id='word_1_465' title='bbox 2706 2069 2864 2122; x_wconf 85' lang='lat' dir='ltr'><strong>talem</strong></span> <span class='ocrx_word' id='word_1_466' title='bbox 2891 2067 3016 2124; x_wconf 85' lang='lat' dir='ltr'><strong>fecit</strong></span> <span class='ocrx_word' id='word_1_467' title='bbox 3047 2069 3241 2124; x_wconf 86' lang='lat' dir='ltr'><strong>habere</strong></span> <span class='ocrx_word' id='word_1_468' title='bbox 3270 2079 3497 2138; x_wconf 85' lang='lat' dir='ltr'><strong>patrem.</strong></span> 
     </span>
    </p>
   </div>
   <div class='ocr_carea' id='block_1_71' title="bbox 2426 2160 2614 2214">
    <p class='ocr_par' dir='ltr' id='par_1_71' title="bbox 2426 2160 2614 2214">
     <span class='ocr_line' id='line_1_71' title="bbox 2426 2160 2614 2214; baseline -0.005 0"><span class='ocrx_word' id='word_1_469' title='bbox 2426 2160 2614 2214; x_wconf 82' lang='lat' dir='ltr'><strong>Amen.</strong></span> 
     </span>
    </p>
   </div>
   <div class='ocr_carea' id='block_1_72' title="bbox 2208 2313 3779 2382">
    <p class='ocr_par' dir='ltr' id='par_1_72' title="bbox 2208 2313 3779 2382">
     <span class='ocr_line' id='line_1_72' title="bbox 2208 2313 3779 2382; baseline 0.001 -14"><span class='ocrx_word' id='word_1_470' title='bbox 2208 2314 2433 2368; x_wconf 77' lang='lat' dir='ltr'><strong>exstitit.</strong></span> <span class='ocrx_word' id='word_1_471' title='bbox 2486 2313 2586 2379; x_wconf 78' lang='lat' dir='ltr'><strong>Qui</strong></span> <span class='ocrx_word' id='word_1_472' title='bbox 2632 2313 2944 2367; x_wconf 83' lang='lat' dir='ltr'><strong>adolescens</strong></span> <span class='ocrx_word' id='word_1_473' title='bbox 2993 2314 3091 2366; x_wconf 89' lang='lat' dir='ltr'><strong>sub</strong></span> <span class='ocrx_word' id='word_1_474' title='bbox 3141 2313 3447 2366; x_wconf 82' lang='lat' dir='ltr'><strong>obedientia</strong></span> <span class='ocrx_word' id='word_1_475' title='bbox 3500 2322 3551 2365; x_wconf 88' lang='lat' dir='ltr'><strong>ct</strong></span> <span class='ocrx_word' id='word_1_476' title='bbox 3602 2314 3779 2382; x_wconf 81' lang='lat' dir='ltr'><strong>regula</strong></span> 
     </span>
    </p>
   </div>
   <div class='ocr_carea' id='block_1_73' title="bbox 2212 2382 3780 2454">
    <p class='ocr_par' dir='ltr' id='par_1_73' title="bbox 2212 2382 3780 2454">
     <span class='ocr_line' id='line_1_73' title="bbox 2212 2382 3780 2454; baseline 0.001 -18"><span class='ocrx_word' id='word_1_477' title='bbox 2212 2385 2378 2436; x_wconf 76' lang='lat' dir='ltr'><strong>Sancti</strong></span> <span class='ocrx_word' id='word_1_478' title='bbox 2411 2385 2746 2454; x_wconf 75' lang='lat' dir='ltr'><strong>Cotiimhani,</strong></span> <span class='ocrx_word' id='word_1_479' title='bbox 2780 2384 2832 2436; x_wconf 91' lang='lat' dir='ltr'><strong>in</strong></span> <span class='ocrx_word' id='word_1_480' title='bbox 2862 2383 3037 2454; x_wconf 84' lang='lat' dir='ltr'><strong>Scotia</strong></span> <span class='ocrx_word' id='word_1_481' title='bbox 3087 2385 3163 2454; x_wconf 80' lang='lat' dir='ltr'><strong>[In</strong></span> <span class='ocrx_word' id='word_1_482' title='bbox 3190 2385 3424 2451; x_wconf 79' lang='lat' dir='ltr'><strong>margine</strong></span> <span class='ocrx_word' id='word_1_483' title='bbox 3473 2382 3587 2434; x_wconf 69' lang='lat' dir='ltr'><strong>hace</strong></span> <span class='ocrx_word' id='word_1_484' title='bbox 3618 2387 3780 2438; x_wconf 85' lang='lat' dir='ltr'><strong>etiam</strong></span> 
     </span>
    </p>
   </div>
   <div class='ocr_carea' id='block_1_74' title="bbox 2212 2452 3783 2521">
    <p class='ocr_par' dir='ltr' id='par_1_74' title="bbox 2212 2452 3783 2521">
     <span class='ocr_line' id='line_1_74' title="bbox 2212 2452 3783 2521; baseline 0.002 -18"><span class='ocrx_word' id='word_1_485' title='bbox 2212 2454 2458 2521; x_wconf 82' lang='lat' dir='ltr'><strong>ascripsit</strong></span> <span class='ocrx_word' id='word_1_486' title='bbox 2503 2452 2816 2508; x_wconf 79' lang='lat' dir='ltr'><strong>Metzlerus:</strong></span> <span class='ocrx_word' id='word_1_487' title='bbox 2855 2453 3026 2506; x_wconf 83' lang='lat' dir='ltr'><strong>Didici</strong></span> <span class='ocrx_word' id='word_1_488' title='bbox 3068 2452 3164 2506; x_wconf 74' lang='lat' dir='ltr'><strong>lict:</strong></span> <span class='ocrx_word' id='word_1_489' title='bbox 3192 2469 3255 2506; x_wconf 78' lang='lat' dir='ltr'><strong>ea:</strong></span> <span class='ocrx_word' id='word_1_490' title='bbox 3300 2461 3588 2504; x_wconf 81' lang='lat' dir='ltr'><strong>nostrorum</strong></span> <span class='ocrx_word' id='word_1_491' title='bbox 3622 2456 3783 2507; x_wconf 78' lang='lat' dir='ltr'><strong>Itami-</strong></span> 
     </span>
    </p>
   </div>
   <div class='ocr_carea' id='block_1_75' title="bbox 2212 2523 3784 2591">
    <p class='ocr_par' dir='ltr' id='par_1_75' title="bbox 2212 2523 3784 2591">
     <span class='ocr_line' id='line_1_75' title="bbox 2212 2523 3784 2591; baseline 0.001 -18"><span class='ocrx_word' id='word_1_492' title='bbox 2212 2538 2334 2573; x_wconf 84' lang='lat' dir='ltr'><strong>num</strong></span> <span class='ocrx_word' id='word_1_493' title='bbox 2362 2523 2629 2574; x_wconf 78' lang='lat' dir='ltr'><strong>traditione</strong></span> <span class='ocrx_word' id='word_1_494' title='bbox 2654 2562 2669 2586; x_wconf 94' lang='lat'><strong>,</strong></span> <span class='ocrx_word' id='word_1_495' title='bbox 2713 2533 2758 2574; x_wconf 84' lang='lat' dir='ltr'><strong>et</strong></span> <span class='ocrx_word' id='word_1_496' title='bbox 2807 2541 2869 2575; x_wconf 69' lang='lat' dir='ltr'><strong>ex</strong></span> <span class='ocrx_word' id='word_1_497' title='bbox 2897 2526 3114 2591; x_wconf 83' lang='lat' dir='ltr'><strong>quodam</strong></span> <span class='ocrx_word' id='word_1_498' title='bbox 3144 2524 3237 2574; x_wconf 83' lang='lat' dir='ltr'><strong>viri</strong></span> <span class='ocrx_word' id='word_1_499' title='bbox 3267 2539 3366 2574; x_wconf 84' lang='lat' dir='ltr'><strong>non</strong></span> <span class='ocrx_word' id='word_1_500' title='bbox 3395 2523 3657 2584; x_wconf 80' lang='lat' dir='ltr'><strong>illiterate,</strong></span> <span class='ocrx_word' id='word_1_501' title='bbox 3697 2527 3784 2591; x_wconf 82' lang='lat' dir='ltr'><strong>qui</strong></span> 
     </span>
    </p>
   </div>
   <div class='ocr_carea' id='block_1_76' title="bbox 2210 2593 3782 2660">
    <p class='ocr_par' dir='ltr' id='par_1_76' title="bbox 2210 2593 3782 2660">
     <span class='ocr_line' id='line_1_76' title="bbox 2210 2593 3782 2660; baseline 0.001 -17"><span class='ocrx_word' id='word_1_502' title='bbox 2210 2608 2263 2644; x_wconf 75' lang='lat' dir='ltr'><strong>se</strong></span> <span class='ocrx_word' id='word_1_503' title='bbox 2302 2594 2353 2643; x_wconf 82' lang='lat' dir='ltr'><strong>id</strong></span> <span class='ocrx_word' id='word_1_504' title='bbox 2377 2593 2625 2645; x_wconf 70' lang='lat' dir='ltr'><strong>audivisse</strong></span> <span class='ocrx_word' id='word_1_505' title='bbox 2662 2593 2750 2654; x_wconf 85' lang='lat' dir='ltr'><strong>ait,</strong></span> <span class='ocrx_word' id='word_1_506' title='bbox 2782 2601 2828 2644; x_wconf 85' lang='lat' dir='ltr'><strong>et</strong></span> <span class='ocrx_word' id='word_1_507' title='bbox 2859 2594 3039 2660; x_wconf 77' lang='lat' dir='ltr'><strong>legisse</strong></span> <span class='ocrx_word' id='word_1_508' title='bbox 3081 2595 3247 2659; x_wconf 83' lang='lat' dir='ltr'><strong>(Sicut</strong></span> <span class='ocrx_word' id='word_1_509' title='bbox 3272 2603 3319 2644; x_wconf 85' lang='lat' dir='ltr'><strong>et</strong></span> <span class='ocrx_word' id='word_1_510' title='bbox 3345 2594 3567 2654; x_wconf 81' lang='lat' dir='ltr'><strong>parentis</strong></span> <span class='ocrx_word' id='word_1_511' title='bbox 3595 2597 3782 2645; x_wconf 77' lang='lat' dir='ltr'><strong>utrius-</strong></span> 
     </span>
    </p>
   </div>
   <div class='ocr_carea' id='block_1_77' title="bbox 2211 2661 3781 2730">
    <p class='ocr_par' dir='ltr' id='par_1_77' title="bbox 2211 2661 3781 2730">
     <span class='ocr_line' id='line_1_77' title="bbox 2211 2661 3781 2730; baseline 0.002 -17"><span class='ocrx_word' id='word_1_512' title='bbox 2211 2677 2305 2730; x_wconf 74' lang='lat' dir='ltr'><strong>que</strong></span> <span class='ocrx_word' id='word_1_513' title='bbox 2335 2664 2536 2729; x_wconf 76' lang='lat' dir='ltr'><strong>nomen)</strong></span> <span class='ocrx_word' id='word_1_514' title='bbox 2581 2677 2642 2713; x_wconf 76' lang='lat' dir='ltr'><strong>ea:</strong></span> <span class='ocrx_word' id='word_1_515' title='bbox 2662 2661 2859 2730; x_wconf 60' lang='lat' dir='ltr'><strong>illustri</strong></span> <span class='ocrx_word' id='word_1_516' title='bbox 2900 2672 2948 2715; x_wconf 85' lang='lat' dir='ltr'><strong>ct</strong></span> <span class='ocrx_word' id='word_1_517' title='bbox 2995 2664 3231 2730; x_wconf 72' lang='lat' dir='ltr'><strong>religiosa</strong></span> <span class='ocrx_word' id='word_1_518' title='bbox 3278 2664 3484 2713; x_wconf 84' lang='lat' dir='ltr'><strong>domina</strong></span> <span class='ocrx_word' id='word_1_519' title='bbox 3526 2666 3781 2716; x_wconf 77' lang='lat' dir='ltr'><strong>coniitissa</strong></span> 
     </span>
    </p>
   </div>
   <div class='ocr_carea' id='block_1_78' title="bbox 2213 2728 3782 2794">
    <p class='ocr_par' dir='ltr' id='par_1_78' title="bbox 2213 2728 3782 2794">
     <span class='ocr_line' id='line_1_78' title="bbox 2213 2728 3782 2794; baseline 0.001 -12"><span class='ocrx_word' id='word_1_520' title='bbox 2213 2728 2407 2784; x_wconf 76' lang='lat' dir='ltr'><strong>Montis</strong></span> <span class='ocrx_word' id='word_1_521' title='bbox 2434 2728 2617 2794; x_wconf 80' lang='lat' dir='ltr'><strong>sancti,</strong></span> <span class='ocrx_word' id='word_1_522' title='bbox 2652 2728 2903 2784; x_wconf 80' lang='lat' dir='ltr'><strong>Friderici</strong></span> <span class='ocrx_word' id='word_1_523' title='bbox 2932 2728 3162 2785; x_wconf 62' lang='lat' dir='ltr'><strong>model-iii</strong></span> <span class='ocrx_word' id='word_1_524' title='bbox 3192 2743 3370 2784; x_wconf 83' lang='lat' dir='ltr'><strong>matre.</strong></span> <span class='ocrx_word' id='word_1_525' title='bbox 3406 2731 3470 2784; x_wconf 83' lang='lat' dir='ltr'><strong>Et</strong></span> <span class='ocrx_word' id='word_1_526' title='bbox 3495 2732 3645 2784; x_wconf 85' lang='lat' dir='ltr'><strong>tradit</strong></span> <span class='ocrx_word' id='word_1_527' title='bbox 3667 2749 3782 2784; x_wconf 80' lang='lat' dir='ltr'><strong>cum</strong></span> 
     </span>
    </p>
   </div>
   <div class='ocr_carea' id='block_1_79' title="bbox 2218 2800 3782 2871">
    <p class='ocr_par' dir='ltr' id='par_1_79' title="bbox 2218 2800 3782 2871">
     <span class='ocr_line' id='line_1_79' title="bbox 2218 2800 3782 2871; baseline 0.001 -17"><span class='ocrx_word' id='word_1_528' title='bbox 2218 2800 2514 2870; x_wconf 79' lang='lat' dir='ltr'><strong>Walafrido</strong></span> <span class='ocrx_word' id='word_1_529' title='bbox 2561 2803 2836 2854; x_wconf 76' lang='lat' dir='ltr'><strong>communis</strong></span> <span class='ocrx_word' id='word_1_530' title='bbox 2887 2801 3104 2871; x_wconf 79' lang='lat' dir='ltr'><strong>opinio],</strong></span> <span class='ocrx_word' id='word_1_531' title='bbox 3146 2803 3338 2869; x_wconf 88' lang='lat' dir='ltr'><strong>spretis</strong></span> <span class='ocrx_word' id='word_1_532' title='bbox 3383 2803 3644 2854; x_wconf 86' lang='lat' dir='ltr'><strong>nobilibus</strong></span> <span class='ocrx_word' id='word_1_533' title='bbox 3693 2819 3782 2869; x_wconf 87' lang='lat' dir='ltr'><strong>pa-</strong></span> 
     </span>
    </p>
   </div>
   <div class='ocr_carea' id='block_1_80' title="bbox 2215 2871 3772 2940">
    <p class='ocr_par' dir='ltr' id='par_1_80' title="bbox 2215 2871 3772 2940">
     <span class='ocr_line' id='line_1_80' title="bbox 2215 2871 3772 2940; baseline 0 -16"><span class='ocrx_word' id='word_1_534' title='bbox 2215 2873 2477 2932; x_wconf 87' lang='lat' dir='ltr'><strong>rentibus,</strong></span> <span class='ocrx_word' id='word_1_535' title='bbox 2511 2872 2797 2939; x_wconf 89' lang='lat' dir='ltr'><strong>mundique</strong></span> <span class='ocrx_word' id='word_1_536' title='bbox 2829 2871 3054 2936; x_wconf 84' lang='lat' dir='ltr'><strong>pompis,</strong></span> <span class='ocrx_word' id='word_1_537' title='bbox 3089 2873 3245 2924; x_wconf 85' lang='lat' dir='ltr'><strong>vitam</strong></span> <span class='ocrx_word' id='word_1_538' title='bbox 3277 2885 3562 2938; x_wconf 88' lang='lat' dir='ltr'><strong>pauperum</strong></span> <span class='ocrx_word' id='word_1_539' title='bbox 3588 2872 3772 2940; x_wconf 88' lang='lat' dir='ltr'><strong>elegit,</strong></span> 
     </span>
    </p>
   </div>
   <div class='ocr_carea' id='block_1_81' title="bbox 2209 2941 3776 3009">
    <p class='ocr_par' dir='ltr' id='par_1_81' title="bbox 2209 2941 3776 3009">
     <span class='ocr_line' id='line_1_81' title="bbox 2209 2941 3776 3009; baseline -0.001 -14"><span class='ocrx_word' id='word_1_540' title='bbox 2209 2950 2264 2995; x_wconf 87' lang='lat' dir='ltr'><strong>et</strong></span> <span class='ocrx_word' id='word_1_541' title='bbox 2291 2953 2344 2994; x_wconf 90' lang='lat' dir='ltr'><strong>ut</strong></span> <span class='ocrx_word' id='word_1_542' title='bbox 2368 2942 2479 3009; x_wconf 81' lang='lat' dir='ltr'><strong>ipse</strong></span> <span class='ocrx_word' id='word_1_543' title='bbox 2511 2942 2722 3005; x_wconf 88' lang='lat' dir='ltr'><strong>fatetur,</strong></span> <span class='ocrx_word' id='word_1_544' title='bbox 2751 2941 3029 2992; x_wconf 89' lang='lat' dir='ltr'><strong>humilitati</strong></span> <span class='ocrx_word' id='word_1_545' title='bbox 3056 2950 3110 2994; x_wconf 89' lang='lat' dir='ltr'><strong>et</strong></span> <span class='ocrx_word' id='word_1_546' title='bbox 3129 2942 3471 3004; x_wconf 71' lang='lat' dir='ltr'><strong>obeilieutitc,</strong></span> <span class='ocrx_word' id='word_1_547' title='bbox 3499 2941 3776 3005; x_wconf 82' lang='lat' dir='ltr'><strong>perfecta:-</strong></span> 
     </span>
    </p>
   </div>
   <div class='ocr_carea' id='block_1_82' title="bbox 2209 3010 3776 3078">
    <p class='ocr_par' dir='ltr' id='par_1_82' title="bbox 2209 3010 3776 3078">
     <span class='ocr_line' id='line_1_82' title="bbox 2209 3010 3776 3078; baseline 0.001 -15"><span class='ocrx_word' id='word_1_548' title='bbox 2209 3025 2313 3078; x_wconf 87' lang='lat' dir='ltr'><strong>que</strong></span> <span class='ocrx_word' id='word_1_549' title='bbox 2343 3011 2657 3078; x_wconf 88' lang='lat' dir='ltr'><strong>subjectioiii</strong></span> <span class='ocrx_word' id='word_1_550' title='bbox 2687 3010 2951 3063; x_wconf 86' lang='lat' dir='ltr'><strong>iiidclesse</strong></span> <span class='ocrx_word' id='word_1_551' title='bbox 2978 3025 3189 3077; x_wconf 85' lang='lat' dir='ltr'><strong>semper</strong></span> <span class='ocrx_word' id='word_1_552' title='bbox 3213 3010 3431 3063; x_wconf 91' lang='lat' dir='ltr'><strong>studuit.</strong></span> <span class='ocrx_word' id='word_1_553' title='bbox 3469 3010 3626 3063; x_wconf 88' lang='lat' dir='ltr'><strong>Venit</strong></span> <span class='ocrx_word' id='word_1_554' title='bbox 3659 3021 3776 3064; x_wconf 82' lang='lat' dir='ltr'><strong>tan—</strong></span> 
     </span>
    </p>
   </div>
   <div class='ocr_carea' id='block_1_83' title="bbox 2211 3080 3776 3148">
    <p class='ocr_par' dir='ltr' id='par_1_83' title="bbox 2211 3080 3776 3148">
     <span class='ocr_line' id='line_1_83' title="bbox 2211 3080 3776 3148; baseline 0.002 -17"><span class='ocrx_word' id='word_1_555' title='bbox 2211 3084 2332 3133; x_wconf 90' lang='lat' dir='ltr'><strong>dem</strong></span> <span class='ocrx_word' id='word_1_556' title='bbox 2361 3095 2479 3133; x_wconf 89' lang='lat' dir='ltr'><strong>cum</strong></span> <span class='ocrx_word' id='word_1_557' title='bbox 2505 3083 2756 3147; x_wconf 84' lang='lat' dir='ltr'><strong>magistro</strong></span> <span class='ocrx_word' id='word_1_558' title='bbox 2785 3095 2881 3132; x_wconf 91' lang='lat' dir='ltr'><strong>suo</strong></span> <span class='ocrx_word' id='word_1_559' title='bbox 2907 3090 2959 3132; x_wconf 89' lang='lat' dir='ltr'><strong>et</strong></span> <span class='ocrx_word' id='word_1_560' title='bbox 2991 3083 3233 3134; x_wconf 84' lang='lat' dir='ltr'><strong>undecim</strong></span> <span class='ocrx_word' id='word_1_561' title='bbox 3265 3081 3384 3133; x_wconf 89' lang='lat' dir='ltr'><strong>aliis</strong></span> <span class='ocrx_word' id='word_1_562' title='bbox 3407 3080 3655 3134; x_wconf 77' lang='lat' dir='ltr'><strong>fratribus</strong></span> <span class='ocrx_word' id='word_1_563' title='bbox 3684 3095 3776 3148; x_wconf 88' lang='lat' dir='ltr'><strong>per</strong></span> 
     </span>
    </p>
   </div>
   <div class='ocr_carea' id='block_1_84' title="bbox 2214 3149 3772 3217">
    <p class='ocr_par' dir='ltr' id='par_1_84' title="bbox 2214 3149 3772 3217">
     <span class='ocr_line' id='line_1_84' title="bbox 2214 3149 3772 3217; baseline 0 -14"><span class='ocrx_word' id='word_1_564' title='bbox 2214 3150 2535 3204; x_wconf 81' lang='lat' dir='ltr'><strong>Britanniam</strong></span> <span class='ocrx_word' id='word_1_565' title='bbox 2570 3161 2618 3202; x_wconf 90' lang='lat' dir='ltr'><strong>et</strong></span> <span class='ocrx_word' id='word_1_566' title='bbox 2649 3150 2869 3202; x_wconf 87' lang='lat' dir='ltr'><strong>Galliam</strong></span> <span class='ocrx_word' id='word_1_567' title='bbox 2906 3149 2956 3201; x_wconf 87' lang='lat' dir='ltr'><strong>iii</strong></span> <span class='ocrx_word' id='word_1_568' title='bbox 2992 3150 3356 3209; x_wconf 78' lang='lat' dir='ltr'><strong>Germaniam,</strong></span> <span class='ocrx_word' id='word_1_569' title='bbox 3387 3159 3440 3202; x_wconf 88' lang='lat' dir='ltr'><strong>et</strong></span> <span class='ocrx_word' id='word_1_570' title='bbox 3465 3150 3772 3217; x_wconf 87' lang='lat' dir='ltr'><strong>aliquandiu</strong></span> 
     </span>
    </p>
   </div>
   <div class='ocr_carea' id='block_1_85' title="bbox 2205 3220 3770 3286">
    <p class='ocr_par' dir='ltr' id='par_1_85' title="bbox 2205 3220 3770 3286">
     <span class='ocr_line' id='line_1_85' title="bbox 2205 3220 3770 3286; baseline 0.003 -16"><span class='ocrx_word' id='word_1_571' title='bbox 2205 3221 2305 3271; x_wconf 89' lang='lat' dir='ltr'><strong>sub</strong></span> <span class='ocrx_word' id='word_1_572' title='bbox 2334 3221 2520 3273; x_wconf 90' lang='lat' dir='ltr'><strong>eodem</strong></span> <span class='ocrx_word' id='word_1_573' title='bbox 2552 3220 2743 3273; x_wconf 90' lang='lat' dir='ltr'><strong>abbate</strong></span> <span class='ocrx_word' id='word_1_574' title='bbox 2772 3221 2991 3286; x_wconf 76' lang='lat' dir='ltr'><strong>degens,</strong></span> <span class='ocrx_word' id='word_1_575' title='bbox 3039 3220 3275 3282; x_wconf 89' lang='lat' dir='ltr'><strong>tandem,</strong></span> <span class='ocrx_word' id='word_1_576' title='bbox 3319 3221 3546 3273; x_wconf 85' lang='lat' dir='ltr'><strong>abeunte</strong></span> <span class='ocrx_word' id='word_1_577' title='bbox 3575 3221 3664 3272; x_wconf 88' lang='lat' dir='ltr'><strong>illo</strong></span> <span class='ocrx_word' id='word_1_578' title='bbox 3719 3225 3770 3274; x_wconf 89' lang='lat' dir='ltr'><strong>in</strong></span> 
     </span>
    </p>
   </div>
   <div class='ocr_carea' id='block_1_86' title="bbox 2205 3289 3772 3356">
    <p class='ocr_par' dir='ltr' id='par_1_86' title="bbox 2205 3289 3772 3356">
     <span class='ocr_line' id='line_1_86' title="bbox 2205 3289 3772 3356; baseline 0.001 -14"><span class='ocrx_word' id='word_1_579' title='bbox 2205 3289 2433 3355; x_wconf 88' lang='lat' dir='ltr'><strong>Italiam,</strong></span> <span class='ocrx_word' id='word_1_580' title='bbox 2486 3290 2632 3342; x_wconf 77' lang='lat' dir='ltr'><strong>febre</strong></span> <span class='ocrx_word' id='word_1_581' title='bbox 2658 3298 2932 3356; x_wconf 86' lang='lat' dir='ltr'><strong>correptus</strong></span> <span class='ocrx_word' id='word_1_582' title='bbox 2965 3291 3079 3356; x_wconf 87' lang='lat' dir='ltr'><strong>ipse</strong></span> <span class='ocrx_word' id='word_1_583' title='bbox 3109 3305 3230 3342; x_wconf 88' lang='lat' dir='ltr'><strong>cuin</strong></span> <span class='ocrx_word' id='word_1_584' title='bbox 3272 3290 3478 3342; x_wconf 89' lang='lat' dir='ltr'><strong>duobus</strong></span> <span class='ocrx_word' id='word_1_585' title='bbox 3509 3291 3667 3342; x_wconf 76' lang='lat' dir='ltr'><strong>sociis</strong></span> <span class='ocrx_word' id='word_1_586' title='bbox 3722 3293 3772 3344; x_wconf 87' lang='lat' dir='ltr'><strong>in</strong></span> 
     </span>
    </p>
   </div>
   <div class='ocr_carea' id='block_1_87' title="bbox 2206 3357 3770 3426">
    <p class='ocr_par' dir='ltr' id='par_1_87' title="bbox 2206 3357 3770 3426">
     <span class='ocr_line' id='line_1_87' title="bbox 2206 3357 3770 3426; baseline 0.001 -14"><span class='ocrx_word' id='word_1_587' title='bbox 2206 3357 2487 3412; x_wconf 88' lang='lat' dir='ltr'><strong>Germania</strong></span> <span class='ocrx_word' id='word_1_588' title='bbox 2519 3361 2827 3424; x_wconf 73' lang='lat' dir='ltr'><strong>relinquitur</strong></span> <span class='ocrx_word' id='word_1_589' title='bbox 2857 3376 2870 3410; x_wconf 87' lang='lat'><strong>:</strong></span> <span class='ocrx_word' id='word_1_590' title='bbox 2901 3373 2963 3411; x_wconf 79' lang='lat' dir='ltr'><strong>ex</strong></span> <span class='ocrx_word' id='word_1_591' title='bbox 3007 3375 3105 3426; x_wconf 89' lang='lat' dir='ltr'><strong>qua</strong></span> <span class='ocrx_word' id='word_1_592' title='bbox 3139 3370 3196 3411; x_wconf 89' lang='grc' dir='ltr'><strong>ιιι</strong></span> <span class='ocrx_word' id='word_1_593' title='bbox 3223 3360 3510 3423; x_wconf 85' lang='lat' dir='ltr'><strong>convaluit,</strong></span> <span class='ocrx_word' id='word_1_594' title='bbox 3546 3361 3596 3412; x_wconf 93' lang='lat' dir='ltr'><strong>iu</strong></span> <span class='ocrx_word' id='word_1_595' title='bbox 3632 3361 3770 3414; x_wconf 79' lang='lat' dir='ltr'><strong>hunc</strong></span> 
     </span>
    </p>
   </div>
   <div class='ocr_carea' id='block_1_88' title="bbox 2203 3427 3772 3495">
    <p class='ocr_par' dir='ltr' id='par_1_88' title="bbox 2203 3427 3772 3495">
     <span class='ocr_line' id='line_1_88' title="bbox 2203 3427 3772 3495; baseline -0.001 -12"><span class='ocrx_word' id='word_1_596' title='bbox 2203 3429 2400 3491; x_wconf 86' lang='lat' dir='ltr'><strong>locum,</strong></span> <span class='ocrx_word' id='word_1_597' title='bbox 2447 3439 2572 3482; x_wconf 92' lang='lat' dir='ltr'><strong>tunc</strong></span> <span class='ocrx_word' id='word_1_598' title='bbox 2601 3429 2870 3482; x_wconf 86' lang='lat' dir='ltr'><strong>desertum</strong></span> <span class='ocrx_word' id='word_1_599' title='bbox 2904 3431 3132 3495; x_wconf 91' lang='lat' dir='ltr'><strong>penitus,</strong></span> <span class='ocrx_word' id='word_1_600' title='bbox 3165 3427 3273 3481; x_wconf 87' lang='lat' dir='ltr'><strong>Deo</strong></span> <span class='ocrx_word' id='word_1_601' title='bbox 3308 3430 3523 3482; x_wconf 78' lang='lat' dir='ltr'><strong>liberius</strong></span> <span class='ocrx_word' id='word_1_602' title='bbox 3557 3440 3772 3482; x_wconf 86' lang='lat' dir='ltr'><strong>vacatu-</strong></span> 
     </span>
    </p>
   </div>
   <div class='ocr_carea' id='block_1_89' title="bbox 2204 3498 3769 3566">
    <p class='ocr_par' dir='ltr' id='par_1_89' title="bbox 2204 3498 3769 3566">
     <span class='ocr_line' id='line_1_89' title="bbox 2204 3498 3769 3566; baseline 0.001 -15"><span class='ocrx_word' id='word_1_603' title='bbox 2204 3512 2315 3562; x_wconf 89' lang='lat' dir='ltr'><strong>rus,</strong></span> <span class='ocrx_word' id='word_1_604' title='bbox 2344 3500 2583 3562; x_wconf 89' lang='lat' dir='ltr'><strong>secessit,</strong></span> <span class='ocrx_word' id='word_1_605' title='bbox 2627 3513 2782 3566; x_wconf 89' lang='lat' dir='ltr'><strong>quem</strong></span> <span class='ocrx_word' id='word_1_606' title='bbox 2820 3499 2908 3550; x_wconf 90' lang='lat' dir='ltr'><strong>ubi</strong></span> <span class='ocrx_word' id='word_1_607' title='bbox 2942 3498 3186 3551; x_wconf 89' lang='lat' dir='ltr'><strong>triduano</strong></span> <span class='ocrx_word' id='word_1_608' title='bbox 3233 3498 3456 3564; x_wconf 88' lang='lat' dir='ltr'><strong>jejunio,</strong></span> <span class='ocrx_word' id='word_1_609' title='bbox 3505 3511 3558 3552; x_wconf 90' lang='lat' dir='ltr'><strong>et</strong></span> <span class='ocrx_word' id='word_1_610' title='bbox 3590 3499 3769 3552; x_wconf 86' lang='lat' dir='ltr'><strong>multis</strong></span> 
     </span>
    </p>
   </div>
   <div class='ocr_carea' id='block_1_90' title="bbox 2203 3567 3775 3635">
    <p class='ocr_par' dir='ltr' id='par_1_90' title="bbox 2203 3567 3775 3635">
     <span class='ocr_line' id='line_1_90' title="bbox 2203 3567 3775 3635; baseline -0.001 -14"><span class='ocrx_word' id='word_1_611' title='bbox 2203 3569 2534 3621; x_wconf 91' lang='lat' dir='ltr'><strong>orationibus</strong></span> <span class='ocrx_word' id='word_1_612' title='bbox 2563 3570 2916 3630; x_wconf 86' lang='lat' dir='ltr'><strong>consecravit,</strong></span> <span class='ocrx_word' id='word_1_613' title='bbox 2965 3568 3251 3621; x_wconf 82' lang='lat' dir='ltr'><strong>exstructis</strong></span> <span class='ocrx_word' id='word_1_614' title='bbox 3281 3567 3487 3620; x_wconf 89' lang='lat' dir='ltr'><strong>cellulis</strong></span> <span class='ocrx_word' id='word_1_615' title='bbox 3530 3578 3584 3622; x_wconf 88' lang='lat' dir='ltr'><strong>et</strong></span> <span class='ocrx_word' id='word_1_616' title='bbox 3610 3583 3775 3635; x_wconf 82' lang='lat' dir='ltr'><strong>parvo</strong></span> 
     </span>
    </p>
   </div>
   <div class='ocr_carea' id='block_1_91' title="bbox 2203 3637 3775 3705">
    <p class='ocr_par' dir='ltr' id='par_1_91' title="bbox 2203 3637 3775 3705">
     <span class='ocr_line' id='line_1_91' title="bbox 2203 3637 3775 3705; baseline 0.001 -16"><span class='ocrx_word' id='word_1_617' title='bbox 2203 3638 2440 3690; x_wconf 86' lang='lat' dir='ltr'><strong>oratorio</strong></span> <span class='ocrx_word' id='word_1_618' title='bbox 2467 3648 2520 3691; x_wconf 90' lang='lat' dir='ltr'><strong>et</strong></span> <span class='ocrx_word' id='word_1_619' title='bbox 2544 3639 2749 3690; x_wconf 88' lang='lat' dir='ltr'><strong>olerum</strong></span> <span class='ocrx_word' id='word_1_620' title='bbox 2788 3639 2941 3690; x_wconf 92' lang='lat' dir='ltr'><strong>horto</strong></span> <span class='ocrx_word' id='word_1_621' title='bbox 2967 3640 3219 3703; x_wconf 80' lang='lat' dir='ltr'><strong>excitato,</strong></span> <span class='ocrx_word' id='word_1_622' title='bbox 3251 3640 3412 3705; x_wconf 69' lang='lat' dir='ltr'><strong>coepit</strong></span> <span class='ocrx_word' id='word_1_623' title='bbox 3437 3638 3616 3691; x_wconf 87' lang='lat' dir='ltr'><strong>vivere</strong></span> <span class='ocrx_word' id='word_1_624' title='bbox 3649 3637 3775 3690; x_wconf 85' lang='lat' dir='ltr'><strong>fari-</strong></span> 
     </span>
    </p>
   </div>
   <div class='ocr_carea' id='block_1_92' title="bbox 2203 3705 3770 3775">
    <p class='ocr_par' dir='ltr' id='par_1_92' title="bbox 2203 3705 3770 3775">
     <span class='ocr_line' id='line_1_92' title="bbox 2203 3705 3770 3775; baseline -0.001 -15"><span class='ocrx_word' id='word_1_625' title='bbox 2203 3709 2344 3772; x_wconf 80' lang='lat' dir='ltr'><strong>nula,</strong></span> <span class='ocrx_word' id='word_1_626' title='bbox 2373 3708 2620 3775; x_wconf 87' lang='lat' dir='ltr'><strong>panibus,</strong></span> <span class='ocrx_word' id='word_1_627' title='bbox 2669 3709 2904 3760; x_wconf 81' lang='lat' dir='ltr'><strong>oleribus</strong></span> <span class='ocrx_word' id='word_1_628' title='bbox 2932 3716 2985 3760; x_wconf 92' lang='lat' dir='ltr'><strong>et</strong></span> <span class='ocrx_word' id='word_1_629' title='bbox 3017 3705 3300 3774; x_wconf 88' lang='lat' dir='ltr'><strong>pisciculis,</strong></span> <span class='ocrx_word' id='word_1_630' title='bbox 3352 3708 3402 3760; x_wconf 89' lang='lat' dir='ltr'><strong>in</strong></span> <span class='ocrx_word' id='word_1_631' title='bbox 3435 3723 3625 3775; x_wconf 84' lang='lat' dir='ltr'><strong>magna</strong></span> <span class='ocrx_word' id='word_1_632' title='bbox 3654 3709 3770 3774; x_wconf 86' lang='lat' dir='ltr'><strong>qui—</strong></span> 
     </span>
    </p>
   </div>
   <div class='ocr_carea' id='block_1_93' title="bbox 2205 3777 3772 3845">
    <p class='ocr_par' dir='ltr' id='par_1_93' title="bbox 2205 3777 3772 3845">
     <span class='ocr_line' id='line_1_93' title="bbox 2205 3777 3772 3845; baseline 0.001 -17"><span class='ocrx_word' id='word_1_633' title='bbox 2205 3778 2324 3829; x_wconf 90' lang='lat' dir='ltr'><strong>dem</strong></span> <span class='ocrx_word' id='word_1_634' title='bbox 2356 3786 2681 3844; x_wconf 84' lang='lat' dir='ltr'><strong>paupertate,</strong></span> <span class='ocrx_word' id='word_1_635' title='bbox 2716 3779 2808 3830; x_wconf 90' lang='lat' dir='ltr'><strong>sed</strong></span> <span class='ocrx_word' id='word_1_636' title='bbox 2837 3778 2997 3829; x_wconf 91' lang='lat' dir='ltr'><strong>multa</strong></span> <span class='ocrx_word' id='word_1_637' title='bbox 3029 3777 3280 3844; x_wconf 88' lang='lat' dir='ltr'><strong>patientia</strong></span> <span class='ocrx_word' id='word_1_638' title='bbox 3305 3819 3319 3839; x_wconf 93' lang='lat'><strong>,</strong></span> <span class='ocrx_word' id='word_1_639' title='bbox 3362 3789 3415 3830; x_wconf 89' lang='lat' dir='ltr'><strong>et</strong></span> <span class='ocrx_word' id='word_1_640' title='bbox 3441 3778 3662 3845; x_wconf 76' lang='lat' dir='ltr'><strong>Spiritus</strong></span> <span class='ocrx_word' id='word_1_641' title='bbox 3689 3793 3772 3842; x_wconf 85' lang='lat' dir='ltr'><strong>jn-</strong></span> 
     </span>
    </p>
   </div>
   <div class='ocr_carea' id='block_1_94' title="bbox 2202 3845 3772 3914">
    <p class='ocr_par' dir='ltr' id='par_1_94' title="bbox 2202 3845 3772 3914">
     <span class='ocr_line' id='line_1_94' title="bbox 2202 3845 3772 3914; baseline -0.002 -12"><span class='ocrx_word' id='word_1_642' title='bbox 2202 3848 2494 3910; x_wconf 82' lang='lat' dir='ltr'><strong>eunditate,</strong></span> <span class='ocrx_word' id='word_1_643' title='bbox 2541 3849 2592 3899; x_wconf 92' lang='lat' dir='ltr'><strong>in</strong></span> <span class='ocrx_word' id='word_1_644' title='bbox 2633 3845 2766 3914; x_wconf 76' lang='lat' dir='ltr'><strong>jugl—</strong></span> <span class='ocrx_word' id='word_1_645' title='bbox 2799 3848 3054 3900; x_wconf 86' lang='lat' dir='ltr'><strong>orationis</strong></span> <span class='ocrx_word' id='word_1_646' title='bbox 3076 3856 3132 3899; x_wconf 89' lang='lat' dir='ltr'><strong>el</strong></span> <span class='ocrx_word' id='word_1_647' title='bbox 3162 3847 3454 3913; x_wconf 79' lang='lat' dir='ltr'><strong>vigiliarum</strong></span> <span class='ocrx_word' id='word_1_648' title='bbox 3500 3848 3772 3908; x_wconf 85' lang='lat' dir='ltr'><strong>instantia,</strong></span> 
     </span>
    </p>
   </div>
   <div class='ocr_carea' id='block_1_95' title="bbox 2200 3916 3772 3986">
    <p class='ocr_par' dir='ltr' id='par_1_95' title="bbox 2200 3916 3772 3986">
     <span class='ocr_line' id='line_1_95' title="bbox 2200 3916 3772 3986; baseline -0.001 -16"><span class='ocrx_word' id='word_1_649' title='bbox 2200 3932 2393 3986; x_wconf 91' lang='lat' dir='ltr'><strong>corpus</strong></span> <span class='ocrx_word' id='word_1_650' title='bbox 2423 3917 2690 3985; x_wconf 85' lang='lat' dir='ltr'><strong>castigans</strong></span> <span class='ocrx_word' id='word_1_651' title='bbox 2735 3931 2838 3968; x_wconf 92' lang='lat' dir='ltr'><strong>non</strong></span> <span class='ocrx_word' id='word_1_652' title='bbox 2870 3916 3029 3969; x_wconf 86' lang='lat' dir='ltr'><strong>modo</strong></span> <span class='ocrx_word' id='word_1_653' title='bbox 3075 3916 3271 3979; x_wconf 85' lang='lat' dir='ltr'><strong>inedia,</strong></span> <span class='ocrx_word' id='word_1_654' title='bbox 3313 3926 3443 3966; x_wconf 70' lang='lat' dir='ltr'><strong>testu</strong></span> <span class='ocrx_word' id='word_1_655' title='bbox 3471 3925 3525 3967; x_wconf 89' lang='lat' dir='ltr'><strong>et</strong></span> <span class='ocrx_word' id='word_1_656' title='bbox 3557 3917 3772 3986; x_wconf 75' lang='lat' dir='ltr'><strong>frigore,</strong></span> 
     </span>
    </p>
   </div>
   <div class='ocr_carea' id='block_1_96' title="bbox 2201 3985 3770 4052">
    <p class='ocr_par' dir='ltr' id='par_1_96' title="bbox 2201 3985 3770 4052">
     <span class='ocr_line' id='line_1_96' title="bbox 2201 3985 3770 4052; baseline -0.001 -13"><span class='ocrx_word' id='word_1_657' title='bbox 2201 3985 2377 4041; x_wconf 82' lang='lat' dir='ltr'><strong>sedet</strong></span> <span class='ocrx_word' id='word_1_658' title='bbox 2398 3987 2572 4041; x_wconf 86' lang='lat' dir='ltr'><strong>cilicio</strong></span> <span class='ocrx_word' id='word_1_659' title='bbox 2597 3997 2650 4039; x_wconf 92' lang='lat' dir='ltr'><strong>et</strong></span> <span class='ocrx_word' id='word_1_660' title='bbox 2675 3987 2832 4038; x_wconf 84' lang='lat' dir='ltr'><strong>ferro.</strong></span> <span class='ocrx_word' id='word_1_661' title='bbox 2867 3985 3224 4038; x_wconf 84' lang='lat' dir='ltr'><strong>Ambitionetn</strong></span> <span class='ocrx_word' id='word_1_662' title='bbox 3253 3995 3305 4038; x_wconf 84' lang='lat' dir='ltr'><strong>et</strong></span> <span class='ocrx_word' id='word_1_663' title='bbox 3332 3999 3517 4036; x_wconf 89' lang='lat' dir='ltr'><strong>vanam</strong></span> <span class='ocrx_word' id='word_1_664' title='bbox 3545 3985 3770 4052; x_wconf 80' lang='lat' dir='ltr'><strong>gloriam</strong></span> 
     </span>
    </p>
   </div>
   <div class='ocr_carea' id='block_1_97' title="bbox 2201 4055 3770 4121">
    <p class='ocr_par' dir='ltr' id='par_1_97' title="bbox 2201 4055 3770 4121">
     <span class='ocr_line' id='line_1_97' title="bbox 2201 4055 3770 4121; baseline -0.001 -12"><span class='ocrx_word' id='word_1_665' title='bbox 2201 4059 2334 4111; x_wconf 88' lang='lat' dir='ltr'><strong>adeo</strong></span> <span class='ocrx_word' id='word_1_666' title='bbox 2362 4067 2520 4110; x_wconf 86' lang='lat' dir='ltr'><strong>caute</strong></span> <span class='ocrx_word' id='word_1_667' title='bbox 2561 4055 2834 4108; x_wconf 86' lang='lat' dir='ltr'><strong>declinans</strong></span> <span class='ocrx_word' id='word_1_668' title='bbox 2861 4065 2912 4107; x_wconf 91' lang='lat' dir='ltr'><strong>et</strong></span> <span class='ocrx_word' id='word_1_669' title='bbox 2944 4056 3168 4121; x_wconf 81' lang='lat' dir='ltr'><strong>fugiens,</strong></span> <span class='ocrx_word' id='word_1_670' title='bbox 3204 4063 3261 4106; x_wconf 91' lang='lat' dir='ltr'><strong>ut</strong></span> <span class='ocrx_word' id='word_1_671' title='bbox 3288 4068 3454 4121; x_wconf 90' lang='lat' dir='ltr'><strong>usque</strong></span> <span class='ocrx_word' id='word_1_672' title='bbox 3481 4055 3544 4105; x_wconf 89' lang='lat' dir='ltr'><strong>ad</strong></span> <span class='ocrx_word' id='word_1_673' title='bbox 3569 4055 3770 4108; x_wconf 90' lang='lat' dir='ltr'><strong>obitum</strong></span> 
     </span>
    </p>
   </div>
   <div class='ocr_carea' id='block_1_98' title="bbox 2201 4124 3774 4195">
    <p class='ocr_par' dir='ltr' id='par_1_98' title="bbox 2201 4124 3774 4195">
     <span class='ocr_line' id='line_1_98' title="bbox 2201 4124 3774 4195; baseline -0.002 -16"><span class='ocrx_word' id='word_1_674' title='bbox 2201 4127 2318 4195; x_wconf 86' lang='lat' dir='ltr'><strong>ejus</strong></span> <span class='ocrx_word' id='word_1_675' title='bbox 2350 4127 2531 4180; x_wconf 87' lang='lat' dir='ltr'><strong>nullus</strong></span> <span class='ocrx_word' id='word_1_676' title='bbox 2560 4127 2934 4193; x_wconf 90' lang='lat' dir='ltr'><strong>discipulorum</strong></span> <span class='ocrx_word' id='word_1_677' title='bbox 2966 4125 3032 4176; x_wconf 90' lang='lat' dir='ltr'><strong>de</strong></span> <span class='ocrx_word' id='word_1_678' title='bbox 3056 4124 3229 4176; x_wconf 85' lang='lat' dir='ltr'><strong>cilicio</strong></span> <span class='ocrx_word' id='word_1_679' title='bbox 3259 4127 3310 4176; x_wconf 89' lang='lat' dir='ltr'><strong>et</strong></span> <span class='ocrx_word' id='word_1_680' title='bbox 3341 4133 3550 4187; x_wconf 86' lang='lat' dir='ltr'><strong>catena,</strong></span> <span class='ocrx_word' id='word_1_681' title='bbox 3582 4126 3774 4192; x_wconf 87' lang='lat' dir='ltr'><strong>quibus</strong></span> 
     </span>
    </p>
   </div>
   <div class='ocr_carea' id='block_1_99' title="bbox 2199 4195 3773 4264">
    <p class='ocr_par' dir='ltr' id='par_1_99' title="bbox 2199 4195 3773 4264">
     <span class='ocr_line' id='line_1_99' title="bbox 2199 4195 3773 4264; baseline -0.002 -14"><span class='ocrx_word' id='word_1_682' title='bbox 2199 4211 2257 4250; x_wconf 87' lang='lat' dir='ltr'><strong>se</strong></span> <span class='ocrx_word' id='word_1_683' title='bbox 2281 4196 2549 4264; x_wconf 71' lang='lat' dir='ltr'><strong>affligebat</strong></span> <span class='ocrx_word' id='word_1_684' title='bbox 2587 4196 2747 4248; x_wconf 89' lang='lat' dir='ltr'><strong>etiam</strong></span> <span class='ocrx_word' id='word_1_685' title='bbox 2779 4208 2943 4264; x_wconf 82' lang='lat' dir='ltr'><strong>usque</strong></span> <span class='ocrx_word' id='word_1_686' title='bbox 2973 4197 3035 4245; x_wconf 86' lang='lat' dir='ltr'><strong>ad</strong></span> <span class='ocrx_word' id='word_1_687' title='bbox 3065 4195 3398 4261; x_wconf 87' lang='lat' dir='ltr'><strong>sanguinem,</strong></span> <span class='ocrx_word' id='word_1_688' title='bbox 3449 4195 3646 4261; x_wconf 92' lang='lat' dir='ltr'><strong>aliquid</strong></span> <span class='ocrx_word' id='word_1_689' title='bbox 3684 4209 3773 4247; x_wconf 81' lang='lat' dir='ltr'><strong>co-</strong></span> 
     </span>
    </p>
   </div>
   <div class='ocr_carea' id='block_1_100' title="bbox 2198 4262 3770 4335">
    <p class='ocr_par' dir='ltr' id='par_1_100' title="bbox 2198 4262 3770 4335">
     <span class='ocr_line' id='line_1_100' title="bbox 2198 4262 3770 4335; baseline -0.002 -17"><span class='ocrx_word' id='word_1_690' title='bbox 2198 4262 2499 4335; x_wconf 77' lang='lat' dir='ltr'><strong>gnosceret.</strong></span> <span class='ocrx_word' id='word_1_691' title='bbox 2529 4264 2785 4319; x_wconf 79' lang='lat' dir='ltr'><strong>Servabat</strong></span> <span class='ocrx_word' id='word_1_692' title='bbox 2811 4262 2951 4335; x_wconf 86' lang='lat' dir='ltr'><strong>enim</strong></span> <span class='ocrx_word' id='word_1_693' title='bbox 2981 4278 3054 4335; x_wconf 16' lang='lat' dir='ltr'><strong>ea»</strong></span> <span class='ocrx_word' id='word_1_694' title='bbox 3074 4264 3124 4315; x_wconf 91' lang='lat' dir='ltr'><strong>in</strong></span> <span class='ocrx_word' id='word_1_695' title='bbox 3145 4265 3379 4335; x_wconf 79' lang='lat' dir='ltr'><strong>capsella</strong></span> <span class='ocrx_word' id='word_1_696' title='bbox 3410 4279 3476 4335; x_wconf 79' lang='lat' dir='ltr'><strong>ex</strong></span> <span class='ocrx_word' id='word_1_697' title='bbox 3514 4267 3661 4316; x_wconf 89' lang='lat' dir='ltr'><strong>corio</strong></span> <span class='ocrx_word' id='word_1_698' title='bbox 3690 4264 3770 4316; x_wconf 89' lang='lat' dir='ltr'><strong>fa-</strong></span> 
     </span>
    </p>
   </div>
   <div class='ocr_carea' id='block_1_101' title="bbox 2198 4333 3770 4403">
    <p class='ocr_par' dir='ltr' id='par_1_101' title="bbox 2198 4333 3770 4403">
     <span class='ocr_line' id='line_1_101' title="bbox 2198 4333 3770 4403; baseline -0.002 -16"><span class='ocrx_word' id='word_1_699' title='bbox 2198 4333 2305 4398; x_wconf 86' lang='lat' dir='ltr'><strong>cta,</strong></span> <span class='ocrx_word' id='word_1_700' title='bbox 2339 4350 2498 4403; x_wconf 89' lang='lat' dir='ltr'><strong>quam</strong></span> <span class='ocrx_word' id='word_1_701' title='bbox 2529 4348 2852 4402; x_wconf 90' lang='lat' dir='ltr'><strong>quocunque</strong></span> <span class='ocrx_word' id='word_1_702' title='bbox 2880 4333 2996 4394; x_wconf 89' lang='lat' dir='ltr'><strong>iret,</strong></span> <span class='ocrx_word' id='word_1_703' title='bbox 3045 4333 3097 4385; x_wconf 89' lang='lat' dir='ltr'><strong>in</strong></span> <span class='ocrx_word' id='word_1_704' title='bbox 3143 4333 3366 4403; x_wconf 89' lang='lat' dir='ltr'><strong>liumeio</strong></span> <span class='ocrx_word' id='word_1_705' title='bbox 3409 4333 3628 4397; x_wconf 86' lang='lat' dir='ltr'><strong>ferebat,</strong></span> <span class='ocrx_word' id='word_1_706' title='bbox 3661 4336 3770 4386; x_wconf 82' lang='lat' dir='ltr'><strong>cla-</strong></span> 
     </span>
    </p>
   </div>
   <div class='ocr_carea' id='block_1_102' title="bbox 2201 4402 3772 4470">
    <p class='ocr_par' dir='ltr' id='par_1_102' title="bbox 2201 4402 3772 4470">
     <span class='ocr_line' id='line_1_102' title="bbox 2201 4402 3772 4470; baseline 0 -16"><span class='ocrx_word' id='word_1_707' title='bbox 2201 4421 2322 4458; x_wconf 87' lang='lat' dir='ltr'><strong>vein</strong></span> <span class='ocrx_word' id='word_1_708' title='bbox 2360 4402 2438 4456; x_wconf 75' lang='lat' dir='ltr'><strong>ad</strong></span> <span class='ocrx_word' id='word_1_709' title='bbox 2489 4419 2675 4456; x_wconf 77' lang='lat' dir='ltr'><strong>zonam</strong></span> <span class='ocrx_word' id='word_1_710' title='bbox 2723 4417 2874 4454; x_wconf 89' lang='lat' dir='ltr'><strong>suam</strong></span> <span class='ocrx_word' id='word_1_711' title='bbox 2921 4402 3272 4470; x_wconf 81' lang='lat' dir='ltr'><strong>suspendens.</strong></span> <span class='ocrx_word' id='word_1_712' title='bbox 3328 4404 3528 4456; x_wconf 87' lang='lat' dir='ltr'><strong>Auctor</strong></span> <span class='ocrx_word' id='word_1_713' title='bbox 3575 4407 3772 4469; x_wconf 91' lang='lat' dir='ltr'><strong>primus</strong></span> 
     </span>
    </p>
   </div>
   <div class='ocr_carea' id='block_1_103' title="bbox 546 4469 3771 4541">
    <p class='ocr_par' dir='ltr' id='par_1_103' title="bbox 546 4469 3771 4541">
     <span class='ocr_line' id='line_1_103' title="bbox 546 4469 3771 4541; baseline -0.001 -13"><span class='ocrx_word' id='word_1_714' title='bbox 546 4469 613 4528; x_wconf 70' lang='lat' dir='ltr'><strong>cii</strong></span> <span class='ocrx_word' id='word_1_715' title='bbox 649 4475 930 4529; x_wconf 83' lang='lat' dir='ltr'><strong>Gallicum</strong></span> <span class='ocrx_word' id='word_1_716' title='bbox 964 4470 1236 4538; x_wconf 80' lang='lat' dir='ltr'><strong>languidus</strong></span> <span class='ocrx_word' id='word_1_717' title='bbox 1268 4469 1386 4532; x_wconf 88' lang='lat' dir='ltr'><strong>iret,</strong></span> <span class='ocrx_word' id='word_1_718' title='bbox 1428 4483 1523 4523; x_wconf 86' lang='lat' dir='ltr'><strong>nec</strong></span> <span class='ocrx_word' id='word_1_719' title='bbox 1555 4481 1725 4524; x_wconf 88' lang='lat' dir='ltr'><strong>tamen</strong></span> <span class='ocrx_word' id='word_1_720' title='bbox 1768 4475 1960 4526; x_wconf 88' lang='lat' dir='ltr'><strong>docere</strong></span> <span class='ocrx_word' id='word_1_721' title='bbox 1999 4477 2095 4527; x_wconf 90' lang='lat' dir='ltr'><strong>de-</strong></span> <span class='ocrx_word' id='word_1_722' title='bbox 2132 4481 2181 4541; x_wconf 84' lang='lat' dir='ltr'><strong>D</strong></span> <span class='ocrx_word' id='word_1_723' title='bbox 2209 4475 2337 4528; x_wconf 73' lang='lat' dir='ltr'><strong>Vita:</strong></span> <span class='ocrx_word' id='word_1_724' title='bbox 2365 4474 2502 4541; x_wconf 86' lang='lat' dir='ltr'><strong>ejus,</strong></span> <span class='ocrx_word' id='word_1_725' title='bbox 2542 4473 2631 4540; x_wconf 91' lang='lat' dir='ltr'><strong>qui</strong></span> <span class='ocrx_word' id='word_1_726' title='bbox 2659 4469 3095 4538; x_wconf 31' lang='lat' dir='ltr'><strong>scripsiteam’ex</strong></span> <span class='ocrx_word' id='word_1_727' title='bbox 3133 4486 3227 4525; x_wconf 89' lang='lat' dir='ltr'><strong>ore</strong></span> <span class='ocrx_word' id='word_1_728' title='bbox 3268 4485 3572 4526; x_wconf 88' lang='lat' dir='ltr'><strong>sanctorum</strong></span> <span class='ocrx_word' id='word_1_729' title='bbox 3599 4474 3771 4540; x_wconf 77' lang='lat' dir='ltr'><strong>Magni</strong></span> 
     </span>
    </p>
   </div>
   <div class='ocr_carea' id='block_1_104' title="bbox 549 4541 2097 4606">
    <p class='ocr_par' dir='ltr' id='par_1_104' title="bbox 549 4541 2097 4606">
     <span class='ocr_line' id='line_1_104' title="bbox 549 4541 2097 4606; baseline 0 -9"><span class='ocrx_word' id='word_1_730' title='bbox 549 4549 765 4602; x_wconf 84' lang='lat' dir='ltr'><strong>sineret,</strong></span> <span class='ocrx_word' id='word_1_731' title='bbox 802 4559 865 4594; x_wconf 64' lang='lat' dir='ltr'><strong>si.</strong></span> <span class='ocrx_word' id='word_1_732' title='bbox 898 4541 1167 4605; x_wconf 85' lang='lat' dir='ltr'><strong>discipulis</strong></span> <span class='ocrx_word' id='word_1_733' title='bbox 1196 4543 1458 4606; x_wconf 87' lang='lat' dir='ltr'><strong>quondam</strong></span> <span class='ocrx_word' id='word_1_734' title='bbox 1491 4542 1601 4593; x_wconf 89' lang='lat' dir='ltr'><strong>suis</strong></span> <span class='ocrx_word' id='word_1_735' title='bbox 1629 4542 1922 4606; x_wconf 82' lang='lat' dir='ltr'><strong>canonicis,</strong></span> <span class='ocrx_word' id='word_1_736' title='bbox 1971 4551 2097 4597; x_wconf 91' lang='lat' dir='ltr'><strong>tunc</strong></span> 
     </span>
    </p>
   </div>
   <div class='ocr_carea' id='block_1_105' title="bbox 547 4610 2097 4681">
    <p class='ocr_par' dir='ltr' id='par_1_105' title="bbox 547 4610 2097 4681">
     <span class='ocr_line' id='line_1_105' title="bbox 547 4610 2097 4681; baseline 0 -15"><span class='ocrx_word' id='word_1_737' title='bbox 547 4615 758 4681; x_wconf 83' lang='lat' dir='ltr'><strong>quidem</strong></span> <span class='ocrx_word' id='word_1_738' title='bbox 792 4612 1135 4678; x_wconf 79' lang='lat' dir='ltr'><strong>presbyteris,</strong></span> <span class='ocrx_word' id='word_1_739' title='bbox 1186 4610 1301 4661; x_wconf 88' lang='lat' dir='ltr'><strong>loco</strong></span> <span class='ocrx_word' id='word_1_740' title='bbox 1331 4619 1545 4676; x_wconf 77' lang='lat' dir='ltr'><strong>prtipter</strong></span> <span class='ocrx_word' id='word_1_741' title='bbox 1593 4613 1780 4664; x_wconf 84' lang='lat' dir='ltr'><strong>festum</strong></span> <span class='ocrx_word' id='word_1_742' title='bbox 1811 4614 2097 4666; x_wconf 87' lang='lat' dir='ltr'><strong>advenien-</strong></span> 
     </span>
    </p>
   </div>
   <div class='ocr_carea' id='block_1_106' title="bbox 550 4681 2097 4749">
    <p class='ocr_par' dir='ltr' id='par_1_106' title="bbox 550 4681 2097 4749">
     <span class='ocr_line' id='line_1_106' title="bbox 550 4681 2097 4749; baseline 0 -14"><span class='ocrx_word' id='word_1_743' title='bbox 550 4693 725 4747; x_wconf 80' lang='lat' dir='ltr'><strong>tibus,</strong></span> <span class='ocrx_word' id='word_1_744' title='bbox 774 4685 1001 4734; x_wconf 84' lang='lat' dir='ltr'><strong>aniinaiii</strong></span> <span class='ocrx_word' id='word_1_745' title='bbox 1049 4695 1196 4731; x_wconf 87' lang='lat' dir='ltr'><strong>suam</strong></span> <span class='ocrx_word' id='word_1_746' title='bbox 1244 4681 1462 4746; x_wconf 79' lang='lat' dir='ltr'><strong>singulis</strong></span> <span class='ocrx_word' id='word_1_747' title='bbox 1505 4683 1771 4734; x_wconf 89' lang='lat' dir='ltr'><strong>commisit</strong></span> <span class='ocrx_word' id='word_1_748' title='bbox 1814 4700 1825 4733; x_wconf 88' lang='lat'>:</span> <span class='ocrx_word' id='word_1_749' title='bbox 1873 4696 2097 4749; x_wconf 89' lang='lat' dir='ltr'><strong>quorum</strong></span> 
     </span>
    </p>
   </div>
   <div class='ocr_carea' id='block_1_107' title="bbox 549 4749 2102 4820">
    <p class='ocr_par' dir='ltr' id='par_1_107' title="bbox 549 4749 2102 4820">
     <span class='ocr_line' id='line_1_107' title="bbox 549 4749 2102 4820; baseline 0.001 -15"><span class='ocrx_word' id='word_1_750' title='bbox 549 4757 773 4820; x_wconf 87' lang='lat' dir='ltr'><strong>quisque</strong></span> <span class='ocrx_word' id='word_1_751' title='bbox 798 4754 1008 4817; x_wconf 83' lang='lat' dir='ltr'><strong>triginta</strong></span> <span class='ocrx_word' id='word_1_752' title='bbox 1037 4749 1224 4801; x_wconf 89' lang='lat' dir='ltr'><strong>missas</strong></span> <span class='ocrx_word' id='word_1_753' title='bbox 1250 4751 1461 4820; x_wconf 86' lang='lat' dir='ltr'><strong>obituro</strong></span> <span class='ocrx_word' id='word_1_754' title='bbox 1497 4752 1756 4818; x_wconf 87' lang='lat' dir='ltr'><strong>promisit.</strong></span> <span class='ocrx_word' id='word_1_755' title='bbox 1790 4751 1982 4818; x_wconf 85' lang='lat' dir='ltr'><strong>Sicque</strong></span> <span class='ocrx_word' id='word_1_756' title='bbox 2011 4752 2102 4807; x_wconf 89' lang='lat' dir='ltr'><strong>ille</strong></span> 
     </span>
    </p>
   </div>
   <div class='ocr_carea' id='block_1_108' title="bbox 553 4819 2098 4888">
    <p class='ocr_par' dir='ltr' id='par_1_108' title="bbox 553 4819 2098 4888">
     <span class='ocr_line' id='line_1_108' title="bbox 553 4819 2098 4888; baseline -0.001 -13"><span class='ocrx_word' id='word_1_757' title='bbox 553 4819 854 4875; x_wconf 62' lang='lat' dir='ltr'><strong>lic-tissimus</strong></span> <span class='ocrx_word' id='word_1_758' title='bbox 895 4820 1057 4872; x_wconf 87' lang='lat' dir='ltr'><strong>Deum</strong></span> <span class='ocrx_word' id='word_1_759' title='bbox 1089 4831 1142 4870; x_wconf 91' lang='lat' dir='ltr'><strong>ut</strong></span> <span class='ocrx_word' id='word_1_760' title='bbox 1168 4833 1226 4872; x_wconf 90' lang='lat' dir='ltr'><strong>se</strong></span> <span class='ocrx_word' id='word_1_761' title='bbox 1253 4819 1450 4871; x_wconf 87' lang='lat' dir='ltr'><strong>diutius</strong></span> <span class='ocrx_word' id='word_1_762' title='bbox 1498 4822 1684 4873; x_wconf 88' lang='lat' dir='ltr'><strong>tnorbo</strong></span> <span class='ocrx_word' id='word_1_763' title='bbox 1713 4830 1965 4888; x_wconf 86' lang='lat' dir='ltr'><strong>coqueret</strong></span> <span class='ocrx_word' id='word_1_764' title='bbox 2013 4835 2098 4873; x_wconf 91' lang='lat' dir='ltr'><strong>ro-</strong></span> 
     </span>
    </p>
   </div>
   <div class='ocr_carea' id='block_1_109' title="bbox 545 4888 2100 4961">
    <p class='ocr_par' dir='ltr' id='par_1_109' title="bbox 545 4888 2100 4961">
     <span class='ocr_line' id='line_1_109' title="bbox 545 4888 2100 4961; baseline 0.001 -18"><span class='ocrx_word' id='word_1_765' title='bbox 545 4909 698 4961; x_wconf 76' lang='lat' dir='ltr'><strong>ganS,</strong></span> <span class='ocrx_word' id='word_1_766' title='bbox 733 4893 879 4958; x_wconf 88' lang='lat' dir='ltr'><strong>panis</strong></span> <span class='ocrx_word' id='word_1_767' title='bbox 909 4890 1102 4942; x_wconf 89' lang='lat' dir='ltr'><strong>nitidus</strong></span> <span class='ocrx_word' id='word_1_768' title='bbox 1127 4888 1314 4961; x_wconf 80' lang='lat' dir='ltr'><strong>factus,</strong></span> <span class='ocrx_word' id='word_1_769' title='bbox 1350 4892 1485 4942; x_wconf 91' lang='lat' dir='ltr'><strong>inter</strong></span> <span class='ocrx_word' id='word_1_770' title='bbox 1506 4891 1879 4961; x_wconf 84' lang='lat' dir='ltr'><strong>discipulorum</strong></span> <span class='ocrx_word' id='word_1_771' title='bbox 1913 4906 2100 4946; x_wconf 86' lang='lat' dir='ltr'><strong>manus</strong></span> 
     </span>
    </p>
   </div>
   <div class='ocr_carea' id='block_1_110' title="bbox 551 4959 2100 5030">
    <p class='ocr_par' dir='ltr' id='par_1_110' title="bbox 551 4959 2100 5030">
     <span class='ocr_line' id='line_1_110' title="bbox 551 4959 2100 5030; baseline 0.001 -17"><span class='ocrx_word' id='word_1_772' title='bbox 551 4959 598 5015; x_wconf 78' lang='lat' dir='ltr'><strong>in</strong></span> <span class='ocrx_word' id='word_1_773' title='bbox 634 4963 951 5030; x_wconf 69' lang='grc' dir='ltr'>ρι-τςιόιδιιιη,</span> <span class='ocrx_word' id='word_1_774' title='bbox 1002 4968 1058 5011; x_wconf 89' lang='grc' dir='ltr'><strong>ιιι</strong></span> <span class='ocrx_word' id='word_1_775' title='bbox 1099 4959 1387 5030; x_wconf 82' lang='lat' dir='ltr'><strong>credimus,</strong></span> <span class='ocrx_word' id='word_1_776' title='bbox 1439 4960 1666 5023; x_wconf 88' lang='lat' dir='ltr'><strong>transiit,</strong></span> <span class='ocrx_word' id='word_1_777' title='bbox 1714 4973 1872 5021; x_wconf 88' lang='lat' dir='ltr'><strong>anno,</strong></span> <span class='ocrx_word' id='word_1_778' title='bbox 1921 4970 1976 5013; x_wconf 92' lang='lat' dir='ltr'><strong>ut</strong></span> <span class='ocrx_word' id='word_1_779' title='bbox 2001 4976 2100 5029; x_wconf 86' lang='lat' dir='ltr'><strong>ego</strong></span> 
     </span>
    </p>
   </div>
   <div class='ocr_carea' id='block_1_111' title="bbox 546 5029 2095 5100">
    <p class='ocr_par' dir='ltr' id='par_1_111' title="bbox 546 5029 2095 5100">
     <span class='ocr_line' id='line_1_111' title="bbox 546 5029 2095 5100; baseline 0 -16"><span class='ocrx_word' id='word_1_780' title='bbox 546 5029 796 5100; x_wconf 84' lang='lat' dir='ltr'><strong>conjicio,</strong></span> <span class='ocrx_word' id='word_1_781' title='bbox 828 5030 931 5083; x_wconf 74' lang='lat'><strong>885</strong></span> <span class='ocrx_word' id='word_1_782' title='bbox 957 5046 969 5090; x_wconf 92' lang='lat'>;</span> <span class='ocrx_word' id='word_1_783' title='bbox 1005 5046 1066 5081; x_wconf 88' lang='lat' dir='ltr'><strong>co</strong></span> <span class='ocrx_word' id='word_1_784' title='bbox 1092 5029 1232 5082; x_wconf 90' lang='lat' dir='ltr'><strong>enim</strong></span> <span class='ocrx_word' id='word_1_785' title='bbox 1265 5044 1430 5100; x_wconf 75' lang='lat' dir='ltr'><strong>usque</strong></span> <span class='ocrx_word' id='word_1_786' title='bbox 1456 5031 1686 5096; x_wconf 86' lang='lat' dir='ltr'><strong>scripsit,</strong></span> <span class='ocrx_word' id='word_1_787' title='bbox 1723 5044 1815 5096; x_wconf 86' lang='lat' dir='ltr'><strong>pio</strong></span> <span class='ocrx_word' id='word_1_788' title='bbox 1841 5045 1943 5096; x_wconf 91' lang='lat' dir='ltr'><strong>quo</strong></span> <span class='ocrx_word' id='word_1_789' title='bbox 1969 5031 2095 5084; x_wconf 82' lang='lat' dir='ltr'><strong>Not-</strong></span> 
     </span>
    </p>
   </div>
   <div class='ocr_carea' id='block_1_112' title="bbox 548 5099 2100 5167">
    <p class='ocr_par' dir='ltr' id='par_1_112' title="bbox 548 5099 2100 5167">
     <span class='ocr_line' id='line_1_112' title="bbox 548 5099 2100 5167; baseline -0.001 -13"><span class='ocrx_word' id='word_1_790' title='bbox 548 5099 726 5165; x_wconf 82' lang='lat' dir='ltr'><strong>kerus,</strong></span> <span class='ocrx_word' id='word_1_791' title='bbox 752 5103 835 5154; x_wconf 89' lang='lat' dir='ltr'><strong>cui</strong></span> <span class='ocrx_word' id='word_1_792' title='bbox 867 5110 1117 5167; x_wconf 88' lang='lat' dir='ltr'><strong>cognatus</strong></span> <span class='ocrx_word' id='word_1_793' title='bbox 1156 5100 1270 5163; x_wconf 88' lang='lat' dir='ltr'><strong>fuit,</strong></span> <span class='ocrx_word' id='word_1_794' title='bbox 1303 5113 1354 5152; x_wconf 90' lang='lat' dir='ltr'><strong>et</strong></span> <span class='ocrx_word' id='word_1_795' title='bbox 1386 5099 1595 5163; x_wconf 86' lang='lat' dir='ltr'><strong>Tulelo,</strong></span> <span class='ocrx_word' id='word_1_796' title='bbox 1628 5101 1742 5167; x_wconf 89' lang='lat' dir='ltr'><strong>plus</strong></span> <span class='ocrx_word' id='word_1_797' title='bbox 1773 5101 1885 5152; x_wconf 91' lang='lat' dir='ltr'><strong>aliis</strong></span> <span class='ocrx_word' id='word_1_798' title='bbox 1911 5102 2100 5153; x_wconf 86' lang='lat' dir='ltr'><strong>doleti-</strong></span> 
     </span>
    </p>
   </div>
   <div class='ocr_carea' id='block_1_113' title="bbox 549 5169 2102 5236">
    <p class='ocr_par' dir='ltr' id='par_1_113' title="bbox 549 5169 2102 5236">
     <span class='ocr_line' id='line_1_113' title="bbox 549 5169 2102 5236; baseline 0 -13"><span class='ocrx_word' id='word_1_799' title='bbox 549 5183 648 5236; x_wconf 74' lang='lat' dir='ltr'><strong>tes,</strong></span> <span class='ocrx_word' id='word_1_800' title='bbox 708 5172 872 5228; x_wconf 75' lang='lat' dir='ltr'><strong>multa</strong></span> <span class='ocrx_word' id='word_1_801' title='bbox 927 5173 1179 5224; x_wconf 75' lang='lat' dir='ltr'><strong>feet-runt.</strong></span> <span class='ocrx_word' id='word_1_802' title='bbox 1240 5169 1605 5223; x_wconf 68' lang='lat' dir='ltr'><strong>tickerhardus</strong></span> <span class='ocrx_word' id='word_1_803' title='bbox 1635 5171 1933 5236; x_wconf 87' lang='lat' dir='ltr'><strong>utrobique,</strong></span> <span class='ocrx_word' id='word_1_804' title='bbox 1971 5171 2102 5223; x_wconf 83' lang='lat' dir='ltr'><strong>Bru-</strong></span> 
     </span>
    </p>
   </div>
   <div class='ocr_carea' id='block_1_114' title="bbox 547 5239 2098 5310">
    <p class='ocr_par' dir='ltr' id='par_1_114' title="bbox 547 5239 2098 5310">
     <span class='ocr_line' id='line_1_114' title="bbox 547 5239 2098 5310; baseline -0.001 -14"><span class='ocrx_word' id='word_1_805' title='bbox 547 5244 747 5306; x_wconf 75' lang='lat' dir='ltr'><strong>sehius,</strong></span> <span class='ocrx_word' id='word_1_806' title='bbox 777 5240 1308 5310; x_wconf 24' lang='lat' dir='ltr'><strong>Stuniphiusgﬂune</strong></span> <span class='ocrx_word' id='word_1_807' title='bbox 1350 5241 1637 5304; x_wconf 75' lang='lat' dir='ltr'><strong>ltapertuin</strong></span> <span class='ocrx_word' id='word_1_808' title='bbox 1690 5239 2098 5310; x_wconf 75' lang='lat' dir='ltr'><strong>&#39;fliuregiensem</strong></span> 
     </span>
    </p>
   </div>
   <div class='ocr_carea' id='block_1_115' title="bbox 547 5307 2103 5380">
    <p class='ocr_par' dir='ltr' id='par_1_115' title="bbox 547 5307 2103 5380">
     <span class='ocr_line' id='line_1_115' title="bbox 547 5307 2103 5380; baseline 0 -17"><span class='ocrx_word' id='word_1_809' title='bbox 547 5315 815 5380; x_wconf 87' lang='lat' dir='ltr'><strong>appellant</strong></span> <span class='ocrx_word' id='word_1_810' title='bbox 843 5307 1073 5379; x_wconf 78' lang='lat' dir='ltr'><strong>quidam.</strong></span> <span class='ocrx_word' id='word_1_811' title='bbox 1111 5307 1226 5380; x_wconf 79' lang='lat' dir='ltr'><strong>Fuit</strong></span> <span class='ocrx_word' id='word_1_812' title='bbox 1253 5311 1388 5362; x_wconf 85' lang='lat' dir='ltr'><strong>alius</strong></span> <span class='ocrx_word' id='word_1_813' title='bbox 1422 5310 1674 5380; x_wconf 11' lang='lat' dir='ltr'><strong>itein‘hic</strong></span> <span class='ocrx_word' id='word_1_814' title='bbox 1720 5308 1980 5376; x_wconf 73' lang='lat' dir='ltr'><strong>llapertus</strong></span> <span class='ocrx_word' id='word_1_815' title='bbox 2011 5327 2103 5363; x_wconf 92' lang='lat' dir='ltr'><strong>ue-</strong></span> 
     </span>
    </p>
   </div>
   <div class='ocr_carea' id='block_1_116' title="bbox 551 5378 2103 5449">
    <p class='ocr_par' dir='ltr' id='par_1_116' title="bbox 551 5378 2103 5449">
     <span class='ocr_line' id='line_1_116' title="bbox 551 5378 2103 5449; baseline 0.003 -18"><span class='ocrx_word' id='word_1_816' title='bbox 551 5378 642 5448; x_wconf 78' lang='lat' dir='ltr'><strong>pos</strong></span> <span class='ocrx_word' id='word_1_817' title='bbox 675 5378 1051 5448; x_wconf 89' lang='lat' dir='ltr'><strong>hujus,saucti</strong></span> <span class='ocrx_word' id='word_1_818' title='bbox 1101 5379 1311 5432; x_wconf 54' lang='lat' dir='ltr'><strong>botkeri</strong></span> <span class='ocrx_word' id='word_1_819' title='bbox 1351 5378 1664 5444; x_wconf 88' lang='lat' dir='ltr'><strong>discipulus,</strong></span> <span class='ocrx_word' id='word_1_820' title='bbox 1721 5391 1771 5431; x_wconf 90' lang='lat' dir='ltr'><strong>et</strong></span> <span class='ocrx_word' id='word_1_821' title='bbox 1814 5382 1864 5432; x_wconf 90' lang='lat' dir='ltr'><strong>in</strong></span> <span class='ocrx_word' id='word_1_822' title='bbox 1894 5382 2103 5449; x_wconf 78' lang='lat' dir='ltr'><strong>dialogo</strong></span> 
     </span>
    </p>
   </div>
   <div class='ocr_carea' id='block_1_117' title="bbox 545 5449 2106 5518">
    <p class='ocr_par' dir='ltr' id='par_1_117' title="bbox 545 5449 2106 5518">
     <span class='ocr_line' id='line_1_117' title="bbox 545 5449 2106 5518; baseline 0 -14"><span class='ocrx_word' id='word_1_823' title='bbox 545 5455 612 5506; x_wconf 90' lang='lat' dir='ltr'><strong>de</strong></span> <span class='ocrx_word' id='word_1_824' title='bbox 645 5452 760 5505; x_wconf 85' lang='lat' dir='ltr'><strong>Vita</strong></span> <span class='ocrx_word' id='word_1_825' title='bbox 790 5451 958 5504; x_wconf 86' lang='lat' dir='ltr'><strong>sancti</strong></span> <span class='ocrx_word' id='word_1_826' title='bbox 988 5449 1130 5518; x_wconf 84' lang='lat' dir='ltr'><strong>Galli</strong></span> <span class='ocrx_word' id='word_1_827' title='bbox 1149 5461 1261 5516; x_wconf 90' lang='lat' dir='ltr'><strong>post</strong></span> <span class='ocrx_word' id='word_1_828' title='bbox 1295 5449 1673 5518; x_wconf 87' lang='lat' dir='ltr'><strong>llartmannuin</strong></span> <span class='ocrx_word' id='word_1_829' title='bbox 1703 5457 1965 5502; x_wconf 90' lang='lat' dir='ltr'><strong>mortuum</strong></span> <span class='ocrx_word' id='word_1_830' title='bbox 1989 5455 2106 5518; x_wconf 85' lang='lat' dir='ltr'><strong>ejus</strong></span> 
     </span>
    </p>
   </div>
   <div class='ocr_carea' id='block_1_118' title="bbox 549 5517 2104 5587">
    <p class='ocr_par' dir='ltr' id='par_1_118' title="bbox 549 5517 2104 5587">
     <span class='ocr_line' id='line_1_118' title="bbox 549 5517 2104 5587; baseline -0.001 -13"><span class='ocrx_word' id='word_1_831' title='bbox 549 5523 910 5575; x_wconf 87' lang='lat' dir='ltr'><strong>iuterlocutor.</strong></span> <span class='ocrx_word' id='word_1_832' title='bbox 964 5519 1086 5573; x_wconf 68' lang='grc' dir='ltr'>ιιωυ</span> <span class='ocrx_word' id='word_1_833' title='bbox 1110 5517 1337 5572; x_wconf 83' lang='lat' dir='ltr'><strong>Jodocus</strong></span> <span class='ocrx_word' id='word_1_834' title='bbox 1381 5517 1681 5581; x_wconf 75' lang='lat' dir='ltr'><strong>llletzlcriis,</strong></span> <span class='ocrx_word' id='word_1_835' title='bbox 1712 5520 1801 5587; x_wconf 89' lang='lat' dir='ltr'><strong>qui</strong></span> <span class='ocrx_word' id='word_1_836' title='bbox 1831 5520 1894 5570; x_wconf 87' lang='lat' dir='ltr'><strong>de</strong></span> <span class='ocrx_word' id='word_1_837' title='bbox 1919 5517 2104 5573; x_wconf 85' lang='lat' dir='ltr'><strong>saneto</strong></span> 
     </span>
    </p>
   </div>
   <div class='ocr_carea' id='block_1_119' title="bbox 548 5587 2107 5645">
    <p class='ocr_par' dir='ltr' id='par_1_119' title="bbox 548 5587 2107 5645">
     <span class='ocr_line' id='line_1_119' title="bbox 548 5587 2107 5645; baseline 0.001 -1"><span class='ocrx_word' id='word_1_838' title='bbox 548 5593 700 5644; x_wconf 85' lang='lat' dir='ltr'><strong>Gallo</strong></span> <span class='ocrx_word' id='word_1_839' title='bbox 723 5594 880 5645; x_wconf 88' lang='lat' dir='ltr'><strong>etiam</strong></span> <span class='ocrx_word' id='word_1_840' title='bbox 913 5593 1024 5642; x_wconf 75' lang='lat' dir='ltr'><strong>haec</strong></span> <span class='ocrx_word' id='word_1_841' title='bbox 1062 5591 1253 5642; x_wconf 87' lang='lat' dir='ltr'><strong>liabet:</strong></span> <span class='ocrx_word' id='word_1_842' title='bbox 1305 5587 1531 5642; x_wconf 87' lang='lat' dir='ltr'><strong>Sanctus</strong></span> <span class='ocrx_word' id='word_1_843' title='bbox 1578 5589 1760 5641; x_wconf 83' lang='lat' dir='ltr'><strong>Gallus</strong></span> <span class='ocrx_word' id='word_1_844' title='bbox 1809 5591 2005 5642; x_wconf 83' lang='lat' dir='ltr'><strong>electus</strong></span> <span class='ocrx_word' id='word_1_845' title='bbox 2052 5600 2107 5645; x_wconf 89' lang='lat' dir='ltr'><strong>et</strong></span> 
     </span>
    </p>
   </div>
   <div class='ocr_carea' id='block_1_120' title="bbox 547 5659 2106 5727">
    <p class='ocr_par' dir='ltr' id='par_1_120' title="bbox 547 5659 2106 5727">
     <span class='ocr_line' id='line_1_120' title="bbox 547 5659 2106 5727; baseline -0.003 -11"><span class='ocrx_word' id='word_1_846' title='bbox 547 5665 768 5716; x_wconf 86' lang='lat' dir='ltr'><strong>dilectus</strong></span> <span class='ocrx_word' id='word_1_847' title='bbox 799 5661 888 5712; x_wconf 88' lang='lat' dir='ltr'><strong>Dei</strong></span> <span class='ocrx_word' id='word_1_848' title='bbox 921 5660 1164 5720; x_wconf 80' lang='lat' dir='ltr'><strong>famulus,</strong></span> <span class='ocrx_word' id='word_1_849' title='bbox 1201 5663 1399 5726; x_wconf 88' lang='lat' dir='ltr'><strong>primus</strong></span> <span class='ocrx_word' id='word_1_850' title='bbox 1427 5669 1579 5710; x_wconf 76' lang='lat' dir='ltr'><strong>teria:</strong></span> <span class='ocrx_word' id='word_1_851' title='bbox 1624 5659 1779 5727; x_wconf 87' lang='lat' dir='ltr'><strong>hujus</strong></span> <span class='ocrx_word' id='word_1_852' title='bbox 1806 5673 1858 5712; x_wconf 90' lang='lat' dir='ltr'><strong>et</strong></span> <span class='ocrx_word' id='word_1_853' title='bbox 1891 5661 1990 5712; x_wconf 89' lang='lat' dir='ltr'><strong>loci</strong></span> <span class='ocrx_word' id='word_1_854' title='bbox 2025 5661 2106 5712; x_wconf 87' lang='lat' dir='ltr'><strong>iti-</strong></span> 
     </span>
    </p>
   </div>
   <div class='ocr_carea' id='block_1_121' title="bbox 548 5729 2102 5797">
    <p class='ocr_par' dir='ltr' id='par_1_121' title="bbox 548 5729 2102 5797">
     <span class='ocr_line' id='line_1_121' title="bbox 548 5729 2102 5797; baseline -0.003 -10"><span class='ocrx_word' id='word_1_855' title='bbox 548 5734 685 5796; x_wconf 82' lang='lat' dir='ltr'><strong>cola,</strong></span> <span class='ocrx_word' id='word_1_856' title='bbox 736 5731 1018 5782; x_wconf 89' lang='lat' dir='ltr'><strong>multorum</strong></span> <span class='ocrx_word' id='word_1_857' title='bbox 1065 5742 1364 5783; x_wconf 73' lang='lat' dir='ltr'><strong>sanctorum</strong></span> <span class='ocrx_word' id='word_1_858' title='bbox 1411 5729 1789 5783; x_wconf 83' lang='lat' dir='ltr'><strong>monachorum</strong></span> <span class='ocrx_word' id='word_1_859' title='bbox 1825 5742 1972 5797; x_wconf 86' lang='lat' dir='ltr'><strong>pater</strong></span> <span class='ocrx_word' id='word_1_860' title='bbox 2020 5733 2102 5782; x_wconf 56' lang='lat' dir='ltr'><strong>lii“</strong></span> 
     </span>
    </p>
   </div>
   <div class='ocr_carea' id='block_1_122' title="bbox 2207 4542 3771 4609">
    <p class='ocr_par' dir='ltr' id='par_1_122' title="bbox 2207 4542 3771 4609">
     <span class='ocr_line' id='line_1_122' title="bbox 2207 4542 3771 4609; baseline -0.001 -13"><span class='ocrx_word' id='word_1_861' title='bbox 2207 4553 2261 4596; x_wconf 89' lang='lat' dir='ltr'><strong>et</strong></span> <span class='ocrx_word' id='word_1_862' title='bbox 2297 4543 2583 4605; x_wconf 83' lang='lat' dir='ltr'><strong>Theodori,</strong></span> <span class='ocrx_word' id='word_1_863' title='bbox 2615 4557 2736 4606; x_wconf 89' lang='lat' dir='ltr'><strong>seu,</strong></span> <span class='ocrx_word' id='word_1_864' title='bbox 2773 4550 2828 4594; x_wconf 92' lang='lat' dir='ltr'><strong>ut</strong></span> <span class='ocrx_word' id='word_1_865' title='bbox 2859 4543 2968 4609; x_wconf 91' lang='lat' dir='ltr'><strong>ipse</strong></span> <span class='ocrx_word' id='word_1_866' title='bbox 2993 4543 3088 4605; x_wconf 89' lang='lat' dir='ltr'><strong>ait,</strong></span> <span class='ocrx_word' id='word_1_867' title='bbox 3116 4542 3510 4596; x_wconf 87' lang='lat' dir='ltr'><strong>&#39;l‘lieodeodori.</strong></span> <span class='ocrx_word' id='word_1_868' title='bbox 3541 4542 3673 4594; x_wconf 85' lang='lat' dir='ltr'><strong>Cum</strong></span> <span class='ocrx_word' id='word_1_869' title='bbox 3705 4544 3771 4595; x_wconf 87' lang='lat' dir='ltr'><strong>ad</strong></span> 
     </span>
    </p>
   </div>
   <div class='ocr_carea' id='block_1_123' title="bbox 2207 4612 3771 4680">
    <p class='ocr_par' dir='ltr' id='par_1_123' title="bbox 2207 4612 3771 4680">
     <span class='ocr_line' id='line_1_123' title="bbox 2207 4612 3771 4680; baseline -0.001 -15"><span class='ocrx_word' id='word_1_870' title='bbox 2207 4613 2499 4680; x_wconf 88' lang='lat' dir='ltr'><strong>principem</strong></span> <span class='ocrx_word' id='word_1_871' title='bbox 2551 4623 2828 4664; x_wconf 87' lang='lat' dir='ltr'><strong>vocaretur</strong></span> <span class='ocrx_word' id='word_1_872' title='bbox 2873 4612 3190 4678; x_wconf 88' lang='lat' dir='ltr'><strong>aliquando,</strong></span> <span class='ocrx_word' id='word_1_873' title='bbox 3240 4614 3374 4665; x_wconf 89' lang='lat' dir='ltr'><strong>clam</strong></span> <span class='ocrx_word' id='word_1_874' title='bbox 3426 4612 3491 4664; x_wconf 91' lang='lat' dir='ltr'><strong>ad</strong></span> <span class='ocrx_word' id='word_1_875' title='bbox 3540 4623 3771 4680; x_wconf 89' lang='lat' dir='ltr'><strong>tempus,</strong></span> 
     </span>
    </p>
   </div>
   <div class='ocr_carea' id='block_1_124' title="bbox 2206 4680 3770 4750">
    <p class='ocr_par' dir='ltr' id='par_1_124' title="bbox 2206 4680 3770 4750">
     <span class='ocr_line' id='line_1_124' title="bbox 2206 4680 3770 4750; baseline -0.003 -14"><span class='ocrx_word' id='word_1_876' title='bbox 2206 4685 2412 4750; x_wconf 78' lang='lat' dir='ltr'><strong>longius</strong></span> <span class='ocrx_word' id='word_1_877' title='bbox 2457 4697 2600 4735; x_wconf 89' lang='lat' dir='ltr'><strong>asua</strong></span> <span class='ocrx_word' id='word_1_878' title='bbox 2630 4681 2816 4734; x_wconf 90' lang='lat' dir='ltr'><strong>cellula</strong></span> <span class='ocrx_word' id='word_1_879' title='bbox 2845 4680 3149 4749; x_wconf 72' lang='lat' dir='ltr'><strong>diffugiens,</strong></span> <span class='ocrx_word' id='word_1_880' title='bbox 3180 4682 3313 4745; x_wconf 82' lang='lat' dir='ltr'><strong>Quid</strong></span> <span class='ocrx_word' id='word_1_881' title='bbox 3346 4681 3491 4745; x_wconf 89' lang='lat' dir='ltr'><strong>mihi,</strong></span> <span class='ocrx_word' id='word_1_882' title='bbox 3524 4681 3619 4743; x_wconf 90' lang='lat' dir='ltr'><strong>ait,</strong></span> <span class='ocrx_word' id='word_1_883' title='bbox 3652 4698 3770 4734; x_wconf 93' lang='lat' dir='ltr'><strong>cum</strong></span> 
     </span>
    </p>
   </div>
   <div class='ocr_carea' id='block_1_125' title="bbox 2206 4751 3770 4825">
    <p class='ocr_par' dir='ltr' id='par_1_125' title="bbox 2206 4751 3770 4825">
     <span class='ocr_line' id='line_1_125' title="bbox 2206 4751 3770 4825; baseline -0.001 -21"><span class='ocrx_word' id='word_1_884' title='bbox 2206 4751 2531 4825; x_wconf 85' lang='lat' dir='ltr'><strong>principibus</strong></span> <span class='ocrx_word' id='word_1_885' title='bbox 2563 4751 2739 4825; x_wconf 59' lang='grc' dir='ltr'>ἸιιιῙιιδ</span> <span class='ocrx_word' id='word_1_886' title='bbox 2785 4752 2954 4825; x_wconf 81' lang='lat' dir='ltr'><strong>secti?</strong></span> <span class='ocrx_word' id='word_1_887' title='bbox 3001 4754 3064 4825; x_wconf 62' lang='lat' dir='ltr'><strong>lit</strong></span> <span class='ocrx_word' id='word_1_888' title='bbox 3109 4753 3233 4818; x_wconf 83' lang='lat' dir='ltr'><strong>quia</strong></span> <span class='ocrx_word' id='word_1_889' title='bbox 3273 4753 3340 4825; x_wconf 75' lang='lat' dir='ltr'><strong>in</strong></span> <span class='ocrx_word' id='word_1_890' title='bbox 3386 4753 3770 4825; x_wconf 78' lang='lat' dir='ltr'><strong>grauiniaticis,</strong></span> 
     </span>
    </p>
   </div>
   <div class='ocr_carea' id='block_1_126' title="bbox 2205 4819 3771 4890">
    <p class='ocr_par' dir='ltr' id='par_1_126' title="bbox 2205 4819 3771 4890">
     <span class='ocr_line' id='line_1_126' title="bbox 2205 4819 3771 4890; baseline 0.002 -21"><span class='ocrx_word' id='word_1_891' title='bbox 2205 4819 2447 4890; x_wconf 67' lang='lat' dir='ltr'><strong>poeticis,</strong></span> <span class='ocrx_word' id='word_1_892' title='bbox 2478 4831 2530 4873; x_wconf 89' lang='lat' dir='ltr'><strong>et</strong></span> <span class='ocrx_word' id='word_1_893' title='bbox 2557 4821 2846 4888; x_wconf 90' lang='lat' dir='ltr'><strong>Scripturis</strong></span> <span class='ocrx_word' id='word_1_894' title='bbox 2874 4823 3071 4874; x_wconf 84' lang='lat' dir='ltr'><strong>sanctis</strong></span> <span class='ocrx_word' id='word_1_895' title='bbox 3097 4819 3492 4889; x_wconf 86' lang='lat' dir='ltr'><strong>canonibiisque</strong></span> <span class='ocrx_word' id='word_1_896' title='bbox 3526 4819 3657 4872; x_wconf 89' lang='lat' dir='ltr'><strong>bene</strong></span> <span class='ocrx_word' id='word_1_897' title='bbox 3693 4823 3771 4872; x_wconf 91' lang='lat' dir='ltr'><strong>iii-</strong></span> 
     </span>
    </p>
   </div>
   <div class='ocr_carea' id='block_1_127' title="bbox 2205 4890 3771 4956">
    <p class='ocr_par' dir='ltr' id='par_1_127' title="bbox 2205 4890 3771 4956">
     <span class='ocr_line' id='line_1_127' title="bbox 2205 4890 3771 4956; baseline -0.001 -12"><span class='ocrx_word' id='word_1_898' title='bbox 2205 4902 2435 4944; x_wconf 83' lang='lat' dir='ltr'><strong>structns</strong></span> <span class='ocrx_word' id='word_1_899' title='bbox 2463 4890 2579 4953; x_wconf 89' lang='lat' dir='ltr'><strong>fuit,</strong></span> <span class='ocrx_word' id='word_1_900' title='bbox 2627 4891 2789 4943; x_wconf 86' lang='lat' dir='ltr'><strong>multa</strong></span> <span class='ocrx_word' id='word_1_901' title='bbox 2821 4905 2939 4943; x_wconf 93' lang='lat' dir='ltr'><strong>cum</strong></span> <span class='ocrx_word' id='word_1_902' title='bbox 2969 4891 3227 4956; x_wconf 88' lang='lat' dir='ltr'><strong>sapientia</strong></span> <span class='ocrx_word' id='word_1_903' title='bbox 3258 4901 3312 4942; x_wconf 92' lang='lat' dir='ltr'><strong>et</strong></span> <span class='ocrx_word' id='word_1_904' title='bbox 3336 4891 3652 4944; x_wconf 86' lang='lat' dir='ltr'><strong>auctoritate</strong></span> <span class='ocrx_word' id='word_1_905' title='bbox 3677 4893 3771 4943; x_wconf 90' lang='lat' dir='ltr'><strong>ob-</strong></span> 
     </span>
    </p>
   </div>
   <div class='ocr_carea' id='block_1_128' title="bbox 2206 4960 3769 5027">
    <p class='ocr_par' dir='ltr' id='par_1_128' title="bbox 2206 4960 3769 5027">
     <span class='ocr_line' id='line_1_128' title="bbox 2206 4960 3769 5027; baseline -0.001 -11"><span class='ocrx_word' id='word_1_906' title='bbox 2206 4962 2368 5016; x_wconf 88' lang='lat' dir='ltr'><strong>latum</strong></span> <span class='ocrx_word' id='word_1_907' title='bbox 2401 4962 2497 5013; x_wconf 90' lang='lat' dir='ltr'><strong>sibi</strong></span> <span class='ocrx_word' id='word_1_908' title='bbox 2525 4961 2858 5027; x_wconf 86' lang='lat' dir='ltr'><strong>episcopatus</strong></span> <span class='ocrx_word' id='word_1_909' title='bbox 2881 4960 3303 5014; x_wconf 81' lang='lat' dir='ltr'><strong>Gonstautiensis</strong></span> <span class='ocrx_word' id='word_1_910' title='bbox 3327 4961 3605 5022; x_wconf 88' lang='lat' dir='ltr'><strong>honorem,</strong></span> <span class='ocrx_word' id='word_1_911' title='bbox 3640 4962 3769 5026; x_wconf 88' lang='lat' dir='ltr'><strong>quin</strong></span> 
     </span>
    </p>
   </div>
   <div class='ocr_carea' id='block_1_129' title="bbox 2205 5030 3768 5100">
    <p class='ocr_par' dir='ltr' id='par_1_129' title="bbox 2205 5030 3768 5100">
     <span class='ocr_line' id='line_1_129' title="bbox 2205 5030 3768 5100; baseline -0.001 -15"><span class='ocrx_word' id='word_1_912' title='bbox 2205 5043 2262 5086; x_wconf 90' lang='lat' dir='ltr'><strong>et</strong></span> <span class='ocrx_word' id='word_1_913' title='bbox 2298 5033 2516 5084; x_wconf 70' lang='lat' dir='ltr'><strong>ahbatia:</strong></span> <span class='ocrx_word' id='word_1_914' title='bbox 2549 5032 2890 5084; x_wconf 78' lang='lat' dir='ltr'><strong>Luxoviensis</strong></span> <span class='ocrx_word' id='word_1_915' title='bbox 2934 5030 3242 5100; x_wconf 81' lang='lat' dir='ltr'><strong>dignitatem</strong></span> <span class='ocrx_word' id='word_1_916' title='bbox 3273 5046 3332 5081; x_wconf 80' lang='lat' dir='ltr'><strong>ex</strong></span> <span class='ocrx_word' id='word_1_917' title='bbox 3377 5031 3488 5082; x_wconf 89' lang='lat' dir='ltr'><strong>suis</strong></span> <span class='ocrx_word' id='word_1_918' title='bbox 3531 5031 3768 5083; x_wconf 88' lang='lat' dir='ltr'><strong>humeris</strong></span> 
     </span>
    </p>
   </div>
   <div class='ocr_carea' id='block_1_130' title="bbox 2205 5100 3770 5167">
    <p class='ocr_par' dir='ltr' id='par_1_130' title="bbox 2205 5100 3770 5167">
     <span class='ocr_line' id='line_1_130' title="bbox 2205 5100 3770 5167; baseline -0.001 -13"><span class='ocrx_word' id='word_1_919' title='bbox 2205 5101 2438 5155; x_wconf 73' lang='lat' dir='ltr'><strong>excussit</strong></span> <span class='ocrx_word' id='word_1_920' title='bbox 2458 5105 2622 5156; x_wconf 88' lang='lat' dir='ltr'><strong>sancti</strong></span> <span class='ocrx_word' id='word_1_921' title='bbox 2655 5100 2988 5164; x_wconf 81' lang='lat' dir='ltr'><strong>Columbani,</strong></span> <span class='ocrx_word' id='word_1_922' title='bbox 3023 5101 3172 5167; x_wconf 88' lang='lat' dir='ltr'><strong>cujus</strong></span> <span class='ocrx_word' id='word_1_923' title='bbox 3199 5101 3427 5151; x_wconf 88' lang='lat' dir='ltr'><strong>animam</strong></span> <span class='ocrx_word' id='word_1_924' title='bbox 3454 5101 3646 5150; x_wconf 58' lang='lat' dir='ltr'><strong>caelum</strong></span> <span class='ocrx_word' id='word_1_925' title='bbox 3681 5115 3770 5165; x_wconf 87' lang='lat' dir='ltr'><strong>pe-</strong></span> 
     </span>
    </p>
   </div>
   <div class='ocr_carea' id='block_1_131' title="bbox 2209 5168 3767 5239">
    <p class='ocr_par' dir='ltr' id='par_1_131' title="bbox 2209 5168 3767 5239">
     <span class='ocr_line' id='line_1_131' title="bbox 2209 5168 3767 5239; baseline -0.003 -15"><span class='ocrx_word' id='word_1_926' title='bbox 2209 5181 2405 5225; x_wconf 88' lang='lat' dir='ltr'><strong>tentem</strong></span> <span class='ocrx_word' id='word_1_927' title='bbox 2436 5171 2562 5224; x_wconf 86' lang='lat' dir='ltr'><strong>vidit</strong></span> <span class='ocrx_word' id='word_1_928' title='bbox 2589 5186 2747 5239; x_wconf 86' lang='lat' dir='ltr'><strong>super</strong></span> <span class='ocrx_word' id='word_1_929' title='bbox 2775 5182 3005 5222; x_wconf 88' lang='lat' dir='ltr'><strong>montem</strong></span> <span class='ocrx_word' id='word_1_930' title='bbox 3034 5169 3198 5220; x_wconf 85' lang='lat' dir='ltr'><strong>sancti</strong></span> <span class='ocrx_word' id='word_1_931' title='bbox 3231 5168 3446 5221; x_wconf 81' lang='lat' dir='ltr'><strong>Nmkeri</strong></span> <span class='ocrx_word' id='word_1_932' title='bbox 3491 5170 3577 5239; x_wconf 89' lang='lat' dir='ltr'><strong>ubi</strong></span> <span class='ocrx_word' id='word_1_933' title='bbox 3622 5171 3767 5239; x_wconf 82' lang='lat' dir='ltr'><strong>rivus</strong></span> 
     </span>
    </p>
   </div>
   <div class='ocr_carea' id='block_1_132' title="bbox 2207 5237 3766 5307">
    <p class='ocr_par' dir='ltr' id='par_1_132' title="bbox 2207 5237 3766 5307">
     <span class='ocr_line' id='line_1_132' title="bbox 2207 5237 3766 5307; baseline -0.002 -13"><span class='ocrx_word' id='word_1_934' title='bbox 2207 5242 2453 5294; x_wconf 85' lang='lat' dir='ltr'><strong>Stcinaha</strong></span> <span class='ocrx_word' id='word_1_935' title='bbox 2487 5255 2578 5306; x_wconf 89' lang='lat' dir='ltr'><strong>per</strong></span> <span class='ocrx_word' id='word_1_936' title='bbox 2620 5237 2763 5307; x_wconf 83' lang='lat' dir='ltr'><strong>rupis</strong></span> <span class='ocrx_word' id='word_1_937' title='bbox 2785 5253 3017 5293; x_wconf 87' lang='lat' dir='ltr'><strong>concava</strong></span> <span class='ocrx_word' id='word_1_938' title='bbox 3044 5239 3335 5298; x_wconf 77' lang='lat' dir='ltr'><strong>descendit,</strong></span> <span class='ocrx_word' id='word_1_939' title='bbox 3389 5246 3444 5289; x_wconf 92' lang='lat' dir='ltr'><strong>ut</strong></span> <span class='ocrx_word' id='word_1_940' title='bbox 3473 5238 3544 5289; x_wconf 89' lang='lat' dir='ltr'><strong>ait</strong></span> <span class='ocrx_word' id='word_1_941' title='bbox 3577 5237 3766 5291; x_wconf 79' lang='lat' dir='ltr'><strong>Ecker.</strong></span> 
     </span>
    </p>
   </div>
   <div class='ocr_carea' id='block_1_133' title="bbox 2210 5309 3770 5373">
    <p class='ocr_par' dir='ltr' id='par_1_133' title="bbox 2210 5309 3770 5373">
     <span class='ocr_line' id='line_1_133' title="bbox 2210 5309 3770 5373; baseline -0.003 -9"><span class='ocrx_word' id='word_1_942' title='bbox 2210 5311 2301 5365; x_wconf 91' lang='lat' dir='ltr'><strong>lib.</strong></span> <span class='ocrx_word' id='word_1_943' title='bbox 2346 5311 2794 5373; x_wconf 79' lang='lat' dir='ltr'><strong>Benedictionuin,</strong></span> <span class='ocrx_word' id='word_1_944' title='bbox 2851 5319 2904 5362; x_wconf 91' lang='lat' dir='ltr'><strong>et</strong></span> <span class='ocrx_word' id='word_1_945' title='bbox 2953 5309 3210 5372; x_wconf 77' lang='lat' dir='ltr'><strong>Hapertus</strong></span> <span class='ocrx_word' id='word_1_946' title='bbox 3259 5313 3308 5359; x_wconf 88' lang='lat' dir='ltr'><strong>itt</strong></span> <span class='ocrx_word' id='word_1_947' title='bbox 3350 5309 3605 5360; x_wconf 84' lang='lat' dir='ltr'><strong>carmine.</strong></span> <span class='ocrx_word' id='word_1_948' title='bbox 3659 5309 3770 5360; x_wconf 82' lang='lat' dir='ltr'><strong>Ali-</strong></span> 
     </span>
    </p>
   </div>
   <div class='ocr_carea' id='block_1_134' title="bbox 2207 5378 3762 5448">
    <p class='ocr_par' dir='ltr' id='par_1_134' title="bbox 2207 5378 3762 5448">
     <span class='ocr_line' id='line_1_134' title="bbox 2207 5378 3762 5448; baseline -0.003 -16"><span class='ocrx_word' id='word_1_949' title='bbox 2207 5381 2420 5448; x_wconf 90' lang='lat' dir='ltr'><strong>quando</strong></span> <span class='ocrx_word' id='word_1_950' title='bbox 2449 5395 2477 5432; x_wconf 90' lang='lat' dir='ltr'><strong>a</strong></span> <span class='ocrx_word' id='word_1_951' title='bbox 2512 5381 2741 5444; x_wconf 88' lang='lat' dir='ltr'><strong>principe</strong></span> <span class='ocrx_word' id='word_1_952' title='bbox 2773 5382 2937 5431; x_wconf 88' lang='lat' dir='ltr'><strong>multo</strong></span> <span class='ocrx_word' id='word_1_953' title='bbox 2979 5387 3196 5439; x_wconf 72' lang='lat' dir='ltr'><strong>argento</strong></span> <span class='ocrx_word' id='word_1_954' title='bbox 3239 5389 3462 5448; x_wconf 87' lang='lat' dir='ltr'><strong>etauro</strong></span> <span class='ocrx_word' id='word_1_955' title='bbox 3511 5378 3762 5439; x_wconf 79' lang='lat' dir='ltr'><strong>donatus,</strong></span> 
     </span>
    </p>
   </div>
   <div class='ocr_carea' id='block_1_135' title="bbox 2210 5447 3766 5517">
    <p class='ocr_par' dir='ltr' id='par_1_135' title="bbox 2210 5447 3766 5517">
     <span class='ocr_line' id='line_1_135' title="bbox 2210 5447 3766 5517; baseline -0.003 -14"><span class='ocrx_word' id='word_1_956' title='bbox 2210 5447 2376 5503; x_wconf 86' lang='lat' dir='ltr'><strong>totum</strong></span> <span class='ocrx_word' id='word_1_957' title='bbox 2406 5452 2544 5517; x_wconf 90' lang='lat' dir='ltr'><strong>quod</strong></span> <span class='ocrx_word' id='word_1_958' title='bbox 2576 5450 2801 5517; x_wconf 87' lang='lat' dir='ltr'><strong>accepit,</strong></span> <span class='ocrx_word' id='word_1_959' title='bbox 2832 5455 3116 5512; x_wconf 87' lang='lat' dir='ltr'><strong>antequam</strong></span> <span class='ocrx_word' id='word_1_960' title='bbox 3143 5448 3207 5496; x_wconf 88' lang='lat' dir='ltr'><strong>ad</strong></span> <span class='ocrx_word' id='word_1_961' title='bbox 3237 5447 3424 5498; x_wconf 80' lang='lat' dir='ltr'><strong>cellam</strong></span> <span class='ocrx_word' id='word_1_962' title='bbox 3464 5449 3677 5509; x_wconf 72' lang='lat' dir='ltr'><strong>rediret,</strong></span> <span class='ocrx_word' id='word_1_963' title='bbox 3716 5448 3766 5499; x_wconf 91' lang='lat' dir='ltr'><strong>iii</strong></span> 
     </span>
    </p>
   </div>
   <div class='ocr_carea' id='block_1_136' title="bbox 2210 5516 3769 5589">
    <p class='ocr_par' dir='ltr' id='par_1_136' title="bbox 2210 5516 3769 5589">
     <span class='ocr_line' id='line_1_136' title="bbox 2210 5516 3769 5589; baseline -0.002 -17"><span class='ocrx_word' id='word_1_964' title='bbox 2210 5516 2469 5589; x_wconf 85' lang='lat' dir='ltr'><strong>pauperes</strong></span> <span class='ocrx_word' id='word_1_965' title='bbox 2499 5516 2780 5572; x_wconf 79' lang='lat' dir='ltr'><strong>diStrihuit.</strong></span> <span class='ocrx_word' id='word_1_966' title='bbox 2804 5587 2815 5589; x_wconf 94' lang='lat'>_</span> <span class='ocrx_word' id='word_1_967' title='bbox 2833 5519 3075 5589; x_wconf 68' lang='lat' dir='ltr'><strong>cultique</strong></span> <span class='ocrx_word' id='word_1_968' title='bbox 3103 5517 3382 5584; x_wconf 87' lang='lat' dir='ltr'><strong>aliquando</strong></span> <span class='ocrx_word' id='word_1_969' title='bbox 3423 5531 3524 5569; x_wconf 92' lang='lat' dir='ltr'><strong>non</strong></span> <span class='ocrx_word' id='word_1_970' title='bbox 3565 5519 3662 5569; x_wconf 89' lang='lat' dir='ltr'><strong>nisi</strong></span> <span class='ocrx_word' id='word_1_971' title='bbox 3689 5517 3769 5570; x_wconf 90' lang='lat' dir='ltr'><strong>di-</strong></span> 
     </span>
    </p>
   </div>
   <div class='ocr_carea' id='block_1_137' title="bbox 2211 5582 3766 5654">
    <p class='ocr_par' dir='ltr' id='par_1_137' title="bbox 2211 5582 3766 5654">
     <span class='ocr_line' id='line_1_137' title="bbox 2211 5582 3766 5654; baseline -0.003 -12"><span class='ocrx_word' id='word_1_972' title='bbox 2211 5582 2431 5642; x_wconf 48' lang='lat' dir='ltr'><strong>inid&#39;iutn</strong></span> <span class='ocrx_word' id='word_1_973' title='bbox 2461 5589 2747 5640; x_wconf 83' lang='lat' dir='ltr'><strong>sextarium</strong></span> <span class='ocrx_word' id='word_1_974' title='bbox 2797 5585 2976 5637; x_wconf 81' lang='lat' dir='ltr'><strong>farina:</strong></span> <span class='ocrx_word' id='word_1_975' title='bbox 3010 5582 3078 5636; x_wconf 75' lang='grc' dir='ltr'><strong>ἰιι</strong></span> <span class='ocrx_word' id='word_1_976' title='bbox 3122 5582 3484 5654; x_wconf 83' lang='lat' dir='ltr'><strong>proiiiptuario</strong></span> <span class='ocrx_word' id='word_1_977' title='bbox 3529 5588 3766 5649; x_wconf 87' lang='lat' dir='ltr'><strong>haberet,</strong></span> 
     </span>
    </p>
   </div>
   <div class='ocr_carea' id='block_1_138' title="bbox 2211 5655 3770 5715">
    <p class='ocr_par' dir='ltr' id='par_1_138' title="bbox 2211 5655 3770 5715">
     <span class='ocr_line' id='line_1_138' title="bbox 2211 5655 3770 5715; baseline -0.001 -3"><span class='ocrx_word' id='word_1_978' title='bbox 2211 5671 2266 5713; x_wconf 89' lang='lat' dir='ltr'><strong>et</strong></span> <span class='ocrx_word' id='word_1_979' title='bbox 2295 5675 2384 5710; x_wconf 78' lang='lat' dir='ltr'><strong>sex</strong></span> <span class='ocrx_word' id='word_1_980' title='bbox 2416 5660 2603 5709; x_wconf 87' lang='lat' dir='ltr'><strong>fratres</strong></span> <span class='ocrx_word' id='word_1_981' title='bbox 2639 5658 2703 5708; x_wconf 90' lang='lat' dir='ltr'><strong>de</strong></span> <span class='ocrx_word' id='word_1_982' title='bbox 2736 5657 2971 5708; x_wconf 81' lang='lat' dir='ltr'><strong>Luxovio</strong></span> <span class='ocrx_word' id='word_1_983' title='bbox 3015 5655 3377 5715; x_wconf 77' lang='lat' dir='ltr'><strong>advenissent,</strong></span> <span class='ocrx_word' id='word_1_984' title='bbox 3423 5656 3494 5706; x_wconf 90' lang='lat' dir='ltr'><strong>ait</strong></span> <span class='ocrx_word' id='word_1_985' title='bbox 3548 5657 3770 5710; x_wconf 86' lang='lat' dir='ltr'><strong>cellario</strong></span> 
     </span>
    </p>
   </div>
   <div class='ocr_carea' id='block_1_139' title="bbox 2213 5725 3763 5797">
    <p class='ocr_par' dir='ltr' id='par_1_139' title="bbox 2213 5725 3763 5797">
     <span class='ocr_line' id='line_1_139' title="bbox 2213 5725 3763 5797; baseline 0.001 -18"><span class='ocrx_word' id='word_1_986' title='bbox 2213 5731 2460 5797; x_wconf 88' lang='lat' dir='ltr'><strong>quidnam</strong></span> <span class='ocrx_word' id='word_1_987' title='bbox 2490 5736 2629 5780; x_wconf 87' lang='lat' dir='ltr'><strong>esset</strong></span> <span class='ocrx_word' id='word_1_988' title='bbox 2653 5728 2777 5794; x_wconf 86' lang='lat' dir='ltr'><strong>ipsis</strong></span> <span class='ocrx_word' id='word_1_989' title='bbox 2802 5726 2853 5780; x_wconf 92' lang='lat' dir='ltr'><strong>in</strong></span> <span class='ocrx_word' id='word_1_990' title='bbox 2880 5726 3074 5779; x_wconf 88' lang='lat' dir='ltr'><strong>cibutn.</strong></span> <span class='ocrx_word' id='word_1_991' title='bbox 3107 5729 3170 5778; x_wconf 70' lang='grc' dir='ltr'><strong>Ισὶι</strong></span> <span class='ocrx_word' id='word_1_992' title='bbox 3195 5736 3249 5780; x_wconf 87' lang='grc' dir='ltr'><strong>ιιι</strong></span> <span class='ocrx_word' id='word_1_993' title='bbox 3273 5739 3486 5780; x_wconf 88' lang='lat' dir='ltr'><strong>onmem</strong></span> <span class='ocrx_word' id='word_1_994' title='bbox 3518 5725 3763 5780; x_wconf 87' lang='lat' dir='ltr'><strong>substan-</strong></span> 
     </span>
    </p>
   </div>
  </div>
