4002 6350
253 352 313 404 :7
708 340 1204 399 splenium“
1245 343 1373 399 seu
1416 342 1624 398 llYMNl
1666 342 1866 400 sacm
1910 340 2130 410 anno.
2176 339 2457 401 manu
2497 343 2657 403 nos.
2697 347 2759 405 s.
2800 350 3025 409 GALLI.
3412 343 3483 411 58'

547 460 749 514 Notkcr
780 458 1062 512 Lantbertu
1084 456 1230 510 fratri
1257 457 1503 511 salutem.

258 576 381 640 Quid
436 571 654 641 singula:
706 580 729 607 ⁸
786 572 968 621 (illene
1034 567 1806 641 ἕη-ευρενιενίριὶοηςᾷεἱθηὶβ-

316 655 422 696 cent
448 637 750 704 Cantilcuw,
773 659 865 707 pro
887 649 939 691 ut
962 637 1104 704 potui
1116 641 1269 706 juxta
1289 647 1428 689 tuam
1449 638 1741 706 petitionem

785 710 1059 778 explanare
1085 708 1273 760 curavi.

315 810 376 856 Α.
404 803 471 858 Ut
498 803 660 857 altius
684 802 925 856 elevetur
977 799 1252 853 admonet.

314 900 373 951 Β.
403 897 709 951 Secundum
736 895 944 948 litteras
972 893 1162 961 quibus
1193 891 1530 959 adpmgitur,
1564 898 1621 943 ut
1680 891 1815 946 bene

242 991 463 1041 multum
519 987 845 1048 extollatur,
904 984 989 1038 vel
1038 992 1319 1051 gravetur,
1372 982 1486 1034 sive
1541 990 1809 1045 teneatur,

244 1080 485 1148 belgicat.
1412 1122 1427 1133 .

306 1171 369 1221 C.
415 1170 486 1224 Ut
509 1169 639 1230 cito,
667 1171 754 1221 vel
783 1167 1032 1221 ce.eriter
1063 1166 1285 1226 dicatur,
1318 1167 1595 1218 certl'ucat.

303 1260 374 1315 ἲ).
403 1259 467 1314 Ut
483 1260 834 1327 deprimatur,
853 1258 1201 1311 demonstrat.

314 1354 375 1405 Ε.
407 1352 471 1407 Ut
501 1351 778 1419 aequaliter
802 1349 1344 1417 sonetur,eloquitur.

314 1441 371 1494 F.
413 1440 481 1495 Ut
523 1456 645 1495 cum
693 1437 903 1508 fragore
953 1454 1048 1493 seu
1076 1439 1322 1492 frendore
1367 1437 1609 1504 feriatur,
1653 1436 1812 1491 efﬂa-

248 1537 389 1600 ειμι.

315 1622 378 1674 G.
434 1621 504 1675 Ut
551 1636 606 1675 in
650 1629 865 1689 gutture
918 1619 1173 1689 gradatim
1231 1619 1532 1689 garruletur
1586 1621 1815 1687 genuine

252 1713 554 1782 gratulatur.

1838 464 1886 521 Α
1984 460 2049 512 0.
2092 459 2335 527 Figuram
2367 464 2449 515 sui
2484 462 2536 515 in
2565 479 2660 519 ore
2679 467 2944 520 cantantis
2969 468 3201 523 ordinat.

1987 551 2044 606 P.
2074 552 2429 621 l’ressionem,
2462 556 2543 610 vel
2581 558 2938 624 prensionem,
2999 561 3271 627 praedicat.

1985 639 2046 706 Ω.
2109 640 2164 694 ln
2215 642 2684 711 significationibus
2742 656 2988 701 notarum
3027 664 3123 702 cur
3169 655 3479 720 quaeratur?

1915 745 2035 784 cum
2064 733 2224 786 etiam
2266 735 2320 787 in
2352 736 2530 790 verbis
2555 736 2619 788 ad
2652 736 2781 791 nihil
2810 738 2950 791 aliud
2978 740 3263 808 scribatur,
3288 743 3389 797 nisi
3415 755 3475 798 ut

1919 835 2152 892 sequens
2173 840 2201 877 υ
2231 826 2335 878 vim
2383 842 2532 880 suam
2561 828 2808 883 amittere
2846 832 3122 898 quarritnr.

1988 913 2051 966 Β.
2088 915 2478 971 licctitudinem
2508 919 2587 973 vel
2620 934 2858 973 rasuram
2891 937 2994 975 non
3026 924 3146 977 abol
3170 924 3349 992 tionis,
3383 928 3475 979 sed

1914 1006 2253 1073 crispationis
2285 1010 2494 1077 rogitat.

1986 1097 2045 1150 S.
2077 1095 2271 1151 Susutn
2301 1099 2381 1152 vel
2411 1114 2619 1153 sursum
2643 1102 2902 1156 scandere
2924 1105 3126 1158 sibilat.

1986 1185 2049 1239 'l‘.
2074 1186 2310 1241 Trahere
2332 1189 2412 1242 vel
2443 1200 2622 1243 tenere
2642 1192 2837 1245 debere
2862 1201 3103 1249 testatur.

1988 1276 2051 1331 ν.
2084 1276 2231 1333 Licet
2257 1279 2448 1335 amissa
2479 1281 2531 1335 in
2580 1297 2696 1345 sua,
2749 1284 2907 1338 veluti
2944 1286 3098 1340 valde
3150 1302 3249 1341 vau
3280 1284 3486 1353 Gratca,

1915 1368 1995 1421 vel
2026 1367 2268 1433 Hebrma,
2302 1370 2553 1425 velilicat.

1986 1457 2055 1513 Χ.
2106 1459 2362 1525 Quamvis
2394 1463 2575 1517 Latina
2603 1466 2761 1519 verba
2796 1481 2888 1536 per
2915 1481 2975 1523 se
3006 1469 3239 1533 inchoet,
3304 1481 3484 1527 tamen

1915 1562 2225 1617 eaSpectare
2252 1551 2473 1620 expetit.

1988 1641 2052 1695 Y.
2080 1643 2231 1711 Apud
2260 1644 2476 1700 Latinos
2503 1646 2633 1700 nihil
2654 1646 2943 1716 hymnizat.

1984 1734 2043 1787 Z.
2080 1735 2219 1790 Vero
2249 1736 2369 1791 licet
2394 1748 2446 1791 et
2493 1739 2605 1807 ipsa
2654 1755 2797 1794 mere
2828 1739 3034 1806 Graeca,
3064 1753 3116 1795 et
3147 1743 3215 1795 ob
3247 1744 3295 1797 id
3351 1745 3489 1800 haud

317 1807 377 1858 "°
409 1806 711 1903 υίξ³¹ξξ¹¹¹¹¹
754 1804 806 1857 in
834 1802 1093 1873 “fimum
1125 1802 1357 1871 aspir”,
1405 1812 1475 1857 ¹ί³
1524 1812 1577 1857 ei
1607 1802 1657 1857 in
1686 1811 1808 1857 "om
1846 1826 1889 1886 Β
1918 1829 2215 1882 necessaria
2268 1802 2538 1897 llomants,
2598 1843 2813 1900 propter
2868 1802 3170 1903 praedictam
3231 1846 3404 1892 tamen
3459 1856 3486 1890 r

248 1897 466 1965 idipsum
500 1894 727 1949 habitat.

320 1986 354 2037 ⁸.
381 1986 594 2039 iussum
627 1984 708 2038 vel
756 1984 977 2037 inferius
1026 1984 1279 2047 insinuat,
1332 1981 1815 2051 gratitudinemque

246 2092 339 2139 pro
358 2094 386 2145 9
407 2078 678 2129 interdum
710 2075 925 2127 indicat.

318 2168 377 2222 li.
411 2168 560 2220 Licet
608 2167 747 2234 apud
782 2166 994 2219 Latinos
1042 2164 1170 2219 nihil
1200 2165 1391 2226 valeat,
1420 2162 1558 2231 apud
1610 2178 1706 2217 nos
1734 2172 1815 2216 la-

244 2273 363 2310 men
420 2258 750 2310 Alemannus
796 2270 897 2323 pro
940 2277 992 2319 κ,
1034 2268 1201 2322 graeca
1250 2253 1481 2321 positum
1537 2252 1816 2323 chlencge,

240 2350 441 2415 clange,
469 2346 730 2400 clamitat.

312 2440 369 2491 L.
397 2439 620 2501 Levzire,
654 2439 882 2491 iactatur.

314 2533 379 2586 ll.
410 2532 770 2595 Mediocriter,
798 2528 1103 2585 melodiam.
1128 2526 1411 2591 moderari,
1438 2526 1813 2591 mendicando,

247 2632 518 2676 nicttiorat.

315 2712 373 2767 Ν.
419 2712 642 2775 Noure,
676 2713 772 2764 hoc
798 2726 899 2776 est,
928 2709 1212 2775 noscitare,
1240 2707 1497 2761 nottllcal.

236 2862 387 2923 tiam,
427 2877 551 2929 qua:
582 2860 797 2929 prmfata
832 2871 1034 2913 tantum
1072 2856 1242 2911 farina
1271 2858 1390 2924 fuit,
1420 2858 1690 2921 indicavit,
1742 2859 1817 2915 ait

248 2933 313 2981 illi
351 2942 407 2983 ut
437 2932 566 2985 inde
610 2949 797 2999 panem
839 2939 1109 2997 coqueret,
1142 2938 1332 2999 potens
1378 2937 1462 2984 est
1501 2931 1647 2999 enim
1679 2930 1817 2984 Deus

244 3016 425 3068 parare
473 2997 714 3055 mensam
764 3003 815 3055 in
849 3002 1087 3053 deserto.
1141 3002 1204 3053 Et
1233 2997 1515 3068 abiensgatl
1547 3010 1811 3067 gurgitem

232 3066 303 3121 ad
332 3072 642 3124 Australent
696 3075 900 3139 plagam
952 3069 1281 3133 monasterii,
1323 3066 1470 3139 cepit
1520 3066 1715 3134 piscem
1763 3074 1812 3123 in

236 3141 450 3193 fluviolo
501 3156 575 3195 ιιι
629 3138 797 3208 pedes
837 3144 1050 3206 longum
1086 3149 1181 3194 tet
1220 3154 1274 3192 iv
1320 3138 1507 3198 latum.
1550 3151 1805 3205 superve-

1919 1918 2108 1973 littera:
2136 1921 2541 1989 occupationem
2570 1924 2635 1976 ad
2686 1925 2788 1978 alia
2821 1926 3113 1994 requirere.
3145 1927 3203 1980 lu
3243 1943 3338 1982 sua
3385 1930 3485 1983 litt-

1916 2024 2020 2079 gua
2050 2012 2206 2066 zitise
2237 2014 2475 2080 require.

1991 2100 2303 2171 Ubicunque
2359 2116 2537 2159 autem
2595 2106 2755 2172 diue,
2811 2108 2893 2162 vel
2948 2118 3054 2163 tres
3087 2152 3103 2174 ,
3160 2120 3252 2164 aut
3308 2112 3490 2179 p'ures

1922 2190 2114 2245 littera:
2147 2204 2416 2261 ponuntur
2445 2197 2498 2249 in
2522 2212 2627 2250 uno
2657 2197 2798 2261 loco,
2830 2214 2894 2251 ex
2925 2200 3201 2266 superiore
3228 2201 3489 2270 interpre-

1921 2283 2139 2350 tatione,
2182 2288 2519 2356 maximeque
2568 2287 2679 2352 illa,
2710 2303 2869 2358 quam
2896 2289 2963 2343 de
2992 2291 3020 2341 b
3045 2291 3172 2354 dixi,
3206 2293 3327 2360 quid
3381 2294 3487 2345 sibi

1919 2374 2087 2427 velint
2114 2376 2268 2430 facile
2299 2379 2491 2442 poterit
2516 2377 2742 2430 adverti.
2770 2377 3011 2433 Salutant
3039 2391 3089 2434 te
3118 2381 3326 2435 Eilinici
3370 2383 3475 2436 fra-

1924 2473 2054 2530 tres,
2096 2476 2381 2520 monentes
2411 2478 2463 2521 te
2496 2468 2609 2520 fieri
2632 2468 2698 2522 de
2751 2470 2954 2522 ratione
2984 2473 3281 2526 cmbulismi
3331 2473 3494 2527 trien—

1921 2554 2023 2618 nis,
2076 2565 2132 2608 ut
2187 2557 2389 2626 absque
2417 2572 2599 2611 errore
2635 2573 2834 2626 gnarus
2878 2574 2998 2613 esse
3055 2561 3230 2617 valeas
3282 2563 3497 2618 bienuis

1919 2656 2232 2716 contempto
2258 2649 2748 2718 pretiodivitiarum
2781 2650 2995 2707 Xerxis.

1918 2860 2218 2901 sermonem
2248 2863 2408 2915 super
2434 2849 2630 2915 Evang.
2684 2843 2814 2901 Ecce
2842 2865 2934 2902 nos
2966 2848 3262 2918 reliquimus
3292 2852 3483 2915 omnia,

1918 2921 2006 2983 qui
2049 2930 2100 2988 et
2134 2920 2364 2971 humilia:
2412 2920 2529 2972 loco
2577 2922 2766 2988 legitur
2821 2933 2873 2972 in
2927 2919 3209 2973 festivitate
3238 2923 3355 2985 ejus
3386 2926 3484 2974 sub

1922 2986 2137 3041 nomine
2161 2989 2355 3051 Bedns;
2410 2989 2549 3056 quod
2597 2986 2773 3042 tamen
2807 2988 2889 3041 vix
2942 2989 3149 3043 videtur
3197 2990 3486 3043 admitteno

1920 3056 2067 3119 dunt,
2117 3057 2217 3111 nisi
2246 3058 2390 3110 dicas
2419 3073 2541 3111 eum
2569 3069 2888 3119 mutuatum,
2942 3059 3160 3112 mutatis
3205 3062 3492 3113 mutandis.

1925 3125 2063 3179 Beda
2095 3136 2269 3179 tamen
2321 3142 2648 3196 nequaquam
2703 3129 2946 3195 indignus
2974 3138 3057 3180 est
3093 3144 3293 3181 sermo.
3348 3132 3495 3183 Scri-

1834 3184 1880 3247 C
1915 3194 2135 3279 “Iliade
2163 3211 2228 3250 eo
2242 3184 2971 3279 ‘l‘icfltittltliuanontractusi.
2989 3206 3205 3279 εειιςςυς
3228 3197 3492 3278 Nouimus

222 3282 396 3337 grados
427 3281 564 3343 vini,
606 3292 708 3335 etc.
734 3278 947 3341 Latine,
990 3279 1221 3343 Scotice,
1252 3286 1307 3332 et.
1328 3278 1642 3333 Germanice
1669 3279 1810 3347 loqui

241 3354 364 3403 satis
396 3353 612 3404 doctus.
665 3352 813 3405 Unde
853 3350 1010 3403 etiam
1057 3351 1268 3414 scripsit
1315 3348 1607 3402 orationem
1638 3359 1691 3403 et
1718 3366 1813 3419 gu-

246 3423 531 3473 bernandae
584 3422 831 3475 Ecclesia:
874 3422 1115 3471 lormam.
1166 3420 1295 3472 Cum
1329 3421 1554 3471 Arbonte
1595 3419 1645 3472 in
1678 3420 1812 3473 festo

232 3492 405 3543 sancti
440 3492 715 3544 Michaelis
743 3500 862 3558 pust
887 3504 1118 3550 sacrum.
1142 3502 1207 3542 ut
1235 3487 1479 3551 aitEck.,
1512 3489 1597 3541 ubi
1626 3503 1806 3557 supra,

244 3562 562 3615 concionem
610 3562 903 3623 habuisset,
956 3559 1101 3612 febre
1142 3558 1333 3612 ibidem
1361 3559 1665 3625 corripitur,
1693 3574 1811 3628 qua:

238 3633 396 3683 etiam
430 3646 558 3684 eum
593 3646 687 3695 per
713 3633 823 3684 dies
852 3645 935 3683 xiv
968 3631 1133 3697 magis
1173 3632 1564 3697 ingravescens,
1598 3630 1809 3697 plenum

242 3702 548 3765 sanctitate,
582 3702 875 3755 innumeris
902 3700 1102 3751 clarum
1136 3700 1432 3763 miraculis,
1476 3699 1612 3752 inter
1643 3699 1813 3753 diSci-

236 3774 489 3836 pulcrum
522 3785 713 3824 manus
745 3774 794 3823 in
826 3769 1113 3838 parochiali
1159 3769 1318 3822 domo
1348 3771 1626 3835 exstinxit,
1673 3784 1813 3821 anno

241 3857 345 3893 sum
392 3841 574 3895 atatis
612 3840 706 3905 95,
754 3840 952 3894 Christi
1002 3854 1130 3892 vero
1177 3840 1302 3902 6&0,
1358 3840 1618 3893 incolalus
1647 3838 1811 3892 eremi

246 3910 325 3971 id,
345 3914 622 3989 ⁸ειιινςιιριιις
646 3913 741 3989 sui
763 3910 1185 3989 inﬁermaniam
1210 3908 1304 3973 26,
1343 3909 1445 3972 vel,
1474 3911 1614 3989 quod
1645 3909 1815 3988 magis

240 3982 417 4047 credo,
454 3984 524 4037 l3
555 3996 647 4035 aut
684 3982 771 4036 ιιι.
821 3981 929 4035 Nec
979 3981 1118 4033 enirn
1158 3980 1276 4047 lego
1304 3994 1423 4033 eunt
1460 3979 1549 4031 diu
1597 3981 1815 4032 laesisse

240 4050 318 4101 vel
350 4051 633 4115 Tuconize,
659 4053 740 4106 vel
766 4051 995 4107 Arbonae
1021 4067 1034 4113 ;
1071 4050 1350 4118 Brigantiae.
1377 4063 1503 4102 vero
1535 4063 1626 4118 per
1650 4049 1813 4118 trien-

245 4135 381 4173 ιιιιιιιι
409 4136 519 4177 etc.
574 4122 746 4177 Habes
791 4124 859 4176 de
885 4135 953 4175 eo
997 4116 1393 4189 gravissimum,
1426 4131 1546 4173 meo
1587 4116 1812 4187 judicio,

1923 3280 1977 3319 ιιι
2008 3266 2169 3337 libros
2196 3283 2209 3331 ;
2242 3266 2565 3320 Walal’ridus
2588 3267 2800 3337 Strabo,
2844 3268 3025 3337 Augia:
3053 3267 3240 3330 abbas,
3271 3271 3358 3335 qui
3401 3280 3485 3322 est

1920 3336 2058 3404 apud
2106 3339 2337 3401 Sutrium,
2389 3350 2516 3392 tom.
2565 3337 2645 3402 V;
2694 3336 3051 3399 Marcellinus,
3102 3337 3152 3391 in
3190 3337 3301 3391 Vita
3349 3338 3490 3393 Swi-

1922 3406 2055 3460 berti
2085 3418 2268 3462 auctor
2295 3409 2422 3462 Vita:
2445 3408 2610 3462 sancti
2638 3408 2920 3461 Burchardi
2948 3423 2963 3466 ;
2995 3406 3179 3470 Jonas,
3212 3407 3263 3459 in
3294 3419 3480 3461 sancto

1920 3478 2286 3542 Columbano;
2324 3479 2481 3538 Beda,
2515 3488 2694 3530 noster
2726 3478 2880 3529 Pater
2910 3476 3241 3539 Theodorus,
3274 3477 3325 3528 in
3355 3492 3484 3529 san-

1920 3557 2006 3601 cto
2036 3547 2221 3614 Magno
2246 3564 2261 3612 ;
2294 3549 2551 3615 “apertus
2582 3544 2706 3600 item
2742 3547 2895 3599 l’ater
2924 3555 3101 3598 noster
3122 3555 3187 3615 et
3213 3544 3481 3615 Eberhar-

1921 3619 2020 3670 dus
2050 3613 2258 3683 .lunior,
2310 3613 2401 3671 lib.
2450 3615 2902 3679 Benedicti-tuum,
2953 3623 3007 3667 et
3047 3613 3211 3679 alibi;
3262 3614 3481 3669 Trithe-

1924 3688 2085 3750 mius,
2120 3687 2393 3751 Baronius,
2438 3686 2669 3740 Joannes
2700 3684 2957 3748 Leslceus,
3000 3683 3093 3737 lib.
3122 3699 3194 3749 tv,
3230 3683 3279 3737 in
3310 3684 3485 3738 Clien-

1919 3770 2043 3810 neto
2072 3773 2217 3828 rege.
2264 3756 2655 3828 MartyrolOgia
2682 3770 2816 3825 pene
2841 3753 3040 3808 omnia.
3068 3753 3271 3828 _Quem_
3295 3754 3486 3828 merito

1921 3823 2197 3883 Alemanni
2246 3823 2415 3882 suunt
2452 3823 2752 3896 apostolum
2802 3835 3013 3879 vocant.
3067 3823 3193 3877 Haec
3247 3823 3481 3879 Jodocus

1921 3900 2223 3956 Metzlerus.

1992 3981 2019 4007 λ
2049 3972 2177 4036 Qua:
2204 3970 2310 4025 sint
2354 3967 2459 4020 illa:
2489 3966 2675 4019 littera:
2706 3965 3016 4025 Cautnenze.
3050 3978 3154 4016 non
3183 3963 3335 4031 capio
3355 3976 3485 4036 ego,

1925 4034 2149 4098 fideliier
2173 4052 2348 4095 tamen
2372 4039 2634 4103 descripta
2670 4043 2811 4098 sunt,
2835 4049 3163 4103 quneciinqne
3185 4034 3483 4099 sequeban-

1924 4126 2028 4179 tur,
2059 4110 2307 4182 przecedit
2328 4118 2529 4172 autem,
2553 4101 2755 4159 litania
2794 4101 3089 4159 Auiilium.
3124 4101 3257 4157 Cur.

329 4257 3491 4295 _______________________________..___.___.__.

1501 4402 1777 4479 ΝΟΤΑ
1825 4394 2238 4476 CANISII.

312 4620 375 4673 Ut
404 4614 674 4684 intelligas
702 4610 821 4682 Quis
865 4609 949 4684 hic
988 4608 1272 4673 Notkerus,
1324 4618 1383 4684 et_
1427 4624 1543 4684 quae
1574 4610 1680 4684 sint
1737 4614 1817 4665 Ine
1843 4609 1896 4668 D
1923 4592 2365 4684 amiggcltitlgﬂ

240 4693 457 4742 musica:
518 4678 758 4745 litt'eraz',
826 4679 1140 4746 subiungam
1201 4694 1319 4747 qua:
1371 4678 1531 4733 habet
1580 4679 1813 4734 Jodocus

241 4761 565 4813 lletzlerus:
600 4751 864 4806 Notkerus
896 4760 1114 4803 vocatus
1137 4748 1411 4813 Balbulus.
1458 4751 1627 4818 Magni
1663 4748 1813 4804 Otto-

242 4832 319 4883 nis
350 4841 543 4894 nepos,
572 4832 725 4894 natus
751 4822 802 4874 in
825 4828 999 4894 castro
1027 4819 1307 4894 lleiligovv,
1338 4819 1527 4894 abbati
1572 4818 1813 4873 Grimat-

241 4904 307 4952 «ιυ
336 4889 556 4950 oblatus
584 4903 667 4947 est
694 4890 1031 4958 juvenculus,
1077 4904 1211 4943 voce
1266 4889 1534 4952 balbulus,
1586 4904 1813 4956 corpore

240 4968 472 5037 gracilis,
525 4959 1254 5037 adurepentinatimidulus,
1300 4960 1429 5013 solis
1482 4960 1812 5037 dzenionibus

241 5026 499 5104 Exceptis,
526 5026 730 5102 quibus
750 5044 807 5104 se
836 5027 1085 5104 audacter
1106 5028 1314 5104 occulte
1341 5038 1394 5082 et
1420 5026 1710 5104 manifeste
1732 5030 1812 5081 in-

241 5098 557 5161 festantibus'
576 5100 898 5170 opponebat.
922 5098 1144 5152 Auditor
1170 5099 1448 5170 istudiosus
1464 5098 1563 5170 fuit
1578 5098 1744 5153 lsonis
1764 5106 1819 5152 et

242 5177 493 5230 Marcelli.
531 5175 584 5227 ln
616 5169 840 5234 orando,
875 5170 1117 5236 legendo,
1150 5169 1407 5222 dictando.
1421 5169 1626 5235 creber,
1659 5177 1731 5231 et,
1760 5177 1817 5221 ut

245 5251 401 5300 verbo
453 5248 652 5306 dicam,
707 5255 833 5294 vere
884 5239 1052 5292 sancti
1108 5239 1338 5307 Spiritus
1372 5238 1467 5292 fuit
1514 5238 1811 5301 vasculum,

244 5318 333 5368 luit
385 5317 546 5368 etiam
599 5311 898 5381 prophetia:
951 5310 1138 5373 spiritu
1193 5309 1428 5381 plenum.
1480 5307 1694 5381 Nescias
1743 5321 1809 5359 an

244 5386 401 5452 magis
428 5378 638 5437 mireris
678 5378 992 5452 genus,__au
1044 5380 1370 5452 doctrinam,
1416 5392 1483 5431 an
1533 5378 1806 5452 virtutem.

245 5446 444 5507 Priinus
472 5446 749 5506 adinveriit
783 5448 983 5515 jubilos
1010 5464 1103 5503 seu
1133 5448 1438 5516 sequentias
1487 5446 1805 5509 modulatas,

244 5539 367 5586 quas
394 5526 507 5591 ipse
551 5524 621 5577 ad
666 5517 1077 5591 distinctionem
1133 5518 1449 5591 Metensium
1506 5516 1806 5591 appellabat

247 5586 496 5662 Frigdorre
526 5604 621 5648 aut
641 5589 1046 5662 Occidentales,
1068 5603 1200 5662 quas
1221 5589 1449 5662 ethinter
1465 5586 1802 5662 sanetissima

248 5656 473 5733 mysteria
505 5664 668 5723 toties
711 5657 956 5715 Ecclesia
1002 5660 1219 5728 repetit.
1278 5656 1595 5712 Dilucidavit
1640 5657 1799 5711 etiam

2643 4589 2935 4654 alphabeti,
2984 4601 3115 4653 quas
3165 4585 3484 4655 quibusdam

1923 4665 2117 4720 notulis
2169 4663 2577 4730 antipbunarum
2610 4661 2887 4713 attinxerat
2922 4659 3189 4730 Romanus
3216 4656 3480 4730 quidam,

1915 4740 2096 4804 quiab
2126 4725 2361 4804 Adriano
2416 4731 2662 4804 pa‘padad
2718 4730 3019 4804 instantiam
3073 4726 3253 4804 Caroli
3308 4725 3483 4796 Magni

1914 4795 2100 4860 cantor
2151 4802 2413 4857 Ecclesias
2456 4795 2743 4854 Galliarum
2793 4799 2843 4851 in
2875 4805 3030 4852 cantu
3059 4795 3123 4849 ad
3177 4795 3486 4864 primmvum

1914 4877 2132 4928 modum
2188 4872 2577 4940 Gregorianum
2637 4868 2923 4940 reducebat
2979 4866 3309 4940 aberrantes.
3374 4868 3477 4940 Qui

1914 4943 2185 4998 Romanus
2233 4937 2411 5009 postea
2445 4942 2494 4993 in
2529 4938 2850 4992 monasterio
2879 4938 3093 5009 morbo,
3114 4937 3357 5009 primum
3384 4938 3480 4992 de-

1914 5023 2109 5075 tentus,
2132 5007 2350 5067 omnino
2372 5011 2530 5065 etiam
2558 5009 2779 5076 jubente
2806 5007 2999 5061 Carolo
3027 5007 3098 5060 ibi
3124 5007 3297 5060 btesit.
3333 5007 3479 5061 Prte-

1925 5093 2005 5138 ter
2030 5084 2120 5138 illa
2154 5098 2277 5153 quat
2309 5081 2415 5153 hic
2460 5081 2772 5153 editasunt,
2822 5077 3039 5153 scripsit
3080 5077 3145 5153 de
3189 5079 3480 5153 expositio-

1922 5153 2079 5208 nibus
2105 5145 2273 5208 εαξη-ἐρ
2300 5150 2586 5219 Scripturm
2611 5150 2700 5203 lib.
2734 5166 2748 5204 ι
2784 5167 2796 5201 :
2832 5146 2958 5201 Cum
2992 5146 3230 5219 prudens.
3261 5145 3342 5219 pe
3366 5161 3483 5198 mu-

1919 5224 2028 5277 sica
2060 5233 2117 5279 et
2141 5216 2454 5293 symphonia
2486 5220 2609 5293 lib._
2631 5235 2693 5293 t;_
2725 5219 3082 5293 epistularum
3118 5216 3182 5268 ad
3241 5216 3486 5293 diversos
3582 5230 3587 5233 -

1918 5292 2013 5347 lib.
2043 5311 2055 5348 ι
2086 5312 2100 5358 ;
2134 5283 2200 5348 de
2231 5283 2346 5346 Vita
2377 5292 2543 5344 sancti
2572 5283 2823 5343 Fridolini
2853 5289 2975 5341 abb.
3029 5287 3168 5358 Itb._t
3201 5300 3216 5345 ;
3247 5286 3315 5338 de
3366 5283 3485 5358 Yita

1914 5352 2270 5426 sanctiGalli,
2300 5363 2389 5414 lib.
2418 5377 2496 5424 ut,
2519 5359 2968 5429 Martyrologium,
2989 5365 3043 5429 et
3067 5356 3179 5429 alia
3201 5352 3481 5429 nonnulla.

1914 5431 1993 5488 Ex
2022 5435 2209 5488 Graeco
2257 5421 2416 5487 vertit
2467 5421 3105 5496 libros'perihermenias
3152 5421 3481 5496 Aristotelis.

1911 5503 2240 5558 Perlitteras
2283 5498 2573 5557 sciscitanti
2625 5491 2799 5551 abbati
2829 5494 3078 5564 Augiensi
3118 5491 3290 5561 qualis
3339 5502 3485 5547 esset

1907 5573 1961 5629 in
1993 5574 2090 5628 hac
2114 5578 2325 5642 regione
2349 5581 2510 5636 terra,
2536 5568 2841 5637 respondit:

2032 5667 2163 5716 Dura
2184 5668 2323 5724 viris,
2347 5673 2397 5714 et
2421 5663 2538 5712 dura
2560 5661 2676 5722 tlde,
2701 5660 2956 5709 durissima
2979 5655 3141 5720 gleba.
