4002 6350
184 348 245 411 Μ
637 350 1138 407 ΕΡΙΟΒᾹΜΧΙΑΤΑ
1178 346 1303 405 SEU
1351 345 1558 403 HYMNI
1599 340 1796 400 SACRI
1845 341 2070 406 ANTIO.
2116 341 2395 399 PATRUM
2439 343 2600 400 ΜΘΝ.
2642 344 2698 400 S.
2738 343 2964 399 GALLI.
3350 336 3420 392 ΑΞ

443 460 701 520 Occurrat
729 477 898 518 ovans
927 463 1188 518 caelitum.
1781 458 1826 519 Α
2213 456 2398 525 litijus,
2433 457 2644 512 Christe
2672 468 2848 513 rector
2873 461 3032 521 alme,

520 555 715 610 Intacta
753 554 950 609 Christi
982 555 1210 622 geniti-ix
2136 547 2312 602 Plebis
2343 560 2464 604 vota
2495 551 2729 617 suscipe,

445 644 607 699 Mater
638 645 838 698 honora
868 643 1152 713 virginum,
2131 643 2230 708 Qui
2263 642 2538 710 plasmasti
2566 643 2952 710 protoplastum

447 737 680 793 Chorum
713 739 964 805 pudicum
996 741 1224 802 socians,
2137 734 2206 790 Ut
2234 750 2398 804 genus
2427 735 2773 805 gignentium.

441 829 558 886 Tibi
592 831 844 900 procedat
874 832 1109 885 obviam.

523 922 880 993 Agonothetze
900 924 1147 992 apostoli,

452 1013 735 1069 Victoriosi
768 1027 1052 1087 martyres,

448 1105 754 1172 Omnesque
784 1107 955 1159 sancti
987 1106 1225 1170 ordines,

375 1180 378 1181 ν
452 1193 676 1264 Semper
705 1203 896 1250 vocent
923 1205 974 1250 te
1004 1195 1250 1250 laudibus

2207 865 2311 918 Fac
2342 866 2391 919 in
2423 873 2558 920 terra
2588 865 2747 920 fontis
2777 864 2933 932 hujus

2130 952 2406 1010 Sacratum
2433 955 2763 1026 mysterium,
2801 971 2814 979 ·

2133 1041 2234 1108 Qui
2266 1044 2514 1110 proﬂuxit
2541 1059 2661 1098 cum
2690 1059 2882 1099 cruore

2137 1127 2298 1184 Sacra
2328 1127 2523 1184 Christi
2548 1145 2792 1199 corpore.

526 1260 634 1342 ηδε
665 1298 761 1355 Ρη)
790 1295 930 1342 sum
963 1287 1106 1355 parvi
1138 1289 1260 1352 loci,
2136 1350 2164 1355 ῃ
2212 1260 2364 1355 hlitle
2393 1272 2633 1316 sanctum
2666 1277 2805 1316 nunc
2835 1262 3111 1315 attthorum

455 1350 851 1444 “eique-modo
881 1350 1148 1446 pauperis,
1249 1350 1253 1352 Ὗ
2134 1350 2387 1422 Spiritum
2418 1355 2733 1423 paraclitum

456 1467 724 1524 Latantes
754 1469 843 1540 pio
874 1445 1101 1523 Domino

2142 1445 2196 1498 In
2226 1446 2360 1500 hanc
2391 1447 2624 1516 plebem,
2654 1464 2811 1517 quam
2843 1457 3109 1504 recentem

448 1535 796 1614 Occ'u'rrimus
820 1555 873 1612 in
897 1561 1166 1614 omnibus.
1599 1575 1613 1587 ι
2134 1535 2276 1593 Fons
2304 1539 2546 1607 baptismi
2579 1540 2824 1609 βπιυτίιο

523 1649 649 1704 ιιωο
678 1649 790 1718 ipsa
815 1650 1049 1720 gaudent
1078 1651 1338 1719 tempora,

450 1740 716 1810 Fl‘dreque
742 1751 909 1795 verno
936 1743 1239 1810 germinant

441 1833 719 1888 Adventus
746 1833 893 1887 omni
924 1835 1138 1902 gaudio,
1779 1826 1828 1889 Β

447 1926 677 1995 Quando
701 1927 846 1982 venit
873 1927 1127 1996 optatior.

2214 1675 2434 1743 Praesta,
2468 1677 2639 1733 Patris
2664 1688 2820 1744 atque
2856 1680 2971 1733 Nati

2138 1764 2389 1835 Compar,
2419 1778 2603 1823 sancte
2641 1769 2890 1835 Spiritus,

2138 1857 2206 1913 Ut
2237 1868 2286 1913 te
2316 1860 2485 1914 solum
2513 1876 2724 1929 semper
2752 1862 2895 1916 ontni

2135 1947 2425 2020 Diligamus
2457 1961 2718 2022 tempore.

451 2079 684 2150 Ruperti
711 2080 780 2134 ad
799 2081 1024 2152 reginam
1054 2080 1460 2151 suscipiendam.
1959 2149 1968 2155 1
2205 2084 2314 2140 Rex
2344 2097 2646 2142 sanctorum
2678 2089 2987 2158 angelorum

194 2221 344 2269 Aurea
374 2218 461 2268 lus
492 2218 670 2278 terrm,
697 2212 1021 2268 demiiiatrix
1053 2212 1268 2284 inclyta,
1298 2205 1468 2276 salve,
2136 2175 2327 2232 Tom"
2359 2180 2611 2236 mundum
2649 2181 2862 2250 adj'm‘

253 2307 368 2372 Qua
390 2305 641 2359 domibus
672 2303 874 2359 nostris
906 2321 1048 2358 nunc
1077 2303 1350 2359 benedicta
1383 2303 1552 2358 venis.

197 2394 340 2466 Larga
371 2406 591 2452 maneto
619 2397 726 2450 tuis
756 2412 970 2466 semper
999 2395 1294 2450 clarissima
1323 2384 1515 2459 servis,
1703 2471 1713 2484 Ι

1895 2357 2107 2415 Notkeri
2135 2359 2373 2433 Magistri
2394 2374 2724 2446 cognomento
2756 2365 2964 2420 Balbuli
2993 2367 3176 2421 [itania
3207 2369 3391 2439 rhyth-

2583 2452 2733 2489 rmca.

256 2490 342 2554 Qui
376 2489 466 2542 tibi
499 2497 681 2542 mente
707 2496 924 2552 canunt,
953 2503 1169 2541 carmen
1202 2497 1255 2541 et
1280 2502 1372 2540 ore
1418 2489 1614 2540 lerunt.
1689 2475 1753 2542 Α.
2583 2475 2733 2489 """'°

199 2581 305 2634 Plus
332 2582 486 2636 hodie
518 2581 685 2637 solito
716 2582 890 2636 radiat
921 2583 997 2635 sol
1030 2582 1203 2635 clarus
1236 2581 1286 2634 in
1319 2575 1448 2646 aito,
1862 2590 2010 2647 Votis
2040 2593 2367 2663 supplicibus
2393 2609 2552 2650 voces
2574 2611 2736 2665 super
2777 2606 2921 2652 35m
2956 2598 3210 2664 feramus,

261 2674 483 2743 Cumque
512 2678 709 2729 serena
739 2676 891 2728 venis
919 2674 1100 2728 nubila
1128 2670 1317 2728 cuncta
1347 2669 1494 2727 teris.
1575 2671 1639 2741 ρ.

1927 2683 2126 2742 Trihus
2156 2695 2212 2742 ut
2238 2697 2291 2743 et
2319 2688 2546 2758 simplex
2575 2705 2671 2743 nos
2699 2701 2850 2760 regat
2893 2691 3250 2760 omnipotens.
3332 2692 3437 2762 Eg.

204 2765 421 2854 Floribus
449 2783 579 2823 arva
610 2767 802 2833 nitent,
835 2767 958 2837 Quia
992 2777 1042 2820 te
1074 2782 1172 2821 nos
1202 2766 1376 2820 visere
1401 2774 1648 2831 cernunt,

1860 2776 2055 2834 Sancte
2087 2778 2263 2844 Pater,
2292 2780 2481 2849 adjuva
2512 2795 2629 2837 nos.
2663 2781 2855 2835 Sancte
2885 2782 3004 2847 Fili,
3036 2783 3224 2849 adjuva
3251 2797 3365 2838 nos.

263 2853 461 2915 Fetibus
491 2871 658 2929 atque
687 2861 859 2914 solum
889 2860 1152 2927 germinat
1179 2874 1335 2912 omne
1365 2859 1586 2912 bunum.
1662 2856 1726 2910 Α.

1933 2867 2164 2939 Compar
2193 2871 2274 2924 his
2295 2881 2348 2924 et
2373 2871 2621 2938 Spiritus,
2641 2881 2812 2939 ungue
2834 2886 2929 2923 nos
2955 2872 3290 2925 intrinsecus.
3320 2871 3439 2925 Vat.

205 2948 362 3003 Gloria
393 2951 694 3019 magniﬁcae
725 2950 951 3004 rutilans
981 2951 1276 3004 celsissimo
1310 2948 1514 3015 Romae,

1864 2961 2055 3020 Sancta
2090 2963 2252 3034 Virgo
2281 2965 2568 3032 virginum,
2604 2965 2768 3019 Str-lla
2803 2965 2986 3027 maris,
3021 2965 3203 3030 Maria,

258 3043 421 3113 Atque
448 3044 608 3096 italos
636 3043 796 3096 radiis
822 3045 988 3097 comis
1019 3057 1227 3097 ammna
1257 3044 1381 3098 tuis.
1461 3043 1526 3107 ρ.

1935 3055 2013 3108 Tu
2043 3069 2138 3124 pro
2167 3054 2318 3110 nobis
2350 3054 2631 3108 Dominum
2661 3054 2762 3109 Ora
2795 3055 3062 3108 Christum
3097 3054 3304 3108 Filium.
3350 3051 3443 3108 Tr.

201 3137 256 3186 Δι
284 3133 366 3185 tibi
395 3147 455 3188 se
487 3133 743 3186 famulam
780 3132 978 3200 prmbet
1006 3132 1291 3186 Germania
1334 3133 1512 3199 lidam,

1790 3179 1837 3243 ϐ
1865 3146 2096 3203 Sunium
2119 3147 2266 3202 sedis
2296 3147 2558 3213 minister,
2589 3147 2718 3214 Quis
2751 3158 2804 3200 ut
2838 3147 2976 3202 Detts
3007 3147 3265 3200 Michael?

261 3224 454 3292 Sa-pius
481 3233 537 3278 et
570 3224 702 3277 [acie
730 3232 784 3278 te
812 3225 958 3292 copit
978 3225 1235 3293 aspicere.
1314 3225 1377 3277 Α.
1791 3224 1837 3243 ⁸⁵

1833 3224 1837 3242 ’
1938 3237 2070 3292 Cum
2102 3238 2348 3309 supernis
2366 3239 2594 3304 civilius,
2627 3241 2695 3292 sit
2725 3239 2875 3291 nobis
2897 3237 3154 3308 pr-Opitius
3177 3239 3238 3291 Κ.
3263 3239 3302 3292 L
3353 3237 3413 3290 Tr

200 3312 404 3368 Caesaris
437 3316 554 3383 ipsa
583 3316 771 3381 decus,
805 3315 1119 3382 populorum
1148 3317 1372 3384 corrigis
1410 3325 1585 3383 actus,

1568 3359 1585 3383 ι
1869 3329 2050 3386 Prmco
2079 3330 2276 3384 Christi
2309 3329 2560 3394 Joannes,
2592 3330 2726 3399 Agni
2759 3330 2848 3384 Dei
2879 3341 3145 3394 ostensor,

261 3405 500 3460 Pluribus
530 3415 585 3460 et
617 3407 804 3460 validis
834 3407 1144 3474 imperitans
1170 3409 1399 3475 pupulis.
1478 3407 1544 3474 ρ.

1940 3422 2314 3490 Redemptoris
2341 3422 2692 3490 Baptism,Tu
2725 3437 2821 3476 nos
2854 3422 2960 3475 Deo
2979 3421 3314 3475 commenda.
3347 3420 3439 3474 Vn.

202 3491 327 3547 hunc
348 3498 468 3550 sine
502 3497 609 3551 line
640 3496 778 3560 vale,
813 3497 1076 3550 miserans
1105 3509 1156 3551 et
1185 3506 1362 3551 nostra
1396 3506 1569 3562 tuere,

1567 3542 1569 3554 ι
1867 3513 2062 3570 Sancte
2093 3513 2270 3576 Petre,
2299 3523 2351 3566 et
2379 3513 2558 3572 Paule.
2590 3513 2871 3579 cunctique
2899 3513 3147 3579 apostoli,

257 3586 327 3641 Sit
357 3588 458 3643 tibi
484 3604 676 3660 magna
701 3589 868 3655 Salus.
899 3591 1031 3656 laus,
1063 3590 1252 3656 honori
1285 3600 1441 3662 autne
1470 3591 1658 3647 dctus.
1943 3604 2048 3658 Vos
2077 3615 2227 3657 orate
2259 3619 2352 3671 pro
2383 3601 2573 3655 Vesltis
2614 3601 2930 3655 Christianis
2960 3601 3184 3670 populis.
3235 3600 3443 3655 Trinus.

1879 3695 2045 3752 luucti
2068 3705 2253 3750 sancto
2283 3695 2576 3764 Stephano,
2610 3695 2844 3748 universi
2878 3708 3159 3766 martyres,

1944 3789 2124 3843 Estote
2145 3787 2344 3842 auxilio
2367 3787 2561 3856 populo
2585 3787 2867 3842 catholico.
2901 3786 2962 3841 V.
2991 3789 3046 3841 L.
3079 3787 3146 3842 Κ.

1872 3878 2068 3935 Sancte
2100 3877 2269 3942 Galle,
2304 3891 2588 3941 succurre;
2622 3889 2802 3932 sancte
2832 3877 3106 3940 Othmare,
3135 3877 3379 3939 subveni,

1943 3969 2070 4035 Nos,
2100 3985 2221 4024 cum
2261 3968 2676 4035 eonfessorihus,
2713 3969 3026 4037 Adjuvando
3051 3970 3316 4037 precibus.
3351 3967 3444 4024 Tr.

1871 4060 1917 4118 0
1941 4070 2141 4131 martyr
2172 4061 2441 4124 Felicitas,
2464 4060 2672 4114 Cohors
2693 4071 2849 4129 atque
2875 4061 3162 4131 virginum,

1946 4153 2218 4207 Postulate
2244 4169 2337 4222 pro
2379 4154 2531 4208 nobis
2561 4153 2852 4220 majeStatis
2877 4153 3179 4207 Dominum.
3219 4151 3382 4206 Votis.

1871 4242 2072 4299 Omnes
2093 4244 2261 4298 sancti
2290 4243 2517 4308 Domini,
2542 4244 2726 4311 Augeli
2749 4256 2801 4297 et
2826 4244 3088 4309 homines,

1953 4335 2056 4390 Vos
2085 4335 2150 4388 ad
2175 4350 2332 4390 aures
2353 4335 2580 4399 divinas,
2609 4335 2740 4389 ferte
2765 4350 2948 4404 preces
2975 4335 3206 4390 sedulas.
3242 4335 3449 4390 Trinus.

1880 4425 1946 4482 Ut
1975 4426 2126 4483 nobis
2155 4429 2402 4483 remis~io
2431 4439 2767 4494 peccatorum
2803 4428 3050 4494 donetur,

1947 4522 2101 4576 Aeris
2134 4520 2441 4589 temperies,
2473 4521 2758 4590 Terrchue
2787 4521 3048 4574 fertilitas.
3109 4520 3177 4574 Κ.

1879 4613 2071 4668 Pacem
2105 4612 2258 4667 nobis
2287 4613 2536 4681 imploret
2565 4623 2738 4666 vestra
2771 4610 3104 4674 intercessio,

1949 4705 2243 4761 Sanitatem
2273 4719 2581 4773 corporum,
2621 4704 2681 4756 Et
2713 4717 2944 4770 perenne
2970 4703 3239 4771 gaudium.
3286 4702 3352 4757 Κ.

1880 4797 1948 4854 Ut
1979 4798 2170 4852 [amem
2196 4807 2248 4850 et
2281 4795 2448 4849 morbi
2482 4797 2609 4861 vim,
2644 4796 2906 4848 Amovere
2935 4796 3185 4866 dignetur

1948 4890 2296 4958 Omnipotens
2329 4888 2602 4954 Dominus,
2632 4888 2867 4943 obtinete
2911 4890 3176 4958 precibus.
3225 4889 3384 4945 Votis.

1882 4975 1946 5036 Ut
1970 4978 2196 5032 saviens
2222 4978 2449 5048 gladius,
2475 4978 2540 5032 Et
2568 4991 2800 5048 paganus
2833 4979 3077 5048 pepulus,

1953 5068 2262 5136 Depellatur
2291 5084 2320 5122 a
2352 5067 2527 5134 nobis,
2559 5054 2633 5124 Te
2661 5084 2928 5139 rogamus,
2965 5070 3208 5126 Domine.
3247 5070 3456 5125 Trinus.

1883 5156 1951 5212 Ut
1979 5167 2248 5227 pastorem
2282 5161 2439 5214 tueri.
2474 5159 2726 5215 Nostrum
2760 5161 2889 5213 velis
2917 5170 2967 5214 ct
2995 5161 3218 5225 clerum,

1951 5250 2150 5306 Omnes
2171 5252 2329 5306 simul
2355 5268 2592 5318 oramus,
2615 5253 2738 5307 Jcsu
2774 5252 2936 5322 (Tm,
2966 5255 3085 5308 audi
3121 5270 3240 5310 nos.
3284 5255 3350 5308 It’.

1884 5343 1951 5399 Ut
1979 5358 2077 5398 rex
2103 5354 2286 5399 noster
2312 5330 2686 5408 Cltuonradus,
2723 5346 2854 5415 Ejus
2880 5355 2931 5399 ct
2963 5347 3248 5410 exercitus,

1955 5435 2089 5492 Hinc
2108 5445 2164 5492 et
2184 5432 2308 5492 inde
2328 5447 2592 5504 servetur,
2615 5439 2840 5492 Oramus
2868 5438 3026 5500 ams.
3062 5438 3181 5492 audi
3210 5451 3326 5492 nos.
3363 5436 3459 5490 l'o.

670 3766 749 3819 Ad
771 3765 1062 3822 descensum
1093 3768 1270 3832 fontis.

542 3919 652 3974 Rex
684 3930 990 3975 sanctorum
1016 3923 1324 3992 angelorum

482 4010 666 4064 fotum
699 4012 950 4065 mundum
983 4012 1192 4082 adiuva.

540 4104 644 4157 Ora
673 4104 899 4170 primum
933 4115 983 4158 ιιι
1016 4121 1114 4174 pro
1144 4105 1294 4160 nobis

468 4194 632 4263 Virgo
666 4206 836 4250 mater
859 4198 1150 4265 germinis;

467 4287 538 4340 Et
569 4287 810 4342 minister
835 4287 1005 4342 Patris
1035 4290 1253 4354 summi,

463 4377 698 4431 Ordines
727 4378 976 4447 angelici.

535 4469 846 4537 Supplicate
875 4470 1090 4526 Christo
1121 4454 1274 4541 Regi,

465 4560 655 4615 Castus
679 4563 960 4631 apostolici
987 4580 1000 4628 ;
1804 4569 1854 4632 D

471 4651 858 4720 Supplicetque
889 4670 982 4723 per
1013 4670 1324 4724 magnorum

466 4743 696 4812 Sanguis
728 4744 877 4798 fusus
905 4757 1203 4817 martyrum

545 4833 737 4889 Sancte
767 4836 941 4901 Galle,
978 4835 1133 4892 Pater
1161 4838 1320 4904 alme,

475 4923 590 4977 Tuo
619 4925 699 4980 [ac
723 4929 986 4992 oramine,

471 5016 588 5080 Quo
614 5016 862 5084 dignetur
894 5022 976 5074 his
1005 5022 1206 5077 testivis

475 5106 737 5162 Interesse
764 5110 996 5178 gaudiis.

548 5199 855 5270 Implorate,
897 5205 1256 5272 contessores,

479 5289 845 5362 Consunzeque
875 5297 1106 5364 virgines
1123 5341 1136 5362 ,

483 5379 626 5449 Quod
657 5385 884 5441 donetur
915 5404 1119 5457 magna:
1151 5377 1303 5445 nobis

483 5475 710 5545 Tempus
740 5480 1105 5548 indulgentiae.

2774 5252 2918 5262 ——-—

2868 5438 3010 5445 ____

544 5565 744 5620 omnes
771 5573 944 5623 sane”
977 5581 1134 5637 atque
1160 5573 1289 5641 ius“
1885 5549 1950 5606 Ut
1975 5564 2166 5606 cruore
2189 5549 2525 5618 redemptum
2559 5549 2800 5603 Pretioso
2829 5548 3075 5616 populum

485 5657 588 5713 vos
616 5675 900 5729 precamur
927 5668 1128 5730 comm,
1161 5637 1177 5641 ⁷
1953 5640 2286 5695 Conservam
2302 5638 2560 5708 digneris,
2582 5639 2805 5693 Oramus
2827 5639 3056 5703 Christe,
3082 5637 3201 5692 andi
3224 5653 3335 5692 nos.
3373 5638 3461 5691 Τι.

486 5747 551 5802 Ut
580 5761 836 5819 purgetur
861 5757 1064 5808 crimen
1095 5773 1254 5812 omne
1886 5754 2105 5807 Animas
2132 5750 2440 5817 catholicas,
2475 5749 2530 5803 lu
2562 5760 2758 5804 aeterna
2791 5752 2972 5817 requie

480 5837 665 5894 Vestro
694 5844 1082 5901 sublevamine.
1952 5846 2232 5902 Conioveri
2274 5845 2480 5914 jubeas,
2507 5845 2731 5900 Oramus
2757 5843 2992 5908 Christe,
3028 5844 3148 5899 andi
3182 5859 3295 5897 nos.
3331 5844 3395 5894 li'.

492 5943 753 6015 t‘mot.
805 5955 1187 6020 Lxxxt'tt.
3009 5966 3045 6022 2
