4002 6350
563 306 637 364 ιδ

557 428 757 481 Omnes
788 423 882 479 tibi
911 421 1173 479 canimus.
1208 420 1453 478 Universi
1469 419 1797 488 ‘clamantes,

638 516 869 572 Vocibus
887 525 937 571 et
955 514 1227 580 cordibus,
1254 514 1481 568 Oramus
1503 512 1735 576 Christe,
1761 510 1879 566 audi
1914 525 2030 567 nos.
2053 509 2145 576 Tr.

559 610 787 664 Oramus
817 607 1051 669 Christe,
1074 607 1197 660 audi
1226 620 1343 671 nos,
1362 603 1600 670 Christe,
1630 603 2000 670 Christe,audi
2027 617 2145 657 nos.

631 699 981 771 Kyrieleyson
1038 698 1281 755 canimus
1314 737 1331 764 ,
1399 694 1612 751 Christe
1681 696 1898 765 eleyson
1972 692 2150 761 psalli-

1751 784 1916 858 l‘mus.
1959 782 2149 854 Votis.]
2248 784 2484 843 Cernere
2513 802 2653 844 nunc
2681 788 2872 843 faciem
2907 788 3066 843 liceat
3091 791 3286 843 vinulo
3316 789 3598 852 nitentem,

565 954 803 1025 Hymnus
825 952 1034 1008 Notkeri
1058 949 1289 1022 Magistri
1309 957 1640 1025 cognomento
1660 946 1866 1025 Bathuti
1887 945 2149 1025 tle-sancto

647 1025 963 1079 Columbano
993 1024 1060 1077 ad
1084 1018 1324 1094 utrasque
1363 1022 1611 1089 νέομεν-(ιε
1640 1031 1688 1073 et
1715 1020 1782 1071 ad
1819 1018 2048 1071 Laudes.

1612 302 1954 361 APPENDIX
1999 307 2086 361 AD
2129 304 2186 361 S.
2232 305 2433 363 GALLI
2471 308 2782 367 SCRIPTA.’
2916 368 2917 371 η
3093 362 3099 369 ,
3771 307 3837 364 44

914 1181 1091 1235 Nostri
1121 1179 1375 1236 solemnis
1400 1178 1582 1233 smculi

842 1272 1090 1342 Refulget
1118 1270 1234 1325 dies
1262 1268 1485 1339 inclyta,

839 1366 955 1433 Quo
981 1378 1133 1419 sacer
1157 1362 1329 1417 cmlos
1351 1360 1609 1415 Columna

836 1454 1093 1512 Ascendit
1123 1452 1300 1509 ferens
1328 1452 1589 1523 trnphaea.

902 1547 1008 1606 Sed
1038 1546 1345 1615 priusquam
1372 1558 1495 1597 eum
1526 1549 1699 1595 mater

836 1640 891 1696 In
916 1653 1075 1695 auras
1104 1638 1240 1694 lucis
1271 1637 1476 1703 ederet,

837 1736 876 1787 Ε
899 1736 1018 1788 sinu
1047 1732 1213 1786 solem
1247 1728 1518 1799 prospexit

833 1828 1014 1885 Terris
1046 1828 1225 1881 lumen
1253 1822 1576 1887 diffundere,

904 1921 1003 1989 Qui
1032 1928 1148 1990 post
1170 1918 1308 1979 altus
1336 1916 1625 1985 llybernia,

834 2016 1003 2071 Sacro
1032 2013 1254 2068 edoctus
1282 2010 1555 2079 dogmate,

842 2104 1041 2161 Gallica
1070 2119 1198 2159 arva
1228 2102 1417 2157 adiens

842 2198 987 2253 l‘lebi
1013 2197 1237 2251 salutem
1264 2192 1468 2248 tribuit.

914 2288 1063 2359 IEgri
1095 2296 1348 2342 sanantur
1374 2285 1548 2348 ocius,

840 2383 1027 2439 Nautis
1057 2381 1218 2453 [Man
1251 2380 1422 2433 acutis
1450 2376 1471 2447 ]
1503 2373 1748 2447 producit
1771 2370 1976 2435 latices,

841 2476 1008 2531 Piscis
1029 2471 1191 2545 [Ms.,
1220 2471 1410 2541 priscis
1435 2467 1456 2543 ]
1482 2470 1533 2523 in
1566 2482 1717 2523 usum
1748 2466 2042 2536 praebetur,

834 2567 988 2624 Cedit
1015 2565 1184 2620 imber
1217 2579 1246 2617 a
1275 2574 1482 2633 segete.

916 2658 1128 2713 Proietn
1157 2656 1299 2725 capit
1325 2654 1547 2719 sterilis,

829 2750 958 2805 Ales
985 2748 1224 2819 rapinam
1257 2744 1510 2810 reddidit,

840 2841 1001 2897 Fanis
1025 2841 1217 2895 horrea
1244 2842 1528 2907 augentur.

838 2933 1088 2989 Abscissa
1117 2942 1244 2986 caro
1264 2941 1451 2995 sospes
1479 2934 1580 2981 est.

908 3024 1106 3080 Tactus
1131 3021 1283 3085 vidit,
1306 3033 1405 3074 nec
1433 3013 1699 3081 cernitur,

837 3115 1013 3172 Sentit
1038 3114 1233 3169 damna
1263 3107 1614 3179 ergastulum,

835 3208 992 3278 Fugit
1020 3206 1186 3277 pestis
1213 3203 1280 3258 ab
1320 3202 1554 3263 homine,

835 3301 1003 3368 Quam
1035 3298 1244 3352 daemon
1276 3308 1449 3347 sazvus
1480 3290 1719 3352 miserat,

904 3390 1081 3462 Ligeri
1112 3388 1365 3457 scapham
1398 3386 1612 3452 retinet,

833 3485 1024 3545 Ablato
1053 3482 1191 3537 furto
1224 3480 1508 3551 prodeunt,

834 3574 1131 3642 Cmcusqne
1159 3572 1335 3625 lumen
1365 3568 1576 3637 recipit,

840 3664 1135 3731 Prmbendo
1161 3664 1314 3718 cibus
1337 3672 1586 3732 augetur.

2166 421 2216 480 Λ
2244 420 2324 477 Te
2354 422 2508 479 nobis
2540 422 2791 478 blandum
2823 421 3049 478 dederat
3076 419 3291 477 dilectio
3318 420 3548 489 Christi,

2324 517 2424 584 Qui
2449 526 2659 573 nosmet
2690 525 2831 571 tanta
2865 516 3150 572 sedulitate
3171 516 3341 571 fores.

2252 606 2411 661 Insita
2438 616 2488 662 te
2512 608 2668 662 nobis
2696 608 2906 664 bonitas
2935 616 2991 663 et
3013 617 3199 662 saneta
3229 607 3475 662 voluntas

2324 698 2459 750 Ante
2485 696 2633 753 dedit
2659 697 2883 752 charum
2911 714 3071 767 quam
3101 712 3313 767 quoque
3343 698 3490 752 visus
3517 710 3656 752 eras.

2322 880 2480 946 Optio
2506 880 2648 949 quod
2681 888 2859 934 nostra
2891 895 3033 949 saape
3059 878 3237 949 cupita
3269 877 3385 933 fuit.

2250 970 2360 1024 Rex
2392 971 2648 1025 Dominus
2678 984 2863 1043 regum
2897 970 3087 1037 laetor,
3136 980 3420 1041 rectorque
3449 977 3721 1039 potentum

2318 1065 2417 1129 Qui
2450 1066 2517 1119 de
2550 1074 2765 1119 terreno
2797 1066 3033 1134 prattulit
3062 1065 3305 1134 imperio.

2252 1158 2348 1212 llic
2371 1170 2421 1214 te
2451 1159 2714 1214 confortet
2738 1174 2975 1227 semper,
3010 1161 3206 1214 virtute
3232 1159 3500 1229 polorum,

2323 1251 2384 1303 Et
2414 1264 2596 1305 secum
2628 1265 2793 1322 regno
2821 1250 3059 1305 lmtilicet
3092 1265 3309 1320 supero.

2744 1384 3109 1454 Wuldrammi,
3139 1386 3343 1442 deuani.

2251 1493 2359 1546 Rex
2387 1492 2686 1560 benedicte,
2721 1497 2859 1563 veni,
2895 1498 3074 1553 visens
3104 1497 3402 1553 habitacula
3427 1494 3568 1552 Galli

2317 1586 2562 1640 Otltntari
2596 1588 2754 1644 tectis
2783 1589 3097 1659 accipienda
3120 1591 3314 1645 sacris.

2251 1677 2391 1734 istud
2415 1689 2723 1735 sanctorum
2746 1681 3022 1737 concludit
3063 1681 3228 1737 millia
3263 1682 3542 1750 templum,

2170 1782 2220 1842 Β
2316 1773 2484 1838 Quam
2517 1772 2734 1828 subiens
2760 1774 2956 1839 edem,
2988 1776 3282 1845 experiaris
3313 1790 3495 1843 opem.

2246 1862 2450 1932 Jugiter
2482 1864 2579 1919 ista
2611 1864 2721 1918 suis
2752 1880 2810 1920 se
2830 1875 3012 1920 servet
3033 1867 3182 1921 turba
3210 1867 3307 1919 sub
3332 1866 3456 1931 alis,

2317 1949 2482 2024 Cujus
2513 1952 2783 2023 relliquias
2814 1956 2928 2010 haec
2956 1966 3101 2011 tenet
3124 1957 3239 2011 aula
3274 1958 3408 2026 pias.

2247 2045 2472 2102 Francia
2502 2058 2555 2103 te
2583 2047 2793 2115 Suevis,
2827 2063 2860 2103 ο
2896 2064 3011 2116 rex,
3042 2050 3240 2105 direxit
3261 2050 3490 2116 alendis,

2313 2141 2431 2197 Jam
2460 2158 2682 2212 pecuare
2709 2153 2854 2199 tuum
2879 2160 3037 2215 pasce
3062 2147 3150 2201 diu
3182 2147 3421 2201 viduum.

2248 2232 2496 2299 Noricus,
2530 2244 2584 2288 et
2606 2236 2851 2303 Sclavus,
2885 2237 3170 2302 chanus,
3204 2238 3369 2304 Saxo,
3392 2239 3682 2310 Toringus,

2318 2327 2493 2383 Corde
2521 2338 2739 2385 manent
2762 2330 2927 2386 alacri
2957 2344 3006 2387 te
3029 2332 3339 2387 dominante
3364 2333 3474 2388 sui.

2246 2418 2495 2475 Occiduae
2522 2432 2730 2492 gentes,
2765 2423 3015 2493 Hispania
3041 2465 3055 2489 ,
3083 2423 3251 2481 Gallia
3290 2427 3506 2496 triplex,

2315 2512 2662 2571 Se-studeant
2691 2532 2915 2585 prepere
2944 2518 3047 2573 sub
3070 2528 3157 2575 tua
3186 2532 3396 2589 sceptra
3427 2521 3589 2578 dare.

2248 2604 2419 2662 Italiae
2449 2606 2675 2676 populus
2701 2607 2919 2663 diverso
2949 2611 3209 2678 sanguine
3238 2610 3430 2667 mistus

2320 2699 2400 2752 Ad
2426 2706 2477 2753 te
2504 2698 2789 2768 pigmentis
2814 2698 3154 2771 palliolisque
3182 2712 3324 2757 ruat.
3382 2690 3389 2696 ’

2248 2787 2441 2857 Ebrus,
2514 2788 2919 2858 'l'hermoodon,
2964 2791 3164 2858 Thrax,
3217 2792 3453 2861 Nucltul,
3504 2792 3830 2863 Bosphnrus,

2320 2879 2543 2934 Sutnant
2569 2881 2806 2937 maxillis
2825 2882 2934 2951 jam
2967 2893 3057 2937 tua
3090 2884 3239 2939 frena
3265 2885 3395 2938 suis.
3616 2883 3829 2956 [Ut‘ens,

2252 2964 2358 3020 llos
2384 2966 2520 3022 inter
2544 2969 2771 3037 populos
2802 2971 2972 3025 nostri
2996 2971 3276 3039 miserere,
3302 2970 3624 3028 monarcba.

2320 3059 2687 3113 Commonitus
2715 3059 2822 3114 lido
2851 3076 2880 3113 a
2904 3060 3193 3117 Salomone
3223 3070 3334 3115 tuo.

2173 3162 2218 3224 ρ
2252 3147 2375 3202 Fias
2405 3150 2644 3217 placatus
2681 3151 2855 3217 nobis,
2888 3168 3212 3222 maneasque
3243 3154 3513 3220 misertus,

2316 3240 2462 3308 Quos
2485 3242 2646 3310 stirps
2676 3242 2982 3297 Scottorum
3014 3246 3183 3299 suasit
3213 3245 3267 3300 in
3291 3245 3425 3301 hanc
3455 3256 3720 3301 eremum.

2726 3356 2754 3412 Ι
2763 3368 2881 3422 tem,
2908 3359 2972 3412 de
2992 3376 3095 3427 quo
3117 3376 3279 3430 supra
3307 3364 3355 3414 ⁸³.

2458 3448 2841 3518 lmperatorum
2861 3453 3108 3521 genimen
3133 3462 3408 3521 potentum
3425 3494 3441 3518 ,

2393 3540 2563 3596 Macte
2594 3558 2881 3611 regnorum
2912 3545 3147 3600 novitate
3176 3546 3331 3612 mira,

2389 3634 2612 3704 Semper
2636 3636 2867 3707 antiquis
2897 3637 3124 3703 famults,
3152 3638 3377 3709 benigne

2713 3726 2846 3795 Rex,
2877 3731 3154 3785 miserere.

2460 3817 2696 3874 Francizn
2726 3822 2868 3891 regis
2896 3822 3180 3887 miscuere,
3214 3833 3391 3892 patres

2398 3911 2600 3981 Fulgidi
2632 3914 2770 3983 regis
2795 3913 2996 3978 Karoli,
3026 3930 3122 3983 per
3150 3916 3339 3970 orbem

2389 4004 2498 4060 Nec
2527 4006 2702 4060 minus
2728 4017 2926 4061 matres
2958 4008 3248 4062 Alemanna
3277 4006 3438 4063 tellus

2703 4096 2844 4151 Misit
2871 4096 3125 4151 honoras.

2463 4184 2559 4240 llic
2588 4185 2797 4251 domus,
2832 4185 2931 4240 hac
2954 4193 3036 4241 e~t
3063 4185 3230 4256 patria
3259 4193 3473 4240 creatus

2391 4277 2584 4331 Fautor
2605 4278 2918 4346 Otltmarus,
2946 4276 3267 4333 Benedictus
3292 4277 3449 4345 abba,

2388 4374 2572 4429 Callus
2600 4390 2630 4429 e
2660 4374 2857 4429 Scottis
2888 4375 3113 4429 veniens
3144 4373 3321 4428 beavit

2707 4465 2895 4520 Omnia
2935 4474 3136 4521 nostra.

2464 4556 2725 4612 Barbaros
2755 4568 2986 4619 terrens,
3016 4554 3260 4625 proprios
3291 4551 3490 4620 fovete,

2380 4649 2512 4705 Cutn
2541 4650 2730 4719 quibus
2760 4663 2949 4703 omnes
2979 4649 3214 4703 Orientis
3244 4657 3386 4702 artes

2389 4742 2554 4798 lntmo
2580 4741 2823 4813 quadrati
2853 4741 3136 4811 superabis
3166 4741 3285 4795 arvi

2703 4835 2923 4888 Summa
2952 4834 3033 4888 vel
3061 4834 3185 4887 ima.

2453 4924 2596 4980 Juris
2618 4933 2675 4979 et
2706 4925 2853 4994 pacis
2876 4924 3180 4978 moderator
3208 4937 3412 4991 mqttus,

2389 5019 2703 5088 Tcmperas,
2740 5017 2891 5071 fortis
2920 5017 3098 5085 vigeas
3130 5028 3224 5082 per
3252 5024 3415 5067 omne

2389 5111 2646 5183 Tempus,
2676 5113 2761 5165 hic
2788 5112 3008 5178 degens,
3041 5121 3201 5172 super
3220 5116 3364 5160 astra
3387 5104 3513 5159 caeli

2711 5203 2845 5256 Ilinc
2871 5202 3132 5263 abiturus,

2505 5316 2689 5371 Versus
2722 5313 2952 5382 llatpcrti
2982 5313 3045 5363 de
3066 5317 3243 5363 sancto
3271 5308 3464 5378 Magno
3493 5303 3546 5361 δ.

915 3757 970 3811 In
997 3771 1116 3812 esca
1143 3756 1271 3809 salis
1296 3756 1542 3821 veniunt,

844 3848 977 3905 Fere
997 3848 1162 3917 jussis
1190 3845 1471 3910 obediunt,

848 3941 1005 3996 Fides
1036 3937 1232 4009 patrari
1261 3937 1494 3992 conscia.

846 4034 1003 4091 Novit
1029 4032 1172 4103 quod
1204 4030 1373 4102 possit
1397 4028 1597 4085 omnia.

905 4130 1015 4184 Deo
1048 4126 1187 4182 Patri
1218 4126 1285 4180 sit
1313 4124 1480 4195 gloria

838 4218 1073 4291 Ejusqu'e
1094 4220 1193 4274 soli
1225 4217 1380 4283 Filio,

837 4314 969 4369 Cum
992 4312 1194 4381 Spiritu
1226 4310 1501 4380 paraclylo

839 4407 904 4461 Et
927 4418 1069 4461 nunc.
1096 4404 1219 4458 etin
1253 4412 1586 4473 perpetuum.

913 4501 1109 4555 Amen.
2164 4521 2221 4581 Β

724 4657 909 4712 Versus
939 4651 1246 4710 Ilat‘tmanni
1276 4652 1342 4706 ad
1364 4649 1740 4725 suscipiendum
1767 4663 1957 4719 regem.

555 4807 780 4877 Suscipe
809 4806 1150 4869 clementem,
1185 4802 1338 4872 plebs
1369 4802 1738 4865 devotissima,
1773 4813 1981 4869 regem,

634 4902 853 4968 Ducque
877 4911 1079 4954 canens
1110 4896 1250 4951 Galli
1282 4906 1419 4950 tecta
1447 4895 1547 4950 sub
1573 4894 1681 4948 alta
1710 4894 1806 4962 pii.

558 4997 675 5052 iam
706 4990 988 5048 benedicte
1018 4987 1168 5051 veni,
1197 4997 1371 5043 rector
1391 4986 1704 5056 dignissime
1737 4984 1947 5051 mttndi,

634 5087 863 5142 Dextera
888 5092 939 5137 te
964 5081 1182 5146 Christi,
1219 5089 1459 5149 protegat
1480 5093 1604 5133 arce
1624 5078 1748 5145 poli,

565 5179 787 5235 Actibus
817 5173 869 5230 in
898 5175 1105 5229 cunctis
1136 5174 1231 5229 tibi
1264 5185 1517 5240 prospera
1541 5177 1733 5224 cuncta
1763 5181 1996 5237 superne

638 5267 980 5333 Proveniant,
1010 5264 1147 5318 votis
1174 5274 1226 5318 et
1257 5264 1373 5317 sine
1401 5261 1506 5315 ﬂne
1539 5259 1667 5329 piis.
1942 5258 1949 5265 '

566 5363 679 5419 lloc
708 5374 806 5415 nos
834 5358 1097 5413 instanter
1124 5354 1418 5425 rogitamus
1447 5361 1662 5421 pectore
1699 5350 1831 5422 fido,

644 5453 757 5510 Hoc
787 5452 1015 5524 petimus
1040 5463 1248 5511 omnes,
1279 5455 1434 5500 nocte
1461 5445 1653 5514 dieque
1683 5443 1862 5498 simul.
2461 5429 2588 5484 Mire
2615 5440 2929 5483 cunctorum
2961 5425 3097 5479 Deus
3118 5431 3171 5478 et
3199 5433 3435 5487 creator,

646 5602 673 5629 ι
715 5587 963 5659 Ejusdem
1022 5585 1191 5651 forte,
1248 5580 1555 5645 immediate
1608 5578 1750 5634 enim
1800 5576 1851 5631 in
1912 5573 2010 5659 Ms.
2068 5586 2154 5629 se-
2251 5562 3177 5659 Iheodoro_so:tno‘san.eti_Calli[et

574 5623 963 5732 «ιυῖιυῗηωω
1022 5623 1191 5651 μων,
2069 5623 2149 5725 vi.
2253 5623 2564 5732 Theodorus
2620 5640 2670 5694 in
2715 5638 2964 5707 sepulcro
3003 5636 3175 5692 sancti
3223 5632 3393 5701 Magni
3435 5629 3501 5682 ad
3529 5623 3705 5694 caput
3734 5623 3798 5674 de

644 5712 969 5784 lr’vllabemus
1001 5725 1172 5779 Vitam
1205 5722 1379 5776 sancti
1409 5720 1580 5791 Magni
1615 5734 1679 5773 ex
1705 5719 1801 5773 Ms.
1834 5712 2151 5791 monasterii
2256 5712 2451 5784 posuit.
2483 5713 2613 5768 CAN.

570 5802 740 5858 sancti
805 5800 976 5869 Magni
1027 5798 1079 5851 in
1134 5794 1267 5867 pede
1317 5789 1780 5861 potttis'ttatisp.,
1813 5789 2069 5857 scriptam
2120 5800 2149 5836 a
