4002 6350
638 323 1139 380 EPIGRAMMATA
1184 322 1313 380 SEU
1357 321 1578 382 llYMNl
1618 317 1818 378 SACRI
1853 316 2080 384 ANTIO.
2125 316 2402 374 [’ATRUM
2446 317 2608 375 ΜΟΝ.
2651 319 2707 373 S.
2749 317 2975 375 GALLI.
3366 321 3437 380 ιο

317 439 453 496 Mitis
475 447 524 493 et
549 435 720 503 furtis,
751 436 1008 492 solidator
1034 435 1203 500 orbis,

318 533 442 589 Vota
473 547 746 587 servorum
783 530 875 586 tibi
913 530 1248 584 subditorum

630 624 826 692 Aspice
855 623 1113 678 clemens.

383 717 668 785 Pangimus
685 717 892 770 clarum
920 717 1097 784 cupidi
1128 714 1454 784 triumphum

315 810 486 864 llente
513 808 830 880 gaudentes,
855 807 1014 863 simul
1041 817 1097 864 et
1126 817 1427 877 precantes,

315 904 536 962 Sanctus
564 915 616 958 ut
651 916 890 971 praesens
919 917 1080 969 super
1106 912 1248 957 astra
1277 901 1511 971 gaudens

631 990 739 1048 Nos
759 992 1058 1047 benedicat.

382 1084 476 1142 Ille
500 1084 628 1140 dum
660 1086 768 1139 vita
791 1084 985 1138 fruitur
1005 1082 1229 1150 caduca,

204 1234 218 1248 ,
317 1178 471 1234 Lucis
494 1186 716 1232 aeterna:
744 1175 924 1230 radios
948 1174 1154 1236 videre,

316 1262 525 1320 Visibus
557 1265 736 1318 cordis
765 1262 969 1316 Studuit
996 1262 1093 1314 sub
1121 1260 1241 1314 imis

634 1354 826 1409 Fretus
855 1354 923 1408 ab
949 1355 1090 1409 altis.

381 1433 588 1501 Nomen
616 1444 701 1500 hic
734 1446 906 1515 Magni
940 1446 1230 1500 reseranda
1254 1446 1393 1513 plebi

318 1539 521 1594 Viribus
552 1540 783 1608 magnis,
826 1540 1015 1593 colitur
1046 1540 1287 1603 celebris,

314 1630 512 1685 Auctus
543 1645 574 1683 a
601 1629 756 1684 Gallo
787 1631 990 1700 superis
1013 1631 1242 1685 amando

632 1722 892 1792 Dogmate
913 1725 1073 1793 largo.

380 1814 564 1870 llostis
603 1815 865 1869 immitem
898 1817 1102 1869 domuit
1135 1815 1394 1882 furorem,

319 1907 458 1963 Pacis
488 1919 768 1963 auctorem
799 1909 1103 1962 comitando
1134 1924 1370 1963 suavem.

317 1999 576 2055 Omnibus
607 2009 806 2054 sanctze
831 2000 1157 2070 placidaeque
1190 2001 1310 2054 vita:

633 2089 888 2144 Normnla
911 2089 1100 2144 faetus.

388 2181 475 2236 [lle
510 2190 637 2250 post
665 2182 865 2235 clarum
896 2196 1178 2236 remanens
1210 2180 1542 2251 magistrum,

319 2271 437 2340 Ejus
458 2272 728 2342 exemplis
759 2271 970 2325 inhians
999 2272 1188 2335 beatis,

316 2363 609 2419 Turbidum
635 2365 818 2420 mundi
848 2367 1143 2435 reprobatis
1172 2366 1450 2432 honorem,

637 2456 835 2511 Terrea
865 2458 1084 2526 sprevit.

381 2546 587 2613 Spiritu
619 2561 820 2615 pauper
850 2547 949 2600 fuit
978 2547 1061 2602 hic
1097 2546 1354 2613 minister,

323 2635 443 2692 Hinc
471 2648 533 2693 et
558 2639 612 2693 in
640 2654 804 2709 regno
833 2641 996 2695 micat
1025 2641 1112 2694 ille
1145 2640 1350 2706 dexter,

329 2729 453 2784 Mitis
477 2732 753 2800 exstabat,
789 2743 930 2788 tenet
959 2744 1118 2802 atque
1149 2743 1341 2788 terrain

631 2822 758 2879 Viva
784 2837 1081 2898 gerentem.

381 2913 615 2970 Pervido
643 2915 856 2984 planctu
887 2918 1045 2972 simul
1075 2919 1158 2974 hic
1189 2919 1403 2974 dolebat

321 3004 432 3060 lude
459 3007 700 3062 sulatum
731 3007 988 3064 Dominus
1014 3023 1255 3077 coronat,

317 3093 586 3153 Tristibus
607 3099 824 3168 spretis,
874 3100 1231 3173 lacrymisque
1263 3106 1419 3162 tersis

633 3189 862 3261 Perpete
885 3207 1066 3263 regno.
1219 3196 1370 3252 Mire.

386 3281 572 3337 Famis
593 3299 660 3338 en
685 3283 868 3354 justte,
898 3288 1097 3356 pariter
1124 3290 1350 3360 sitisque

320 3370 517 3426 Damna
555 3388 867 3442 perpessus,
899 3376 996 3432 fuit
1028 3377 1114 3433 hic
1147 3379 1352 3447 beatus,

317 3459 456 3517 Unde
483 3464 695 3518 divinis
726 3464 954 3535 dapibus
980 3469 1213 3538 repletus

636 3555 846 3610 Gaudet
875 3557 930 3611 in
961 3561 1143 3614 astris.
1294 3562 1443 3618 Mire.

389 3645 488 3700 llic
519 3645 621 3700 fuit
643 3648 901 3715 clemens,
937 3649 1195 3707 miserans
1224 3655 1484 3710 misellus.

326 3735 446 3804 Ejus
467 3748 528 3792 et
553 3737 725 3792 Judex
755 3738 1036 3794 miseretur
1065 3744 1202 3799 altus

319 3829 443 3883 Tuta
465 3845 595 3884 cum
627 3831 810 3884 mundi
835 3835 1040 3901 Species
1070 3835 1257 3902 abibit,

639 3920 774 3976 Fine
803 3923 901 3978 sub
925 3940 1051 3982 uno.
1200 3929 1348 3985 Mire.

381 4011 559 4068 Corde
595 4029 718 4068 nam
752 4016 951 4071 mundo
977 4019 1073 4072 fuit
1098 4031 1252 4089 atque
1273 4038 1406 4092 puro
1428 4059 1444 4091 ,

327 4103 452 4158 llinc
482 4105 658 4159 Deum
683 4107 825 4162 clare
853 4109 1046 4164 meruit
1079 4113 1286 4184 videre,

322 4195 481 4253 Filius
507 4199 711 4254 summi
742 4201 897 4255 simul
927 4213 983 4258 et
1014 4207 1188 4259 vocari

649 4293 856 4350 Pacifer
878 4296 1011 4365 ipse.
1063 4303 1065 4305 ’
1161 4299 1307 4354 Miro.

394 4381 808 4439 Persecutorem
843 4387 1094 4442 toleravit
1124 4389 1243 4455 iste,

326 4476 468 4531 iusta
498 4476 628 4531 dum
658 4480 822 4543 vovit,
853 4480 1181 4552 Dominoque
1208 4485 1399 4552 reddit,

328 4563 446 4622 Inde
467 4568 749 4624 catlestem
783 4573 974 4627 merito
1003 4574 1250 4629 decorem

653 4661 893 4717 Possidet
916 4663 1048 4733 ipse.
1201 4667 1354 4720 Mire.

396 4749 482 4803 Bis
511 4759 703 4818 qmter
723 4755 947 4807 summis
986 4757 1264 4823 speciebus
1291 4773 1417 4813 ecce

329 4837 586 4896 Praditus
609 4843 857 4910 splendet
886 4845 1043 4900 Pater
1067 4848 1152 4901 hic
1177 4849 1386 4917 beatus,

325 4929 586 4987 Omnibus
627 4933 784 4988 nobis
809 4936 1018 4991 veniam
1052 4937 1315 5008 benignus

651 5021 904 5080 Conferat
927 5027 1092 5082 idem.
1242 5030 1394 5084 Mire.

398 5113 529 5170 Inde
552 5129 694 5171 nunc
719 5115 844 5174 caeli
875 5117 1101 5173 rntil-ans
1134 5120 1185 5174 in
1216 5123 1354 5188 aula,

331 5205 490 5272 Cujus
513 5218 736 5264 nterim
762 5210 1044 5282 sociusque
1075 5219 1260 5266 turma:

329 5296 516 5354 Nostra
541 5302 780 5368 placatus
808 5299 927 5368 pius
953 5311 1008 5356 et
1032 5303 1295 5374 benignus

649 5395 884 5451 Crimina
924 5405 1113 5468 tergat.

400 5485 624 5542 Prmstet
649 5487 748 5543 hoc
775 5489 926 5542 nobis
955 5489 1176 5544 Genitor
1201 5495 1467 5560 perennis,

330 5575 498 5632 Natus
523 5591 574 5632 et
598 5579 787 5650 plenus
818 5580 978 5635 Patrii
1011 5581 1232 5651 vigoris,

330 5665 560 5739 Spiritus
585 5674 754 5728 sancti
789 5673 1099 5730 moderante
1130 5688 1342 5732 nostros

651 5763 877 5820 Lumine
904 5779 1112 5822 sensus.
1261 5770 1408 5824 Mire.

1775 432 1823 492 Α
1863 429 2050 484 Versus
2082 433 2148 482 ad
2178 433 2449 486 solemnem
2482 449 2570 498 per
2611 449 2816 496 rorarios
2847 441 2894 487 et
2925 443 3114 488 montes
3151 439 3434 502 processio-

1929 519 2041 554 nem
2081 502 2144 623 se
2169 504 2396 574 reliquiis
2437 505 2600 557 sancti
2629 503 2787 569 Galli,
2819 505 2889 557 iii
2928 514 3035 559 tum
3075 508 3433 574 prwscntihns,

1929 589 1990 623 er
2018 588 2076 623 eo
2121 589 2212 623 em.

1928 589 1990 624 αι’
2018 588 2192 625 eadem
2203 614 2212 624 .

1931 706 2046 764 Jam
2080 708 2254 763 ﬁdelis
2286 708 2435 765 turba
2463 707 2684 764 fratrum
2711 724 2840 766 voce
2868 710 3010 764 dulci
3042 720 3221 776 sonet,

1858 799 2126 869 llyinnum
2153 799 2312 863 dicat,
2336 810 2390 854 et
2412 815 2601 855 serena
2628 801 2886 869 partiatur
2913 801 3211 868 dragmata,

1860 891 2023 945 Dulce
2053 890 2259 960 pondus
2291 899 2346 945 et
2367 890 2582 946 beatum
2606 890 2658 945 in
2685 889 2872 946 lectica
2897 891 3165 947 deferens.

1930 985 2205 1042 Scandens
2231 995 2286 1041 et
2313 985 2648 1043 descendens
2676 988 2817 1042 inter
2838 989 3097 1042 montium
3123 987 3380 1055 conﬁnia,

1857 1077 2120 1134 Silvarum
2149 1077 2439 1132 scrtitando
2463 1078 2600 1142 loea,
2630 1077 2952 1149 valliumque
2979 1091 3239 1146 concaVn,

1859 1172 2046 1228 Nullus
2073 1186 2266 1240 expers
2294 1181 2350 1226 ut
2377 1172 2524 1226 locus
2551 1172 2622 1224 sit
2653 1169 2804 1226 istius
2829 1168 3128 1225 salaminis.

1930 1266 2154 1335 Jamque
2176 1264 2392 1332 cmlum,
2412 1261 2631 1334 jamque
2674 1272 2835 1329 terra,
2857 1260 3080 1333 jamque
3105 1270 3300 1334 pontus
3331 1261 3447 1315 lan-

3259 1349 3448 1423 [dibus

1861 1437 2101 1516 Plaudat,
2130 1459 2292 1520 atque
2319 1449 2734 1518 circumquaque
2757 1461 2858 1502 vox
2884 1445 3081 1501 emissa
3108 1443 3376 1516 plebibus,

1860 1545 2150 1599 Aurtorem
2193 1549 2504 1609 patremque
2535 1539 2664 1595 tanti
2689 1539 2816 1594 clari
2852 1538 3090 1594 lumi:.is.

1932 1628 2065 1691 llinc
2087 1637 2330 1690 exultent
2350 1646 2493 1689 astra
2516 1633 2660 1699 coeli,
2687 1634 2990 1702 lactensque
3021 1632 3278 1697 circulus,

1860 1728 2019 1798 Signa
2048 1740 2157 1784 tum
2183 1729 2395 1783 bisseua
2426 1728 2638 1793 saltent,
2671 1735 2726 1782 et
2755 1740 2952 1781 corona
2976 1726 3171 1780 nobilis

1786 1795 1830 1856 Β
1860 1795 2199 1892 ornatusque
2228 1832 2369 1878 totus
2400 1821 2498 1876 soli
2521 1818 2800 1876 Gouditori
2825 1821 3089 1885 cognitus.

1933 1914 2040 1968 Nos
2071 1913 2295 1968 istorum
2326 1923 2539 1981 semper
2569 1911 2710 1965 clara
2744 1908 2914 1965 secuti
2943 1909 3123 1963 munia

1864 2009 2144 2066 Sanctitati
2180 2017 2339 2064 tanta?
2356 2017 2514 2063 cantu
2543 2021 2890 2077 personemus
2913 2004 3180 2075 bombico,

1865 2103 2135 2158 Exaudire
2162 2103 2302 2172 Quod
2331 2102 2558 2156 delectet
2588 2102 2761 2155 cuncti
2793 2101 3000 2167 plasten
3032 2099 3244 2155 saeculi.

1935 2195 2028 2249 llis
2058 2195 2281 2261 inceptis
2313 2193 2451 2248 adsit
2479 2195 2616 2246 alma
2649 2189 2795 2247 Felix
2823 2203 2877 2248 et
2903 2194 3228 2250 Theotocus.

1864 2285 2018 2340 Adsit
2044 2283 2254 2349 Petrus,
2285 2284 2426 2340 hunc
2469 2293 2723 2355 seqiiatur
2750 2284 2925 2340 omnis
2955 2294 3114 2354 atque
3143 2281 3443 2353 apostolus.

1865 2375 2064 2448 Martyr
2089 2385 2142 2432 et
2170 2375 2451 2432 confessor
2502 2387 2665 2446 atque
2693 2377 2846 2430 turba
2878 2384 3060 2431 sancta
3087 2376 3370 2444 virginum.

1936 2468 2088 2522 Nunc
2118 2468 2444 2535 Redemptor
2471 2476 2524 2522 et
2549 2469 2791 2531 Creator,
2823 2477 3007 2521 auctor
3034 2468 3143 2522 veri
3173 2465 3349 2536 gaudii

1866 2561 2143 2632 Largiatur
2165 2571 2342 2629 aptam
2366 2560 2517 2616 vobis
2546 2560 2753 2614 virtutis
2780 2560 3051 2623 ﬁduciam,

1867 2652 1935 2708 Ut
1966 2653 2064 2709 sibi
2096 2652 2328 2710 volendo
2357 2652 2537 2723 digna,
2573 2665 2848 2722 captemus
2879 2653 3153 2723 perennia.

2153 2783 2283 2839 Item
2314 2785 2378 2839 de
2401 2800 2500 2853 quo
2527 2797 2706 2856 supra,
2739 2787 3006 2857 anonymi,
3033 2795 3134 2842 etc.

2221 2921 2266 2974 0
2301 2928 2478 2974 rector
2503 2918 2874 2987 invictissime,

2150 3012 2460 3083 [legumque
2487 3022 2632 3066 sator
2655 3011 2872 3082 inclyte,

2149 3101 2370 3164 Nostras
2399 3115 2584 3176 preces
2611 3119 2732 3159 cum
2757 3102 2996 3159 carmine

1788 3161 1836 3228 ϐ
2152 3198 2371 3252 Intende
2394 3161 2534 3252 nunc
2558 3195 2820 3265 piissime.

2223 3290 2482 3345 Timenda
2513 3304 2598 3344 res
2623 3299 2705 3343 est
2733 3287 2980 3358 denique,

2157 3381 2538 3437 Praesumimus
2565 3395 2724 3451 quam
2751 3389 2989 3449 tangere,

2159 3475 2318 3528 Artus
2345 3482 2427 3529 est
2458 3473 2648 3530 horum
2681 3485 2916 3541 pangere

2152 3568 2300 3634 Quos
2326 3576 2380 3620 tu
2405 3565 2571 3619 beasti
2605 3565 2657 3617 in
2687 3561 2914 3617 :ethere.

2229 3659 2492 3727 Absterge
2515 3665 2715 3721 nostra,
2749 3669 3080 3725 quaesumus,

2157 3750 2406 3817 Peccata,
2432 3763 2537 3820 que
2564 3748 2956 3803 commisimus.

2160 3844 2231 3899 Ut
2256 3853 2436 3898 sancta
2466 3842 2708 3896 membra
2739 3850 2958 3912 tangere

2157 3935 2274 3991 Non
2296 3949 2450 4003 paena
2481 3934 2571 3998 sit,
2605 3932 2700 3987 sed
2735 3933 3013 4000 primulum

2223 4028 2392 4083 Adest
2419 4026 2552 4080 ﬁdes
2578 4027 2998 4094 promptissima,

2157 4120 2439 4189 Spondcns
2471 4134 2563 4188 per
2595 4117 2695 4172 ista
2721 4118 2898 4171 munia

2162 4212 2270 4267 Nos
2297 4212 2535 4281 adjuvari
2567 4210 2791 4277 certius,

2167 4305 2408 4360 Discedat
2438 4304 2560 4357 hinc
2585 4301 2694 4372 jam
2731 4299 3008 4370 perlidus:

2235 4398 2364 4451 Nam
2393 4396 2623 4463 Spiritus
2647 4409 2712 4449 ex
2744 4393 2926 4448 sidere

1800 4521 1852 4583 ι)
2163 4489 2286 4544 Haec
2319 4488 2554 4542 creditur
2582 4487 2849 4550 revisere,

2168 4581 2422 4636 Gaudens
2453 4583 2709 4633 honorem
2743 4574 2960 4645 provehi

2162 4675 2492 4742 Quandoque
2521 4669 2849 4725 reddendum
2882 4665 3007 4718 sibi.

2233 4765 2383 4819 Nunc
2416 4764 2632 4830 Magnus
2654 4762 2756 4816 iste
2783 4759 3019 4822 nomine,

2164 4857 2440 4925 Majorque
2471 4853 2670 4907 Christi
2699 4867 2944 4907 munere.

2163 4946 2420 5002 Delendat
2446 4947 2584 4999 alma
2617 4947 2809 5013 gratia,

2163 5039 2340 5096 Plebis
2366 5038 2558 5093 viantis
2590 5048 2828 5107 pectora.

2185 5122 2188 5126 ’
2226 5133 2508 5188 Portamus
2531 5146 2654 5186 ecce
2679 5128 2864 5185 cernui

2163 5224 2362 5294 Pignus
2387 5225 2596 5279 decoris
2629 5221 2917 5292 splendidi,

2164 5315 2312 5370 Nunc
2339 5318 2493 5384 plane
2525 5330 2663 5368 nunc
2695 5330 2788 5380 per
2817 5313 2991 5368 ardua

2164 5409 2245 5464 Atl
2275 5410 2421 5464 sedis
2447 5420 2568 5478 apta
2594 5408 2849 5464 culmina.

2240 5503 2334 5558 llic
2365 5505 2555 5557 civium
2585 5503 2886 5560 cmlestium

2159 5595 2270 5650 Lux
2297 5597 2438 5650 clara
2469 5595 2713 5665 Splendet
2743 5597 2936 5661 obvia,

2167 5689 2240 5741 Ac
2269 5703 2545 5759 compares
2576 5686 2818 5742 ﬁdissimi

2171 5778 2462 5848 ‘ungnutur
2484 5794 2575 5833 ore
2606 5777 2794 5834 nohi!i.
