4002 6350
527 330 596 387 ³⁷
1583 318 1918 377 ΑΡΡΙίΝῐὶΙοΧ
1963 316 2049 368 an
2089 313 2106 365 ε

2249 310 2388 366 ιιιιΛ
2429 308 2735 368 SCRII‘TA.
3727 300 3797 357 48

887 443 1032 498 Illinc
1064 438 1305 496 Parentis
1331 436 1553 508 gloriam

809 536 1121 604 Summique
1146 533 1260 586 Nati
1289 532 1514 602 gratiam

812 629 945 684 Cum
972 626 1216 681 claritate
1250 622 1503 691 Spiritus,

814 718 973 775 Lmtis
995 732 1248 773 canamus
1276 716 1520 771 vocibus.

883 815 1075 867 Amen.

1028 934 1055 963 ⁸
1085 924 1160 978 De
1188 932 1361 977 sancto
1397 920 1604 989 Magno.

524 1021 770 1075 Carmina
805 1033 943 1073 nunc
975 1017 1124 1072 festis
1155 1014 1443 1082 psallamus
1465 1012 1564 1063 rite
1593 1006 1840 1068 choreis,

595 1115 758 1168 Obvia
783 1113 1025 1166 lmtantes
1056 1119 1267 1178 pectora
1299 1105 1386 1174 qui
1417 1102 1671 1156 ferimus.

527 1215 700 1266 Aurea
732 1209 838 1278 jam
871 1213 1126 1261 resonent
1153 1199 1416 1258 redimitis
1445 1194 1681 1250 carmina
1719 1188 1957 1250 bombis,

596 1302 726 1369 Qua:
755 1298 913 1352 variis
939 1295 1136 1350 mistim
1169 1290 1390 1344 vocibus
1422 1303 1548 1340 aura
1581 1285 1743 1339 ferat.

527 1393 608 1448 Nil
639 1392 716 1446 sic
748 1388 1082 1460 perspicuum
1107 1383 1299 1453 poterit.
1328 1396 1427 1434 vox
1456 1378 1599 1432 clara
1639 1375 1863 1436 referre,

600 1485 669 1542 Ut
695 1483 846 1537 decet
877 1481 929 1535 in
964 1478 1054 1534 tali
1085 1490 1222 1530 nunc
1249 1474 1413 1544 patris
1438 1468 1723 1538 obsequio.

525 1578 614 1632 Sic
645 1578 834 1632 devota
871 1580 1048 1626 tamen
1083 1567 1376 1637 pandamus
1406 1577 1522 1626 ora,
1551 1568 1829 1620 canentes,

605 1673 826 1724 Pectore
857 1665 921 1720 de
953 1677 1085 1733 puro
1113 1662 1211 1714 hos
1241 1655 1522 1713 referendo
1544 1668 1722 1709 sonos.

529 1771 667 1826 Istue
689 1768 797 1836 jam
827 1768 1120 1833 preperans
1146 1755 1356 1812 Demi‘ni
1389 1753 1595 1808 d'electe
1618 1748 1937 1819 propinqua,

605 1860 722 1927 Quo
751 1858 844 1912 tibi
877 1853 1135 1921 condigna
1160 1848 1400 1917 corporis
1424 1845 1544 1899 aula
1569 1843 1725 1896 nitet.

529 1956 624 2011 llic
651 1953 743 2008 tibi
776 1947 1048 2020 perpetuis
1080 1949 1335 1999 resonent
1362 1937 1712 1995 concentibus
1743 1933 1889 1989 mdes

605 2046 826 2103 Ossibus
855 2052 910 2096 et
936 2040 1105 2096 sac‘ris
1128 2051 1342 2106 semper
1373 2034 1596 2088 habetur
1621 2031 1810 2084 Itonos.

535 2140 669 2195 Dum
703 2135 807 2189 Imti
833 2131 1017 2188 famuli
1043 2129 1317 2185 celebrant
1341 2126 1426 2178 hic
1459 2123 1592 2178 festa
1622 2118 1837 2188 benigni

602 2230 874 2284 Laudibus
905 2227 1164 2280 inStantes
1192 2227 1370 2286 nocte,
1396 2217 1592 2285 dieque
1624 2214 1747 2268 tuis.

525 2324 704 2380 Laetus
727 2320 794 2375 ob
825 2318 928 2373 hoc
957 2325 1170 2370 nostras
1196 2312 1536 2380 blandusque
1555 2307 1770 2362 invisito
1793 2304 1944 2367 lines,

599 2418 771 2484 Atque
801 2414 916 2483 pius
939 2411 1108 2466 servis
1139 2406 1398 2462 auxiliare
1431 2403 1561 2458 tuis.

529 2507 638 2564 lam
677 2520 818 2561 nunc
850 2501 1084 2558 servitiis
1115 2497 1370 2553 famulum
1399 2501 1697 2549 consuesce
1731 2498 1943 2543 tuorum

599 2599 833 2664 Prosper
862 2604 914 2649 et
943 2592 1083 2646 hunc
1110 2590 1311 2643 vultum
1342 2586 1496 2640 ﬂecte
1529 2597 1719 2637 serene
1751 2590 1922 2634 tuum.

527 2690 702 2757 Dirige
727 2685 891 2742 corda
924 2685 1064 2754 pius,
1092 2691 1146 2736 et
1177 2690 1415 2747 tempora
1448 2674 1617 2743 dirige
1647 2681 1855 2736 nostra,

596 2783 772 2849 Atque
800 2777 916 2831 dies
951 2777 1102 2829 latos
1124 2774 1324 2826 ducere
1351 2769 1419 2823 da
1451 2767 1699 2822 famulos.

527 2871 596 2928 Ut
619 2883 834 2939 semper
860 2867 1073 2921 valeant
1103 2864 1310 2918 tibimet
1333 2868 1553 2915 cantare
1582 2856 1784 2926 quieti,

600 2962 676 3016 Te
706 2974 920 3029 quoque
949 2955 1154 3012 ctelesti
1185 2967 1407 3007 cernere
1438 2951 1554 3005 luce
1587 2949 1712 3017 poli.

531 3053 788 3109 Sternere
817 3046 1149 3118 supplicibus
1179 3045 1365 3097 isthmc
1391 3041 1552 3096 modo
1586 3038 1753 3108 patria
1777 3035 1942 3101 notis,

601 3145 664 3199 Et
688 3157 951 3198 venerans
977 3137 1106 3193 tanti
1139 3135 1350 3203 suscipe
1383 3133 1617 3187 membra
1647 3130 1767 3184 viri.

528 3239 674 3308 Ipsas
705 3237 994 3305 ontnigeno
1023 3232 1286 3286 decorans
1317 3242 1438 3283 cum
1472 3227 1602 3280 ﬂore
1635 3225 1837 3292 plateas

594 3329 820 3386 Lumina
853 3322 1187 3395 perpulchris
1218 3322 1372 3375 obvia
1407 3316 1761 3386 lampadibus.

525 3424 831 3481 Adveniunt
860 3418 1084 3490 pariter,
1123 3430 1219 3470 nec
1250 3429 1355 3468 non
1381 3411 1706 3466 comitantur
1732 3406 1979 3463 eumdem

596 3513 869 3584 Perspicui
901 3513 1116 3573 fratres,
1152 3506 1377 3576 angelici
1414 3518 1682 3573 proceres.

536 3609 637 3676 Qui
670 3604 842 3661 sancti
866 3603 1121 3658 feretrum
1153 3593 1628 3654 circumvolitando
1652 3594 1866 3647 beatmn

598 3698 816 3753 Alarum
847 3709 1086 3764 expansu
1117 3692 1352 3760 undique
1380 3689 1620 3744 membra
1657 3695 1864 3754 tegunt.

532 3790 658 3845 Inde
686 3787 1050 3842 Columbanus
1080 3795 1264 3838 noster
1297 3782 1452 3835 Pater
1483 3789 1645 3849 atque
1671 3777 1926 3845 magister

599 3881 827 3951 Alpibus
855 3876 1100 3933 escursis
1131 3875 1394 3943 aeriisque
1426 3872 1547 3925 viis.

529 3976 625 4031 llic
655 3975 824 4030 aderit
854 3984 1109 4042 prmsens,
1141 3967 1442 4034 alacrisque
1465 3964 1529 4016 ad
1562 3959 1753 4031 gattdia
1784 3969 1929 4014 tanta

597 4068 821 4137 Agmina
850 4062 1122 4132 conjungit
1151 4058 1452 4113 consociata
1482 4055 1662 4110 simul.

531 4160 943 4229 Coniunguntur
974 4158 1021 4212 ei
1051 4153 1277 4219 celeres,
1309 4165 1630 4221 gressusque
1662 4148 1902 4216 fatigant,

599 4253 733 4306 Tres
759 4265 967 4320 quoque
995 4249 1322 4303 Francorum
1349 4245 1643 4312 Stotigeua:
1671 4243 1890 4309 pariter.

527 4347 676 4412 Quos
706 4343 932 4398 vofitans
961 4340 1100 4394 fama
1129 4339 1399 4393 ascisccns
1429 4336 1493 4389 ad
1526 4334 1714 4403 gaudia
1755 4345 1920 4397 tanta,

600 4435 791 4491 Unitos
823 4433 1006 4487 tulerit
1037 4430 1284 4485 dulcibus
1311 4427 1610 4494 obsequiis.

526 4531 730 4586 Obvius
762 4527 885 4583 hinc
920 4525 1160 4595 proprios
1187 4523 1369 4578 Gallus
1399 4521 1646 4591 producit
1676 4519 1919 4573 alumnos
1947 4558 1962 4584 ,

600 4622 834 4693 Longius
865 4635 1090 4677 occursu
1127 4626 1489 4688 approperans
1521 4617 1729 4683 rapido.

529 4718 680 4775 llunc
705 4717 906 4772 circum
933 4715 1163 4770 medium
1198 4711 1500 4767 numero-is
1529 4711 1756 4763 coitibus
1787 4716 1976 4760 auctus

602 4810 867 4866 Densatur
899 4806 1093 4861 nitidus
1126 4805 1430 4860 catlicolum
1469 4803 1717 4873 populus.

527 4902 727 4959 Omnes
753 4899 839 4970 qui
871 4900 1068 4968 pariter
1093 4908 1276 4952 sancta
1303 4897 1371 4952 de
1400 4911 1532 4950 Voce
1566 4896 1780 4964 salutat,

605 4995 671 5048 Et
700 4993 942 5062 proprios
970 4990 1132 5044 Lares
1164 4991 1350 5060 Magne
1383 4991 1565 5044 subire
1596 5001 1768 5056 rogat,

534 5087 602 5143 Ut
629 5100 762 5156 quos
783 5082 998 5139 aetherei
1048 5082 1246 5136 retinet
1272 5084 1580 5137 communio
1609 5076 1813 5148 templi,

604 5178 697 5233 llic
722 5191 934 5247 quoque
961 5175 1229 5228 consortis
1255 5172 1443 5244 jungat
1479 5174 1703 5228 honoris
1736 5190 1904 5227 amor.

532 5274 738 5327 Interea
777 5267 1022 5325 Otltmari
1053 5268 1330 5335 pratstabit
1360 5284 1485 5322 cura
1519 5268 1680 5333 beati,

602 5362 802 5417 blansio
828 5367 1131 5413 constructa
1181 5368 1393 5426 quoque
1425 5369 1604 5425 parata
1639 5360 1752 5412 liat.

533 5456 599 5512 Ut
632 5454 762 5510 nihil
794 5452 1079 5522 displiceat
1108 5451 1337 5505 venietis
1369 5451 1597 5518 hospitis
1625 5453 1726 5516 ori,

601 5547 793 5602 Omnia
819 5545 1120 5616 Splendenti
1155 5543 1246 5598 sed
1278 5544 1479 5596 niteant
1502 5540 1657 5596 facie.

605 5693 628 5719 λ
665 5680 860 5737 Incerti
892 5681 1144 5742 auctoris,
1203 5679 1448 5732 monachi
1502 5688 1678 5731 tamen
1710 5677 1877 5731 sancti
1944 5678 2099 5742 Galli,

531 5766 690 5823 atque
716 5765 772 5808 ut
821 5753 1052 5823 videtur,
1087 5750 1422 5823 llttrlttttttttti,
1459 5761 1674 5823 propter
1705 5764 1837 5815 quos
1859 5750 1958 5801 lam
1993 5767 2108 5812 eius

532 5818 718 5880 versus
739 5839 875 5894 quos
900 5822 1056 5877 habet
1080 5821 1237 5876 etiam
1264 5821 1316 5875 itt
1344 5822 1546 5875 Litnnia
1581 5818 1775 5873 Humili
1794 5836 1957 5889 prece.
1978 5820 2104 5875 (Ζιιπ.

2134 428 2182 485 Δ

2138 1782 2184 1842 Β
2212 1747 2312 1810 Te,
2342 1747 2523 1810 Pater,
2561 1756 2691 1801 aetas

2496 420 2738 474 ltwilatio
2779 416 2942 471 sancti
2975 413 3170 486 Magni,
3203 414 3468 484 unonymi.

2360 557 2509 613 Miles
2539 558 2603 610 ad
2638 564 2873 610 castrum
2893 559 3153 622 properes
3183 549 3477 612 novellum,

2359 652 2572 704 Pritlem
2606 658 2657 702 et
2691 656 2843 701 notos
2875 655 3083 712 repetas
3122 642 3373 707 locellos,

2359 741 2580 795 Posside
2614 750 2808 793 terram
2839 737 2929 789 tibi
2961 744 3310 806 pra-paratam

2354 833 2468 886 .lam
2497 845 2681 885 comes
2711 829 2871 895 Galli,
2901 827 3111 882 sociare
3146 826 3243 880 illi.

2211 921 2320 977 Nos
2345 937 2459 987 sua,
2492 921 2703 990 Magne,

2212 1015 2423 1068 Miserat
2453 1011 2517 1065 ad
2550 1021 2600 1065 te

3281 915 3509 984 Pignera
3539 915 3720 971 Gallus

3279 1003 3462 1074 Teque
3494 1006 3674 1060 venire

2776 1099 2980 1170 Oppido
3001 1097 3198 1168 poscit.
3405 1096 3578 1150 Miles.

3289 1187 3402 1240 ‘Rus
3435 1187 3757 1254 laqueartu

3281 1280 3515 1338 Comere
3546 1282 3708 1346 laute,

2779 1377 2859 1432 Nil
2888 1375 3191 1432 remorcris.
3389 1372 3563 1426 Miles.

3289 1465 3377 1518 \‘ir
3404 1464 3722 1530 mulierue.

3272 1556 3456 1612 Caelus
3499 1555 3793 1624 equestris,

2802 1650 3188 1706 Vociferantur.
3402 1647 3578 1702 Miles.

3280 1740 3497 1809 Expetit
3526 1738 3722 1801 omnis,

3286 1831 3485 1886 Cuncta
3525 1831 3755 1885 m'ederts
3777 1843 3796 1895 ;

2211 1194 2360 1249 Nunc
2387 1192 2566 1248 studet
2595 1191 2688 1248 ille

2209 1290 2286 1346 Te
2317 1290 2566 1346 veniente

2209 1471 2379 1528 Sexus
2405 1472 2650 1541 uterque,

2209 1564 2386 1619 Turba
2419 1562 2700 1634 pedestris,

2215 1839 2280 1894 Ut
2307 1838 2574 1894 veniendo

2779 1925 2844 1980 Et
2873 1923 3236 1979 modulantur.
3418 1921 3587 1974 Miles.

2217 2000 2442 2067 Quando
2471 2007 2656 2070 parata
3279 1992 3517 2062 lngredia
3527 1994 3598 2046 ris

2216 2092 2403 2157 Tecta,
2433 2090 2688 2156 Patrone,
3280 2085 3386 2138 Nos
3419 2083 3738 2136 famulantes

2785 2179 2903 2251 Ipse
2932 2188 3100 2235 tuere.
3403 2175 3577 2230 Miles.

3283 2267 3490 2323 Limina
3523 2274 3725 2321 stratus

3271 2361 3464 2415 Sancte
3494 2359 3694 2423 favere,

2785 2453 2914 2510 Esto
2929 2453 3212 2509 misertus.
3399 2450 3572 2505 Miles.

3255 2543 3549 2608 Grandine,
3577 2541 3797 2609 morbo,

3253 2636 3443 2701 Marte,
3482 2636 3728 2704 fameque

2792 2728 3017 2799 Protege
3047 2727 3210 2784 cives.
3395 2725 3568 2779 Miles.

3257 2816 3644 2886 Relliquiarum

3265 2908 3701 2969 Promeruet‘unt,

2787 3002 2996 3060 Juveris
3027 3002 3169 3057 illos.
3388 2999 3537 3054 Miles
3566 2995 3592 3034 δ

2217 2272 2295 2328 Ad
2324 2281 2410 2327 tua
2436 2272 2678 2344 quisquis

2214 2361 2292 2420 Te
2317 2365 2418 2420 sibi
2450 2374 2638 2436 poscat

2216 2547 2342 2618 Igne
2373 2548 2590 2613 nociVo,

2215 2639 2486 2694 Damonis
2517 2648 2660 2706 astu,

2211 2819 2468 2888 Corporis
2492 2828 2550 2874 ut
2573 2821 2663 2890 qui

2212 2913 2458 2968 Condere
2491 2924 2697 2982 partem

2131 3142 2180 3207 ρ
2218 3117 2432 3173 Notkeri
2462 3118 2685 3189 physici,
2708 3133 2796 3172 seu
2824 3118 3072 3183 sabionis,
3099 3116 3318 3186 hymnus
3361 3114 3425 3169 de
3452 3128 3554 3166 una
3580 3112 3804 3179 virgine.

2572 3233 2837 3305 Ilymnmn
2870 3233 3041 3288 beata:
3074 3231 3270 3300 virgini

2497 3324 2593 3379 Die
2625 3330 2797 3379 t’urnta
2823 3325 2956 3378 Voce
2982 3323 3226 3393 supplici,

2500 3419 2682 3474 Laude
2716 3419 2880 3473 Deum
2913 3432 3008 3487 per
3037 3414 3237 3481 omnia,

2498 3511 2629 3581 Ejus
2657 3525 2854 3564 canens
2887 3509 3162 3562 miracula.

2573 3595 2790 3656 lnfirma
2818 3600 3001 3654 mundi
3032 3597 3200 3669 eligit,

2500 3696 2565 3751 Et
2589 3711 2777 3765 magna
2806 3708 3068 3764 spernens
3092 3689 3330 3762 projicit,

2504 3788 2742 3842 lufirntat
2772 3786 2910 3840 idem
2943 3785 3118 3849 fortia,

2501 3877 2780 3933 Confertat
2810 3886 2987 3929 autem
3023 3876 3167 3929 villa.

2565 3970 2717 4038 Quod
2753 3984 2892 4024 nunc
2923 3968 2975 4021 i'n
3007 3967 3143 4021 alma
3177 3965 3404 4035 virgine,

2407 4105 2414 4111 .
2497 4061 2675 4117 Palam
2703 4062 2939 4115 valemus
2966 4074 3208 4126 cernere,

2498 4151 2693 4206 Sexum
2724 4150 2948 4202 demans
2970 4150 3088 4216 quae
3115 4146 3323 4201 labilem
3349 4186 3367 4214 ,

2506 4242 2678 4295 Vitam
2706 4242 2921 4310 gerebat
2952 4240 3216 4293 caelibem.

2572 4335 2834 4400 Pompesa
2864 4331 3046 4385 mundi
3073 4329 3261 4401 gaudia

2499 4425 2834 4493 Contempsit
2867 4435 2923 4478 ut
2946 4424 3197 4491 ludibria,

2496 4517 2607 4573 Soli
2640 4517 2747 4571 Deo
2777 4522 2835 4572 se
2858 4518 3096 4572 subdidit

2496 4609 2683 4676 Illique
2714 4617 2880 4660 totam
2914 4606 3152 4660 tradidit.

2579 4699 2688 4752 Deo
2718 4698 2858 4752 Patri
2889 4698 2958 4751 sit
2981 4698 3173 4768 gloria,
3205 4706 3305 4753 etc.

2287 4811 2566 4866 chtcrardi
2596 4813 2777 4866 decani
2809 4811 3031 4882 hymnus
3057 4813 3118 4866 de
3149 4811 3370 4883 simplici
3413 4814 3719 4884 confessam.

2567 4907 2856 4962 Confessor
2881 4908 3068 4961 aeterni
3100 4905 3294 4972 Patris,

2500 4996 2700 5053 lnvicte
2731 4997 2886 5051 miles
2915 4997 3055 5063 Filii,

2501 5091 2715 5146 Athlela
2747 5090 2902 5145 fortis
2931 5091 3194 5158 Spiritus,

2493 5184 2656 5240 Nobis
2685 5185 2802 5238 fave
2829 5181 3193 5251 poscentibus.

2569 5273 2794 5329 Crucem
2819 5274 3015 5328 Christi
3043 5281 3096 5325 tu
3120 5269 3323 5338 bajulas
3347 5312 3361 5335 ,

2496 5366 2814 5434 Christoque
2841 5367 3081 5418 confixus
3111 5366 3255 5417 cruci

2499 5459 2738 5515 Jucunda
2767 5471 3028 5525 spernens
3061 5455 3242 5509 saeculi

2505 5548 2718 5604 Gaudes
2745 5546 2904 5601 modo
2934 5545 2984 5600 in
3017 5560 3184 5617 regno
3215 5543 3328 5602 Dei.

2283 5679 2312 5725 ί»
2345 5685 2608 5740 llaetenus
2654 5699 2718 5740 ex
2751 5698 2856 5739 ms.
2887 5683 3086 5740 Codice
3116 5684 3204 5755 qui
3261 5681 3358 5737 fuit
3397 5680 3497 5737 sub
3549 5679 3800 5737 Conrado

2212 5758 2420 5814 Cassam
2445 5766 2715 5812 exemtus.-
2739 5759 2871 5811 CAN.
