4002 6350
572 383 634 441 51

1575 398 1911 456 ᾹΡΡΕΝΒΙΧ
1954 399 2043 454 AD
2083 399 2143 455 S.
2185 400 2388 456 GALLI
2433 401 2743 459 SCRIPTA.

2255 400 2388 456 tLLl
2433 401 2743 459 SCRIPTA.
3773 402 3835 456 52

854 503 1071 561 Donasti
1100 504 1219 561 forti
1247 516 1462 578 pectore
2173 518 2225 574 A

852 600 1048 656 Nescio
1078 601 1248 671 pomis
1276 604 1497 660 cedere.

931 692 1151 748 Intende
1175 697 1310 750 votis
1338 697 1640 767 supplicum

849 781 970 836 Tibi
1002 798 1141 838 nunc
1161 786 1502 853 spirantium,

855 875 955 930 Per
978 892 1133 946 quem
1160 878 1336 934 devoti
1367 879 1597 948 gemitus

855 970 1119 1026 Parantur
1145 971 1236 1026 Dei
1267 972 1505 1026 auribus.

913 1063 1168 1133 Dignatus
1195 1065 1333 1120 idem
1359 1064 1518 1119 hodie

846 1154 1143 1210 Terrestria
1170 1155 1427 1222 invisere,

847 1247 1109 1304 Formasti
1137 1265 1316 1304 mores
1345 1248 1619 1304 hominum

845 1339 1132 1408 Exemplar
1159 1340 1224 1394 ad
1252 1339 1581 1398 caelestium.

918 1433 1204 1500 Splendor,
1231 1432 1420 1502 virtus,
1452 1434 1565 1487 laus
1599 1433 1691 1487 tibi
1716 1434 1813 1503 sit,

838 1521 972 1577 Cum
1005 1523 1162 1580 Patre
1194 1539 1289 1594 par
1317 1533 1370 1579 et
1403 1525 1537 1580 Filio

839 1617 1062 1673 Sacrato
1081 1627 1269 1672 sancte
1294 1617 1526 1686 Spiritus

839 1704 944 1760 Per
971 1707 1294 1763 saeculorum
1319 1707 1539 1764 ssecula.

909 1799 1100 1854 Amen.

2699 517 2854 573 Aliud
2876 518 2938 573 de
2965 530 3142 574 sancta
3163 520 3375 591 Agnete.

2400 649 2598 722 Inclyta
2633 652 2785 720 virgo
2817 651 2908 707 Dei
2941 663 3124 708 sancto
3156 655 3436 723 conjuncta
3473 659 3657 727 pudori

2395 747 2574 810 Agnes
2602 757 2823 797 accensa
2861 747 3038 800 studet
3062 746 3217 799 obvia
3250 747 3490 817 lampade
3529 751 3753 819 Christo,

2400 831 2700 903 Virginibus
2746 837 2998 889 comitata
3032 836 3151 905 piis,
3199 840 3352 906 queis
3383 842 3618 895 carmine
3649 843 3822 900 Iaudes

2395 925 2637 981 Concinit
2661 927 2763 982 iste
2788 927 2985 984 chorus
3018 930 3261 984 recolens
3289 932 3372 1000 pia
3415 930 3550 986 facta
3583 934 3821 1006 benigne.

2398 1060 2527 1116 Item
2557 1071 2734 1133 tropus
2765 1063 2901 1118 alius
2945 1064 3010 1117 de
3041 1063 3433 1120 Resurrectione
3467 1065 3688 1122 Domini.

2600 1201 2859 1272 Exsurge,
2904 1203 3098 1257 ltector
3125 1203 3383 1271 gentium,

2602 1295 2711 1348 Nec
2737 1296 3030 1354 moriturus
3053 1296 3303 1362 amplius,

2597 1385 2899 1452 Orbemque
2933 1392 3100 1438 totum
3135 1385 3352 1453 posside

2601 1475 2712 1535 Τυυ
2739 1477 3070 1548 redemptum
3105 1478 3380 1547 sanguine.

2349 1608 2481 1666 Item
2507 1627 2672 1665 versus
2693 1612 2783 1666 alii
2810 1614 3138 1668 vetustissimi
3180 1614 3241 1669 de
3271 1623 3446 1668 sancto
3471 1611 3721 1670 Notkero.

2243 1743 2443 1813 Optans
2469 1745 2681 1800 misceri
2715 1743 2976 1810 Notkerus
3003 1746 3053 1800 in
3087 1747 3288 1802 esthere
3322 1745 3483 1815 plebi,

2241 1835 2407 1906 Cujus
2436 1837 2727 1894 dulcisonis
2759 1851 2860 1890 nox
2891 1852 3163 1906 nunquam
3186 1849 3361 1892 cessat
3388 1838 3458 1892 ab
3486 1838 3721 1909 hymnis,

552 1904 806 1962 Carminis
838 1907 904 1961 de
943 1917 1120 1964 sancto
1164 1908 1428 1983 Stephano
1471 1916 1832 1984 fragmentum.
1865 1914 2125 1985 anonymi.
2164 1901 2212 1962 Β
2240 1901 2439 1982 Gaudia
2473 1929 2600 1984 dum
2634 1929 2782 1983 licuit
2808 1931 2981 1986 crucis
3005 1901 3105 1986 hoc
3131 1930 3184 1984 in
3211 1931 3447 1987 carmine
3478 1901 3607 1985 lu‘sit

588 2054 590 2056 -
619 2018 830 2074 Primus
858 2019 953 2075 init
981 2020 1283 2092 Stephanus
1323 2024 1626 2081 mercedem
1652 2025 1930 2096 sanguinis
1956 2027 2129 2083 imbre

2237 2019 2391 2088 Quod
2423 2020 2651 2077 Domino
2679 2020 2844 2089 laudi,
2876 2019 3138 2091 Galloqne
3163 2022 3414 2077 studebat
3442 2022 3660 2081 honori.

553 2109 798 2168 Aiﬂictus
831 2109 1084 2181 lapidum,
1117 2113 1388 2171 Christum
1417 2126 1592 2171 tamen
1624 2117 1712 2172 ille
1741 2126 1999 2173 cruentus
3001 2111 3069 2165 Εί

554 2198 698 2257 Inter
727 2216 858 2260 saxa
892 2213 1070 2272 rogat,
1102 2220 1168 2270 ne
1201 2206 1268 2270 sit,
1298 2206 1548 2276 lapidatio
1580 2206 1748 2261 fraudi
1797 2207 1800 2209 ’

553 2291 835 2358 Hostibus,
871 2309 900 2347 ο
933 2295 1117 2362 primae
1150 2301 1316 2365 piezas
1339 2297 1582 2360 miranda
1614 2299 1863 2352 coronae!

548 2383 765 2445 Envice
794 2399 890 2438 nos
907 2386 1235 2456 Stephanum
1263 2388 1542 2444 Dominum
1567 2390 1828 2458 pulsando
1849 2404 2128 2447 canamus.

617 2475 783 2546 Agite.
809 2476 934 2531 Jam
964 2482 1191 2550 sequitur
1221 2492 1402 2535 cantus
1425 2482 1592 2536 sotuta
1617 2487 1872 2540 oratione.

759 2569 1132 2644 Fragmentum
1161 2579 1412 2631 carm.’nis
1437 2580 1599 2632 sancti
1627 2578 1910 2635 Tutelonis.

545 2658 660 2715 Rex
689 2662 796 2730 pie,
839 2665 950 2720 ltex
979 2682 1182 2738 regum,
1212 2684 1465 2737 regnans,
1498 2685 1530 2727 ο
1551 2670 1787 2738 Christe,
1819 2688 1912 2741 per
1953 2687 2130 2736 mvur.

545 2752 647 2820 Qui
675 2770 842 2824 mare,
870 2760 960 2828 qui
993 2768 1180 2828 terras,
1216 2764 1337 2819 εαξιί
1361 2763 1450 2832 qui
1487 2777 1698 2836 sceptra
1729 2768 2019 2837 gubernas,

547 2843 717 2901 Noxia
743 2848 1040 2918 depellens,
1071 2855 1349 2923 culparum
1379 2856 1560 2912 debita
1591 2857 1826 2924 solvens,

549 2939 649 3007 Qui
681 2957 843 3012 super
869 2953 1010 2997 astra
1032 2947 1209 3013 sedes,
1236 2946 1376 3004 Patri
1409 2948 1606 3004 deitate
1636 2951 1875 3006 cohaeres
1895 2995 1912 3019 ,

549 3033 623 3089 Es
649 3048 862 3104 quoque
890 3052 1070 3093 sermo
1102 3039 1274 3095 Patris
1303 3044 1536 3110 summi,
1570 3055 1844 3114 reparator
1876 3053 1931 3100 et
1955 3045 2121 3112 orbis,

541 3122 681 3187 Lux,
716 3128 828 3191 via,
857 3129 989 3196 vita,
1019 3131 1185 3200 salus,
1215 3148 1362 3204 spes,
1397 3151 1522 3204 pax,
1554 3139 1835 3206 sapientia,
1870 3139 2058 3203 virtus,

540 3213 637 3278 Hic
669 3217 761 3275 tibi
787 3221 903 3277 laus
932 3233 1167 3290 resonet,
1195 3227 1390 3282 chorus
1423 3227 1510 3284 hic
1544 3228 1596 3282 in
1638 3229 1790 3284 laude
1820 3229 2065 3287 resultet.

779 5387 1146 5461 Fragmentum
1179 5392 1244 5445 de
1267 5391 1564 5458 Nativitate,
1593 5396 1859 5465 anonymt'.

675 5499 974 5557 Laudemus
1004 5518 1190 5558 omnes
1224 5504 1504 5560 Dominum
1525 5549 1538 5571 ,

667 5589 766 5657 Qui
796 5589 1026 5662 Virginis
1058 5609 1150 5662 per
1178 5606 1390 5648 merum

675 5681 874 5737 Parvus
900 5685 950 5743 in
980 5685 1235 5740 mundum
1273 5697 1495 5742 venerat

673 5775 924 5833 Mundam
957 5794 1144 5850 regens
1172 5797 1329 5851 quem
1361 5781 1581 5838 fecerat.

2237 2200 2470 2256 Plurima
2495 2201 2752 2256 falsidicis
2779 2201 3001 2256 indulsit
3034 2203 3168 2255 ﬂens
3200 2201 3450 2257 inimicis.

2236 2291 2501 2362 Pluraque
2527 2293 2795 2363 pandebat
2827 2293 2939 2347 fore
2969 2309 3087 2362 qua:
3120 2304 3344 2348 ventura
3375 2293 3612 2350 videbat.

2591 2425 2665 2479 De
2693 2436 2868 2480 sancto
2899 2424 3104 2480 Joanne
3131 2427 3460 2496 evangelista.

2593 2559 2672 2614 Ad
2704 2559 2937 2614 Laudem
2967 2560 3126 2630 ltegis
3149 2562 3336 2632 gloriae

2593 2648 2710 2704 Vox
2742 2650 2948 2704 intonet
2979 2652 3253 2720 Ecclesim,

2592 2741 2817 2811 Pr0pter
2845 2741 3071 2798 Joannis
3096 2746 3282 2799 merita

2590 2833 2715 2888 litec
2745 2835 2976 2888 recitans
3006 2837 3288 2904 praeconia.

2590 2926 2962 2987 Proclamabat
2992 2929 3344 2984 saluberrime

2579 3017 2812 3085 Spiritus
2843 3018 3012 3071 sancti
3044 3019 3304 3086 carmine,

2586 3109 2756 3176 Quam
2783 3109 2970 3163 fideles
3001 3109 3334 3178 perpendite.

2586 3199 2653 3252 Iit
2684 3201 2940 3269 percipiat
2965 3200 3154 3270 gaudia

2152 3271 2201 3335 (ἶ
2581 3293 2887 3350 Conditoris
2914 3296 3165 3364 perennia
3201 3314 3211 3346 :

2673 3387 2735 3439 Et
2767 3389 2852 3455 qui
2880 3386 3139 3440 continens
3163 3395 3255 3451 est,
3283 3394 3388 3439 etc.

2593 3479 2725 3547 Quia
2759 3479 2930 3534 dulcis
2960 3487 3039 3532 est
3071 3480 3261 3546 gratia,

2590 3570 2778 3627 Suavis
2807 3568 3192 3634 misericordia,

2588 3661 2838 3717 Mirabilis
2866 3661 2918 3716 in
2950 3659 3142 3729 gloria.

2685 3754 2879 3810 Cibavit
2911 3755 3056 3808 illum
3085 3768 3237 3821 pane,
3265 3762 3369 3806 etc.

2589 3848 2720 3902 Dum
2750 3862 2908 3915 supra
2935 3856 3120 3913 pectus
3150 3843 3356 3898 Domini

2584 3939 2933 3994 ltecumberet
2961 3937 3224 3990 altissimi.

2687 4031 2755 4084 Et
2783 4046 2918 4099 aqua
2945 4031 3228 4098 sapientim,
3259 4039 3364 4086 etc.

2587 4121 2655 4184 Ut
2684 4121 2915 4192 paradisi
2944 4121 3179 4178 ﬂuminis

2582 4213 2780 4269 Totum
2809 4213 2993 4269 urbem
3020 4211 3336 4274 cmlestibus

2581 4304 2831 4375 Irrigaret
2854 4305 3218 4374 dogmatibus.

2743 4397 2811 4452 Et
2841 4400 3150 4468 ﬁrmabitur,
3184 4407 3290 4454 etc.

2585 4493 2650 4548 Ut
2679 4507 2802 4548 arce
2832 4491 2960 4546 Sion
2996 4491 3199 4559 positus

2572 4585 2892 4640 Prmmineat
2920 4584 3224 4639 virtutibus.

2726 4674 2792 4728 Et
2821 4676 2977 4731 exuit.
3009 4675 3180 4739 illum,
3211 4683 3317 4729 etc.

2582 4767 2714 4821 Cum
2747 4783 2902 4837 aequo
2931 4767 3111 4820 mundi
3141 4765 3330 4820 Iudice

2579 4857 2798 4911 Throno
2833 4857 3111 4910 sedentem
3139 4852 3343 4920 gloriae.

2677 4947 2740 5004 In
2764 4949 2929 5003 medio
2961 4948 3232 5012 Ecclesia,
3261 4956 3363 5002 etc.

2588 5042 2644 5096 In
2677 5058 2806 5097 voce
2830 5042 3158 5110 evangelica,

2577 5135 2652 5191 Ad
2680 5136 2859 5189 divina
2891 5133 3178 5201 pruiconia.

2656 5225 2719 5279 Et
2747 5225 2969 5290 implerit
2993 5223 3137 5276 illum
3164 5219 3383 5290 Spiritu,
3419 5228 3505 5275 ete

2584 5319 2652 5373 Ut
2682 5332 2830 5371 more
2858 5316 3040 5370 volans
3071 5314 3284 5382 aquilae,

2581 5409 2758 5464 Solem
2784 5413 2989 5474 spectet
3018 5404 3264 5459 Justitim.

2689 5524 2693 5526 ‘
2724 5498 2791 5552 Et
2817 5497 2949 5551 stola
2979 5499 3175 5570 glarizr,
3208 5506 3312 5551 ctc.

2584 5589 2724 5644 Inter
2755 5599 3059 5644 sanctorum
3090 5589 3299 5659 agmina

2573 5680 2795 5735 Coronis
2824 5681 3115 5744 rutilantia,

2582 5775 2647 5830 Et
2678 5779 2794 5831 luce
2817 5774 2947 5831 solis
2973 5772 3219 5830 candida.

1090 3345 1118 3376 ⁸
1149 3337 1223 3394 De
1249 3339 1565 3410 Epiphania.

895 3425 1088 3492 Tribus
1117 3430 1282 3500 signis
1308 3431 1417 3492 Deo
1447 3432 1624 3505 dignis

819 3518 941 3574 Dies
973 3519 1074 3580 ista
1100 3522 1314 3591 colitur,

819 3611 943 3670 Tria
971 3615 1124 3686 signa
1153 3617 1310 3675 laude
1339 3619 1498 3690 digna

819 3704 1002 3767 Castus
1030 3709 1114 3767 hic
1145 3714 1505 3784 persequitur,

819 3798 986 3854 Stella
1013 3816 1194 3872 magos
1222 3805 1375 3866 duxit
1406 3821 1567 3876 vagos

815 3891 896 3946 Ad
927 3908 1162 3964 prmsepe
1187 3895 1422 3952 Domini.

891 3983 1299 4057 Congaudentes
1334 4003 1523 4043 omnes
1551 3996 1744 4060 gentes,

816 4077 946 4147 Ejus
977 4080 1207 4149 psallunt
1236 4083 1464 4149 nomini,

817 4172 1020 4226 Novum
1051 4173 1270 4240 mirum,
1301 4189 1437 4244 aqua
1470 4172 1650 4232 vinum

815 4261 1034 4318 Factum
1067 4272 1152 4319 est
1183 4263 1248 4319 ad
1276 4266 1511 4334 nuptias,

817 4352 1042 4409 Mundus
1073 4355 1265 4417 credit,
1294 4355 1539 4421 Christus
1570 4357 1716 4414 dedit

816 4442 1100 4515 Signornm
1132 4447 1415 4514 primitias.

889 4535 931 4588 A
960 4531 1167 4593 Joanne
1197 4538 1249 4592 in
1280 4539 1519 4599 Iordane

813 4623 1054 4683 Christus
1080 4629 1381 4700 baptizatus
1402 4645 1506 4701 est,
2147 4637 2197 4695 ὓ

821 4721 970 4777 Unde
1001 4722 1140 4779 lotus
1171 4727 1400 4789 mundus
1427 4738 1568 4785 totus

822 4812 885 4866 Et
914 4815 1223 4882 purificatus
1247 4825 1364 4886 est;

810 4902 1022 4970 Lector,
1044 4906 1177 4977 lege.
1205 4908 1249 4963 A
1276 4923 1488 4966 summo
1510 4927 1639 4982 rege

815 4995 933 5052 Tibi
956 4997 1264 5058 benedictio

820 5085 934 5153 Sit;
968 5087 1019 5142 in
1043 5088 1192 5144 cmlis
1222 5091 1371 5159 plebs
1405 5091 1578 5149 fidelis

823 5177 1016 5233 I’sallat
1045 5197 1168 5236 cum
1203 5182 1460 5252 tripudio.

889 5273 1080 5327 Amen.
1281 5286 1345 5326 /‘-"

629 5947 654 5977 ³
687 5939 964 5996 Metzlerus
992 5950 1142 6012 putat
1183 5958 1304 6001 csse
1353 5943 1683 6013 Ilartmanni,
1749 5957 1867 5998 nam
1918 5941 1969 5996 in
2017 5938 2113 5995 llis.
2149 5945 2299 5995 erant
2324 5934 2515 5993 atmcsi
2539 5935 2777 5993 versibus
2807 5930 3137 5988 Hartmanni.
3170 5930 3304 5985 CAN.
