4002 6350
559 348 632 407 55
1606 360 1948 418 APl’ENDIX
1989 363 2081 418 AD
2120 363 2180 420 S.
2221 365 2424 421 GALLI
2462 366 2771 432 SCRIPTA.
3755 384 3824 440 56

561 466 752 543 tinam);
804 484 905 540 qua
962 466 1228 540 potentior
1276 473 1388 543 ipse
1441 487 1575 543 erat,
1630 471 1873 531 neumata
1925 477 2137 530 inventa

555 539 796 612 dulciora
824 539 994 605 sunt,
1045 553 1101 596 ut
1131 539 1350 612 apparet
1379 547 1428 600 in
1477 539 1648 601 Hodie
1675 546 1960 600 cantanda:
1985 557 2056 599 est
2087 556 2141 600 et

560 608 804 686 Omnium
828 614 1067 686 virtutum
1092 608 1322 685 geminis,
1347 632 1480 685 quos
1503 621 1712 686 quidem
1742 627 1922 684 tropos
1943 616 2138 671 Carolo

555 683 668 748 regi
703 681 768 760 ad
809 681 1160 760 oll'erendum,
1184 681 1532 760 Aquem,_:ipse;
1559 705 1647 760 rex
1678 681 1915 760 iecerat,
1949 688 2140 741 obtulit

556 753 844 839 canendus.
872 754 970 822 Qui
1004 753 1306 839 rex_etiam_,
1341 753 1696 839 l’irilGaiitwi'
1718 758 1837 812 cum
1861 756 2132 839 dictasset,

557 821 805 896 '[uteloui
840 821 1023 896 versus
1053 825 1250 880 addere
1281 827 1528 896 injunxit,
1565 839 1622 881 ut
1650 830 1799 883 aiunt
1833 845 1845 880 :
1882 827 2136 890 Quoniam

554 890 807 974 Dominus
850 892 998 948 Iesus
1033 912 1147 948 cum
1175 890 1693 978 esset,'0ninipo_tens
1736 899 1954 978 genitor,
1997 901 2133 978 fons,

554 971 602 1048 et
631 964 797 1048 origo,
832 981 950 1019 cum
994 967 1357 1048 sequentibus,
1389 964 1522 1048 ete.,
1577 964 1841 1048 ltoseuim
1872 964 2017 1048 solos
2064 968 2130 1021 li-

550 1030 667 1108 buit
689 1030 923 1108 adferre,
949 1046 1023 1100 ut,
1051 1030 1091 1090 si
1121 1030 1353 1091 musicus
1374 1039 1468 1104 sis,
1494 1030 1650 1107 quam
1673 1040 1853 1108 dispar
1875 1038 1990 1106 ejus
2019 1052 2132 1093 me-

554 1100 695 1156 lodia
723 1107 793 1158 sit
837 1106 1037 1160 videas.
1091 1108 1327 1163 Mortuus
1356 1100 1720 1178 est'opinione
1747 1100 1984 1163 omnium
2011 1124 2136 1174 san-

552 1184 696 1260 ctus,
739 1185 794 1256 et
833 1179 1072 1260 sepultus
1106 1179 1165 1259 in
1219 1182 1544 1234 monasterio
1583 1182 1645 1260 in
1692 1180 1892 1260 sacello
1937 1188 2136 1260 sanctae

551 1243 854 1302 Catltarina:
880 1247 1046 1317 (quod
1075 1248 1211 1303 sicut
1242 1261 1292 1304 et
1324 1251 1689 1308 coemeterium
1724 1251 1798 1306 illi
1825 1250 2134 1319 contiguum

559 1379 750 1442 Versus
771 1384 822 1437 in
842 1383 892 1438 Ν
897 1385 1124 1442 ativitate
1138 1385 1344 1442 Domini
1358 1388 1571 1442 canendi
1595 1389 1650 1443 in
1669 1391 2072 1460 processionibus
2090 1396 2140 1448 ⁸.

550 1474 710 1530 Salve
737 1477 1020 1532 miriﬁcum
1045 1493 1260 1548 semper
1284 1481 1423 1536 Deus
1447 1483 1496 1535 in
1526 1481 1686 1537 Patre
1720 1483 1973 1552 Verbum,

624 1566 847 1621 Iliriﬁco
873 1578 1022 1636 partu
1049 1568 1159 1639 jam
1191 1585 1314 1624 caro
1343 1585 1502 1627 carne
1522 1583 1718 1627 satum.

551 1655 757 1712 Venisti
788 1659 985 1713 mundo
1015 1675 1149 1713 nova
1180 1662 1368 1729 gaudia
1391 1663 1625 1719 condere
1649 1673 1865 1734 moesto,

626 1752 688 1805 Et
722 1752 814 1806 tibi
842 1753 1046 1808 devotis
1080 1756 1314 1823 pandere
1345 1765 1396 1812 te
1427 1758 1660 1816 famulis.

551 1841 852 1905 Persulteut
876 1858 1071 1900 nostrae
1097 1847 1211 1909 tibi,
1243 1850 1390 1918 virgo
1420 1851 1603 1916 Maria,
1636 1867 1921 1921 cammnte,

623 1936 752 2001 Quae
775 1936 961 1996 rutilas
993 1940 1153 1993 tantis
1181 1953 1417 2010 congrua
1447 1945 1738 2013 mysteriis.

553 2014 657 2095 Sed
689 2044 806 2099 quae
834 2029 1133 2100 condignas
1158 2033 1250 2088 tibi
1281 2034 1458 2105 lingua
1489 2039 1786 2106 rependere
1812 2039 1996 2100 laudes

621 2121 901 2186 Prmvalet,
928 2124 1189 2178 extollens
1216 2141 1406 2181 nomen
1439 2127 1504 2182 ad
1532 2138 1676 2182 astra
1700 2139 1848 2184 tuum
1871 2130 1895 2182 τ

550 2212 719 2277 Quem
749 2227 854 2267 non
888 2215 1132 2270 immensi
1156 2217 1337 2284 capiat
1365 2228 1509 2274 teres
1535 2221 1708 2276 orbita
1739 2220 1923 2277 mundi

623 2300 675 2356 In
705 2311 788 2373 tua
813 2318 873 2360 se
901 2305 1091 2360 clausit
1120 2308 1322 2362 viscera
1356 2309 1525 2364 factus
1557 2311 1734 2376 homo.

549 2393 758 2450 Caelum
788 2397 1047 2462 curvavit,
1080 2399 1195 2453 sola
1229 2399 1371 2467 fecit,
1402 2413 1455 2457 et
1494 2417 1708 2472 aequora
1735 2402 1890 2471 Fudit,

622 2486 872 2557 Principii
894 2489 1161 2560 princeps,
1184 2506 1344 2548 oruue
1373 2495 1512 2563 quod
1537 2503 1620 2551 est
1650 2495 1872 2552 faciens.

550 2576 898 2648 Eii-crescens,
923 2581 1078 2651 lapis,
1111 2583 1313 2652 absque
1343 2601 1504 2641 manu
1531 2587 1597 2642 de
1623 2597 1804 2657 monte
1833 2589 2100 2660 revulsus,

624 2671 761 2726 Mole
791 2672 871 2727 sui
901 2674 1156 2729 mundum
1188 2675 1417 2732 obtinuit
1445 2680 1752 2749 stupidum;

550 2761 778 2834 Scutper
805 2780 926 2821 cum
952 2766 1109 2823 Patre
1135 2770 1219 2825 cui
1253 2771 1420 2827 virtus
1445 2782 1499 2827 et
1523 2773 1715 2843 gloria,
1743 2788 1992 2845 sorsque,

622 2853 944 2926 ASquiparet
972 2873 1218 2930 regnum,
1248 2860 1750 2935 splendor,‘bonor,
1783 2865 1999 2923 solium.

1130 2947 1197 3004 In
1229 2949 1549 3021 Epiphania.

548 3033 709 3093 Salve
733 3037 1017 3094 miriﬁcum
1039 3053 1251 3112 semper
1275 3043 1415 3099 Deus
1437 3044 1489 3099 in
1518 3044 1675 3102 Patre
1700 3046 1962 3116 Verbum,

619 3128 842 3189 Miriﬁco
871 3141 1022 3202 partu
1039 3131 1150 3202 jam
1178 3148 1304 3189 caro
1329 3149 1491 3192 carne
1518 3145 1716 3193 satum.

550 3219 664 3276 Hoc
687 3222 990 3289 fecundata,
1012 3232 1068 3279 et
1095 3225 1300 3282 caelesti
1321 3242 1385 3283 ex
1420 3242 1541 3284 rore
1563 3230 1732 3301 rigata

619 3311 924 3380 Florueras,
959 3313 1119 3386 Virgo
1148 3325 1202 3370 tu
1230 3317 1508 3375 benedicta
1537 3320 1669 3387 Deo,

545 3401 737 3470 Natum
761 3403 990 3474 lactasti,
1019 3407 1331 3480 gremioque
1357 3407 1590 3468 fovendo
1620 3414 1830 3486 locasti,

617 3496 718 3571 Qui
746 3507 867 3554 tuus
891 3507 976 3555 est
997 3501 1218 3586 Auctor,
1252 3501 1421 3560 Filius
1444 3514 1498 3560 et
1529 3492 1808 3587 Dominus.

545 3588 791 3659 Ingratus
821 3607 973 3648 noxae
999 3583 1158 3650 timor
1184 3597 1363 3652 omnis
1390 3583 1579 3656 abesto
1610 3591 1863 3659 veterna.

616 3683 732 3738 Jam
761 3685 969 3742 novitas
992 3696 1197 3758 regnat,
1228 3697 1370 3746 totus
1397 3702 1450 3747 et
1472 3693 1619 3749 orbis
1645 3706 1792 3750 ovat.

545 3773 626 3828 En
649 3774 803 3830 Jesse
824 3776 1028 3846 virgam
1056 3777 1278 3834 decorat
1305 3781 1442 3836 bene
1471 3783 1725 3841 ﬂosculus
1773 3786 1945 3856 illam,

621 3865 766 3921 Vatis
796 3879 854 3921 ut
882 3882 1069 3942 exorsa
1101 3869 1430 3938 prmeinuere
1459 3889 1632 3933 sacra.

545 3955 877 4013 Excrescens
919 3957 1078 4028 lapis,
1106 3960 1310 4031 absque
1338 3979 1498 4018 manu
1531 3966 1598 4020 de
1647 3978 1830 4025 m0nte
1880 3972 2133 4047 revolsus

616 4048 757 4104 Mole
785 4049 866 4104 sui
900 4051 1155 4106 mundum
1180 4054 1406 4114 obtinuit
1430 4058 1723 4126 stupidum.

547 4138 626 4193 Eu
658 4155 798 4194 nunc
821 4140 1064 4210 implevit
1089 4143 1231 4212 quod
1258 4159 1318 4199 ea
1351 4161 1445 4214 per
1472 4149 1738 4219 enigmata
1765 4152 1980 4223 clausit,

618 4232 808 4289 Pandit
837 4245 891 4290 et
918 4235 1142 4291 obscura
1171 4237 1344 4306 gratia
1375 4237 1494 4294 luce
1533 4256 1689 4296 nova.
1832 4231 1838 4237 ’

547 4323 798 4403 Testatur
817 4325 935 4381 ﬁdis
959 4329 1134 4397 gregis
1158 4328 1379 4398 angelus
1409 4330 1521 4399 ipse
1554 4336 1848 4404 magistris,

618 4415 746 4484 Ejus
767 4399 828 4471 in
860 4427 1046 4474 exortu
1082 4407 1199 4474 luce
1224 4421 1427 4475 micans
1455 4423 1667 4479 rutilus.

545 4504 659 4580 lloc
688 4505 882 4570 festum
916 4510 1046 4578 tanti
1076 4510 1222 4580 canit
1268 4511 1382 4564 lure
1413 4511 1495 4581 pia
1526 4524 1647 4568 vota
1675 4516 1807 4584 diei,

616 4597 781 4653 Stella
812 4615 1000 4657 recens
1029 4601 1243 4667 clamat,
1273 4613 1426 4660 aucta
1453 4603 1570 4660 dies
1593 4607 1802 4675 jubilat.

544 4685 770 4758 Semper
800 4705 919 4745 cum
952 4691 1106 4750 Patre
1137 4693 1223 4746 cui
1253 4693 1443 4762 virtus,
1467 4704 1570 4752 etc.
1598 4738 1612 4762 ,
1639 4709 1693 4753 nt
1723 4717 1903 4771 supra.

923 4782 989 4836 In
1022 4784 1291 4852 festivitate
1317 4787 1481 4840 sancti
1508 4787 1769 4857 Othmari,

980 4873 1172 4928 Versus
1199 4876 1275 4929 ad».
1306 4880 1695 4944 processionem.
1767 4875 1770 4878 ’

903 4965 1121 5020 Festum
1145 4978 1410 5028 sacratum
1432 4972 1732 5040 psallimus,

830 5055 1043 5112 Christo
1068 5068 1321 5116 canentes
1349 5062 1617 5131 laudibus,

828 5150 926 5217 Qui
955 5151 1047 5206 dat
1069 5168 1321 5211 coronam
1351 5140 1620 5226 testibus,

827 5243 989 5300 Nobis
1019 5247 1110 5300 det
1137 5247 1543 5317 indulgentiam.

902 5335 1190 5393 Otlimarus
1220 5339 1386 5394 abbas
1407 5339 1627 5393 vocibus

833 5429 1076 5486 Oraudus
1102 5442 1184 5486 est
1211 5433 1588 5496 concordibus,

831 5522 1003 5588 Quem
1034 5522 1227 5578 Factor
1257 5524 1374 5592 ipse
1412 5525 1624 5580 caelitus

825 5613 1047 5669 Donavit
1077 5616 1163 5671 hic
1210 5618 1512 5674 virtutibus.

901 5710 1050 5764 Ilune
1079 5725 1197 5766 esse
1228 5721 1430 5781 patrem
1472 5714 1658 5784 patriae

2169 481 2220 541 Α
2248 478 2417 565 saneti
2443 479 2723 565 frutetonis
2768 483 3010 558 vocatur)
3039 487 3104 543 ad
3135 488 3382 547 dextrum
3414 493 3594 552 altaris
3633 511 3823 565 cornu,

2245 547 2346 604 hoc
2373 548 2641 619 epitapltio
2673 571 2685 606 :

2368 639 2826 717 Virginisalmiﬁcze
2844 651 2994 710 pictor
3020 658 3258 717 egregius
3273 657 3456 708 Tutelo

2426 704 2685 778 Excellens
2709 704 2897 778 ruerit-is
2915 724 2964 764 et
2990 704 3390 778 piéiaié‘méasi

2364 763 2520 844 Neltno
2543 774 2698 844 tristis.
2712 767 2834 844 abit,
2858 778 2940 844 qui
2965 763 3013 825 te
3038 763 3534 844 colit'e'tvveneratur,

2424 826 2547 877 Fers
2564 836 2749 882 cunctis
2768 826 2996 896 placidam
3022 826 3396 903 quippevsal—utis—
3409 826 3573 906 iisin.

2316 907 2538 989 _Floruit_
2576 923 2815 984 tempore
2869 924 3036 973 sancti
3089 921 3333 989 Notkeri,
3392 926 3492 980 sub
3550 925 3826 983 Bernardo

2242 977 2453 1054 abbate,
2495 984 2634 1036 circa
2678 977 2767 1040 an.
2813 989 2938 1044 883.
2973 992 3043 1045 De
3075 1008 3145 1054 ea
3188 977 3824 1053 Eckerltardusi‘u—li—bris

2242 1047 2468 1124 Castrum
2495 1062 2549 1116 et
2577 1055 3036 1124 Benedictionuut,
3065 1073 3117 1116 et
3140 1047 3323 1118 Coder
3336 1047 3824 1123 ’ωιιῖιῐόοὲβῖιῖίόὲ

2243 1119 2491 1210 scriptus,
2528 1125 2836 1208 Bruselrius,
2867 1142 2969 1185 etc.
3003 1119 3461 1210 limc‘bletrlerus,‘
3483 1119 3828 1210 quidni—gen:-

2245 1191 2449 1246 tissime
2475 1209 2538 1248 ex
2571 1199 2801 1267 antiquis
2823 1191 3180 1259 monumentis
3201 1206 3430 1277 collegit.

2528 1405 2764 1460 laetetur
2792 1408 2966 1463 omnis
2993 1410 3208 1477 Suevia,

2528 1496 2621 1549 llis
2651 1506 2827 1564 natus,
2872 1499 2968 1552 hos
2999 1516 3138 1556 nunc
3163 1501 3438 1571 confovet,

2527 1587 2795 1643 Placando
2825 1589 3100 1646 Christum
3162 1594 3429 1662 plebibus.

2599 1679 2695 1734 Hic
2725 1679 2862 1735 dona
2893 1685 3063 1737 sancti
3098 1685 3346 1756 Spiritus,

2530 1767 2749 1837 Accepit
2777 1773 2930 1826 annis
2953 1775 3222 1842 parvulus,

2526 1857 2700 1925 Ipsum
2733 1861 2979 1917 Datorem
3009 1880 3290 1922 munerum

2527 1949 2796 2020 Spargens
2823 1956 2875 2008 in
2905 1970 3028 2012 oras
3053 1970 3290 2014 exteras.

2599 2044 2798 2101 Omnes
2820 2050 3015 2115 gradus
3040 2051 3128 2106 hic
3151 2052 3430 2124 presbyter

2529 2136 2693 2191 Orant
2723 2139 2893 2196 beatis
2922 2143 3182 2208 moribus,

2523 2228 2665 2282 Patri
2697 2234 2884 2300 preces
2923 2235 3224 2290 ctelestium

2525 2317 2677 2374 Votis
2704 2320 2908 2377 litando
2938 2340 3238 2381 munerum.

2594 2409 2908 2467 Communis
2939 2413 3024 2468 hic
3055 2416 3178 2470 vitae
3204 2424 3353 2471 sator

2514 2497 2619 2555 Seu
2646 2517 2864 2572 magnus
2888 2513 3058 2560 exstat
3087 2508 3351 2576 conditor,

2525 2588 2788 2645 Prmlatus
2813 2594 2980 2650 abbas
3005 2595 3195 2653 incolis

2527 2681 2696 2752 Hujus
2725 2685 2826 2740 loci
2860 2691 3188 2756 przenobilis.

2594 2776 2680 2832 Fit
2710 2795 2911 2850 pauper
2943 2781 3029 2838 hic
3061 2799 3156 2853 pro
3186 2799 3438 2854 paupere,

2518 2868 2756 2925 Cunctos
2787 2884 3006 2943 egentes
3031 2876 3353 2945 confovens,

2521 2959 2655 3015 Dum
2686 2965 2827 3030 quod
2858 2964 2949 3021 dat
2977 2968 3056 3022 eis
3088 2971 3341 3037 parvulis,

2520 3049 2788 3107 Christum
2819 3066 3087 3124 respectat
3112 3059 3384 3115 fratribus.

2590 3143 2740 3200 Nune
2766 3150 2958 3217 gaudet
2982 3150 3034 3206 in
3069 3167 3232 3223 regno
3256 3153 3348 3211 Dei

2521 3236 2759 3295 Functus
2790 3257 2986 3298 corona
3033 3248 3258 3314 prtemii,

2519 3329 2688 3395 Quam
2717 3331 2966 3389 Christus
2989 3336 3063 3390 illi
3105 3339 3354 3408 reddidit,

2527 3418 2631 3474 Pro
2662 3437 2768 3490 quo
2799 3424 3010 3480 labores
3040 3429 3274 3486 sustulit.

2600 3511 2758 3568 Gallo
2786 3515 2930 3571 Patri
2963 3517 3214 3576 laudabili

2517 3603 2803 3661 ()tltmarus
2843 3609 3006 3666 abbas
3048 3611 3309 3683 iungitur,

2520 3692 2678 3750 Istum
2707 3697 2878 3753 locum
2908 3703 2995 3769 qui
3019 3701 3218 3774 iugiter

2514 3784 2797 3855 Tutentur,
2830 3802 2884 3845 et
2915 3809 3013 3849 nos
3058 3799 3348 3866 supplices.

2595 3877 2798 3935 Virtute
2827 3893 3000 3938 seruet
3029 3885 3209 3942 vivere

2516 3966 2851 4025 Demonsuat
2873 3975 2956 4029 ltic
2983 3977 3344 4046 credentibus,

2511 4061 2728 4114 Certum
2762 4062 2864 4118 ﬁde
2890 4067 3030 4134 quod
3075 4071 3380 4139 qumrimus,

2514 4158 2721 4214 Praebet
2745 4161 2902 4217 Pater
2928 4165 3319 4224 sanctissimus.

2589 4253 2812 4310 Etl‘unde
2840 4272 3014 4323 voces,
3047 4260 3196 4328 plebs
3228 4263 3340 4330 Dei,

2509 4342 2804 4399 Commissa
2833 4346 2972 4403 deﬂe
3004 4352 3181 4418 noxia,

2518 4440 2668 4490 Astat
2700 4450 2914 4509 rogator
2942 4446 3147 4511 gratim,

2517 4528 2762 4593 Reddcns
2791 4549 2999 4601 aequum
3031 4539 3170 4606 quod
3194 4540 3436 4610 suscipit.
3530 4537 3545 4552 ’

2585 4622 2836 4688 Absolve,
2865 4627 3309 4697 clementissime,

2509 4709 2658 4765 Nexu
2689 4713 2878 4784 ligatos
2906 4719 3165 4785 Criminis,

2510 4803 2706 4860 Deleus
2725 4810 2922 4874 malum
2955 4813 3093 4879 quod
3146 4817 3374 4885 respuis,

2515 4897 2733 4952 Addens
2762 4900 2958 4956 bonum
2991 4905 3134 4973 quod
3163 4907 3406 4974 respicis.

2583 4987 2720 5042 Laus
2747 4993 3077 5061 sempiterno
3105 4996 3175 5049 sit
3202 4995 3347 5051 Patri

2508 5077 2616 5133 Nec
2648 5096 2751 5135 nou
2779 5086 3002 5151 perenni,
3033 5085 3193 5151 Filio,

2511 5172 2814 5244 Sancteque
2843 5178 2912 5230 sit
2934 5177 3247 5246 Spiratnini,

2509 5264 2609 5319 Per
2635 5269 2951 5322 saeculorum
2983 5270 3199 5324 saecula.

2663 5401 2722 5456 In
2764 5406 3083 5471 susceptione
3111 5406 3375 5475 principis.

2227 5511 2404 5577 Sabe,
2437 5512 2567 5566 festa
2592 5514 2726 5578 dies,
2758 5515 3055 5581 laudabilis,
3081 5527 3241 5588 atque
3271 5520 3446 5585 beata,

2298 5609 2406 5666 Qua
2455 5603 2590 5656 Deus
2640 5603 2690 5657 in
2723 5620 2933 5660 servum
2967 5608 3098 5662 vidit
3126 5611 3193 5662 ab
3224 5625 3347 5664 arce
3375 5625 3552 5664 suum.

2232 5696 2366 5750 ECce
2400 5697 2535 5750 redit
2559 5697 2805 5766 princeps
2829 5697 3123 5758 laudandus
3148 5704 3384 5758 carmine
3412 5714 3620 5767 nostro,

616 5852 639 5898 θ
668 5846 959 5917 Habentur,
989 5848 1125 5903 sicut
1148 5859 1199 5905 et
1219 5861 1326 5905 tres
1351 5861 1632 5922 sequentes
1657 5851 1837 5926 hymni
1865 5853 1915 5910 in
1946 5856 2306 5913 vetustissimo
2340 5852 2433 5910 Ms.
2468 5852 2649 5920 ebore,
2690 5866 2929 5925 argento,
2975 5859 3199 5928 gemmis
3247 5873 3379 5914 auro
3414 5860 3536 5914 olim
3584 5860 3798 5916 vestito.
