4002 6350
248 414 303 469 57
684 409 1179 471 EPIGRAMMATA
1217 409 1349 467 εει]
1391 380 1600 463 IlelNl
1638 403 1841 461 SACRI
1882 401 2111 471 ANTIQ.
2157 401 2443 459 PATRUM
2486 401 2650 458 MON.
2695 401 2755 457 S.
2798 399 3029 457 GALLI.
3414 399 3486 460 68

306 525 493 581 Gaudia
521 524 646 588 sint,
690 524 885 593 papqu
911 523 1051 605 quod
1084 523 1224 578 redit
1261 523 1352 595 ille
1384 536 1503 589 suo.

248 622 359 673 \‘ive
385 618 492 680 diu,
528 616 791 684 princeps,
817 624 939 683 post
967 616 1190 684 plurima
1223 615 1403 683 prmlia
1429 615 1619 680 victor,

307 711 537 780 Undique
562 708 816 764 deﬁciunt
846 709 934 778 qui
961 719 1049 763 tua
1070 708 1264 775 damna
1297 718 1503 781 petunt.

244 803 485 859 Yirtutum
519 801 721 856 meritis
746 811 833 855 tua
863 802 971 855 vita
1002 801 1229 871 refulget
1259 801 1504 868 honesta,

304 896 425 949 llinc
441 903 491 949 te
516 893 667 948 laude
696 892 799 947 frui
830 891 955 950 fecit
977 894 1032 946 in
1056 894 1188 947 orbe
1220 892 1381 948 Dens.

246 985 391 1042 infula
412 987 679 1040 sincerum
711 1000 851 1039 nunc
892 992 1050 1039 ornet
1078 983 1356 1053 Splendida
1389 982 1617 1050 vultum,

303 1078 640 1147 Omnipotens
672 1076 765 1130 tibi
810 1076 923 1130 laus
946 1076 1103 1130 detur
1127 1076 1194 1130 ab
1224 1076 1347 1130 inde
1381 1078 1539 1132 Deus.

244 1169 418 1224 lnvidia
444 1183 630 1236 magna
671 1176 950 1238 correptus
979 1170 1173 1238 pnesul
1204 1169 1419 1239 iniquus

305 1261 511 1327 Invidet,
544 1270 704 1330 atque
734 1264 898 1330 gemit
925 1262 1065 1331 quod
1096 1262 1235 1316 Deus
1266 1263 1365 1315 ista
1400 1260 1547 1317 facit.

244 1352 467 1424 Νιψιίιει·
490 1354 774 1408 intendens
813 1363 867 1409 te
896 1355 1110 1409 vincere
1141 1354 1369 1408 vincitur
1400 1353 1510 1423 ille,

301 1444 527 1497 Gincidit
556 1446 609 1498 in
637 1442 843 1499 foveam
866 1444 1019 1514 cujus
1051 1454 1104 1499 et
1131 1453 1317 1498 auctor
1338 1454 1475 1500 erat.

246 1536 475 1596 Defensus
504 1536 735 1601 meritis,
766 1536 818 1591 in
847 1536 1052 1590 honore
1083 1551 1326 1602 manens,
1357 1535 1498 1591 bone
1526 1535 1799 1606 princeps,

306 1626 456 1695 Digne
482 1625 814 1695 susciperis;
845 1625 1121 1694 psallimus
1146 1625 1272 1701 inde
1302 1626 1393 1681 tibi
1423 1644 1438 1681 ε

248 1717 333 1772 Nos
360 1730 474 1772 tuus
500 1721 764 1787 adventus
787 1718 1050 1789 condigne
1095 1720 1322 1787 psallere
1349 1719 1512 1789 cogit,

305 1812 373 1866 Sit
408 1811 497 1867 tibi
526 1826 630 1882 pax
673 1811 901 1882 requies,
929 1812 999 1865 sit
1028 1812 1307 1883 benedicta
1336 1811 1477 1867 dies.

248 1942 302 2014 υ.
327 1942 384 1997 Ρ.
419 1944 487 1999 Ν.
523 1942 745 2003 Notkeri
777 1942 984 2008 Balbuli
1033 1944 1252 2013 hymnus
1304 1942 1367 1996 de
1395 1941 1625 1999 euntibus
1669 1956 1797 1995 san-

730 2017 822 2068 ctis
851 2016 1047 2070 cantari
1075 2016 1276 2071 solitus.

565 2150 772 2207 Omnes
800 2151 1021 2218 superni
1051 2150 1292 2216 ordines,

486 2240 700 2308 Quibus
721 2242 928 2296 dicatur
949 2242 1035 2295 hic
1054 2240 1189 2308 dies,

493 2332 646 2388 Milfe
669 2331 868 2387 milleni
907 2332 1120 2397 millies,

485 2421 717 2477 Vestras
739 2422 924 2478 audite
946 2422 1235 2493 supplices.

557 2516 802 2571 Primum
830 2515 1049 2571 virtutes
1070 2516 1243 2586 ignea:

486 2605 608 2660 Mox
646 2608 865 2677 repleta:
884 2607 1127 2662 scientias

486 2697 631 2755 Exin
656 2698 838 2769 iuvate
868 2712 964 2753 nos
994 2712 1153 2768 prece

481 2790 779 2848 Sessiones
810 2791 1126 2848 Dominicaz.

561 2885 699 2937 Dum
734 2898 829 2939 nos
852 2884 1100 2940 ctelcSIes
1126 2883 1366 2953 Domini,

480 2972 551 3028 Et
580 2974 858 3045 principes
886 2976 1181 3045 praevalidi,

480 3065 843 3136 Potentiaque
869 3068 1080 3138 praediti

479 3156 674 3211 Estote
699 3158 855 3212 nobis
875 3160 1089 3227 placidi.

555 3250 700 3307 Hinc
728 3250 878 3306 ditati
906 3252 1214 3320 virtutibus,

480 3343 703 3413 Vosque
735 3346 994 3401 tremendi
1026 3347 1243 3403 nutibus

482 3435 549 3490 Et
586 3435 848 3506 fulgurosi
889 3439 1139 3503 vultibus,

485 3532 695 3599 Christi
723 3531 897 3588 favete
922 3533 1184 3603 plebibus.

552 3625 758 3681 Omnes
785 3641 921 3696 quos
944 3626 1033 3681 Dei
1078 3625 1245 3698 gratia

482 3716 569 3772 Ab
602 3718 702 3771 hac
731 3719 933 3774 exemit
959 3719 1149 3786 patria,

483 3807 635 3862 Dona
665 3808 864 3864 donate
890 3810 1150 3879 caelestia,

488 3895 685 3951 Nostra
714 3897 891 3954 laxate
940 3899 1186 3954 crimina.
1248 3928 1260 3938 ε

552 3988 635 4043 Tu
670 4001 821 4059 pater
851 3992 998 4047 adsis
1029 3993 1321 4059 Abraham,

485 4080 699 4137 Claram
733 4098 926 4153 regens
958 4087 1285 4154 prosapiam,

478 4173 616 4229 Cum
648 4175 776 4242 ipsis
812 4167 1185 4232 necessariam

488 4264 659 4321 Nobis
691 4269 958 4336 precando
991 4271 1222 4343 veniam.

556 4355 797 4412 Tandem
833 4360 995 4414 David
1022 4360 1341 4433 hymnidicis

482 4446 622 4503 Hinc
648 4450 773 4504 inde
795 4453 1021 4521 stipatus
1048 4451 1253 4522 chOris,

484 4534 719 4593 Pulcher
748 4544 963 4594 coronis
994 4542 1179 4609 regiis,
1254 4524 1257 4529 I

480 4627 703 4685 Cunctis
728 4647 983 4686 succurre
1005 4615 1237 4689 miseris.

563 4726 730 4782 Sacer
756 4729 939 4782 adesto
966 4728 1210 4797 flagitans

490 4818 675 4873 Certus
700 4818 873 4873 futura
905 4815 1220 4890 praedicans,

486 4909 649 4966 Nobis
677 4911 951 4966 Christum
1001 4906 1321 4990 concilians,

491 5004 549 5059 In
575 5005 714 5060 caelo
738 5004 849 5077 jam
882 5005 1199 5075 tripudians.

560 5098 779 5162 Omnes,
811 5099 938 5155 dum
966 5116 1185 5155 carnem
1214 5100 1408 5167 induit,

485 5190 628 5257 Quos
658 5190 901 5247 Christus
934 5208 1174 5262 prtesens
1197 5193 1399 5260 docuit,

486 5276 737 5353 Quosque
759 5284 1010 5338 absentes
1039 5285 1229 5340 imbuit
1400 5270 1403 5275 ⁴

492 5379 708 5448 Erigite,
739 5383 826 5445 qui
848 5382 1071 5435 Corruit.

561 5472 800 5536 Nostros,
834 5487 1083 5540 supreme
1113 5473 1342 5551 claviger

490 5559 552 5614 Et
579 5578 728 5616 nova:
761 5562 907 5631 pacis
935 5560 1140 5631 legifer,

488 5653 772 5724 Omnisque
810 5655 1006 5709 Christi
1046 5655 1293 5726 crucifer,

494 5750 650 5801 Actus
672 5748 927 5802 mundate
958 5748 1181 5817 pariter.

1830 519 1878 578 Δ

1820 4593 1873 4655 D

2258 516 2408 571 Nunc
2430 531 2591 571 omne
2618 513 3004 585 sacerdotium,

2185 609 2393 664 Primus
2417 608 2550 663 ordo
2574 610 2911 678 pontificum,
2998 590 3003 597 ”

2184 698 2398 755 Clerum
2425 699 2670 755 ducendo
2699 699 2993 765 subditum,

2188 792 2394 847 Fletum
2427 794 2619 869 tergite
2646 794 2971 862 supplicum.

2258 889 2408 943 Nunc
2434 903 2594 957 posce
2620 872 2801 955 nobis,
2832 887 3081 950 Genltrix

2183 982 2472 1050 Omnisque
2501 983 2679 1039 carnis
2702 982 2980 1049 domitrix,

2190 1074 2260 1128 Ut
2280 1082 2456 1129 cesset
2488 1073 2642 1143 culpa
2666 1073 2949 1143 perditris,

2194 1164 2258 1219 Et
2285 1166 2433 1234 plebs
2455 1165 2692 1218 salvatur
2730 1163 2984 1220 debitrix.

2262 1252 2405 1308 Istud
2428 1252 2690 1329 concede,
2719 1252 2977 1325 Trinitas,

2190 1344 2259 1399 Et
2283 1344 2508 1399 indivisa
2542 1346 2743 1421 unitas,

2189 1433 2387 1489 Domus
2414 1448 2604 1505 regens
2632 1435 2881 1504 pacincas

2193 1522 2403 1581 IEtates
2430 1539 2524 1594 per
2566 1524 2901 1581 intertuinas.

2262 1619 2457 1689 Amen.

1974 1707 2260 1777 Sequentis
2286 1707 2682 1768 latnentationis
2716 1722 2927 1789 prosam
2960 1706 3085 1763 fecit
3111 1716 3329 1767 sanctus
3351 1708 3485 1764 Not-

1906 1800 2085 1869 lterus,
2120 1814 2244 1854 cum
2271 1801 2325 1854 in
2356 1800 2735 1856 Martinsdnhel
2766 1815 2898 1873 pons
2919 1798 2970 1854 in
2994 1801 3113 1859 loco
3152 1801 3411 1871 praecipiti
3435 1811 3491 1857 et

1831 1876 1881 1938 Β
1914 1892 2368 1961 periculosissimo
2399 1892 2778 1959 aediﬁcaretur.
2808 1892 2938 1963 Quis
2965 1900 3143 1948 autem
3173 1906 3365 1949 versus
3393 1893 3486 1957 ad-

1905 1983 2122 2052 iecerit,
2184 1984 2387 2040 nescio.
2431 1983 2700 2052 Descripsi
2750 1998 2814 2037 ex
2864 1983 3227 2042 vetuStissimo
3269 1983 3487 2052 Codice,

1904 2073 1992 2129 ubi
2032 2056 2155 2128 cu‘m
2187 2074 2458 2129 modernis
2484 2075 2643 2129 etiam
2676 2074 2815 2128 notis
2839 2086 2921 2130 est
2948 2092 2960 2127 :

1978 2183 1998 2222 ε
2022 2165 2191 2220 Media
2214 2167 2319 2221 vita
2342 2165 2395 2220 in
2421 2174 2594 2221 morte
2610 2181 2817 2231 sumus,
2835 2181 2991 2235 quem
3019 2166 3310 2237 qurrimus
3331 2166 3488 2237 adju—

1902 2264 2099 2321 torem,
2132 2256 2232 2310 nisi
2266 2264 2337 2323 te,
2370 2256 2617 2324 Domine,
2645 2257 2735 2327 qui
2767 2271 2860 2328 pro
2892 2258 3127 2329 peccatis
3172 2258 3374 2315 nostris
3396 2258 3483 2331 ju-

1898 2356 1983 2403 ste
2010 2348 2273 2404 irasceris.
2291 2367 2310 2400 s

2614 2418 2753 2475 Ach.

2257 2532 2428 2588 llomo
2448 2532 2717 2602 perpende
2745 2533 2965 2604 fragilis,

2182 2625 2442 2705 Mortalis,
2463 2635 2519 2683 et
2576 2626 2860 2695 instabilis,

2185 2716 2335 2784 Quod
2365 2718 2535 2782 vitare
2564 2732 2671 2773 non
2705 2719 2906 2787 poteris

2183 2809 2428 2875 Mortem,
2462 2825 2784 2881 quocunque
2809 2810 2957 2865 ieris.

2183 2900 2373 2954 Aufert
2403 2910 2474 2964 te,
2508 2902 2829 2971 saepissime,

2177 2991 2312 3046 Dum
2347 2992 2482 3047 vivis
2510 2992 2889 3065 libentissime.

2485 3082 2681 3140 Sanete
2715 3083 2874 3140 Deus.

2634 3178 2747 3239 Va).

2256 3269 2548 3324 Calamitas
2578 3270 2795 3340 inedizc,

2185 3360 2392 3417 Vermis
2425 3361 2607 3421 fremit
2647 3362 2881 3428 invidiae,

2176 3451 2312 3507 Dum
2344 3452 2492 3507 audit
2541 3454 2758 3507 ﬂentem
2790 3453 3020 3507 animam

2176 3545 2417 3601 Mortalis
2438 3559 2617 3600 essem
2647 3544 2886 3597 utinam!

2177 3635 2286 3691 Nec
2313 3634 2508 3689 Christi
2537 3631 2688 3687 fortis
2710 3631 2940 3705 gladius,

2177 3728 2476 3791 Transiret,
2512 3734 2567 3782 et
2610 3742 2717 3781 non
2748 3726 2908 3791 alius,

2496 3817 2692 3873 Sancte
2721 3816 2893 3872 fortis.

2611 3908 2748 3966 lleu.

2251 4001 2334 4058 Nil
2360 4001 2502 4057 valet
2527 4002 2802 4067 nobilitas,

2182 4094 2366 4165 Neque
2398 4094 2541 4150 sedis
2567 4094 2893 4162 Sublimitas,

2178 4188 2259 4242 Nil
2287 4189 2501 4256 generis
2526 4187 2785 4256 potentia,

2178 4278 2261 4332 Nil
2294 4278 2803 4345 rerum'afflueutia,

2179 4368 2302 4422 Plus
2334 4383 2464 4438 pura
2505 4371 2835 4423 conscientia

2179 4462 2329 4516 Valet
2361 4462 2540 4516 mundi
2572 4463 2819 4516 scientia.

1897 4556 2091 4611 Sancte
2122 4564 2177 4611 et
2207 4556 2514 4611 misericors
2540 4556 2808 4621 Salvator,
2835 4567 3029 4608 amara:
3068 4560 3224 4608 morti
3255 4566 3322 4607 ne
3369 4559 3487 4607 tra-

2573 4627 2669 4679 das
2687 4641 2806 4679 nos.

1895 4742 2142 4816 Ejusdem
2171 4743 2337 4796 sancti
2382 4740 2598 4805 Notkeri
2638 4741 2708 4793 ad
2752 4738 3100 4794 Ruodbertum
3129 4748 3155 4777 ἰ
3186 4739 3481 4818 episcaunns

1965 4813 2093 4868 Met.
2135 4814 2314 4868 Immni
2361 4827 2435 4868 tv.
2464 4817 2526 4867 de
2554 4813 2653 4867 vita
2675 4820 2725 4865 et
2750 4811 3020 4865 miraculis
3052 4818 3480 4868 prato-martum

2026 4826 2093 4871 et.
2135 4826 2312 4884 hymni
2361 4827 2435 4879 tv,
2464 4826 2526 4867 ac
2554 4826 2653 4867 vita
2675 4826 2725 4865 et
2750 4826 3020 4865 mrracum
3051 4826 3434 4882 prato-martyr

1964 4884 2242 4951 Stephani.

2004 4976 2251 5048 Hymnus-
2293 4976 2490 5046 primus
2518 4976 2582 5031 de
2610 4977 2851 5049 passione
2879 4975 3047 5031 sancti
3075 4971 3371 5043 Stephani.

1965 5091 2179 5148 Primus
2207 5107 2272 5147 ex
2296 5101 2501 5162 septem
2528 5092 2695 5148 niveis
2725 5092 3009 5158 columnis,

1894 5187 1936 5241 Α
1972 5185 2130 5240 Petro
2160 5184 2365 5239 electus
2394 5184 2700 5251 Stephanus
2729 5183 2905 5249 beato,

1900 5276 2065 5343 Voce,
2096 5278 2178 5331 vel
2207 5276 2397 5357 signis,
2430 5275 2701 5329 medicans
2735 5273 2980 5338 misellis,

2457 5368 2635 5422 Claret
2687 5370 2736 5421 iu
2787 5368 2939 5422 orbe.

1963 5468 2087 5535 Qui,
2120 5466 2267 5520 brevi
2299 5464 2462 5520 verbo
2496 5465 2760 5533 replicans
2791 5464 2992 5533 priora,

1894 5556 2277 5613 Persecutores
2304 5555 2494 5609 docuit
2524 5559 2732 5624 piorum

1894 5649 2025 5706 Esse
2050 5649 2289 5716 Judzros,
2317 5647 2582 5717 probitate
2606 5660 2807 5710 cassos,

2438 5741 2691 5810 Felleque
2721 5741 2923 5808 plenos.

296 5857 318 5893 ι
352 5852 462 5933 ipse
494 5853 770 5931 Nutlterus,
804 5860 856 5917 in
903 5860 1018 5918 Vita
1049 5859 1219 5918 sancti
1248 5860 1381 5918 Galli
1413 5858 1573 5917 refert
1607 5859 1772 5920 hosce
1803 5875 1985 5919 versas
2002 5859 2073 5916 ad
2091 5860 2421 5930 Ruopcrlum
2444 5854 2749 5927 episcopum
2770 5853 3059 5910 Metensem
3077 5848 3378 5921 scripsisse.
