4002 6350
458 352 529 410 59
1482 327 1827 390 APPENDIX
1869 324 1959 380 AD
2000 321 2057 377 S.
2103 317 2302 373 GALLI
2344 316 2655 374 SCRIPTA.

531 464 638 521 Nec
666 476 863 519 novum
895 457 1042 530 quid,
1070 454 1212 526 quod
1243 450 1523 509 Dominum
1558 448 1740 501 furore

460 556 629 627 lmpio
658 556 723 609 ad
772 568 983 624 poenam
1014 547 1190 603 crucis
1230 543 1579 614 impulerunt,

460 652 591 706 Cum
616 647 899 719 prephetas
950 643 1031 698 vel
1063 639 1395 709 patriarchas
1424 643 1548 690 ante

853 720 1005 804 Saepe
1036 741 1310 789 necarem.

537 832 695 886 llisce
718 827 1004 898 praedictis,
1051 825 1178 878 licet
1200 818 1507 892 angelorum

462 923 559 978 Ille
588 921 797 992 fugeret
820 918 953 972 facie
983 916 1232 981 decorus,

464 1014 573 1070 Ceu
604 1012 885 1085 profanum
929 1008 1194 1063 mmnibus
1224 1001 1367 1059 urbis
1392 1000 1515 1055 alltc

862 1099 1174 1170 Ejiciehant.

542 1195 717 1253 Saulis
743 1202 796 1249 et
833 1188 979 1248 curre
1007 1187 1217 1245 induvia
1255 1185 1513 1248 calentes,

468 1286 546 1341 Ne
578 1287 723 1355 piger
755 1285 931 1339 forsan
962 1280 1109 1334 l'uror
1138 1274 1424 1345 impeditus

470 1378 697 1434 Tardius
727 1386 970 1432 sanctum
1003 1373 1240 1426 lacerare
1271 1373 1472 1437 posset,

860 1468 1251 1535 Deposuerunt.

544 1559 678 1613 Tum
702 1559 882 1612 volant
908 1554 1083 1610 crebri
1126 1552 1327 1621 lapides
1361 1563 1455 1618 per
1483 1561 1667 1610 auras,

474 1650 642 1705 lnstar
694 1648 921 1721 ingentis
972 1644 1182 1716 pluviae,
1219 1642 1299 1696 vel
1345 1640 1552 1704 imbris,

477 1743 655 1798 Vinea:
678 1740 887 1795 tandem
916 1736 1085 1793 Sterili
1111 1734 1338 1804 negandi

863 1833 1037 1899 Atque
1076 1827 1299 1884 nocivzn.

546 1924 647 1981 Sed
683 1934 857 1979 tamen
882 1928 1099 1977 sanctus
1131 1920 1326 1988 pietate
1350 1918 1557 1987 plenus,

475 2018 806 2075 Persecutori
839 2016 1048 2069 veniam
1078 2022 1342 2079 precatur,

477 2113 650 2180 Atque
676 2123 770 2179 pro
797 2106 977 2163 crudis
1001 2105 1233 2175 lapidum
1267 2102 1469 2173 pruinis

872 2199 1075 2254 Pronus
1104 2196 1310 2251 adorat.

554 2292 688 2346 Huic
715 2292 780 2346 ad
807 2289 1111 2357 exemplum
1149 2287 1288 2341 Deus
1312 2287 1426 2354 ipse
1455 2297 1704 2355 maguum

485 2384 739 2438 Praestitlt
762 2398 879 2437 sese
906 2377 1338 2448 conSpicicndum
1362 2374 1509 2430 omni

486 2476 712 2541 chulo,
744 2474 881 2544 quod
930 2470 1186 2541 profuerit
1220 2476 1375 2537 caput
1401 2482 1499 2522 ceu

884 2563 1278 2633 Martyriorutn.

559 2659 690 2713 Nam
730 2657 848 2727 quis
898 2656 1115 2710 audebit
1145 2653 1389 2707 dubitare
1415 2665 1538 2705 sese

440 2806 443 2807 ν
487 2751 636 2817 Quod
671 2750 808 2803 Deus
832 2757 1006 2802 servet
1035 2747 1151 2816 plus
1179 2745 1231 2797 in
1265 2740 1538 2797 futurum?

488 2841 709 2909 Quando
731 2840 781 2894 in
810 2838 1058 2908 prmsenti
1087 2835 1360 2903 Stephano
1390 2830 1677 2889 vivendum

881 2932 1113 2987 Praebuit
1141 2930 1272 2999 ipse.

563 3027 628 3081 Ut
647 3026 773 3080 ﬁdes
795 3026 902 3095 jam
928 3023 1217 3092 conspicuo
1240 3023 1458 3087 vireret,

488 3116 701 3169 Visibus
729 3116 924 3168 nostris
949 3106 1229 3184 prepiante
1260 3110 1417 3176 coelo,

491 3206 583 3261 Vel
621 3206 758 3261 Patri
789 3207 983 3260 summi
1012 3206 1272 3260 renitente
1300 3204 1431 3257 Nato

712 3310 715 3312 ’
883 3299 1107 3355 ΑΞιΙιεγθ
1143 3304 1365 3364 aperto.‘

559 3389 763 3456 Spiritu
796 3391 877 3443 vel
906 3404 967 3443 se
992 3386 1271 3441 manifeste
1302 3386 1352 3438 in
1389 3385 1503 3454 ipso

492 3480 621 3534 Esse
646 3480 901 3548 prodente
922 3478 1192 3547 Stephano
1225 3476 1479 3548 benigno,

492 3571 707 3626 Talibus
735 3572 919 3641 signis,
949 3570 1027 3635 pia
1050 3570 1328 3624 Trinitatis

882 3662 1044 3728 Queis
1072 3664 1204 3716 bona
1247 3659 1463 3729 fulgent.

499 3818 736 3886 Hymnus
781 3820 1030 3873 secundus
1080 3819 1142 3872 de
1193 3819 1517 3873 Revelatione
1563 3828 1588 3855 ἰ
1638 3817 1865 3888 corporis
1909 3816 2073 3871 sancti

1152 3888 1424 3958 Stephani.

634 4021 770 4079 Cum
802 4032 1018 4079 sanctus
1049 4023 1355 4092 Stephanus
1386 4022 1530 4080 necis
1556 4022 1777 4094 petrina:

637 4114 881 4168 Multatns
912 4116 1106 4169 misera
1136 4116 1314 4184 jacere
1343 4127 1459 4170 sort

637 4206 954 4274 Compertus
981 4205 1136 4260 luerit
1161 4204 1500 4275 Genitaliheli,

637 4294 961 4363 Compassus
992 4297 1159 4349 bonus
1189 4295 1278 4350 ille
1307 4310 1409 4349 non
1443 4294 1655 4349 ηας-επιιί

644 4386 823 4441 Poscit
846 4388 1222 4454 Christicolas,
1257 4389 1338 4457 pia
1373 4389 1580 4457 rapina,

638 4481 844 4551 Corpus
875 4482 1065 4536 tollere
1097 4482 1346 4536 dentibus
1391 4481 1606 4535 leonum
1633 4498 1645 4531 :

640 4571 854 4626 Vectum
885 4571 1121 4624 navicula
1153 4571 1294 4639 quod
1326 4572 1439 4638 ipse
1471 4569 1656 4636 sumit,

644 4661 1035 4730 Conditumqnc
1065 4678 1162 4715 suo
1192 4662 1329 4715 locat
1358 4660 1625 4729 sepulcro.

650 4754 711 4809 Et
748 4756 958 4825 planctu
984 4754 1153 4809 nimio
1175 4764 1431 4819 sequente
1459 4760 1629 4806 curat.

650 4849 727 4901 Ac
759 4855 877 4914 post
908 4857 1171 4911 mortuus,
1204 4845 1499 4914 applicatur
1524 4845 1620 4909 illi,

648 4938 730 5003 Et,
766 4948 888 5006 post
926 4948 1167 5006 tempora
1201 4938 1360 4993 valde
1393 4937 1580 5001 multa,
1619 4952 1740 4993 sese

652 5030 837 5084 Pandit
871 5030 1207 5103 presbytero,
1235 5030 1499 5099 docetque
1528 5032 1730 5086 clausa.

647 5121 837 5175 Joanni
862 5121 1039 5176 studet.
1070 5121 1158 5176 ille
1190 5122 1432 5176 nuntiare

650 5212 847 5268 Sancto
877 5213 1134 5282 pontiﬁci,
1162 5214 1428 5282 simulque
1456 5225 1723 5281 sumpmm

636 5303 979 5358 Thesaurum
1014 5303 1292 5372 Stephani,
1325 5302 1501 5358 Salem
1536 5302 1797 5356 terebant.

650 5393 719 5448 Et
745 5403 868 5449 tunc
898 5394 1044 5447 arida
1077 5395 1157 5448 vel
1184 5395 1272 5448 siti
1297 5407 1515 5463 perusm
1540 5391 1588 5459 δ,

650 5486 872 5555 Accepit
902 5485 1109 5555 pluvias
1135 5485 1226 5540 diu
1259 5497 1477 5555 negatas

2286 431 2487 495 Tellus,
2521 426 2848 499 germinibus
2876 423 2972 480 soli
3005 423 3270 480 creandis.

2286 524 2397 579 lloc
2425 532 2616 579 testem
2645 520 2824 577 decuit
2855 518 3057 574 honore
3088 516 3224 579 tolli,

2288 615 2512 670 lmbrem
2542 612 2630 684 qui
2660 611 2897 683 lapidum
2926 610 3131 665 ferebat
3161 610 3324 672 ultro,

2287 708 2461 762 Orans
2484 705 2647 774 impia
2678 717 2747 759 ne
2768 716 2957 757 manus
2990 700 3212 770 periret.

2149 863 2385 932 Hymnus
2427 860 2602 915 tertius
2627 860 2701 914 de.
2721 857 2987 913 ntiraculis
3024 855 3184 926 ipsius
3212 853 3266 909 in
3298 852 3473 924 Africa
3500 852 3728 906 ostensis.

2367 1017 2436 1073 Ut
2468 1016 2738 1073 revelatus
2763 1014 3067 1085 Stephanus
3087 1009 3341 1076 micabat,

2291 1110 2425 1165 Ossa
2446 1119 2573 1163 sunt
2597 1108 2714 1178 ejus
2736 1106 2904 1162 celeri
2932 1112 3105 1159 meatu

2296 1200 2674 1256 Africanorum
2707 1197 2918 1253 steriles
2948 1210 3041 1265 per
3064 1208 3223 1265 agros

2685 1290 2884 1357 Sparsa
2912 1285 3168 1342 serendo.

2367 1384 2530 1439 Flore
2552 1381 2617 1437 de
2646 1395 2872 1451 quorum
2896 1377 3090 1434 mulier
3114 1374 3399 1440 medelam,

2297 1479 2466 1533 Dante
2497 1474 2776 1546 prmjecto,
2802 1471 3021 1537 meruit,
3056 1477 3302 1539 patrono,

2300 1571 2445 1637 Quos
2479 1564 2772 1623 tenebratis
2794 1562 2964 1618 oculis
2992 1560 3364 1631 prepinquans

2689 1652 2833 1708 Vidit
2861 1659 3067 1721 aperte.

2369 1747 2537 1803 Messe
2567 1748 2633 1801 de
2662 1757 2887 1815 quorum
2919 1738 3186 1796 medicina
3215 1733 3390 1791 dulcis

2308 1838 2603 1894 Devehenti
2630 1835 2866 1906 pontiﬁci
2894 1830 3068 1887 ﬁdelis

2306 1929 2482 1996 Venit,
2506 1935 2566 1983 ut
2590 1940 2688 1982 nec
2712 1924 2885 1979 ﬁstula
2905 1935 3069 1993 parva
3091 1918 3281 1975 morbo

2685 2018 2803 2073 Jam
2841 2023 3171 2084 superesset.

2373 2113 2573 2171 Calculi
2603 2111 2824 2168 morbus
2849 2108 3073 2171 nimius,
3104 2113 3391 2175 vetusque,

2304 2204 2422 2271 Quo
2456 2202 2708 2257 laborans
2738 2198 3033 2253 Eucherius
3058 2196 3276 2265 periret,

2307 2293 2755 2363 Tetnperamento
2783 2286 3043 2358 Stephani
3073 2282 3275 2339 salubri

2702 2382 2797 2436 Est
2834 2387 3137 2449 superatus.

2378 2476 2562 2535 Mortis
2591 2482 2646 2530 et
2683 2487 2886 2529 saevum
2916 2468 3224 2538 Stephanus
3256 2462 3533 2535 periclum,

2313 2572 2477 2627 Veste
2504 2570 2711 2639 signata
2742 2581 2803 2620 ac
2834 2563 2994 2620 citius
3017 2562 3261 2624 remissa,

2315 2664 2403 2721 Sic
2426 2660 2706 2731 repressit,
2738 2657 3098 2728 presbyter-ut
3126 2651 3312 2708 salutis

2709 2747 2927 2803 Munera
2952 2742 3140 2800 ferret.

2384 2838 2642 2896 Martialis
2670 2845 2746 2902 tu,
2774 2833 3031 2903 Stephani
3058 2831 3281 2902 gemella

2314 2932 2592 3001 Sospitans
2622 2942 2771 2993 cura,
2808 2927 3091 2981 Dominum
3119 2930 3386 2992 potentem

2314 3024 2497 3080 Mortis
2524 3031 2577 3077 et
2608 3019 2726 3075 vita:
2749 3018 3027 3073 celebrare
3054 3016 3324 3071 Christum

2706 3111 2860 3180 Sa‘pe
2886 3110 3120 3165 solebas.

2388 3206 2696 3275 Stephanus
2724 3201 2992 3273 quondam
3025 3198 3310 3268 podagram
3344 3194 3572 3252 removit

2322 3299 2549 3353 Celitus
2578 3296 2696 3349 latis
2726 3294 2969 3363 precibus
2996 3290 3262 3360 benignis,

2320 3389 2412 3444 Vel
2449 3388 2688 3443 revelato
2723 3382 3040 3439 medicantis
3071 3396 3167 3436 usu

2703 3476 2937 3531 Blandus
2960 3473 3099 3529 iatri.

2384 3570 2515 3624 Cum
2556 3583 2707 3637 puer,
2748 3576 2905 3621 sueto
2938 3564 3117 3635 pueris
3143 3563 3362 3632 jocandi

2323 3663 2489 3725 More,
2526 3660 2664 3713 inter
2686 3658 2850 3712 boves
2882 3666 3079 3712 tereret
3110 3655 3397 3718 terendus;

2320 3753 2617 3821 Stephano,
2646 3749 2964 3810 exstinctus,
2997 3746 3344 3800 medicante.
3368 3781 3456 3801 ....

2705 3838 2799 3893 Est
2824 3846 3126 3893 revocatus.

2388 3928 2577 3987 Nonus
2617 3928 2915 3999 desperans
2937 3927 3170 3983 reditum
3200 3926 3271 3981 de
3309 3934 3457 3981 arcta

2324 4022 2499 4079 Fauce
2529 4022 2739 4085 mortis,
2772 4034 2893 4074 mox
2928 4020 3163 4074 tunicam
3195 4018 3352 4074 beato

2321 4114 2597 4184 Stephano
2629 4110 2794 4179 misit,
2826 4111 3075 4176 moritur,
3107 4109 3325 4165 reducta

2711 4206 2825 4270 Qua
2867 4204 3162 4259 re‘viviscit.

2404 4296 2607 4354 Bassus
2635 4305 2689 4352 et
2726 4295 2913 4350 Natam
2946 4292 3103 4349 simili
3138 4293 3343 4348 medela

2323 4389 2581 4447 Mortuam
2615 4390 2737 4442 vita:
2767 4388 3059 4452 revocavit,
3092 4387 3234 4441 horis

2324 4482 2657 4552 Stephanum
2680 4481 2865 4536 multis
2890 4481 3139 4551 lacrymis
3174 4482 3459 4534 tnisertum

2715 4571 3094 4627 Molliﬁcando.

2328 4666 2497 4721 Filius
2521 4679 2742 4733 parvus,
2775 4665 2939 4732 patris
2966 4680 3123 4719 omne
3150 4664 3396 4728 charum,

2327 4758 2555 4827 Spiritus
2577 4758 2687 4827 jam
2709 4756 2816 4825 jam
2841 4773 3042 4813 vacuus
3064 4758 3266 4828 calore,

2330 4847 2585 4919 Stephani
2618 4858 2787 4905 tactus
2811 4848 2930 4903 oleo
2960 4849 3174 4915 revixit,

2716 4938 2887 4994 Morte
2913 4949 3139 4994 remota.

2408 5030 2537 5086 llaec
2566 5032 2842 5085 Eleusinus
2874 5030 3199 5100 Stephanum
3234 5041 3442 5099 patrare

2333 5122 2597 5185 Audiens,
2625 5132 2803 5176 natum
2834 5122 3130 5176 exanimem
3162 5120 3389 5183 ferebat,

2333 5211 2626 5282 Martyrum
2651 5211 2846 5265 Christi
2889 5209 3131 5264 manibus
3160 5210 3500 5277 medendum,

2729 5303 2928 5369 Estque
2956 5302 3024 5355 ita
3058 5302 3274 5354 factum.

2410 5391 2691 5446 {Emulans
2717 5392 2961 5447 Petronia
2990 5408 3145 5460 quem
3180 5393 3387 5447 misella

2338 5482 2663 5553 Stephanum
2697 5486 2881 5554 pernix
2913 5483 3179 5539 medicum
3221 5486 3465 5554 requirit,

3662 306 3730 359 (ill

580 5679 705 5761 fullo
733 5678 1365 5761 haerevelationehvide
1408 5689 1654 5761 sanctum
1696 5680 2078 5761 Augustinum,
2196 5680 2519 5761 subiecimus
2538 5681 2792 5735 examini.
2820 5680 2978 5736 Basn.

513 5758 551 5801 t.
587 5749 673 5801 Vll
732 5750 989 5831 Editionis
1033 5751 1532 5831 llenedictinorum;
1570 5753 1637 5831 ibi
1668 5754 1895 5831 epistola
1942 5754 2081 5831 Aviti
2222 5823 2233 5831 .
2267 5749 2457 5831 {fatale
2499 5752 2749 5831 omnino;
2775 5768 2893 5805 nam
2939 5755 3075 5807 circa
3111 5753 3414 5811 Decembris
3444 5757 3601 5813 linem
3633 5770 3759 5811 con-
3808 5772 3819 5783 ·

511 5831 563 5872 et
602 5820 831 5875 narratio
860 5820 1098 5889 Luciani,
1142 5836 1298 5894 quam
1331 5822 1382 5876 in
1417 5822 1659 5880 llis-toria:
1701 5823 1935 5880 Judaica:
1958 5823 1994 5879 ι.
2037 5838 2083 5879 vt
2200 5822 2318 5895 tigit
2349 5823 2435 5879 illa
2467 5823 2744 5890 revelatio,
2776 5824 2821 5881 si
2853 5839 2973 5880 vera
3004 5825 3117 5879 luit.
3150 5827 3312 5883 itaex.
