  <div class='ocr_page' id='page_1' title='image "/cluster/home/n/w/nwhite01/storage/ocr_20150623/87/hvd.32044015469471/036.png"; bbox 0 0 4002 6350; ppageno 0'>
   <div class='ocr_carea' id='block_1_1' title="bbox 247 381 300 442">
    <p class='ocr_par' dir='ltr' id='par_1_1' title="bbox 247 381 300 442">
     <span class='ocr_line' id='line_1_1' title="bbox 247 381 300 442; baseline 0.038 -2"><span class='ocrx_word' id='word_1_1' title='bbox 247 381 300 442; x_wconf 84' lang='grc' dir='ltr'><strong>σι</strong></span> 
     </span>
    </p>
   </div>
   <div class='ocr_carea' id='block_1_2' title="bbox 373 501 1376 578">
    <p class='ocr_par' dir='ltr' id='par_1_2' title="bbox 373 501 1376 578">
     <span class='ocr_line' id='line_1_2' title="bbox 373 501 1376 578; baseline 0.008 -22"><span class='ocrx_word' id='word_1_2' title='bbox 373 501 594 556; x_wconf 68' lang='lat' dir='ltr'><strong>fascina</strong></span> <span class='ocrx_word' id='word_1_3' title='bbox 631 512 839 571; x_wconf 81' lang='lat' dir='ltr'><strong>spreto,</strong></span> <span class='ocrx_word' id='word_1_4' title='bbox 877 504 1146 576; x_wconf 82' lang='lat' dir='ltr'><strong>ceterique</strong></span> <span class='ocrx_word' id='word_1_5' title='bbox 1179 509 1376 578; x_wconf 81' lang='lat' dir='ltr'><strong>gaudet</strong></span> 
     </span>
    </p>
   </div>
   <div class='ocr_carea' id='block_1_3' title="bbox 756 594 1188 656">
    <p class='ocr_par' dir='ltr' id='par_1_3' title="bbox 756 594 1188 656">
     <span class='ocr_line' id='line_1_3' title="bbox 756 594 1188 656; baseline 0.009 -7"><span class='ocrx_word' id='word_1_6' title='bbox 756 594 974 652; x_wconf 74' lang='lat' dir='ltr'><strong>Munere</strong></span> <span class='ocrx_word' id='word_1_7' title='bbox 997 599 1188 656; x_wconf 72' lang='lat' dir='ltr'><strong>aaiicti.</strong></span> 
     </span>
    </p>
   </div>
   <div class='ocr_carea' id='block_1_4' title="bbox 441 684 1350 750">
    <p class='ocr_par' dir='ltr' id='par_1_4' title="bbox 441 684 1350 750">
     <span class='ocr_line' id='line_1_4' title="bbox 441 684 1350 750; baseline 0.007 -10"><span class='ocrx_word' id='word_1_8' title='bbox 441 684 638 740; x_wconf 79' lang='lat' dir='ltr'><strong>Paulus</strong></span> <span class='ocrx_word' id='word_1_9' title='bbox 659 694 864 750; x_wconf 87' lang='lat' dir='ltr'><strong>autem,</strong></span> <span class='ocrx_word' id='word_1_10' title='bbox 898 686 1130 742; x_wconf 78' lang='lat' dir='ltr'><strong>Palladia</strong></span> <span class='ocrx_word' id='word_1_11' title='bbox 1161 703 1350 746; x_wconf 78' lang='lat' dir='ltr'><strong>sorore</strong></span> 
     </span>
    </p>
   </div>
   <div class='ocr_carea' id='block_1_5' title="bbox 371 777 1305 848">
    <p class='ocr_par' dir='ltr' id='par_1_5' title="bbox 371 777 1305 848">
     <span class='ocr_line' id='line_1_5' title="bbox 371 777 1305 848; baseline 0.002 -15"><span class='ocrx_word' id='word_1_12' title='bbox 371 777 440 833; x_wconf 87' lang='lat' dir='ltr'><strong>Se</strong></span> <span class='ocrx_word' id='word_1_13' title='bbox 465 791 558 846; x_wconf 88' lang='lat' dir='ltr'><strong>per</strong></span> <span class='ocrx_word' id='word_1_14' title='bbox 583 778 771 832; x_wconf 88' lang='lat' dir='ltr'><strong>orbem</strong></span> <span class='ocrx_word' id='word_1_15' title='bbox 799 779 1087 834; x_wconf 80' lang='lat' dir='ltr'><strong>comitante</strong></span> <span class='ocrx_word' id='word_1_16' title='bbox 1112 779 1305 848; x_wconf 88' lang='lat' dir='ltr'><strong>latum,</strong></span> 
     </span>
    </p>
   </div>
   <div class='ocr_carea' id='block_1_6' title="bbox 371 867 1284 941">
    <p class='ocr_par' dir='ltr' id='par_1_6' title="bbox 371 867 1284 941">
     <span class='ocr_line' id='line_1_6' title="bbox 371 867 1284 941; baseline 0.002 -16"><span class='ocrx_word' id='word_1_17' title='bbox 371 867 628 939; x_wconf 66' lang='lat' dir='ltr'><strong>Stephani</strong></span> <span class='ocrx_word' id='word_1_18' title='bbox 657 879 792 924; x_wconf 85' lang='lat' dir='ltr'><strong>nutu</strong></span> <span class='ocrx_word' id='word_1_19' title='bbox 818 871 996 924; x_wconf 77' lang='lat' dir='ltr'><strong>caruit</strong></span> <span class='ocrx_word' id='word_1_20' title='bbox 1030 881 1284 941; x_wconf 82' lang='lat' dir='ltr'><strong>tremore,</strong></span> 
     </span>
    </p>
   </div>
   <div class='ocr_carea' id='block_1_7' title="bbox 768 965 1208 1034">
    <p class='ocr_par' dir='ltr' id='par_1_7' title="bbox 768 965 1208 1034">
     <span class='ocr_line' id='line_1_7' title="bbox 768 965 1208 1034; baseline 0.002 -15"><span class='ocrx_word' id='word_1_21' title='bbox 768 965 850 1019; x_wconf 78' lang='lat' dir='ltr'><strong>Ac</strong></span> <span class='ocrx_word' id='word_1_22' title='bbox 883 979 1035 1022; x_wconf 84' lang='lat' dir='ltr'><strong>soror</strong></span> <span class='ocrx_word' id='word_1_23' title='bbox 1069 966 1208 1034; x_wconf 85' lang='lat' dir='ltr'><strong>ipsa.</strong></span> 
     </span>
    </p>
   </div>
   <div class='ocr_carea' id='block_1_8' title="bbox 440 1052 1419 1124">
    <p class='ocr_par' dir='ltr' id='par_1_8' title="bbox 440 1052 1419 1124">
     <span class='ocr_line' id='line_1_8' title="bbox 440 1052 1419 1124; baseline 0.004 -17"><span class='ocrx_word' id='word_1_24' title='bbox 440 1053 565 1108; x_wconf 68' lang='lat' dir='ltr'><strong>Haec</strong></span> <span class='ocrx_word' id='word_1_25' title='bbox 588 1052 724 1109; x_wconf 86' lang='lat' dir='ltr'><strong>mihi</strong></span> <span class='ocrx_word' id='word_1_26' title='bbox 757 1052 947 1108; x_wconf 90' lang='lat' dir='ltr'><strong>doctor</strong></span> <span class='ocrx_word' id='word_1_27' title='bbox 983 1054 1169 1109; x_wconf 90' lang='lat' dir='ltr'><strong>retulit</strong></span> <span class='ocrx_word' id='word_1_28' title='bbox 1198 1055 1419 1124; x_wconf 88' lang='lat' dir='ltr'><strong>peritus,</strong></span> 
     </span>
    </p>
   </div>
   <div class='ocr_carea' id='block_1_9' title="bbox 371 1145 1380 1217">
    <p class='ocr_par' dir='ltr' id='par_1_9' title="bbox 371 1145 1380 1217">
     <span class='ocr_line' id='line_1_9' title="bbox 371 1145 1380 1217; baseline 0.001 -15"><span class='ocrx_word' id='word_1_29' title='bbox 371 1145 576 1202; x_wconf 76' lang='lat' dir='ltr'><strong>Nomen</strong></span> <span class='ocrx_word' id='word_1_30' title='bbox 606 1145 836 1217; x_wconf 81' lang='lat' dir='ltr'><strong>Augusti</strong></span> <span class='ocrx_word' id='word_1_31' title='bbox 862 1149 1055 1202; x_wconf 86' lang='lat' dir='ltr'><strong>merito</strong></span> <span class='ocrx_word' id='word_1_32' title='bbox 1087 1157 1380 1216; x_wconf 85' lang='lat' dir='ltr'><strong>retentans,</strong></span> 
     </span>
    </p>
   </div>
   <div class='ocr_carea' id='block_1_10' title="bbox 299 1236 1593 1308">
    <p class='ocr_par' dir='ltr' id='par_1_10' title="bbox 299 1236 1593 1308">
     <span class='ocr_line' id='line_1_10' title="bbox 299 1236 1593 1308; baseline 0.002 -16"><span class='ocrx_word' id='word_1_33' title='bbox 299 1275 304 1278; x_wconf 89' lang='lat'><strong><em>-</em></strong></span> <span class='ocrx_word' id='word_1_34' title='bbox 367 1236 493 1304; x_wconf 70' lang='lat' dir='ltr'><strong>Qua:</strong></span> <span class='ocrx_word' id='word_1_35' title='bbox 521 1236 638 1304; x_wconf 85' lang='lat' dir='ltr'><strong>tibi,</strong></span> <span class='ocrx_word' id='word_1_36' title='bbox 669 1237 862 1308; x_wconf 59' lang='lat' dir='ltr'><strong>praesul</strong></span> <span class='ocrx_word' id='word_1_37' title='bbox 893 1238 1196 1294; x_wconf 84' lang='lat' dir='ltr'><strong>venerande</strong></span> <span class='ocrx_word' id='word_1_38' title='bbox 1229 1239 1593 1306; x_wconf 77' lang='lat' dir='ltr'><strong>Ruodbreckt,</strong></span> 
     </span>
    </p>
   </div>
   <div class='ocr_carea' id='block_1_11' title="bbox 756 1329 1212 1398">
    <p class='ocr_par' dir='ltr' id='par_1_11' title="bbox 756 1329 1212 1398">
     <span class='ocr_line' id='line_1_11' title="bbox 756 1329 1212 1398; baseline 0.007 -15"><span class='ocrx_word' id='word_1_39' title='bbox 756 1329 936 1398; x_wconf 82' lang='lat' dir='ltr'><strong>Pango</strong></span> <span class='ocrx_word' id='word_1_40' title='bbox 961 1329 1212 1386; x_wconf 85' lang='lat' dir='ltr'><strong>tenenda.</strong></span> 
     </span>
    </p>
   </div>
   <div class='ocr_carea' id='block_1_12' title="bbox 253 1419 1808 1546">
    <p class='ocr_par' dir='ltr' id='par_1_12' title="bbox 253 1419 1808 1546">
     <span class='ocr_line' id='line_1_12' title="bbox 253 1419 1808 1546; baseline 0.002 -70"><span class='ocrx_word' id='word_1_41' title='bbox 253 1419 464 1492; x_wconf 71' lang='lat' dir='ltr'><strong>Hymnus</strong></span> <span class='ocrx_word' id='word_1_42' title='bbox 483 1432 694 1492; x_wconf 77' lang='lat' dir='ltr'><strong>quartus</strong></span> <span class='ocrx_word' id='word_1_43' title='bbox 733 1425 799 1477; x_wconf 84' lang='lat' dir='ltr'><strong>de</strong></span> <span class='ocrx_word' id='word_1_44' title='bbox 835 1423 1099 1546; x_wconf 49' lang='lat' dir='ltr'><strong>mirae‘nzis</strong></span> <span class='ocrx_word' id='word_1_45' title='bbox 1123 1422 1352 1492; x_wconf 79' lang='lat' dir='ltr'><strong>ejusdem</strong></span> <span class='ocrx_word' id='word_1_46' title='bbox 1405 1424 1456 1477; x_wconf 84' lang='lat' dir='ltr'><strong>in</strong></span> <span class='ocrx_word' id='word_1_47' title='bbox 1503 1423 1808 1481; x_wconf 62' lang='grc' dir='ltr'><strong>εἰδυῖαι-Μὴ</strong></span> 
     </span>
     <span class='ocr_line' id='line_1_13' title="bbox 877 1509 1130 1546; baseline 0 0"><span class='ocrx_word' id='word_1_48' title='bbox 877 1509 1012 1546; x_wconf 75' lang='lat' dir='ltr'><strong>nari</strong></span> <span class='ocrx_word' id='word_1_49' title='bbox 1053 1509 1130 1546; x_wconf 76' lang='lat' dir='ltr'><strong>us.</strong></span> 
     </span>
    </p>
   </div>
   <div class='ocr_carea' id='block_1_13' title="bbox 877 1509 1130 1564">
    <p class='ocr_par' dir='ltr' id='par_1_13' title="bbox 877 1509 1130 1564">
     <span class='ocr_line' id='line_1_14' title="bbox 877 1509 1130 1564; baseline 0.012 -21"><span class='ocrx_word' id='word_1_50' title='bbox 877 1509 1130 1564; x_wconf 74' lang='lat' dir='ltr'><strong>partiens.</strong></span> 
     </span>
    </p>
   </div>
   <div class='ocr_carea' id='block_1_14' title="bbox 438 1582 1396 1653">
    <p class='ocr_par' dir='ltr' id='par_1_14' title="bbox 438 1582 1396 1653">
     <span class='ocr_line' id='line_1_15' title="bbox 438 1582 1396 1653; baseline 0.002 -14"><span class='ocrx_word' id='word_1_51' title='bbox 438 1582 652 1639; x_wconf 73' lang='lat' dir='ltr'><strong>Ordinis</strong></span> <span class='ocrx_word' id='word_1_52' title='bbox 680 1584 823 1640; x_wconf 85' lang='lat' dir='ltr'><strong>sacri</strong></span> <span class='ocrx_word' id='word_1_53' title='bbox 854 1584 1158 1653; x_wconf 81' lang='lat' dir='ltr'><strong>Stephanus</strong></span> <span class='ocrx_word' id='word_1_54' title='bbox 1189 1583 1396 1641; x_wconf 90' lang='lat' dir='ltr'><strong>honore</strong></span> 
     </span>
    </p>
   </div>
   <div class='ocr_carea' id='block_1_15' title="bbox 372 1675 1275 1744">
    <p class='ocr_par' dir='ltr' id='par_1_15' title="bbox 372 1675 1275 1744">
     <span class='ocr_line' id='line_1_16' title="bbox 372 1675 1275 1744; baseline 0 -14"><span class='ocrx_word' id='word_1_55' title='bbox 372 1675 612 1731; x_wconf 82' lang='lat' dir='ltr'><strong>Partibus</strong></span> <span class='ocrx_word' id='word_1_56' title='bbox 643 1676 850 1744; x_wconf 90' lang='lat' dir='ltr'><strong>pollens</strong></span> <span class='ocrx_word' id='word_1_57' title='bbox 881 1675 1018 1736; x_wconf 67' lang='lat' dir='ltr'><strong>Asina</strong></span> <span class='ocrx_word' id='word_1_58' title='bbox 1049 1677 1275 1732; x_wconf 87' lang='lat' dir='ltr'><strong>caIentis</strong></span> 
     </span>
    </p>
   </div>
   <div class='ocr_carea' id='block_1_16' title="bbox 373 1757 1379 1842">
    <p class='ocr_par' dir='ltr' id='par_1_16' title="bbox 373 1757 1379 1842">
     <span class='ocr_line' id='line_1_17' title="bbox 373 1757 1379 1842; baseline 0.001 -19"><span class='ocrx_word' id='word_1_59' title='bbox 373 1766 581 1824; x_wconf 81' lang='lat' dir='ltr'><strong>Finibus</strong></span> <span class='ocrx_word' id='word_1_60' title='bbox 612 1767 829 1822; x_wconf 80' lang='lat' dir='ltr'><strong>tandem</strong></span> <span class='ocrx_word' id='word_1_61' title='bbox 861 1757 1100 1823; x_wconf 86' lang='lat' dir='ltr'><strong>occiduis</strong></span> <span class='ocrx_word' id='word_1_62' title='bbox 1137 1785 1379 1842; x_wconf 83' lang='lat' dir='ltr'><strong>rosarum</strong></span> 
     </span>
    </p>
   </div>
   <div class='ocr_carea' id='block_1_17' title="bbox 752 1859 1197 1928">
    <p class='ocr_par' dir='ltr' id='par_1_17' title="bbox 752 1859 1197 1928">
     <span class='ocr_line' id='line_1_18' title="bbox 752 1859 1197 1928; baseline -0.004 -13"><span class='ocrx_word' id='word_1_63' title='bbox 752 1859 960 1928; x_wconf 83' lang='lat' dir='ltr'><strong>Sparsit</strong></span> <span class='ocrx_word' id='word_1_64' title='bbox 989 1860 1197 1915; x_wconf 90' lang='lat' dir='ltr'><strong>odores.</strong></span> 
     </span>
    </p>
   </div>
   <div class='ocr_carea' id='block_1_18' title="bbox 435 1949 1406 2019">
    <p class='ocr_par' dir='ltr' id='par_1_18' title="bbox 435 1949 1406 2019">
     <span class='ocr_line' id='line_1_19' title="bbox 435 1949 1406 2019; baseline 0.004 -15"><span class='ocrx_word' id='word_1_65' title='bbox 435 1949 577 2017; x_wconf 82' lang='lat' dir='ltr'><strong>Quos</strong></span> <span class='ocrx_word' id='word_1_66' title='bbox 607 1950 798 2006; x_wconf 84' lang='lat' dir='ltr'><strong>volens</strong></span> <span class='ocrx_word' id='word_1_67' title='bbox 829 1951 1071 2019; x_wconf 87' lang='lat' dir='ltr'><strong>plantare</strong></span> <span class='ocrx_word' id='word_1_68' title='bbox 1101 1953 1285 2007; x_wconf 84' lang='lat' dir='ltr'><strong>beatus</strong></span> <span class='ocrx_word' id='word_1_69' title='bbox 1316 1952 1406 2008; x_wconf 88' lang='lat' dir='ltr'><strong>ille</strong></span> 
     </span>
    </p>
   </div>
   <div class='ocr_carea' id='block_1_19' title="bbox 372 2042 1345 2115">
    <p class='ocr_par' dir='ltr' id='par_1_19' title="bbox 372 2042 1345 2115">
     <span class='ocr_line' id='line_1_20' title="bbox 372 2042 1345 2115; baseline 0.002 -19"><span class='ocrx_word' id='word_1_70' title='bbox 372 2042 537 2100; x_wconf 77' lang='lat' dir='ltr'><strong>Verna</strong></span> <span class='ocrx_word' id='word_1_71' title='bbox 569 2044 802 2111; x_wconf 75' lang='lat' dir='ltr'><strong>Martini,</strong></span> <span class='ocrx_word' id='word_1_72' title='bbox 835 2046 1064 2115; x_wconf 81' lang='lat' dir='ltr'><strong>vigilans</strong></span> <span class='ocrx_word' id='word_1_73' title='bbox 1094 2048 1145 2102; x_wconf 89' lang='lat' dir='ltr'><strong>in</strong></span> <span class='ocrx_word' id='word_1_74' title='bbox 1177 2049 1345 2114; x_wconf 83' lang='lat' dir='ltr'><strong>omni,</strong></span> 
     </span>
    </p>
   </div>
   <div class='ocr_carea' id='block_1_20' title="bbox 375 2137 1392 2210">
    <p class='ocr_par' dir='ltr' id='par_1_20' title="bbox 375 2137 1392 2210">
     <span class='ocr_line' id='line_1_21' title="bbox 375 2137 1392 2210; baseline 0 -14"><span class='ocrx_word' id='word_1_75' title='bbox 375 2137 443 2202; x_wconf 80' lang='lat' dir='ltr'><strong>De</strong></span> <span class='ocrx_word' id='word_1_76' title='bbox 467 2152 587 2196; x_wconf 84' lang='lat' dir='ltr'><strong>sera</strong></span> <span class='ocrx_word' id='word_1_77' title='bbox 617 2140 831 2210; x_wconf 86' lang='lat' dir='ltr'><strong>accepit</strong></span> <span class='ocrx_word' id='word_1_78' title='bbox 854 2141 974 2199; x_wconf 87' lang='lat' dir='ltr'><strong>sine</strong></span> <span class='ocrx_word' id='word_1_79' title='bbox 1003 2141 1174 2208; x_wconf 88' lang='lat' dir='ltr'><strong>clave,</strong></span> <span class='ocrx_word' id='word_1_80' title='bbox 1194 2141 1392 2198; x_wconf 86' lang='lat' dir='ltr'><strong>clausit</strong></span> 
     </span>
    </p>
   </div>
   <div class='ocr_carea' id='block_1_21' title="bbox 757 2231 1159 2295">
    <p class='ocr_par' dir='ltr' id='par_1_21' title="bbox 757 2231 1159 2295">
     <span class='ocr_line' id='line_1_22' title="bbox 757 2231 1159 2295; baseline 0.012 -12"><span class='ocrx_word' id='word_1_81' title='bbox 757 2231 826 2294; x_wconf 78' lang='lat' dir='ltr'><strong>Et</strong></span> <span class='ocrx_word' id='word_1_82' title='bbox 851 2234 964 2286; x_wconf 85' lang='lat' dir='ltr'><strong>sine</strong></span> <span class='ocrx_word' id='word_1_83' title='bbox 987 2233 1159 2295; x_wconf 85' lang='lat' dir='ltr'><strong>clave.</strong></span> 
     </span>
    </p>
   </div>
   <div class='ocr_carea' id='block_1_22' title="bbox 440 2324 1432 2398">
    <p class='ocr_par' dir='ltr' id='par_1_22' title="bbox 440 2324 1432 2398">
     <span class='ocr_line' id='line_1_23' title="bbox 440 2324 1432 2398; baseline 0.01 -22"><span class='ocrx_word' id='word_1_84' title='bbox 440 2324 539 2393; x_wconf 82' lang='lat' dir='ltr'><strong>Qui</strong></span> <span class='ocrx_word' id='word_1_85' title='bbox 569 2326 893 2396; x_wconf 81' lang='lat' dir='ltr'><strong>precabatur</strong></span> <span class='ocrx_word' id='word_1_86' title='bbox 921 2329 1130 2384; x_wconf 74' lang='lat' dir='ltr'><strong>veniam</strong></span> <span class='ocrx_word' id='word_1_87' title='bbox 1161 2329 1432 2398; x_wconf 80' lang='lat' dir='ltr'><strong>imperitis</strong></span> 
     </span>
    </p>
   </div>
   <div class='ocr_carea' id='block_1_23' title="bbox 377 2413 1474 2490">
    <p class='ocr_par' dir='ltr' id='par_1_23' title="bbox 377 2413 1474 2490">
     <span class='ocr_line' id='line_1_24' title="bbox 377 2413 1474 2490; baseline 0.007 -24"><span class='ocrx_word' id='word_1_88' title='bbox 377 2413 485 2480; x_wconf 92' lang='lat' dir='ltr'><strong>Ipse</strong></span> <span class='ocrx_word' id='word_1_89' title='bbox 515 2424 828 2483; x_wconf 88' lang='lat' dir='ltr'><strong>protervum</strong></span> <span class='ocrx_word' id='word_1_90' title='bbox 854 2417 1156 2487; x_wconf 88' lang='lat' dir='ltr'><strong>Stephanus</strong></span> <span class='ocrx_word' id='word_1_91' title='bbox 1192 2421 1474 2490; x_wconf 82' lang='lat' dir='ltr'><strong>repressit,</strong></span> 
     </span>
    </p>
   </div>
   <div class='ocr_carea' id='block_1_24' title="bbox 374 2503 1244 2579">
    <p class='ocr_par' dir='ltr' id='par_1_24' title="bbox 374 2503 1244 2579">
     <span class='ocr_line' id='line_1_25' title="bbox 374 2503 1244 2579; baseline 0.01 -22"><span class='ocrx_word' id='word_1_92' title='bbox 374 2503 680 2562; x_wconf 88' lang='lat' dir='ltr'><strong>Innocentes</strong></span> <span class='ocrx_word' id='word_1_93' title='bbox 705 2508 964 2574; x_wconf 86' lang='lat' dir='ltr'><strong>eripiens,</strong></span> <span class='ocrx_word' id='word_1_94' title='bbox 988 2524 1244 2579; x_wconf 90' lang='lat' dir='ltr'><strong>reumque</strong></span> 
     </span>
    </p>
   </div>
   <div class='ocr_carea' id='block_1_25' title="bbox 749 2597 1220 2657">
    <p class='ocr_par' dir='ltr' id='par_1_25' title="bbox 749 2597 1220 2657">
     <span class='ocr_line' id='line_1_26' title="bbox 749 2597 1220 2657; baseline 0.013 -6"><span class='ocrx_word' id='word_1_95' title='bbox 749 2597 898 2654; x_wconf 84' lang='lat' dir='ltr'><strong>Fune</strong></span> <span class='ocrx_word' id='word_1_96' title='bbox 928 2610 1220 2657; x_wconf 76' lang='lat' dir='ltr'><strong>retentans.</strong></span> 
     </span>
    </p>
   </div>
   <div class='ocr_carea' id='block_1_26' title="bbox 436 2686 1364 2762">
    <p class='ocr_par' dir='ltr' id='par_1_26' title="bbox 436 2686 1364 2762">
     <span class='ocr_line' id='line_1_27' title="bbox 436 2686 1364 2762; baseline 0.008 -21"><span class='ocrx_word' id='word_1_97' title='bbox 436 2686 488 2742; x_wconf 91' lang='lat' dir='ltr'><strong>In</strong></span> <span class='ocrx_word' id='word_1_98' title='bbox 521 2691 658 2742; x_wconf 88' lang='lat' dir='ltr'><strong>mari</strong></span> <span class='ocrx_word' id='word_1_99' title='bbox 701 2688 852 2744; x_wconf 87' lang='lat' dir='ltr'><strong>navis</strong></span> <span class='ocrx_word' id='word_1_100' title='bbox 880 2693 1098 2761; x_wconf 90' lang='lat' dir='ltr'><strong>propior</strong></span> <span class='ocrx_word' id='word_1_101' title='bbox 1127 2694 1364 2762; x_wconf 88' lang='lat' dir='ltr'><strong>periclis,</strong></span> 
     </span>
    </p>
   </div>
   <div class='ocr_carea' id='block_1_27' title="bbox 374 2774 1493 2852">
    <p class='ocr_par' dir='ltr' id='par_1_27' title="bbox 374 2774 1493 2852">
     <span class='ocr_line' id='line_1_28' title="bbox 374 2774 1493 2852; baseline 0.008 -22"><span class='ocrx_word' id='word_1_102' title='bbox 374 2774 464 2830; x_wconf 83' lang='lat' dir='ltr'><strong>Per</strong></span> <span class='ocrx_word' id='word_1_103' title='bbox 491 2792 709 2832; x_wconf 87' lang='lat' dir='ltr'><strong>manum</strong></span> <span class='ocrx_word' id='word_1_104' title='bbox 747 2782 916 2834; x_wconf 81' lang='lat' dir='ltr'><strong>sancti</strong></span> <span class='ocrx_word' id='word_1_105' title='bbox 949 2782 1207 2848; x_wconf 79' lang='lat' dir='ltr'><strong>Stephani</strong></span> <span class='ocrx_word' id='word_1_106' title='bbox 1240 2793 1493 2852; x_wconf 80' lang='lat' dir='ltr'><strong>retracta,</strong></span> 
     </span>
    </p>
   </div>
   <div class='ocr_carea' id='block_1_28' title="bbox 370 2866 1596 2947">
    <p class='ocr_par' dir='ltr' id='par_1_28' title="bbox 370 2866 1596 2947">
     <span class='ocr_line' id='line_1_29' title="bbox 370 2866 1596 2947; baseline 0.009 -27"><span class='ocrx_word' id='word_1_107' title='bbox 370 2866 466 2922; x_wconf 80' lang='lat' dir='ltr'><strong>Aut</strong></span> <span class='ocrx_word' id='word_1_108' title='bbox 499 2882 661 2924; x_wconf 88' lang='lat' dir='ltr'><strong>canes</strong></span> <span class='ocrx_word' id='word_1_109' title='bbox 689 2869 904 2940; x_wconf 81' lang='lat' dir='ltr'><strong>Scyllae,</strong></span> <span class='ocrx_word' id='word_1_110' title='bbox 936 2880 1029 2926; x_wconf 91' lang='lat' dir='ltr'><strong>aut</strong></span> <span class='ocrx_word' id='word_1_111' title='bbox 1068 2873 1268 2930; x_wconf 87' lang='lat' dir='ltr'><strong>rabiem</strong></span> <span class='ocrx_word' id='word_1_112' title='bbox 1296 2874 1596 2947; x_wconf 83' lang='lat' dir='ltr'><strong>Charybdis</strong></span> 
     </span>
    </p>
   </div>
   <div class='ocr_carea' id='block_1_29' title="bbox 749 2957 1150 3031">
    <p class='ocr_par' dir='ltr' id='par_1_29' title="bbox 749 2957 1150 3031">
     <span class='ocr_line' id='line_1_30' title="bbox 749 2957 1150 3031; baseline 0 -16"><span class='ocrx_word' id='word_1_113' title='bbox 749 2957 906 3015; x_wconf 85' lang='lat' dir='ltr'><strong>Salva</strong></span> <span class='ocrx_word' id='word_1_114' title='bbox 939 2962 1150 3031; x_wconf 75' lang='lat' dir='ltr'><strong>refugit.</strong></span> 
     </span>
    </p>
   </div>
   <div class='ocr_carea' id='block_1_30' title="bbox 431 3047 1479 3121">
    <p class='ocr_par' dir='ltr' id='par_1_30' title="bbox 431 3047 1479 3121">
     <span class='ocr_line' id='line_1_31' title="bbox 431 3047 1479 3121; baseline 0.01 -20"><span class='ocrx_word' id='word_1_115' title='bbox 431 3047 524 3102; x_wconf 79' lang='lat' dir='ltr'><strong>Est</strong></span> <span class='ocrx_word' id='word_1_116' title='bbox 560 3049 760 3104; x_wconf 89' lang='lat' dir='ltr'><strong>Domus</strong></span> <span class='ocrx_word' id='word_1_117' title='bbox 797 3051 971 3106; x_wconf 81' lang='lat' dir='ltr'><strong>Mettis</strong></span> <span class='ocrx_word' id='word_1_118' title='bbox 1003 3053 1256 3121; x_wconf 88' lang='lat' dir='ltr'><strong>Stephani</strong></span> <span class='ocrx_word' id='word_1_119' title='bbox 1289 3070 1479 3113; x_wconf 88' lang='lat' dir='ltr'><strong>cruore</strong></span> 
     </span>
    </p>
   </div>
   <div class='ocr_carea' id='block_1_31' title="bbox 367 3136 1404 3212">
    <p class='ocr_par' dir='ltr' id='par_1_31' title="bbox 367 3136 1404 3212">
     <span class='ocr_line' id='line_1_32' title="bbox 367 3136 1404 3212; baseline 0.008 -19"><span class='ocrx_word' id='word_1_120' title='bbox 367 3136 544 3204; x_wconf 84' lang='lat' dir='ltr'><strong>Sacra,</strong></span> <span class='ocrx_word' id='word_1_121' title='bbox 576 3157 695 3210; x_wconf 66' lang='lat' dir='ltr'><strong>qum</strong></span> <span class='ocrx_word' id='word_1_122' title='bbox 727 3150 929 3196; x_wconf 90' lang='lat' dir='ltr'><strong>tantum</strong></span> <span class='ocrx_word' id='word_1_123' title='bbox 961 3157 1244 3212; x_wconf 87' lang='lat' dir='ltr'><strong>superesse</strong></span> <span class='ocrx_word' id='word_1_124' title='bbox 1270 3145 1404 3201; x_wconf 86' lang='lat' dir='ltr'><strong>diris</strong></span> 
     </span>
    </p>
   </div>
   <div class='ocr_carea' id='block_1_32' title="bbox 367 3230 1438 3309">
    <p class='ocr_par' dir='ltr' id='par_1_32' title="bbox 367 3230 1438 3309">
     <span class='ocr_line' id='line_1_33' title="bbox 367 3230 1438 3309; baseline 0.009 -25"><span class='ocrx_word' id='word_1_125' title='bbox 367 3230 547 3286; x_wconf 81' lang='lat' dir='ltr'><strong>Posset</strong></span> <span class='ocrx_word' id='word_1_126' title='bbox 583 3231 896 3289; x_wconf 76' lang='lat' dir='ltr'><strong>Hunnorum</strong></span> <span class='ocrx_word' id='word_1_127' title='bbox 927 3233 1141 3304; x_wconf 77' lang='lat' dir='ltr'><strong>gladiis,</strong></span> <span class='ocrx_word' id='word_1_128' title='bbox 1170 3239 1438 3309; x_wconf 77' lang='lat' dir='ltr'><strong>rogisque,</strong></span> 
     </span>
    </p>
   </div>
   <div class='ocr_carea' id='block_1_33' title="bbox 751 3323 1182 3396">
    <p class='ocr_par' dir='ltr' id='par_1_33' title="bbox 751 3323 1182 3396">
     <span class='ocr_line' id='line_1_34' title="bbox 751 3323 1182 3396; baseline 0.005 -16"><span class='ocrx_word' id='word_1_129' title='bbox 751 3323 1024 3396; x_wconf 80' lang='lat' dir='ltr'><strong>Sanguine</strong></span> <span class='ocrx_word' id='word_1_130' title='bbox 1053 3335 1182 3382; x_wconf 89' lang='lat' dir='ltr'><strong>luta.</strong></span> 
     </span>
    </p>
   </div>
   <div class='ocr_carea' id='block_1_34' title="bbox 426 3413 1474 3482">
    <p class='ocr_par' dir='ltr' id='par_1_34' title="bbox 426 3413 1474 3482">
     <span class='ocr_line' id='line_1_35' title="bbox 426 3413 1474 3482; baseline 0.01 -18"><span class='ocrx_word' id='word_1_131' title='bbox 426 3413 554 3482; x_wconf 62' lang='lat' dir='ltr'><strong>Quae</strong></span> <span class='ocrx_word' id='word_1_132' title='bbox 584 3413 736 3470; x_wconf 85' lang='lat' dir='ltr'><strong>ducis</strong></span> <span class='ocrx_word' id='word_1_133' title='bbox 764 3424 965 3480; x_wconf 80' lang='lat' dir='ltr'><strong>natam,</strong></span> <span class='ocrx_word' id='word_1_134' title='bbox 992 3419 1288 3475; x_wconf 79' lang='lat' dir='ltr'><strong>medicante</strong></span> <span class='ocrx_word' id='word_1_135' title='bbox 1319 3419 1474 3476; x_wconf 72' lang='lat' dir='ltr'><strong>Gallo</strong></span> 
     </span>
    </p>
   </div>
   <div class='ocr_carea' id='block_1_35' title="bbox 361 3504 1274 3578">
    <p class='ocr_par' dir='ltr' id='par_1_35' title="bbox 361 3504 1274 3578">
     <span class='ocr_line' id='line_1_36' title="bbox 361 3504 1274 3578; baseline 0.011 -21"><span class='ocrx_word' id='word_1_136' title='bbox 361 3504 661 3568; x_wconf 74' lang='lat' dir='ltr'><strong>Liberatam</strong></span> <span class='ocrx_word' id='word_1_137' title='bbox 693 3508 960 3564; x_wconf 66' lang='lat' dir='ltr'><strong>daemonio</strong></span> <span class='ocrx_word' id='word_1_138' title='bbox 983 3510 1274 3578; x_wconf 76' lang='lat' dir='ltr'><strong>terentem,</strong></span> 
     </span>
    </p>
   </div>
   <div class='ocr_carea' id='block_1_36' title="bbox 362 3595 1320 3668">
    <p class='ocr_par' dir='ltr' id='par_1_36' title="bbox 362 3595 1320 3668">
     <span class='ocr_line' id='line_1_37' title="bbox 362 3595 1320 3668; baseline 0.01 -20"><span class='ocrx_word' id='word_1_139' title='bbox 362 3595 518 3666; x_wconf 68' lang='lat' dir='ltr'><strong>[tegis</strong></span> <span class='ocrx_word' id='word_1_140' title='bbox 544 3597 811 3652; x_wconf 74' lang='lat' dir='ltr'><strong>abstraxit</strong></span> <span class='ocrx_word' id='word_1_141' title='bbox 839 3599 1108 3668; x_wconf 87' lang='lat' dir='ltr'><strong>thalamis,</strong></span> <span class='ocrx_word' id='word_1_142' title='bbox 1136 3616 1320 3658; x_wconf 90' lang='lat' dir='ltr'><strong>amore</strong></span> 
     </span>
    </p>
   </div>
   <div class='ocr_carea' id='block_1_37' title="bbox 751 3689 1088 3759">
    <p class='ocr_par' dir='ltr' id='par_1_37' title="bbox 751 3689 1088 3759">
     <span class='ocr_line' id='line_1_38' title="bbox 751 3689 1088 3759; baseline 0.012 -17"><span class='ocrx_word' id='word_1_143' title='bbox 751 3689 912 3759; x_wconf 78' lang='lat' dir='ltr'><strong>Itttegt</strong></span> <span class='ocrx_word' id='word_1_144' title='bbox 929 3691 1088 3746; x_wconf 88' lang='lat' dir='ltr'><strong>italis.</strong></span> 
     </span>
    </p>
   </div>
   <div class='ocr_carea' id='block_1_38' title="bbox 429 3777 1488 3854">
    <p class='ocr_par' dir='ltr' id='par_1_38' title="bbox 429 3777 1488 3854">
     <span class='ocr_line' id='line_1_39' title="bbox 429 3777 1488 3854; baseline 0.009 -22"><span class='ocrx_word' id='word_1_145' title='bbox 429 3777 612 3834; x_wconf 81' lang='lat' dir='ltr'><strong>Fontis</strong></span> <span class='ocrx_word' id='word_1_146' title='bbox 641 3779 883 3848; x_wconf 82' lang='lat' dir='ltr'><strong>Hispani,</strong></span> <span class='ocrx_word' id='word_1_147' title='bbox 917 3781 1190 3851; x_wconf 72' lang='lat' dir='ltr'><strong>Stephano</strong></span> <span class='ocrx_word' id='word_1_148' title='bbox 1222 3794 1488 3854; x_wconf 87' lang='lat' dir='ltr'><strong>patrante,</strong></span> 
     </span>
    </p>
   </div>
   <div class='ocr_carea' id='block_1_39' title="bbox 363 3869 1428 3945">
    <p class='ocr_par' dir='ltr' id='par_1_39' title="bbox 363 3869 1428 3945">
     <span class='ocr_line' id='line_1_40' title="bbox 363 3869 1428 3945; baseline 0.008 -21"><span class='ocrx_word' id='word_1_149' title='bbox 363 3869 549 3927; x_wconf 72' lang='lat' dir='ltr'><strong>Munus</strong></span> <span class='ocrx_word' id='word_1_150' title='bbox 579 3883 842 3927; x_wconf 62' lang='lat' dir='ltr'><strong>aeternum</strong></span> <span class='ocrx_word' id='word_1_151' title='bbox 885 3889 1187 3930; x_wconf 85' lang='lat' dir='ltr'><strong>memorare</strong></span> <span class='ocrx_word' id='word_1_152' title='bbox 1213 3877 1428 3945; x_wconf 80' lang='lat' dir='ltr'><strong>dignum</strong></span> 
     </span>
    </p>
   </div>
   <div class='ocr_carea' id='block_1_40' title="bbox 354 3965 1342 4036">
    <p class='ocr_par' dir='ltr' id='par_1_40' title="bbox 354 3965 1342 4036">
     <span class='ocr_line' id='line_1_41' title="bbox 354 3965 1342 4036; baseline 0.008 -18"><span class='ocrx_word' id='word_1_153' title='bbox 354 3965 451 4030; x_wconf 86' lang='lat' dir='ltr'><strong>Qui</strong></span> <span class='ocrx_word' id='word_1_154' title='bbox 482 3965 726 4021; x_wconf 79' lang='lat' dir='ltr'><strong>lavandis</strong></span> <span class='ocrx_word' id='word_1_155' title='bbox 756 3966 999 4035; x_wconf 80' lang='lat' dir='ltr'><strong>proﬂuit,</strong></span> <span class='ocrx_word' id='word_1_156' title='bbox 1026 3977 1188 4036; x_wconf 86' lang='lat' dir='ltr'><strong>atque</strong></span> <span class='ocrx_word' id='word_1_157' title='bbox 1219 3969 1342 4026; x_wconf 86' lang='lat' dir='ltr'><strong>lotis</strong></span> 
     </span>
    </p>
   </div>
   <div class='ocr_carea' id='block_1_41' title="bbox 740 4057 1170 4127">
    <p class='ocr_par' dir='ltr' id='par_1_41' title="bbox 740 4057 1170 4127">
     <span class='ocr_line' id='line_1_42' title="bbox 740 4057 1170 4127; baseline 0.005 -15"><span class='ocrx_word' id='word_1_158' title='bbox 740 4057 1003 4113; x_wconf 85' lang='lat' dir='ltr'><strong>Conditor</strong></span> <span class='ocrx_word' id='word_1_159' title='bbox 1029 4061 1170 4127; x_wconf 87' lang='lat' dir='ltr'><strong>alte;</strong></span> 
     </span>
    </p>
   </div>
   <div class='ocr_carea' id='block_1_42' title="bbox 353 4145 1389 4218">
    <p class='ocr_par' dir='ltr' id='par_1_42' title="bbox 353 4145 1389 4218">
     <span class='ocr_line' id='line_1_43' title="bbox 353 4145 1389 4218; baseline 0.007 -16"><span class='ocrx_word' id='word_1_160' title='bbox 353 4145 459 4203; x_wconf 83' lang='lat' dir='ltr'><strong>Sed</strong></span> <span class='ocrx_word' id='word_1_161' title='bbox 488 4162 610 4203; x_wconf 87' lang='lat' dir='ltr'><strong>cum</strong></span> <span class='ocrx_word' id='word_1_162' title='bbox 639 4147 741 4204; x_wconf 88' lang='lat' dir='ltr'><strong>hoc</strong></span> <span class='ocrx_word' id='word_1_163' title='bbox 770 4148 1144 4218; x_wconf 85' lang='lat' dir='ltr'><strong>baptisterium</strong></span> <span class='ocrx_word' id='word_1_164' title='bbox 1172 4153 1389 4209; x_wconf 88' lang='lat' dir='ltr'><strong>caballis</strong></span> 
     </span>
    </p>
   </div>
   <div class='ocr_carea' id='block_1_43' title="bbox 355 4237 1446 4314">
    <p class='ocr_par' dir='ltr' id='par_1_43' title="bbox 355 4237 1446 4314">
     <span class='ocr_line' id='line_1_44' title="bbox 355 4237 1446 4314; baseline 0.005 -19"><span class='ocrx_word' id='word_1_165' title='bbox 355 4237 630 4306; x_wconf 90' lang='lat' dir='ltr'><strong>Improbus</strong></span> <span class='ocrx_word' id='word_1_166' title='bbox 659 4240 874 4310; x_wconf 87' lang='lat' dir='ltr'><strong>quidam</strong></span> <span class='ocrx_word' id='word_1_167' title='bbox 913 4243 1175 4298; x_wconf 83' lang='lat' dir='ltr'><strong>stabulum</strong></span> <span class='ocrx_word' id='word_1_168' title='bbox 1208 4256 1446 4314; x_wconf 85' lang='lat' dir='ltr'><strong>pararet,</strong></span> 
     </span>
    </p>
   </div>
   <div class='ocr_carea' id='block_1_44' title="bbox 358 4330 1448 4408">
    <p class='ocr_par' dir='ltr' id='par_1_44' title="bbox 358 4330 1448 4408">
     <span class='ocr_line' id='line_1_45' title="bbox 358 4330 1448 4408; baseline 0.007 -23"><span class='ocrx_word' id='word_1_169' title='bbox 358 4330 526 4386; x_wconf 82' lang='lat' dir='ltr'><strong>Febre</strong></span> <span class='ocrx_word' id='word_1_170' title='bbox 554 4344 838 4404; x_wconf 87' lang='lat' dir='ltr'><strong>correptus</strong></span> <span class='ocrx_word' id='word_1_171' title='bbox 857 4373 873 4398; x_wconf 92' lang='lat'><strong>,</strong></span> <span class='ocrx_word' id='word_1_172' title='bbox 904 4333 1186 4389; x_wconf 89' lang='lat' dir='ltr'><strong>Dominum</strong></span> <span class='ocrx_word' id='word_1_173' title='bbox 1229 4339 1448 4408; x_wconf 70' lang='lat' dir='ltr'><strong>pragibat</strong></span> 
     </span>
    </p>
   </div>
   <div class='ocr_carea' id='block_1_45' title="bbox 742 4422 1270 4492">
    <p class='ocr_par' dir='ltr' id='par_1_45' title="bbox 742 4422 1270 4492">
     <span class='ocr_line' id='line_1_46' title="bbox 742 4422 1270 4492; baseline 0.006 -16"><span class='ocrx_word' id='word_1_174' title='bbox 742 4422 825 4477; x_wconf 75' lang='lat' dir='ltr'><strong>Ad</strong></span> <span class='ocrx_word' id='word_1_175' title='bbox 855 4423 1234 4492; x_wconf 73' lang='lat' dir='ltr'><strong>Phlegethonta</strong></span> <span class='ocrx_word' id='word_1_176' title='bbox 1255 4469 1270 4491; x_wconf 88' lang='lat'><strong>,</strong></span> 
     </span>
    </p>
   </div>
   <div class='ocr_carea' id='block_1_46' title="bbox 424 4510 1393 4578">
    <p class='ocr_par' dir='ltr' id='par_1_46' title="bbox 424 4510 1393 4578">
     <span class='ocr_line' id='line_1_47' title="bbox 424 4510 1393 4578; baseline 0.01 -14"><span class='ocrx_word' id='word_1_177' title='bbox 424 4510 535 4565; x_wconf 84' lang='lat' dir='ltr'><strong>Iloc</strong></span> <span class='ocrx_word' id='word_1_178' title='bbox 561 4511 708 4578; x_wconf 81' lang='lat' dir='ltr'><strong>loco,</strong></span> <span class='ocrx_word' id='word_1_179' title='bbox 733 4515 966 4568; x_wconf 85' lang='lat' dir='ltr'><strong>cultrum</strong></span> <span class='ocrx_word' id='word_1_180' title='bbox 991 4520 1137 4572; x_wconf 79' lang='lat' dir='ltr'><strong>senio</strong></span> <span class='ocrx_word' id='word_1_181' title='bbox 1171 4520 1393 4574; x_wconf 73' lang='lat' dir='ltr'><strong>retraxit</strong></span> 
     </span>
    </p>
   </div>
   <div class='ocr_carea' id='block_1_47' title="bbox 353 4601 1401 4673">
    <p class='ocr_par' dir='ltr' id='par_1_47' title="bbox 353 4601 1401 4673">
     <span class='ocr_line' id='line_1_48' title="bbox 353 4601 1401 4673; baseline 0.008 -17"><span class='ocrx_word' id='word_1_182' title='bbox 353 4601 636 4670; x_wconf 82' lang='lat' dir='ltr'><strong>lntpudens</strong></span> <span class='ocrx_word' id='word_1_183' title='bbox 674 4604 912 4673; x_wconf 85' lang='lat' dir='ltr'><strong>quidam,</strong></span> <span class='ocrx_word' id='word_1_184' title='bbox 944 4621 1114 4662; x_wconf 84' lang='lat' dir='ltr'><strong>vacua</strong></span> <span class='ocrx_word' id='word_1_185' title='bbox 1145 4610 1238 4664; x_wconf 85' lang='lat' dir='ltr'><strong>sed</strong></span> <span class='ocrx_word' id='word_1_186' title='bbox 1269 4625 1401 4664; x_wconf 84' lang='lat' dir='ltr'><strong>urna</strong></span> 
     </span>
    </p>
   </div>
   <div class='ocr_carea' id='block_1_48' title="bbox 356 4695 1440 4772">
    <p class='ocr_par' dir='ltr' id='par_1_48' title="bbox 356 4695 1440 4772">
     <span class='ocr_line' id='line_1_49' title="bbox 356 4695 1440 4772; baseline 0.006 -22"><span class='ocrx_word' id='word_1_187' title='bbox 356 4695 534 4750; x_wconf 73' lang='lat' dir='ltr'><strong>Mente</strong></span> <span class='ocrx_word' id='word_1_188' title='bbox 565 4706 852 4767; x_wconf 69' lang='lat' dir='ltr'><strong>prmeepta,</strong></span> <span class='ocrx_word' id='word_1_189' title='bbox 894 4699 1169 4767; x_wconf 81' lang='lat' dir='ltr'><strong>Stephano</strong></span> <span class='ocrx_word' id='word_1_190' title='bbox 1195 4701 1440 4772; x_wconf 84' lang='lat' dir='ltr'><strong>jubente,</strong></span> 
     </span>
    </p>
   </div>
   <div class='ocr_carea' id='block_1_49' title="bbox 743 4790 1226 4862">
    <p class='ocr_par' dir='ltr' id='par_1_49' title="bbox 743 4790 1226 4862">
     <span class='ocr_line' id='line_1_50' title="bbox 743 4790 1226 4862; baseline 0.008 -18"><span class='ocrx_word' id='word_1_191' title='bbox 743 4790 994 4846; x_wconf 71' lang='lat' dir='ltr'><strong>Reddidit</strong></span> <span class='ocrx_word' id='word_1_192' title='bbox 1029 4793 1226 4862; x_wconf 83' lang='lat' dir='ltr'><strong>ipsum.</strong></span> 
     </span>
    </p>
   </div>
   <div class='ocr_carea' id='block_1_50' title="bbox 423 4903 1510 4979">
    <p class='ocr_par' dir='ltr' id='par_1_50' title="bbox 423 4903 1510 4979">
     <span class='ocr_line' id='line_1_51' title="bbox 423 4903 1510 4979; baseline 0.006 -19"><span class='ocrx_word' id='word_1_193' title='bbox 423 4903 589 4972; x_wconf 66' lang='lat' dir='ltr'><strong>Eger-</strong></span> <span class='ocrx_word' id='word_1_194' title='bbox 609 4913 664 4958; x_wconf 90' lang='lat' dir='ltr'><strong>et</strong></span> <span class='ocrx_word' id='word_1_195' title='bbox 689 4914 716 4942; x_wconf 75' lang='grc'><strong>⁸</strong></span> <span class='ocrx_word' id='word_1_196' title='bbox 748 4905 955 4971; x_wconf 86' lang='lat' dir='ltr'><strong>balbus,</strong></span> <span class='ocrx_word' id='word_1_197' title='bbox 987 4907 1245 4978; x_wconf 79' lang='lat' dir='ltr'><strong>vitiisque</strong></span> <span class='ocrx_word' id='word_1_198' title='bbox 1297 4910 1510 4979; x_wconf 87' lang='lat' dir='ltr'><strong>plenus,</strong></span> 
     </span>
    </p>
   </div>
   <div class='ocr_carea' id='block_1_51' title="bbox 355 4992 1344 5068">
    <p class='ocr_par' dir='ltr' id='par_1_51' title="bbox 355 4992 1344 5068">
     <span class='ocr_line' id='line_1_52' title="bbox 355 4992 1344 5068; baseline 0.009 -23"><span class='ocrx_word' id='word_1_199' title='bbox 355 4992 460 5046; x_wconf 82' lang='lat' dir='ltr'><strong>Ore</strong></span> <span class='ocrx_word' id='word_1_200' title='bbox 508 4993 706 5060; x_wconf 80' lang='lat' dir='ltr'><strong>polluto</strong></span> <span class='ocrx_word' id='word_1_201' title='bbox 737 4993 1000 5064; x_wconf 85' lang='lat' dir='ltr'><strong>Stephani</strong></span> <span class='ocrx_word' id='word_1_202' title='bbox 1033 4998 1344 5068; x_wconf 88' lang='lat' dir='ltr'><strong>triumphos</strong></span> 
     </span>
    </p>
   </div>
   <div class='ocr_carea' id='block_1_52' title="bbox 354 5083 1294 5156">
    <p class='ocr_par' dir='ltr' id='par_1_52' title="bbox 354 5083 1294 5156">
     <span class='ocr_line' id='line_1_53' title="bbox 354 5083 1294 5156; baseline 0.012 -19"><span class='ocrx_word' id='word_1_203' title='bbox 354 5083 551 5139; x_wconf 77' lang='lat' dir='ltr'><strong>Notker</strong></span> <span class='ocrx_word' id='word_1_204' title='bbox 578 5085 826 5156; x_wconf 68' lang='lat' dir='ltr'><strong>indignus</strong></span> <span class='ocrx_word' id='word_1_205' title='bbox 855 5089 1051 5154; x_wconf 88' lang='lat' dir='ltr'><strong>cecini,</strong></span> <span class='ocrx_word' id='word_1_206' title='bbox 1077 5091 1294 5148; x_wconf 81' lang='lat' dir='ltr'><strong>volente</strong></span> 
     </span>
    </p>
   </div>
   <div class='ocr_carea' id='block_1_53' title="bbox 705 5167 1250 5248">
    <p class='ocr_par' dir='ltr' id='par_1_53' title="bbox 705 5167 1250 5248">
     <span class='ocr_line' id='line_1_54' title="bbox 705 5167 1250 5248; baseline 0.004 -15"><span class='ocrx_word' id='word_1_207' title='bbox 705 5167 980 5234; x_wconf 68' lang='lat' dir='ltr'><strong>&#39;Praesule</strong></span> <span class='ocrx_word' id='word_1_208' title='bbox 1026 5193 1210 5236; x_wconf 84' lang='lat' dir='ltr'><strong>saneto</strong></span> <span class='ocrx_word' id='word_1_209' title='bbox 1229 5222 1250 5248; x_wconf 90' lang='lat'><strong>,</strong></span> 
     </span>
    </p>
   </div>
   <div class='ocr_carea' id='block_1_54' title="bbox 430 5266 1532 5342">
    <p class='ocr_par' dir='ltr' id='par_1_54' title="bbox 430 5266 1532 5342">
     <span class='ocr_line' id='line_1_55' title="bbox 430 5266 1532 5342; baseline 0.006 -20"><span class='ocrx_word' id='word_1_210' title='bbox 430 5266 589 5324; x_wconf 79' lang='lat' dir='ltr'><strong>Flore</strong></span> <span class='ocrx_word' id='word_1_211' title='bbox 615 5268 958 5326; x_wconf 82' lang='lat' dir='ltr'><strong>Ruodbertus</strong></span> <span class='ocrx_word' id='word_1_212' title='bbox 986 5269 1242 5341; x_wconf 85' lang='lat' dir='ltr'><strong>jnvenale</strong></span> <span class='ocrx_word' id='word_1_213' title='bbox 1270 5273 1359 5342; x_wconf 87' lang='lat' dir='ltr'><strong>qui</strong></span> <span class='ocrx_word' id='word_1_214' title='bbox 1391 5288 1532 5329; x_wconf 81' lang='lat' dir='ltr'><strong>ntlltc</strong></span> 
     </span>
    </p>
   </div>
   <div class='ocr_carea' id='block_1_55' title="bbox 362 5360 1458 5438">
    <p class='ocr_par' dir='ltr' id='par_1_55' title="bbox 362 5360 1458 5438">
     <span class='ocr_line' id='line_1_56' title="bbox 362 5360 1458 5438; baseline 0.005 -21"><span class='ocrx_word' id='word_1_215' title='bbox 362 5360 465 5417; x_wconf 85' lang='lat' dir='ltr'><strong>Cor</strong></span> <span class='ocrx_word' id='word_1_216' title='bbox 493 5379 678 5419; x_wconf 87' lang='lat' dir='ltr'><strong>senum</strong></span> <span class='ocrx_word' id='word_1_217' title='bbox 711 5377 952 5438; x_wconf 78' lang='lat' dir='ltr'><strong>gestans,</strong></span> <span class='ocrx_word' id='word_1_218' title='bbox 997 5368 1208 5422; x_wconf 87' lang='lat' dir='ltr'><strong>senium</strong></span> <span class='ocrx_word' id='word_1_219' title='bbox 1251 5370 1458 5432; x_wconf 80' lang='lat' dir='ltr'><strong>beatus,</strong></span> 
     </span>
    </p>
   </div>
   <div class='ocr_carea' id='block_1_56' title="bbox 363 5452 1261 5528">
    <p class='ocr_par' dir='ltr' id='par_1_56' title="bbox 363 5452 1261 5528">
     <span class='ocr_line' id='line_1_57' title="bbox 363 5452 1261 5528; baseline 0.01 -20"><span class='ocrx_word' id='word_1_220' title='bbox 363 5452 440 5510; x_wconf 76' lang='lat' dir='ltr'><strong>Ae</strong></span> <span class='ocrx_word' id='word_1_221' title='bbox 463 5457 564 5526; x_wconf 80' lang='lat' dir='ltr'><strong>piis</strong></span> <span class='ocrx_word' id='word_1_222' title='bbox 586 5459 782 5528; x_wconf 82' lang='lat' dir='ltr'><strong>plenus</strong></span> <span class='ocrx_word' id='word_1_223' title='bbox 813 5459 1043 5526; x_wconf 89' lang='lat' dir='ltr'><strong>meritis,</strong></span> <span class='ocrx_word' id='word_1_224' title='bbox 1075 5460 1261 5517; x_wconf 84' lang='lat' dir='ltr'><strong>videre</strong></span> 
     </span>
    </p>
   </div>
   <div class='ocr_carea' id='block_1_57' title="bbox 750 5547 1142 5604">
    <p class='ocr_par' dir='ltr' id='par_1_57' title="bbox 750 5547 1142 5604">
     <span class='ocr_line' id='line_1_58' title="bbox 750 5547 1142 5604; baseline 0.005 -2"><span class='ocrx_word' id='word_1_225' title='bbox 750 5547 1142 5604; x_wconf 85' lang='lat' dir='ltr'><strong>Promereatur.</strong></span> 
     </span>
    </p>
   </div>
   <div class='ocr_carea' id='block_1_58' title="bbox 439 5637 1295 5710">
    <p class='ocr_par' dir='ltr' id='par_1_58' title="bbox 439 5637 1295 5710">
     <span class='ocr_line' id='line_1_59' title="bbox 439 5637 1295 5710; baseline 0.006 -18"><span class='ocrx_word' id='word_1_226' title='bbox 439 5637 598 5694; x_wconf 81' lang='lat' dir='ltr'><strong>Pacis</strong></span> <span class='ocrx_word' id='word_1_227' title='bbox 624 5647 806 5710; x_wconf 86' lang='lat' dir='ltr'><strong>optata</strong></span> <span class='ocrx_word' id='word_1_228' title='bbox 838 5643 1048 5710; x_wconf 85' lang='lat' dir='ltr'><strong>potiens</strong></span> <span class='ocrx_word' id='word_1_229' title='bbox 1083 5642 1295 5710; x_wconf 88' lang='lat' dir='ltr'><strong>quiete,</strong></span> 
     </span>
    </p>
   </div>
   <div class='ocr_carea' id='block_1_59' title="bbox 365 5728 1418 5804">
    <p class='ocr_par' dir='ltr' id='par_1_59' title="bbox 365 5728 1418 5804">
     <span class='ocr_line' id='line_1_60' title="bbox 365 5728 1418 5804; baseline 0.005 -22"><span class='ocrx_word' id='word_1_230' title='bbox 365 5728 542 5786; x_wconf 83' lang='lat' dir='ltr'><strong>llostis</strong></span> <span class='ocrx_word' id='word_1_231' title='bbox 571 5743 624 5788; x_wconf 89' lang='lat' dir='ltr'><strong>et</strong></span> <span class='ocrx_word' id='word_1_232' title='bbox 646 5733 795 5789; x_wconf 92' lang='lat' dir='ltr'><strong>diros</strong></span> <span class='ocrx_word' id='word_1_233' title='bbox 825 5748 1087 5804; x_wconf 88' lang='lat' dir='ltr'><strong>superans</strong></span> <span class='ocrx_word' id='word_1_234' title='bbox 1116 5749 1418 5797; x_wconf 88' lang='lat' dir='ltr'><strong>mucrones,</strong></span> 
     </span>
    </p>
   </div>
   <div class='ocr_carea' id='block_1_60' title="bbox 305 5880 1712 5952">
    <p class='ocr_par' dir='ltr' id='par_1_60' title="bbox 305 5880 1712 5952">
     <span class='ocr_line' id='line_1_61' title="bbox 305 5880 1712 5952; baseline -0.004 -10"><span class='ocrx_word' id='word_1_235' title='bbox 305 5891 323 5913; x_wconf 80' lang='lat'>“</span> <span class='ocrx_word' id='word_1_236' title='bbox 356 5880 489 5942; x_wconf 76' lang='lat' dir='ltr'><strong>Hinc</strong></span> <span class='ocrx_word' id='word_1_237' title='bbox 522 5894 658 5952; x_wconf 82' lang='lat' dir='ltr'><strong>patet</strong></span> <span class='ocrx_word' id='word_1_238' title='bbox 679 5899 774 5941; x_wconf 89' lang='lat' dir='ltr'><strong>cur</strong></span> <span class='ocrx_word' id='word_1_239' title='bbox 812 5885 987 5950; x_wconf 78' lang='lat' dir='ltr'><strong>dictus</strong></span> <span class='ocrx_word' id='word_1_240' title='bbox 1033 5885 1100 5941; x_wconf 89' lang='lat' dir='ltr'><strong>sit</strong></span> <span class='ocrx_word' id='word_1_241' title='bbox 1151 5883 1412 5940; x_wconf 78' lang='lat' dir='ltr'><strong>Notkerus</strong></span> <span class='ocrx_word' id='word_1_242' title='bbox 1444 5883 1712 5938; x_wconf 66' lang='lat' dir='ltr'><strong>Ballzulus.</strong></span> 
     </span>
    </p>
   </div>
   <div class='ocr_carea' id='block_1_61' title="bbox 705 384 3021 478">
    <p class='ocr_par' dir='ltr' id='par_1_61' title="bbox 705 384 3021 478">
     <span class='ocr_line' id='line_1_62' title="bbox 705 384 3021 478; baseline 0.017 -41"><span class='ocrx_word' id='word_1_243' title='bbox 705 384 1206 446; x_wconf 72' lang='lat' dir='ltr'><strong>EPIGRAMMATA</strong></span> <span class='ocrx_word' id='word_1_244' title='bbox 1248 392 1378 450; x_wconf 85' lang='lat' dir='ltr'><strong>SEU</strong></span> <span class='ocrx_word' id='word_1_245' title='bbox 1421 395 1632 452; x_wconf 79' lang='lat' dir='ltr'><strong>IIYMNI</strong></span> <span class='ocrx_word' id='word_1_246' title='bbox 1673 397 1871 454; x_wconf 74' lang='lat' dir='ltr'><strong>SACBI</strong></span> <span class='ocrx_word' id='word_1_247' title='bbox 1913 401 2136 472; x_wconf 73' lang='lat' dir='ltr'><strong>ANTIQ.</strong></span> <span class='ocrx_word' id='word_1_248' title='bbox 2180 399 2460 466; x_wconf 79' lang='lat' dir='ltr'><strong>PATRUM</strong></span> <span class='ocrx_word' id='word_1_249' title='bbox 2500 409 2659 468; x_wconf 79' lang='lat' dir='ltr'><strong>MON.</strong></span> <span class='ocrx_word' id='word_1_250' title='bbox 2701 414 2759 472; x_wconf 89' lang='lat' dir='ltr'><strong>S.</strong></span> <span class='ocrx_word' id='word_1_251' title='bbox 2799 416 3021 478; x_wconf 76' lang='lat' dir='ltr'><strong>GALLI.</strong></span> 
     </span>
    </p>
   </div>
   <div class='ocr_carea' id='block_1_62' title="bbox 1832 517 1878 574">
    <p class='ocr_par' dir='ltr' id='par_1_62' title="bbox 1832 517 1878 574">
     <span class='ocr_line' id='line_1_63' title="bbox 1832 517 1878 574; baseline 0 0"><span class='ocrx_word' id='word_1_252' title='bbox 1832 517 1878 574; x_wconf 81' lang='grc' dir='ltr'><strong>Α</strong></span> 
     </span>
    </p>
   </div>
   <div class='ocr_carea' id='block_1_63' title="bbox 2047 521 3151 606">
    <p class='ocr_par' dir='ltr' id='par_1_63' title="bbox 2047 521 3151 606">
     <span class='ocr_line' id='line_1_64' title="bbox 2047 521 3151 606; baseline 0.019 -33"><span class='ocrx_word' id='word_1_253' title='bbox 2047 521 2213 588; x_wconf 84' lang='lat' dir='ltr'><strong>Quem</strong></span> <span class='ocrx_word' id='word_1_254' title='bbox 2253 523 2434 582; x_wconf 78' lang='lat' dir='ltr'><strong>furens</strong></span> <span class='ocrx_word' id='word_1_255' title='bbox 2466 531 2608 584; x_wconf 89' lang='lat' dir='ltr'><strong>misit</strong></span> <span class='ocrx_word' id='word_1_256' title='bbox 2640 531 2836 588; x_wconf 80' lang='lat' dir='ltr'><strong>Boreas</strong></span> <span class='ocrx_word' id='word_1_257' title='bbox 2868 535 3151 606; x_wconf 71' lang='lat' dir='ltr'><strong>fugandum</strong></span> 
     </span>
    </p>
   </div>
   <div class='ocr_carea' id='block_1_64' title="bbox 2447 620 2960 691">
    <p class='ocr_par' dir='ltr' id='par_1_64' title="bbox 2447 620 2960 691">
     <span class='ocr_line' id='line_1_65' title="bbox 2447 620 2960 691; baseline 0.018 -17"><span class='ocrx_word' id='word_1_258' title='bbox 2447 620 2542 678; x_wconf 68' lang='lat' dir='ltr'><strong>Vel</strong></span> <span class='ocrx_word' id='word_1_259' title='bbox 2576 625 2960 691; x_wconf 85' lang='lat' dir='ltr'><strong>perimendum.</strong></span> 
     </span>
    </p>
   </div>
   <div class='ocr_carea' id='block_1_65' title="bbox 2128 705 3000 774">
    <p class='ocr_par' dir='ltr' id='par_1_65' title="bbox 2128 705 3000 774">
     <span class='ocr_line' id='line_1_66' title="bbox 2128 705 3000 774; baseline 0.015 -13"><span class='ocrx_word' id='word_1_260' title='bbox 2128 705 2194 762; x_wconf 85' lang='lat' dir='ltr'><strong>Ut</strong></span> <span class='ocrx_word' id='word_1_261' title='bbox 2221 707 2497 766; x_wconf 88' lang='lat' dir='ltr'><strong>Trinitatis</strong></span> <span class='ocrx_word' id='word_1_262' title='bbox 2527 715 2804 771; x_wconf 85' lang='lat' dir='ltr'><strong>benedicta</strong></span> <span class='ocrx_word' id='word_1_263' title='bbox 2835 719 3000 774; x_wconf 88' lang='lat' dir='ltr'><strong>virtus</strong></span> 
     </span>
    </p>
   </div>
   <div class='ocr_carea' id='block_1_66' title="bbox 2056 797 3158 879">
    <p class='ocr_par' dir='ltr' id='par_1_66' title="bbox 2056 797 3158 879">
     <span class='ocr_line' id='line_1_67' title="bbox 2056 797 3158 879; baseline 0.016 -29"><span class='ocrx_word' id='word_1_264' title='bbox 2056 797 2282 854; x_wconf 63' lang='lat' dir='ltr'><strong>zEdibus</strong></span> <span class='ocrx_word' id='word_1_265' title='bbox 2309 804 2540 871; x_wconf 91' lang='lat' dir='ltr'><strong>cunctis,</strong></span> <span class='ocrx_word' id='word_1_266' title='bbox 2571 806 2922 879; x_wconf 88' lang='lat' dir='ltr'><strong>domibusque</strong></span> <span class='ocrx_word' id='word_1_267' title='bbox 2950 815 3158 870; x_wconf 88' lang='lat' dir='ltr'><strong>eunetis</strong></span> 
     </span>
    </p>
   </div>
   <div class='ocr_carea' id='block_1_67' title="bbox 2054 887 3206 970">
    <p class='ocr_par' dir='ltr' id='par_1_67' title="bbox 2054 887 3206 970">
     <span class='ocr_line' id='line_1_68' title="bbox 2054 887 3206 970; baseline 0.015 -27"><span class='ocrx_word' id='word_1_268' title='bbox 2054 887 2156 944; x_wconf 74' lang='lat' dir='ltr'><strong>Per</strong></span> <span class='ocrx_word' id='word_1_269' title='bbox 2196 906 2382 960; x_wconf 84' lang='lat' dir='ltr'><strong>preces</strong></span> <span class='ocrx_word' id='word_1_270' title='bbox 2429 899 2603 964; x_wconf 77' lang='lat' dir='ltr'><strong>magni</strong></span> <span class='ocrx_word' id='word_1_271' title='bbox 2656 898 2937 970; x_wconf 83' lang='lat' dir='ltr'><strong>Stephani,</strong></span> <span class='ocrx_word' id='word_1_272' title='bbox 2984 915 3206 960; x_wconf 90' lang='lat' dir='ltr'><strong>canatur</strong></span> 
     </span>
    </p>
   </div>
   <div class='ocr_carea' id='block_1_68' title="bbox 2441 988 2914 1067">
    <p class='ocr_par' dir='ltr' id='par_1_68' title="bbox 2441 988 2914 1067">
     <span class='ocr_line' id='line_1_69' title="bbox 2441 988 2914 1067; baseline 0.021 -25"><span class='ocrx_word' id='word_1_273' title='bbox 2441 988 2706 1062; x_wconf 87' lang='lat' dir='ltr'><strong>Tempore</strong></span> <span class='ocrx_word' id='word_1_274' title='bbox 2735 994 2914 1067; x_wconf 78' lang='lat' dir='ltr'><strong>longo.</strong></span> 
     </span>
    </p>
   </div>
   <div class='ocr_carea' id='block_1_69' title="bbox 2941 1089 3132 1146">
    <p class='ocr_par' dir='ltr' id='par_1_69' title="bbox 2941 1089 3132 1146">
     <span class='ocr_line' id='line_1_70' title="bbox 2941 1089 3132 1146; baseline 0.01 -2"><span class='ocrx_word' id='word_1_275' title='bbox 2941 1089 3132 1146; x_wconf 85' lang='lat' dir='ltr'><strong>Amen.</strong></span> 
     </span>
    </p>
   </div>
   <div class='ocr_carea' id='block_1_70' title="bbox 1907 1186 3263 1259">
    <p class='ocr_par' dir='ltr' id='par_1_70' title="bbox 1907 1186 3263 1259">
     <span class='ocr_line' id='line_1_71' title="bbox 1907 1186 3263 1259; baseline 0.011 -19"><span class='ocrx_word' id='word_1_276' title='bbox 1907 1186 1966 1242; x_wconf 88' lang='lat' dir='ltr'><strong>Si</strong></span> <span class='ocrx_word' id='word_1_277' title='bbox 1994 1187 2126 1243; x_wconf 86' lang='lat' dir='ltr'><strong>mihi</strong></span> <span class='ocrx_word' id='word_1_278' title='bbox 2149 1203 2254 1244; x_wconf 89' lang='lat' dir='ltr'><strong>non</strong></span> <span class='ocrx_word' id='word_1_279' title='bbox 2291 1190 2473 1259; x_wconf 87' lang='lat' dir='ltr'><strong>vultis,</strong></span> <span class='ocrx_word' id='word_1_280' title='bbox 2501 1194 2675 1250; x_wconf 87' lang='lat' dir='ltr'><strong>oculis</strong></span> <span class='ocrx_word' id='word_1_281' title='bbox 2707 1197 2790 1252; x_wconf 86' lang='lat' dir='ltr'><strong>vel</strong></span> <span class='ocrx_word' id='word_1_282' title='bbox 2822 1198 3025 1255; x_wconf 91' lang='lat' dir='ltr'><strong>credite</strong></span> <span class='ocrx_word' id='word_1_283' title='bbox 3050 1202 3263 1258; x_wconf 83' lang='lat' dir='ltr'><strong>vestris.</strong></span> 
     </span>
    </p>
   </div>
   <div class='ocr_carea' id='block_1_71' title="bbox 1907 1280 3188 1364">
    <p class='ocr_par' dir='ltr' id='par_1_71' title="bbox 1907 1280 3188 1364">
     <span class='ocr_line' id='line_1_72' title="bbox 1907 1280 3188 1364; baseline 0.013 -30"><span class='ocrx_word' id='word_1_284' title='bbox 1907 1280 2017 1337; x_wconf 78' lang='lat' dir='ltr'><strong>Vos</strong></span> <span class='ocrx_word' id='word_1_285' title='bbox 2045 1282 2237 1340; x_wconf 86' lang='lat' dir='ltr'><strong>saltem</strong></span> <span class='ocrx_word' id='word_1_286' title='bbox 2259 1284 2411 1341; x_wconf 87' lang='lat' dir='ltr'><strong>binas</strong></span> <span class='ocrx_word' id='word_1_287' title='bbox 2432 1287 2590 1356; x_wconf 83' lang='lat' dir='ltr'><strong>piscis</strong></span> <span class='ocrx_word' id='word_1_288' title='bbox 2609 1287 2740 1344; x_wconf 89' lang='lat' dir='ltr'><strong>mihi</strong></span> <span class='ocrx_word' id='word_1_289' title='bbox 2774 1291 2969 1347; x_wconf 89' lang='lat' dir='ltr'><strong>mittite</strong></span> <span class='ocrx_word' id='word_1_290' title='bbox 2990 1297 3188 1364; x_wconf 87' lang='lat' dir='ltr'><strong>spinas.</strong></span> 
     </span>
    </p>
   </div>
   <div class='ocr_carea' id='block_1_72' title="bbox 1979 1392 3486 1466">
    <p class='ocr_par' dir='ltr' id='par_1_72' title="bbox 1979 1392 3486 1466">
     <span class='ocr_line' id='line_1_73' title="bbox 1979 1392 3486 1466; baseline 0.014 -20"><span class='ocrx_word' id='word_1_291' title='bbox 1979 1392 2089 1447; x_wconf 89' lang='lat' dir='ltr'><strong>llos</strong></span> <span class='ocrx_word' id='word_1_292' title='bbox 2125 1395 2258 1451; x_wconf 86' lang='lat' dir='ltr'><strong>duos</strong></span> <span class='ocrx_word' id='word_1_293' title='bbox 2288 1411 2476 1457; x_wconf 86' lang='lat' dir='ltr'><strong>versus</strong></span> <span class='ocrx_word' id='word_1_294' title='bbox 2501 1399 2773 1462; x_wconf 74' lang='lat' dir='ltr'><strong>Notkerus</strong></span> <span class='ocrx_word' id='word_1_295' title='bbox 2801 1403 3050 1461; x_wconf 85' lang='lat' dir='ltr'><strong>Balbulus</strong></span> <span class='ocrx_word' id='word_1_296' title='bbox 3097 1407 3348 1466; x_wconf 78' lang='lat' dir='ltr'><strong>fratribus</strong></span> <span class='ocrx_word' id='word_1_297' title='bbox 3375 1411 3486 1466; x_wconf 79' lang='lat' dir='ltr'><strong>Au-</strong></span> 
     </span>
    </p>
   </div>
   <div class='ocr_carea' id='block_1_73' title="bbox 1905 1483 3481 1569">
    <p class='ocr_par' dir='ltr' id='par_1_73' title="bbox 1905 1483 3481 1569">
     <span class='ocr_line' id='line_1_74' title="bbox 1905 1483 3481 1569; baseline 0.012 -32"><span class='ocrx_word' id='word_1_298' title='bbox 1905 1483 2180 1553; x_wconf 81' lang='lat' dir='ltr'><strong>giensibus</strong></span> <span class='ocrx_word' id='word_1_299' title='bbox 2209 1488 2353 1543; x_wconf 85' lang='lat' dir='ltr'><strong>misit</strong></span> <span class='ocrx_word' id='word_1_300' title='bbox 2380 1504 2504 1544; x_wconf 90' lang='lat' dir='ltr'><strong>cum</strong></span> <span class='ocrx_word' id='word_1_301' title='bbox 2531 1490 2694 1562; x_wconf 80' lang='lat' dir='ltr'><strong>fungo</strong></span> <span class='ocrx_word' id='word_1_302' title='bbox 2716 1509 2875 1564; x_wconf 91' lang='lat' dir='ltr'><strong>quem</strong></span> <span class='ocrx_word' id='word_1_303' title='bbox 2905 1497 3124 1554; x_wconf 87' lang='lat' dir='ltr'><strong>moruch</strong></span> <span class='ocrx_word' id='word_1_304' title='bbox 3157 1510 3382 1569; x_wconf 90' lang='lat' dir='ltr'><strong>vocant,</strong></span> <span class='ocrx_word' id='word_1_305' title='bbox 3431 1503 3481 1556; x_wconf 92' lang='lat' dir='ltr'><strong>in</strong></span> 
     </span>
    </p>
   </div>
   <div class='ocr_carea' id='block_1_74' title="bbox 1907 1578 3481 1666">
    <p class='ocr_par' dir='ltr' id='par_1_74' title="bbox 1907 1578 3481 1666">
     <span class='ocr_line' id='line_1_75' title="bbox 1907 1578 3481 1666; baseline 0.013 -34"><span class='ocrx_word' id='word_1_306' title='bbox 1907 1578 2102 1646; x_wconf 82' lang='lat' dir='ltr'><strong>angulo</strong></span> <span class='ocrx_word' id='word_1_307' title='bbox 2156 1581 2297 1650; x_wconf 87' lang='lat' dir='ltr'><strong>apud</strong></span> <span class='ocrx_word' id='word_1_308' title='bbox 2353 1592 2597 1639; x_wconf 89' lang='lat' dir='ltr'><strong>sanctum</strong></span> <span class='ocrx_word' id='word_1_309' title='bbox 2647 1584 2856 1643; x_wconf 88' lang='lat' dir='ltr'><strong>Gallum</strong></span> <span class='ocrx_word' id='word_1_310' title='bbox 2904 1589 3124 1647; x_wconf 76' lang='lat' dir='ltr'><strong>fratrum</strong></span> <span class='ocrx_word' id='word_1_311' title='bbox 3181 1596 3381 1666; x_wconf 85' lang='lat' dir='ltr'><strong>pyralis</strong></span> <span class='ocrx_word' id='word_1_312' title='bbox 3427 1596 3481 1652; x_wconf 92' lang='lat' dir='ltr'><strong>in</strong></span> 
     </span>
    </p>
   </div>
   <div class='ocr_carea' id='block_1_75' title="bbox 1911 1668 3478 1743">
    <p class='ocr_par' dir='ltr' id='par_1_75' title="bbox 1911 1668 3478 1743">
     <span class='ocr_line' id='line_1_76' title="bbox 1911 1668 3478 1743; baseline 0.012 -22"><span class='ocrx_word' id='word_1_313' title='bbox 1911 1668 2087 1724; x_wconf 87' lang='lat' dir='ltr'><strong>hieme</strong></span> <span class='ocrx_word' id='word_1_314' title='bbox 2120 1673 2266 1727; x_wconf 89' lang='lat' dir='ltr'><strong>nasci</strong></span> <span class='ocrx_word' id='word_1_315' title='bbox 2305 1673 2506 1743; x_wconf 88' lang='lat' dir='ltr'><strong>aliquot</strong></span> <span class='ocrx_word' id='word_1_316' title='bbox 2537 1675 2691 1731; x_wconf 89' lang='lat' dir='ltr'><strong>annis</strong></span> <span class='ocrx_word' id='word_1_317' title='bbox 2719 1680 2872 1733; x_wconf 83' lang='lat' dir='ltr'><strong>Solito</strong></span> <span class='ocrx_word' id='word_1_318' title='bbox 2913 1680 3028 1736; x_wconf 91' lang='lat' dir='ltr'><strong>Ioco</strong></span> <span class='ocrx_word' id='word_1_319' title='bbox 3053 1698 3169 1738; x_wconf 91' lang='lat' dir='ltr'><strong>suo.</strong></span> <span class='ocrx_word' id='word_1_320' title='bbox 3200 1685 3330 1739; x_wconf 85' lang='lat' dir='ltr'><strong>Nam</strong></span> <span class='ocrx_word' id='word_1_321' title='bbox 3360 1701 3478 1741; x_wconf 90' lang='lat' dir='ltr'><strong>cum</strong></span> 
     </span>
    </p>
   </div>
   <div class='ocr_carea' id='block_1_76' title="bbox 1907 1761 3482 1846">
    <p class='ocr_par' dir='ltr' id='par_1_76' title="bbox 1907 1761 3482 1846">
     <span class='ocr_line' id='line_1_77' title="bbox 1907 1761 3482 1846; baseline 0.013 -30"><span class='ocrx_word' id='word_1_322' title='bbox 1907 1761 2006 1830; x_wconf 84' lang='lat' dir='ltr'><strong>ipsi</strong></span> <span class='ocrx_word' id='word_1_323' title='bbox 2035 1775 2352 1830; x_wconf 89' lang='lat' dir='ltr'><strong>assererent,</strong></span> <span class='ocrx_word' id='word_1_324' title='bbox 2384 1768 2436 1822; x_wconf 88' lang='lat' dir='ltr'><strong>in</strong></span> <span class='ocrx_word' id='word_1_325' title='bbox 2482 1768 2783 1842; x_wconf 84' lang='lat' dir='ltr'><strong>Alaspach,</strong></span> <span class='ocrx_word' id='word_1_326' title='bbox 2842 1774 3037 1842; x_wconf 90' lang='lat' dir='ltr'><strong>piscem</strong></span> <span class='ocrx_word' id='word_1_327' title='bbox 3091 1792 3246 1846; x_wconf 89' lang='lat' dir='ltr'><strong>quem</strong></span> <span class='ocrx_word' id='word_1_328' title='bbox 3303 1781 3482 1836; x_wconf 90' lang='lat' dir='ltr'><strong>alandt</strong></span> 
     </span>
    </p>
   </div>
   <div class='ocr_carea' id='block_1_77' title="bbox 1840 1859 3477 1938">
    <p class='ocr_par' dir='ltr' id='par_1_77' title="bbox 1840 1859 3477 1938">
     <span class='ocr_line' id='line_1_78' title="bbox 1840 1859 3477 1938; baseline 0.013 -31"><span class='ocrx_word' id='word_1_329' title='bbox 1840 1870 1886 1934; x_wconf 61' lang='grc' dir='ltr'><em>δ</em></span> <span class='ocrx_word' id='word_1_330' title='bbox 1913 1869 2140 1922; x_wconf 87' lang='lat' dir='ltr'><strong>vocant,</strong></span> <span class='ocrx_word' id='word_1_331' title='bbox 2190 1872 2264 1913; x_wconf 79' lang='lat' dir='ltr'><strong>xu</strong></span> <span class='ocrx_word' id='word_1_332' title='bbox 2313 1859 2609 1930; x_wconf 89' lang='lat' dir='ltr'><strong>palmorum</strong></span> <span class='ocrx_word' id='word_1_333' title='bbox 2650 1865 3078 1938; x_wconf 87' lang='lat' dir='ltr'><strong>apprehensum,</strong></span> <span class='ocrx_word' id='word_1_334' title='bbox 3123 1870 3242 1926; x_wconf 92' lang='lat' dir='ltr'><strong>loco</strong></span> <span class='ocrx_word' id='word_1_335' title='bbox 3287 1887 3477 1928; x_wconf 89' lang='lat' dir='ltr'><strong>nomen</strong></span> 
     </span>
    </p>
   </div>
   <div class='ocr_carea' id='block_1_78' title="bbox 1913 1945 3480 2027">
    <p class='ocr_par' dir='ltr' id='par_1_78' title="bbox 1913 1945 3480 2027">
     <span class='ocr_line' id='line_1_79' title="bbox 1913 1945 3480 2027; baseline 0.013 -27"><span class='ocrx_word' id='word_1_336' title='bbox 1913 1945 2151 2013; x_wconf 84' lang='lat' dir='ltr'><strong>dedisse,</strong></span> <span class='ocrx_word' id='word_1_337' title='bbox 2179 1949 2290 2018; x_wconf 91' lang='lat' dir='ltr'><strong>ipse</strong></span> <span class='ocrx_word' id='word_1_338' title='bbox 2316 1950 2647 2008; x_wconf 88' lang='lat' dir='ltr'><strong>incredibilia</strong></span> <span class='ocrx_word' id='word_1_339' title='bbox 2693 1959 3053 2027; x_wconf 85' lang='lat' dir='ltr'><strong>narrantibus,</strong></span> <span class='ocrx_word' id='word_1_340' title='bbox 3083 1960 3236 2016; x_wconf 89' lang='lat' dir='ltr'><strong>etiam</strong></span> <span class='ocrx_word' id='word_1_341' title='bbox 3258 1964 3325 2018; x_wconf 92' lang='lat' dir='ltr'><strong>de</strong></span> <span class='ocrx_word' id='word_1_342' title='bbox 3354 1979 3480 2020; x_wconf 84' lang='lat' dir='ltr'><strong>san-</strong></span> 
     </span>
    </p>
   </div>
   <div class='ocr_carea' id='block_1_79' title="bbox 1911 2036 3481 2123">
    <p class='ocr_par' dir='ltr' id='par_1_79' title="bbox 1911 2036 3481 2123">
     <span class='ocr_line' id='line_1_80' title="bbox 1911 2036 3481 2123; baseline 0.013 -33"><span class='ocrx_word' id='word_1_343' title='bbox 1911 2037 1981 2092; x_wconf 90' lang='lat' dir='ltr'><strong>cti</strong></span> <span class='ocrx_word' id='word_1_344' title='bbox 2013 2036 2148 2094; x_wconf 89' lang='lat' dir='ltr'><strong>Galli</strong></span> <span class='ocrx_word' id='word_1_345' title='bbox 2181 2042 2294 2096; x_wconf 90' lang='lat' dir='ltr'><strong>loco</strong></span> <span class='ocrx_word' id='word_1_346' title='bbox 2323 2057 2382 2099; x_wconf 89' lang='lat' dir='ltr'><strong>se</strong></span> <span class='ocrx_word' id='word_1_347' title='bbox 2430 2045 2562 2100; x_wconf 89' lang='lat' dir='ltr'><strong>mira</strong></span> <span class='ocrx_word' id='word_1_348' title='bbox 2609 2061 2729 2102; x_wconf 87' lang='lat' dir='ltr'><strong>esse</strong></span> <span class='ocrx_word' id='word_1_349' title='bbox 2778 2050 3040 2104; x_wconf 91' lang='lat' dir='ltr'><strong>dicturum</strong></span> <span class='ocrx_word' id='word_1_350' title='bbox 3075 2054 3376 2123; x_wconf 81' lang='lat' dir='ltr'><strong>respondit,</strong></span> <span class='ocrx_word' id='word_1_351' title='bbox 3427 2067 3481 2111; x_wconf 89' lang='lat' dir='ltr'><strong>et</strong></span> 
     </span>
    </p>
   </div>
   <div class='ocr_carea' id='block_1_80' title="bbox 1908 2128 3478 2206">
    <p class='ocr_par' dir='ltr' id='par_1_80' title="bbox 1908 2128 3478 2206">
     <span class='ocr_line' id='line_1_81' title="bbox 1908 2128 3478 2206; baseline 0.011 -22"><span class='ocrx_word' id='word_1_352' title='bbox 1908 2143 2070 2198; x_wconf 87' lang='lat' dir='ltr'><strong>supra</strong></span> <span class='ocrx_word' id='word_1_353' title='bbox 2102 2128 2228 2185; x_wconf 92' lang='lat' dir='ltr'><strong>dicti</strong></span> <span class='ocrx_word' id='word_1_354' title='bbox 2265 2133 2496 2188; x_wconf 87' lang='lat' dir='ltr'><strong>nominis</strong></span> <span class='ocrx_word' id='word_1_355' title='bbox 2554 2131 2772 2206; x_wconf 80' lang='lat' dir='ltr'><strong>fungum</strong></span> <span class='ocrx_word' id='word_1_356' title='bbox 2818 2140 2868 2193; x_wconf 93' lang='lat' dir='ltr'><strong>in</strong></span> <span class='ocrx_word' id='word_1_357' title='bbox 2895 2139 3146 2196; x_wconf 87' lang='lat' dir='ltr'><strong>Januario</strong></span> <span class='ocrx_word' id='word_1_358' title='bbox 3195 2144 3264 2198; x_wconf 90' lang='lat' dir='ltr'><strong>ibi</strong></span> <span class='ocrx_word' id='word_1_359' title='bbox 3299 2155 3478 2202; x_wconf 89' lang='lat' dir='ltr'><strong>natum</strong></span> 
     </span>
    </p>
   </div>
   <div class='ocr_carea' id='block_1_81' title="bbox 1906 2221 3481 2303">
    <p class='ocr_par' dir='ltr' id='par_1_81' title="bbox 1906 2221 3481 2303">
     <span class='ocr_line' id='line_1_82' title="bbox 1906 2221 3481 2303; baseline 0.011 -29"><span class='ocrx_word' id='word_1_360' title='bbox 1906 2233 1966 2275; x_wconf 89' lang='lat' dir='ltr'><strong>se</strong></span> <span class='ocrx_word' id='word_1_361' title='bbox 1995 2221 2191 2276; x_wconf 82' lang='lat' dir='ltr'><strong>vidisse</strong></span> <span class='ocrx_word' id='word_1_362' title='bbox 2238 2223 2541 2293; x_wconf 81' lang='lat' dir='ltr'><strong>subjunxit,</strong></span> <span class='ocrx_word' id='word_1_363' title='bbox 2576 2227 2734 2297; x_wconf 89' lang='lat' dir='ltr'><strong>idque</strong></span> <span class='ocrx_word' id='word_1_364' title='bbox 2776 2229 2947 2299; x_wconf 91' lang='lat' dir='ltr'><strong>ipsum</strong></span> <span class='ocrx_word' id='word_1_365' title='bbox 2973 2232 3130 2298; x_wconf 54' lang='lat' dir='ltr'><strong>,illico</strong></span> <span class='ocrx_word' id='word_1_366' title='bbox 3168 2235 3315 2303; x_wconf 87' lang='lat' dir='ltr'><strong>quasi</strong></span> <span class='ocrx_word' id='word_1_367' title='bbox 3346 2235 3481 2292; x_wconf 82' lang='lat' dir='ltr'><strong>falso</strong></span> 
     </span>
    </p>
   </div>
   <div class='ocr_carea' id='block_1_82' title="bbox 1906 2310 3480 2391">
    <p class='ocr_par' dir='ltr' id='par_1_82' title="bbox 1906 2310 3480 2391">
     <span class='ocr_line' id='line_1_83' title="bbox 1906 2310 3480 2391; baseline 0.01 -27"><span class='ocrx_word' id='word_1_368' title='bbox 1906 2310 2135 2366; x_wconf 89' lang='lat' dir='ltr'><strong>locutum</strong></span> <span class='ocrx_word' id='word_1_369' title='bbox 2169 2315 2280 2382; x_wconf 87' lang='lat' dir='ltr'><strong>pari</strong></span> <span class='ocrx_word' id='word_1_370' title='bbox 2334 2329 2462 2370; x_wconf 88' lang='lat' dir='ltr'><strong>voce</strong></span> <span class='ocrx_word' id='word_1_371' title='bbox 2509 2315 2770 2385; x_wconf 91' lang='lat' dir='ltr'><strong>dicentes,</strong></span> <span class='ocrx_word' id='word_1_372' title='bbox 2823 2319 3023 2377; x_wconf 89' lang='lat' dir='ltr'><strong>derisui</strong></span> <span class='ocrx_word' id='word_1_373' title='bbox 3058 2321 3354 2391; x_wconf 82' lang='lat' dir='ltr'><strong>habebant;</strong></span> <span class='ocrx_word' id='word_1_374' title='bbox 3385 2325 3480 2380; x_wconf 88' lang='lat' dir='ltr'><strong>sed</strong></span> 
     </span>
    </p>
   </div>
   <div class='ocr_carea' id='block_1_83' title="bbox 1905 2400 3482 2488">
    <p class='ocr_par' dir='ltr' id='par_1_83' title="bbox 1905 2400 3482 2488">
     <span class='ocr_line' id='line_1_84' title="bbox 1905 2400 3482 2488; baseline 0.011 -33"><span class='ocrx_word' id='word_1_375' title='bbox 1905 2400 2042 2470; x_wconf 87' lang='lat' dir='ltr'><strong>ipse,</strong></span> <span class='ocrx_word' id='word_1_376' title='bbox 2076 2412 2132 2456; x_wconf 92' lang='lat' dir='ltr'><strong>ut</strong></span> <span class='ocrx_word' id='word_1_377' title='bbox 2155 2403 2265 2458; x_wconf 84' lang='lat' dir='ltr'><strong>dixi</strong></span> <span class='ocrx_word' id='word_1_378' title='bbox 2294 2447 2309 2475; x_wconf 93' lang='lat'><strong>,</strong></span> <span class='ocrx_word' id='word_1_379' title='bbox 2352 2407 2600 2476; x_wconf 85' lang='lat' dir='ltr'><strong>sequenti</strong></span> <span class='ocrx_word' id='word_1_380' title='bbox 2646 2423 2787 2464; x_wconf 87' lang='lat' dir='ltr'><strong>anno</strong></span> <span class='ocrx_word' id='word_1_381' title='bbox 2819 2411 2997 2467; x_wconf 87' lang='lat' dir='ltr'><strong>itidem</strong></span> <span class='ocrx_word' id='word_1_382' title='bbox 3032 2414 3098 2468; x_wconf 89' lang='lat' dir='ltr'><strong>ibi</strong></span> <span class='ocrx_word' id='word_1_383' title='bbox 3145 2415 3304 2488; x_wconf 80' lang='lat' dir='ltr'><strong>fungo</strong></span> <span class='ocrx_word' id='word_1_384' title='bbox 3335 2428 3482 2484; x_wconf 88' lang='lat' dir='ltr'><strong>nato,</strong></span> 
     </span>
    </p>
   </div>
   <div class='ocr_carea' id='block_1_84' title="bbox 1903 2490 3480 2572">
    <p class='ocr_par' dir='ltr' id='par_1_84' title="bbox 1903 2490 3480 2572">
     <span class='ocr_line' id='line_1_85' title="bbox 1903 2490 3480 2572; baseline 0.013 -28"><span class='ocrx_word' id='word_1_385' title='bbox 1903 2490 2046 2546; x_wconf 87' lang='lat' dir='ltr'><strong>dicta</strong></span> <span class='ocrx_word' id='word_1_386' title='bbox 2083 2493 2233 2550; x_wconf 80' lang='lat' dir='ltr'><strong>factis</strong></span> <span class='ocrx_word' id='word_1_387' title='bbox 2277 2499 2670 2566; x_wconf 85' lang='lat' dir='ltr'><strong>compensavit,</strong></span> <span class='ocrx_word' id='word_1_388' title='bbox 2729 2500 2946 2572; x_wconf 82' lang='lat' dir='ltr'><strong>fungum</strong></span> <span class='ocrx_word' id='word_1_389' title='bbox 3000 2507 3234 2572; x_wconf 89' lang='lat' dir='ltr'><strong>mittens,</strong></span> <span class='ocrx_word' id='word_1_390' title='bbox 3272 2518 3323 2563; x_wconf 92' lang='lat' dir='ltr'><strong>et</strong></span> <span class='ocrx_word' id='word_1_391' title='bbox 3350 2512 3480 2563; x_wconf 87' lang='lat' dir='ltr'><strong>scri-</strong></span> 
     </span>
    </p>
   </div>
   <div class='ocr_carea' id='block_1_85' title="bbox 1903 2582 3484 2666">
    <p class='ocr_par' dir='ltr' id='par_1_85' title="bbox 1903 2582 3484 2666">
     <span class='ocr_line' id='line_1_86' title="bbox 1903 2582 3484 2666; baseline 0.012 -31"><span class='ocrx_word' id='word_1_392' title='bbox 1903 2582 2035 2637; x_wconf 87' lang='lat' dir='ltr'><strong>bens</strong></span> <span class='ocrx_word' id='word_1_393' title='bbox 2088 2583 2187 2639; x_wconf 92' lang='lat' dir='ltr'><strong>hoc</strong></span> <span class='ocrx_word' id='word_1_394' title='bbox 2215 2585 2508 2641; x_wconf 89' lang='lat' dir='ltr'><strong>distichon.</strong></span> <span class='ocrx_word' id='word_1_395' title='bbox 2557 2589 2726 2644; x_wconf 85' lang='lat' dir='ltr'><strong>Causa</strong></span> <span class='ocrx_word' id='word_1_396' title='bbox 2760 2600 2934 2646; x_wconf 87' lang='lat' dir='ltr'><strong>tamen</strong></span> <span class='ocrx_word' id='word_1_397' title='bbox 2965 2603 3083 2648; x_wconf 88' lang='lat' dir='ltr'><strong>erat</strong></span> <span class='ocrx_word' id='word_1_398' title='bbox 3136 2595 3276 2666; x_wconf 81' lang='lat' dir='ltr'><strong>fungi</strong></span> <span class='ocrx_word' id='word_1_399' title='bbox 3307 2598 3357 2653; x_wconf 92' lang='lat' dir='ltr'><strong>in</strong></span> <span class='ocrx_word' id='word_1_400' title='bbox 3389 2613 3484 2652; x_wconf 90' lang='lat' dir='ltr'><strong>an-</strong></span> 
     </span>
    </p>
   </div>
   <div class='ocr_carea' id='block_1_86' title="bbox 1902 2673 3480 2752">
    <p class='ocr_par' dir='ltr' id='par_1_86' title="bbox 1902 2673 3480 2752">
     <span class='ocr_line' id='line_1_87' title="bbox 1902 2673 3480 2752; baseline 0.014 -29"><span class='ocrx_word' id='word_1_401' title='bbox 1902 2673 2027 2743; x_wconf 80' lang='lat' dir='ltr'><strong>gulo</strong></span> <span class='ocrx_word' id='word_1_402' title='bbox 2060 2673 2151 2729; x_wconf 89' lang='lat' dir='ltr'><strong>illo</strong></span> <span class='ocrx_word' id='word_1_403' title='bbox 2177 2677 2376 2748; x_wconf 85' lang='lat' dir='ltr'><strong>pyralis</strong></span> <span class='ocrx_word' id='word_1_404' title='bbox 2405 2679 2549 2733; x_wconf 89' lang='lat' dir='ltr'><strong>nasci</strong></span> <span class='ocrx_word' id='word_1_405' title='bbox 2579 2681 2742 2746; x_wconf 91' lang='lat' dir='ltr'><strong>soliti,</strong></span> <span class='ocrx_word' id='word_1_406' title='bbox 2774 2683 2913 2752; x_wconf 91' lang='lat' dir='ltr'><strong>quod</strong></span> <span class='ocrx_word' id='word_1_407' title='bbox 2940 2685 3282 2752; x_wconf 67' lang='lat' dir='ltr'><strong>aqumductus</strong></span> <span class='ocrx_word' id='word_1_408' title='bbox 3332 2705 3480 2744; x_wconf 86' lang='lat' dir='ltr'><strong>eum-</strong></span> 
     </span>
    </p>
   </div>
   <div class='ocr_carea' id='block_1_87' title="bbox 1905 2764 3477 2852">
    <p class='ocr_par' dir='ltr' id='par_1_87' title="bbox 1905 2764 3477 2852">
     <span class='ocr_line' id='line_1_88' title="bbox 1905 2764 3477 2852; baseline 0.011 -32"><span class='ocrx_word' id='word_1_409' title='bbox 1905 2766 2025 2820; x_wconf 87' lang='lat' dir='ltr'><strong>dem</strong></span> <span class='ocrx_word' id='word_1_410' title='bbox 2055 2770 2306 2837; x_wconf 82' lang='lat' dir='ltr'><strong>angulum</strong></span> <span class='ocrx_word' id='word_1_411' title='bbox 2337 2764 2705 2838; x_wconf 67' lang='lat' dir='ltr'><strong>praeterlluens</strong></span> <span class='ocrx_word' id='word_1_412' title='bbox 2755 2774 2964 2843; x_wconf 80' lang='lat' dir='ltr'><strong>rigavit,</strong></span> <span class='ocrx_word' id='word_1_413' title='bbox 2999 2785 3052 2830; x_wconf 93' lang='lat' dir='ltr'><strong>ct</strong></span> <span class='ocrx_word' id='word_1_414' title='bbox 3102 2778 3251 2832; x_wconf 87' lang='lat' dir='ltr'><strong>calor</strong></span> <span class='ocrx_word' id='word_1_415' title='bbox 3282 2783 3477 2852; x_wconf 86' lang='lat' dir='ltr'><strong>pyralis</strong></span> 
     </span>
    </p>
   </div>
   <div class='ocr_carea' id='block_1_88' title="bbox 1904 2863 3478 2951">
    <p class='ocr_par' dir='ltr' id='par_1_88' title="bbox 1904 2863 3478 2951">
     <span class='ocr_line' id='line_1_89' title="bbox 1904 2863 3478 2951; baseline 0.013 -34"><span class='ocrx_word' id='word_1_416' title='bbox 1904 2877 2010 2917; x_wconf 87' lang='lat' dir='ltr'><strong>non</strong></span> <span class='ocrx_word' id='word_1_417' title='bbox 2043 2863 2260 2930; x_wconf 88' lang='lat' dir='ltr'><strong>nimius,</strong></span> <span class='ocrx_word' id='word_1_418' title='bbox 2285 2866 2379 2921; x_wconf 89' lang='lat' dir='ltr'><strong>sed</strong></span> <span class='ocrx_word' id='word_1_419' title='bbox 2410 2880 2656 2924; x_wconf 87' lang='lat' dir='ltr'><strong>caumate</strong></span> <span class='ocrx_word' id='word_1_420' title='bbox 2685 2885 2835 2940; x_wconf 83' lang='lat' dir='ltr'><strong>aquae</strong></span> <span class='ocrx_word' id='word_1_421' title='bbox 2866 2874 3074 2943; x_wconf 83' lang='lat' dir='ltr'><strong>mistus,</strong></span> <span class='ocrx_word' id='word_1_422' title='bbox 3109 2877 3253 2932; x_wconf 87' lang='lat' dir='ltr'><strong>illum</strong></span> <span class='ocrx_word' id='word_1_423' title='bbox 3285 2883 3478 2951; x_wconf 84' lang='lat' dir='ltr'><strong>attigit,</strong></span> 
     </span>
    </p>
   </div>
   <div class='ocr_carea' id='block_1_89' title="bbox 1903 2955 3479 3038">
    <p class='ocr_par' dir='ltr' id='par_1_89' title="bbox 1903 2955 3479 3038">
     <span class='ocr_line' id='line_1_90' title="bbox 1903 2955 3479 3038; baseline 0.013 -28"><span class='ocrx_word' id='word_1_424' title='bbox 1903 2964 1957 3010; x_wconf 90' lang='lat' dir='ltr'><strong>et</strong></span> <span class='ocrx_word' id='word_1_425' title='bbox 1981 2955 2091 3010; x_wconf 78' lang='lat' dir='ltr'><strong>l‘otu</strong></span> <span class='ocrx_word' id='word_1_426' title='bbox 2128 2957 2215 3012; x_wconf 88' lang='lat' dir='ltr'><strong>taIi</strong></span> <span class='ocrx_word' id='word_1_427' title='bbox 2248 2973 2437 3027; x_wconf 89' lang='lat' dir='ltr'><strong>parere</strong></span> <span class='ocrx_word' id='word_1_428' title='bbox 2468 2975 2806 3032; x_wconf 78' lang='lat' dir='ltr'><strong>przecoquam</strong></span> <span class='ocrx_word' id='word_1_429' title='bbox 2837 2974 3035 3022; x_wconf 87' lang='lat' dir='ltr'><strong>terram</strong></span> <span class='ocrx_word' id='word_1_430' title='bbox 3085 2970 3240 3038; x_wconf 81' lang='lat' dir='ltr'><strong>fecit,</strong></span> <span class='ocrx_word' id='word_1_431' title='bbox 3267 2983 3319 3028; x_wconf 89' lang='lat' dir='ltr'><strong>et</strong></span> <span class='ocrx_word' id='word_1_432' title='bbox 3358 2976 3479 3030; x_wconf 85' lang='lat' dir='ltr'><strong>lun-</strong></span> 
     </span>
    </p>
   </div>
   <div class='ocr_carea' id='block_1_90' title="bbox 1901 3049 3478 3133">
    <p class='ocr_par' dir='ltr' id='par_1_90' title="bbox 1901 3049 3478 3133">
     <span class='ocr_line' id='line_1_91' title="bbox 1901 3049 3478 3133; baseline 0.014 -35"><span class='ocrx_word' id='word_1_433' title='bbox 1901 3062 1996 3116; x_wconf 78' lang='lat' dir='ltr'><strong>gos</strong></span> <span class='ocrx_word' id='word_1_434' title='bbox 2022 3049 2238 3117; x_wconf 90' lang='lat' dir='ltr'><strong>quidem</strong></span> <span class='ocrx_word' id='word_1_435' title='bbox 2273 3050 2543 3117; x_wconf 86' lang='lat' dir='ltr'><strong>primitus,</strong></span> <span class='ocrx_word' id='word_1_436' title='bbox 2573 3069 2693 3108; x_wconf 81' lang='lat' dir='ltr'><strong>mox</strong></span> <span class='ocrx_word' id='word_1_437' title='bbox 2719 3058 2876 3110; x_wconf 89' lang='lat' dir='ltr'><strong>etiam</strong></span> <span class='ocrx_word' id='word_1_438' title='bbox 2896 3069 2948 3111; x_wconf 89' lang='lat' dir='ltr'><strong>et</strong></span> <span class='ocrx_word' id='word_1_439' title='bbox 2978 3062 3214 3129; x_wconf 87' lang='lat' dir='ltr'><strong>gramina</strong></span> <span class='ocrx_word' id='word_1_440' title='bbox 3238 3065 3478 3133; x_wconf 71' lang='lat' dir='ltr'><strong>qumdam</strong></span> 
     </span>
    </p>
   </div>
   <div class='ocr_carea' id='block_1_91' title="bbox 1903 3140 3477 3224">
    <p class='ocr_par' dir='ltr' id='par_1_91' title="bbox 1903 3140 3477 3224">
     <span class='ocr_line' id='line_1_92' title="bbox 1903 3140 3477 3224; baseline 0.011 -30"><span class='ocrx_word' id='word_1_441' title='bbox 1903 3140 2151 3206; x_wconf 87' lang='lat' dir='ltr'><strong>virentia,</strong></span> <span class='ocrx_word' id='word_1_442' title='bbox 2185 3140 2349 3196; x_wconf 87' lang='lat' dir='ltr'><strong>stiriis</strong></span> <span class='ocrx_word' id='word_1_443' title='bbox 2387 3153 2439 3198; x_wconf 89' lang='lat' dir='ltr'><strong>et</strong></span> <span class='ocrx_word' id='word_1_444' title='bbox 2467 3144 2637 3212; x_wconf 85' lang='lat' dir='ltr'><strong>glacie</strong></span> <span class='ocrx_word' id='word_1_445' title='bbox 2676 3145 2804 3202; x_wconf 80' lang='lat' dir='ltr'><strong>foris</strong></span> <span class='ocrx_word' id='word_1_446' title='bbox 2850 3149 2948 3204; x_wconf 89' lang='lat' dir='ltr'><strong>sub</strong></span> <span class='ocrx_word' id='word_1_447' title='bbox 2995 3151 3117 3207; x_wconf 82' lang='lat' dir='ltr'><strong>divo</strong></span> <span class='ocrx_word' id='word_1_448' title='bbox 3162 3153 3477 3224; x_wconf 81' lang='lat' dir='ltr'><strong>rigentibus,</strong></span> 
     </span>
    </p>
   </div>
   <div class='ocr_carea' id='block_1_92' title="bbox 1827 3228 2526 3304">
    <p class='ocr_par' dir='ltr' id='par_1_92' title="bbox 1827 3228 2526 3304">
     <span class='ocr_line' id='line_1_93' title="bbox 1827 3228 2526 3304; baseline 0.003 -14"><span class='ocrx_word' id='word_1_449' title='bbox 1827 3228 1872 3290; x_wconf 89' lang='lat' dir='ltr'>C</span> <span class='ocrx_word' id='word_1_450' title='bbox 1903 3248 2066 3301; x_wconf 88' lang='lat' dir='ltr'><strong>vapor</strong></span> <span class='ocrx_word' id='word_1_451' title='bbox 2091 3234 2227 3290; x_wconf 87' lang='lat' dir='ltr'><strong>idem</strong></span> <span class='ocrx_word' id='word_1_452' title='bbox 2259 3236 2526 3304; x_wconf 79' lang='lat' dir='ltr'><strong>produxit.</strong></span> 
     </span>
    </p>
   </div>
   <div class='ocr_carea' id='block_1_93' title="bbox 1901 3345 3479 3418">
    <p class='ocr_par' dir='ltr' id='par_1_93' title="bbox 1901 3345 3479 3418">
     <span class='ocr_line' id='line_1_94' title="bbox 1901 3345 3479 3418; baseline 0.008 -21"><span class='ocrx_word' id='word_1_453' title='bbox 1901 3345 2014 3418; x_wconf 69' lang='lat' dir='ltr'><strong>[Hic</strong></span> <span class='ocrx_word' id='word_1_454' title='bbox 2057 3348 2276 3418; x_wconf 70' lang='lat' dir='ltr'><strong>Canisius</strong></span> <span class='ocrx_word' id='word_1_455' title='bbox 2307 3351 2470 3418; x_wconf 74' lang='lat' dir='ltr'><strong>habet</strong></span> <span class='ocrx_word' id='word_1_456' title='bbox 2508 3365 2707 3418; x_wconf 69' lang='lat' dir='ltr'><strong>carmen</strong></span> <span class='ocrx_word' id='word_1_457' title='bbox 2747 3353 2803 3401; x_wconf 82' lang='lat' dir='ltr'><strong>ad</strong></span> <span class='ocrx_word' id='word_1_458' title='bbox 2830 3354 3081 3406; x_wconf 61' lang='lat' dir='ltr'><strong>lt&#39;t‘rlolium</strong></span> <span class='ocrx_word' id='word_1_459' title='bbox 3106 3359 3232 3418; x_wconf 83' lang='lat' dir='ltr'><strong>quod</strong></span> <span class='ocrx_word' id='word_1_460' title='bbox 3257 3357 3479 3409; x_wconf 84' lang='lat' dir='ltr'><strong>dedimus</strong></span> 
     </span>
    </p>
   </div>
   <div class='ocr_carea' id='block_1_94' title="bbox 1959 3414 3475 3537">
    <p class='ocr_par' dir='ltr' id='par_1_94' title="bbox 1959 3414 3475 3537">
     <span class='ocr_line' id='line_1_95' title="bbox 1965 3414 3475 3537; baseline 0.007 -79"><span class='ocrx_word' id='word_1_461' title='bbox 1965 3415 2206 3537; x_wconf 47' lang='lat' dir='ltr'><strong>integmsj</strong></span> <span class='ocrx_word' id='word_1_462' title='bbox 2240 3414 2519 3464; x_wconf 77' lang='lat' dir='ltr'><strong>Columbani</strong></span> <span class='ocrx_word' id='word_1_463' title='bbox 2561 3418 2796 3478; x_wconf 71' lang='lat' dir='ltr'><strong>eat-mina,</strong></span> <span class='ocrx_word' id='word_1_464' title='bbox 2823 3418 2906 3466; x_wconf 89' lang='lat' dir='ltr'><strong>ubi</strong></span> <span class='ocrx_word' id='word_1_465' title='bbox 2947 3414 3260 3468; x_wconf 43' lang='lat' dir='ltr'><strong>tideris’tom.</strong></span> <span class='ocrx_word' id='word_1_466' title='bbox 3289 3420 3475 3484; x_wconf 74' lang='lat' dir='ltr'><strong>LXXX,</strong></span> 
     </span>
     <span class='ocr_line' id='line_1_96' title="bbox 1959 3484 2184 3524; baseline 0.013 -3"><span class='ocrx_word' id='word_1_467' title='bbox 1959 3484 2016 3522; x_wconf 74' lang='lat' dir='ltr'><strong>eo</strong></span> <span class='ocrx_word' id='word_1_468' title='bbox 2039 3513 2050 3523; x_wconf 92' lang='lat'><strong>.</strong></span> <span class='ocrx_word' id='word_1_469' title='bbox 2170 3512 2184 3524; x_wconf 92' lang='lat'><strong>.</strong></span> 
     </span>
    </p>
   </div>
   <div class='ocr_carea' id='block_1_95' title="bbox 1901 3596 3471 3674">
    <p class='ocr_par' dir='ltr' id='par_1_95' title="bbox 1901 3596 3471 3674">
     <span class='ocr_line' id='line_1_97' title="bbox 1901 3596 3471 3674; baseline 0.007 -22"><span class='ocrx_word' id='word_1_470' title='bbox 1901 3596 2268 3669; x_wconf 83' lang='lat' dir='ltr'><strong>Fragmentum</strong></span> <span class='ocrx_word' id='word_1_471' title='bbox 2299 3598 2553 3653; x_wconf 68' lang='lat' dir='ltr'><strong>Carminis</strong></span> <span class='ocrx_word' id='word_1_472' title='bbox 2591 3602 2754 3654; x_wconf 76' lang='lat' dir='ltr'><strong>sancti</strong></span> <span class='ocrx_word' id='word_1_473' title='bbox 2800 3600 3016 3656; x_wconf 78' lang='lat' dir='ltr'><strong>Notkert&#39;</strong></span> <span class='ocrx_word' id='word_1_474' title='bbox 3063 3603 3128 3656; x_wconf 88' lang='lat' dir='ltr'><strong>de</strong></span> <span class='ocrx_word' id='word_1_475' title='bbox 3159 3605 3471 3674; x_wconf 84' lang='lat' dir='ltr'><strong>psalntodia.</strong></span> 
     </span>
    </p>
   </div>
   <div class='ocr_carea' id='block_1_96' title="bbox 1898 3753 3332 3827">
    <p class='ocr_par' dir='ltr' id='par_1_96' title="bbox 1898 3753 3332 3827">
     <span class='ocr_line' id='line_1_98' title="bbox 1898 3753 3332 3827; baseline 0.004 -19"><span class='ocrx_word' id='word_1_476' title='bbox 1898 3753 1953 3808; x_wconf 91' lang='lat' dir='ltr'><strong>Si</strong></span> <span class='ocrx_word' id='word_1_477' title='bbox 1994 3753 2134 3822; x_wconf 88' lang='lat' dir='ltr'><strong>quod</strong></span> <span class='ocrx_word' id='word_1_478' title='bbox 2163 3767 2290 3808; x_wconf 88' lang='lat' dir='ltr'><strong>voce</strong></span> <span class='ocrx_word' id='word_1_479' title='bbox 2318 3763 2496 3820; x_wconf 88' lang='lat' dir='ltr'><strong>sonat,</strong></span> <span class='ocrx_word' id='word_1_480' title='bbox 2528 3753 2631 3808; x_wconf 83' lang='lat' dir='ltr'><strong>ﬁdo</strong></span> <span class='ocrx_word' id='word_1_481' title='bbox 2674 3769 2826 3811; x_wconf 81' lang='lat' dir='ltr'><strong>tuens</strong></span> <span class='ocrx_word' id='word_1_482' title='bbox 2856 3766 3071 3824; x_wconf 84' lang='lat' dir='ltr'><strong>pectore</strong></span> <span class='ocrx_word' id='word_1_483' title='bbox 3101 3769 3332 3827; x_wconf 83' lang='lat' dir='ltr'><strong>promat,</strong></span> 
     </span>
    </p>
   </div>
   <div class='ocr_carea' id='block_1_97' title="bbox 1899 3845 3291 3920">
    <p class='ocr_par' dir='ltr' id='par_1_97' title="bbox 1899 3845 3291 3920">
     <span class='ocr_line' id='line_1_99' title="bbox 1899 3845 3291 3920; baseline 0.003 -20"><span class='ocrx_word' id='word_1_484' title='bbox 1899 3845 2006 3900; x_wconf 84' lang='lat' dir='ltr'><strong>Nec</strong></span> <span class='ocrx_word' id='word_1_485' title='bbox 2036 3846 2237 3898; x_wconf 89' lang='lat' dir='ltr'><strong>clamor</strong></span> <span class='ocrx_word' id='word_1_486' title='bbox 2267 3845 2474 3898; x_wconf 87' lang='lat' dir='ltr'><strong>Domini</strong></span> <span class='ocrx_word' id='word_1_487' title='bbox 2505 3854 2706 3899; x_wconf 84' lang='lat' dir='ltr'><strong>tantum</strong></span> <span class='ocrx_word' id='word_1_488' title='bbox 2748 3847 2991 3902; x_wconf 82' lang='lat' dir='ltr'><strong>sublimis</strong></span> <span class='ocrx_word' id='word_1_489' title='bbox 3022 3849 3086 3902; x_wconf 89' lang='lat' dir='ltr'><strong>ad</strong></span> <span class='ocrx_word' id='word_1_490' title='bbox 3116 3865 3291 3920; x_wconf 87' lang='lat' dir='ltr'><strong>aures,</strong></span> 
     </span>
    </p>
   </div>
   <div class='ocr_carea' id='block_1_98' title="bbox 1899 3937 3472 4012">
    <p class='ocr_par' dir='ltr' id='par_1_98' title="bbox 1899 3937 3472 4012">
     <span class='ocr_line' id='line_1_100' title="bbox 1899 3937 3472 4012; baseline 0.006 -23"><span class='ocrx_word' id='word_1_491' title='bbox 1899 3937 2162 4005; x_wconf 85' lang='lat' dir='ltr'><strong>Quantum</strong></span> <span class='ocrx_word' id='word_1_492' title='bbox 2196 3953 2295 3992; x_wconf 76' lang='lat' dir='ltr'><strong>vox</strong></span> <span class='ocrx_word' id='word_1_493' title='bbox 2340 3937 2555 3992; x_wconf 86' lang='lat' dir='ltr'><strong>humilis</strong></span> <span class='ocrx_word' id='word_1_494' title='bbox 2597 3937 2809 4007; x_wconf 84' lang='lat' dir='ltr'><strong>placido</strong></span> <span class='ocrx_word' id='word_1_495' title='bbox 2849 3939 2914 3994; x_wconf 90' lang='lat' dir='ltr'><strong>de</strong></span> <span class='ocrx_word' id='word_1_496' title='bbox 2943 3941 3104 3994; x_wconf 91' lang='lat' dir='ltr'><strong>corde</strong></span> <span class='ocrx_word' id='word_1_497' title='bbox 3135 3943 3472 4012; x_wconf 76' lang='lat' dir='ltr'><strong>proninquat.</strong></span> 
     </span>
    </p>
   </div>
   <div class='ocr_carea' id='block_1_99' title="bbox 1902 4049 3478 4110">
    <p class='ocr_par' dir='ltr' id='par_1_99' title="bbox 1902 4049 3478 4110">
     <span class='ocr_line' id='line_1_101' title="bbox 1902 4049 3478 4110; baseline 0.003 -4"><span class='ocrx_word' id='word_1_498' title='bbox 1902 4049 2200 4106; x_wconf 79' lang='lat' dir='ltr'><strong>Memoriatc</strong></span> <span class='ocrx_word' id='word_1_499' title='bbox 2252 4050 2681 4108; x_wconf 77' lang='lat' dir='ltr'><strong>Revercndiuimi</strong></span> <span class='ocrx_word' id='word_1_500' title='bbox 2729 4049 2798 4106; x_wconf 91' lang='lat' dir='ltr'><strong>D.</strong></span> <span class='ocrx_word' id='word_1_501' title='bbox 2840 4050 3094 4107; x_wconf 77' lang='lat' dir='ltr'><strong>Bernerdi</strong></span> <span class='ocrx_word' id='word_1_502' title='bbox 3135 4052 3332 4106; x_wconf 73' lang='lat' dir='ltr'><strong>abbatis</strong></span> <span class='ocrx_word' id='word_1_503' title='bbox 3379 4053 3478 4110; x_wconf 83' lang='lat' dir='ltr'><strong>Sc-</strong></span> 
     </span>
    </p>
   </div>
   <div class='ocr_carea' id='block_1_100' title="bbox 1973 4122 3472 4191">
    <p class='ocr_par' dir='ltr' id='par_1_100' title="bbox 1973 4122 3472 4191">
     <span class='ocr_line' id='line_1_102' title="bbox 1973 4122 3472 4191; baseline 0.003 -16"><span class='ocrx_word' id='word_1_504' title='bbox 1973 4123 2149 4188; x_wconf 83' lang='lat' dir='ltr'><strong>cuudi,</strong></span> <span class='ocrx_word' id='word_1_505' title='bbox 2180 4123 2318 4191; x_wconf 81' lang='lat' dir='ltr'><strong>quod</strong></span> <span class='ocrx_word' id='word_1_506' title='bbox 2346 4122 2485 4176; x_wconf 81' lang='lat' dir='ltr'><strong>dedit</strong></span> <span class='ocrx_word' id='word_1_507' title='bbox 2508 4122 2712 4174; x_wconf 82' lang='lat' dir='ltr'><strong>cuidam</strong></span> <span class='ocrx_word' id='word_1_508' title='bbox 2734 4123 2887 4191; x_wconf 79' lang='lat' dir='ltr'><strong>fratri</strong></span> <span class='ocrx_word' id='word_1_509' title='bbox 2915 4126 3180 4188; x_wconf 83' lang='lat' dir='ltr'><strong>monacho,</strong></span> <span class='ocrx_word' id='word_1_510' title='bbox 3215 4141 3328 4177; x_wconf 79' lang='lat' dir='ltr'><strong>cum</strong></span> <span class='ocrx_word' id='word_1_511' title='bbox 3355 4139 3472 4180; x_wconf 83' lang='lat' dir='ltr'><strong>cum</strong></span> 
     </span>
    </p>
   </div>
   <div class='ocr_carea' id='block_1_101' title="bbox 1971 4193 3163 4248">
    <p class='ocr_par' dir='ltr' id='par_1_101' title="bbox 1971 4193 3163 4248">
     <span class='ocr_line' id='line_1_103' title="bbox 1971 4193 3163 4248; baseline 0.002 -2"><span class='ocrx_word' id='word_1_512' title='bbox 1971 4193 2038 4246; x_wconf 85' lang='lat' dir='ltr'><strong>ad</strong></span> <span class='ocrx_word' id='word_1_513' title='bbox 2067 4193 2398 4248; x_wconf 73' lang='lat' dir='ltr'><strong>Academiam</strong></span> <span class='ocrx_word' id='word_1_514' title='bbox 2428 4193 2710 4246; x_wconf 83' lang='lat' dir='ltr'><strong>litterarum</strong></span> <span class='ocrx_word' id='word_1_515' title='bbox 2735 4207 2891 4246; x_wconf 79' lang='lat' dir='ltr'><strong>causa</strong></span> <span class='ocrx_word' id='word_1_516' title='bbox 2920 4194 3163 4248; x_wconf 84' lang='lat' dir='ltr'><strong>mitteret.</strong></span> 
     </span>
    </p>
   </div>
   <div class='ocr_carea' id='block_1_102' title="bbox 1970 4283 3476 4354">
    <p class='ocr_par' dir='ltr' id='par_1_102' title="bbox 1970 4283 3476 4354">
     <span class='ocr_line' id='line_1_104' title="bbox 1970 4283 3476 4354; baseline 0.002 -15"><span class='ocrx_word' id='word_1_517' title='bbox 1970 4285 2022 4339; x_wconf 77' lang='grc'><strong>1.</strong></span> <span class='ocrx_word' id='word_1_518' title='bbox 2072 4284 2320 4338; x_wconf 88' lang='lat' dir='ltr'><strong>Studium</strong></span> <span class='ocrx_word' id='word_1_519' title='bbox 2373 4283 2586 4352; x_wconf 88' lang='lat' dir='ltr'><strong>pietatis</strong></span> <span class='ocrx_word' id='word_1_520' title='bbox 2635 4283 2705 4338; x_wconf 86' lang='lat' dir='ltr'><strong>sit</strong></span> <span class='ocrx_word' id='word_1_521' title='bbox 2758 4283 2848 4339; x_wconf 89' lang='lat' dir='ltr'><strong>tibi</strong></span> <span class='ocrx_word' id='word_1_522' title='bbox 2881 4285 2934 4340; x_wconf 87' lang='lat' dir='ltr'><strong>in</strong></span> <span class='ocrx_word' id='word_1_523' title='bbox 2971 4285 3154 4354; x_wconf 79' lang='lat' dir='ltr'><strong>primis</strong></span> <span class='ocrx_word' id='word_1_524' title='bbox 3201 4299 3476 4344; x_wconf 82' lang='lat' dir='ltr'><strong>commen-</strong></span> 
     </span>
    </p>
   </div>
   <div class='ocr_carea' id='block_1_103' title="bbox 1895 4375 2102 4430">
    <p class='ocr_par' dir='ltr' id='par_1_103' title="bbox 1895 4375 2102 4430">
     <span class='ocr_line' id='line_1_105' title="bbox 1895 4375 2102 4430; baseline -0.005 0"><span class='ocrx_word' id='word_1_525' title='bbox 1895 4375 2102 4430; x_wconf 85' lang='lat' dir='ltr'><strong>datum.</strong></span> 
     </span>
    </p>
   </div>
   <div class='ocr_carea' id='block_1_104' title="bbox 1970 4466 3473 4538">
    <p class='ocr_par' dir='ltr' id='par_1_104' title="bbox 1970 4466 3473 4538">
     <span class='ocr_line' id='line_1_106' title="bbox 1970 4466 3473 4538; baseline 0.002 -14"><span class='ocrx_word' id='word_1_526' title='bbox 1970 4469 2024 4524; x_wconf 71' lang='lat'><strong>9..</strong></span> <span class='ocrx_word' id='word_1_527' title='bbox 2060 4469 2430 4538; x_wconf 78' lang='lat' dir='ltr'><strong>Cognitionem</strong></span> <span class='ocrx_word' id='word_1_528' title='bbox 2487 4467 2693 4523; x_wconf 87' lang='lat' dir='ltr'><strong>Domini</strong></span> <span class='ocrx_word' id='word_1_529' title='bbox 2744 4467 3050 4534; x_wconf 80' lang='lat' dir='ltr'><strong>Creatoris,</strong></span> <span class='ocrx_word' id='word_1_530' title='bbox 3103 4466 3473 4538; x_wconf 78' lang='lat' dir='ltr'><strong>Redemptoris</strong></span> 
     </span>
    </p>
   </div>
   <div class='ocr_carea' id='block_1_105' title="bbox 1824 4561 3471 4654">
    <p class='ocr_par' dir='ltr' id='par_1_105' title="bbox 1824 4561 3471 4654">
     <span class='ocr_line' id='line_1_107' title="bbox 1824 4561 3471 4654; baseline -0.001 -38"><span class='ocrx_word' id='word_1_531' title='bbox 1824 4596 1873 4654; x_wconf 71' lang='grc' dir='ltr'>υ</span> <span class='ocrx_word' id='word_1_532' title='bbox 1900 4577 1962 4617; x_wconf 90' lang='lat' dir='ltr'><strong>ac</strong></span> <span class='ocrx_word' id='word_1_533' title='bbox 1991 4563 2294 4620; x_wconf 88' lang='lat' dir='ltr'><strong>Servatoris</strong></span> <span class='ocrx_word' id='word_1_534' title='bbox 2324 4563 2400 4617; x_wconf 91' lang='lat' dir='ltr'><strong>tui</strong></span> <span class='ocrx_word' id='word_1_535' title='bbox 2453 4561 2844 4617; x_wconf 84' lang='lat' dir='ltr'><strong>ferventissimo</strong></span> <span class='ocrx_word' id='word_1_536' title='bbox 2889 4562 3050 4615; x_wconf 90' lang='lat' dir='ltr'><strong>animi</strong></span> <span class='ocrx_word' id='word_1_537' title='bbox 3081 4562 3350 4616; x_wconf 88' lang='lat' dir='ltr'><strong>desiderio</strong></span> <span class='ocrx_word' id='word_1_538' title='bbox 3375 4577 3471 4630; x_wconf 87' lang='lat' dir='ltr'><strong>ap-</strong></span> 
     </span>
    </p>
   </div>
   <div class='ocr_carea' id='block_1_106' title="bbox 1903 4651 3466 4725">
    <p class='ocr_par' dir='ltr' id='par_1_106' title="bbox 1903 4651 3466 4725">
     <span class='ocr_line' id='line_1_108' title="bbox 1903 4651 3466 4725; baseline -0.003 -14"><span class='ocrx_word' id='word_1_539' title='bbox 1903 4668 2082 4725; x_wconf 84' lang='lat' dir='ltr'><strong>petas:</strong></span> <span class='ocrx_word' id='word_1_540' title='bbox 2126 4655 2297 4723; x_wconf 74' lang='lat' dir='ltr'><strong>adque</strong></span> <span class='ocrx_word' id='word_1_541' title='bbox 2335 4669 2452 4710; x_wconf 90' lang='lat' dir='ltr'><strong>eam</strong></span> <span class='ocrx_word' id='word_1_542' title='bbox 2501 4654 2799 4725; x_wconf 80' lang='lat' dir='ltr'><strong>pervenire,</strong></span> <span class='ocrx_word' id='word_1_543' title='bbox 2837 4661 3091 4722; x_wconf 84' lang='lat' dir='ltr'><strong>quantum</strong></span> <span class='ocrx_word' id='word_1_544' title='bbox 3121 4651 3234 4707; x_wconf 80' lang='lat' dir='ltr'><strong>lteri</strong></span> <span class='ocrx_word' id='word_1_545' title='bbox 3268 4664 3466 4722; x_wconf 86' lang='lat' dir='ltr'><strong>potest,</strong></span> 
     </span>
    </p>
   </div>
   <div class='ocr_carea' id='block_1_107' title="bbox 1899 4749 2208 4804">
    <p class='ocr_par' dir='ltr' id='par_1_107' title="bbox 1899 4749 2208 4804">
     <span class='ocr_line' id='line_1_109' title="bbox 1899 4749 2208 4804; baseline -0.006 0"><span class='ocrx_word' id='word_1_546' title='bbox 1899 4749 2208 4804; x_wconf 80' lang='lat' dir='ltr'><strong>contendas.</strong></span> 
     </span>
    </p>
   </div>
   <div class='ocr_carea' id='block_1_108' title="bbox 1967 4835 3474 4908">
    <p class='ocr_par' dir='ltr' id='par_1_108' title="bbox 1967 4835 3474 4908">
     <span class='ocr_line' id='line_1_110' title="bbox 1967 4835 3474 4908; baseline -0.001 -13"><span class='ocrx_word' id='word_1_547' title='bbox 1967 4841 2019 4895; x_wconf 72' lang='grc' dir='ltr'><strong>ὅ.</strong></span> <span class='ocrx_word' id='word_1_548' title='bbox 2054 4840 2128 4893; x_wconf 80' lang='lat' dir='ltr'><strong>Te</strong></span> <span class='ocrx_word' id='word_1_549' title='bbox 2160 4841 2352 4908; x_wconf 85' lang='lat' dir='ltr'><strong>ipsum,</strong></span> <span class='ocrx_word' id='word_1_550' title='bbox 2385 4845 2542 4904; x_wconf 83' lang='lat' dir='ltr'><strong>atque</strong></span> <span class='ocrx_word' id='word_1_551' title='bbox 2585 4835 2824 4892; x_wconf 78' lang='lat' dir='ltr'><strong>defectus</strong></span> <span class='ocrx_word' id='word_1_552' title='bbox 2856 4846 2995 4904; x_wconf 87' lang='lat' dir='ltr'><strong>tuos,</strong></span> <span class='ocrx_word' id='word_1_553' title='bbox 3051 4847 3103 4894; x_wconf 94' lang='lat' dir='ltr'><strong>et</strong></span> <span class='ocrx_word' id='word_1_554' title='bbox 3133 4840 3297 4894; x_wconf 85' lang='lat' dir='ltr'><strong>malas</strong></span> <span class='ocrx_word' id='word_1_555' title='bbox 3347 4855 3474 4894; x_wconf 85' lang='lat' dir='ltr'><strong>con-</strong></span> 
     </span>
    </p>
   </div>
   <div class='ocr_carea' id='block_1_109' title="bbox 1898 4927 3475 5000">
    <p class='ocr_par' dir='ltr' id='par_1_109' title="bbox 1898 4927 3475 5000">
     <span class='ocr_line' id='line_1_111' title="bbox 1898 4927 3475 5000; baseline 0.001 -17"><span class='ocrx_word' id='word_1_556' title='bbox 1898 4930 2228 4994; x_wconf 81' lang='lat' dir='ltr'><strong>suetudines,</strong></span> <span class='ocrx_word' id='word_1_557' title='bbox 2260 4929 2544 4997; x_wconf 74' lang='lat' dir='ltr'><strong>diligenter</strong></span> <span class='ocrx_word' id='word_1_558' title='bbox 2566 4927 2836 4994; x_wconf 71' lang='lat' dir='ltr'><strong>iﬂS|tiCi3$,</strong></span> <span class='ocrx_word' id='word_1_559' title='bbox 2860 4937 2915 4983; x_wconf 91' lang='lat' dir='ltr'><strong>et</strong></span> <span class='ocrx_word' id='word_1_560' title='bbox 2943 4943 3260 5000; x_wconf 81' lang='lat' dir='ltr'><strong>cognoscas,</strong></span> <span class='ocrx_word' id='word_1_561' title='bbox 3293 4944 3475 4985; x_wconf 84' lang='lat' dir='ltr'><strong>emen-</strong></span> 
     </span>
    </p>
   </div>
   <div class='ocr_carea' id='block_1_110' title="bbox 1897 5018 2801 5084">
    <p class='ocr_par' dir='ltr' id='par_1_110' title="bbox 1897 5018 2801 5084">
     <span class='ocr_line' id='line_1_112' title="bbox 1897 5018 2801 5084; baseline 0.002 -11"><span class='ocrx_word' id='word_1_562' title='bbox 1897 5018 2131 5084; x_wconf 83' lang='lat' dir='ltr'><strong>dareque</strong></span> <span class='ocrx_word' id='word_1_563' title='bbox 2163 5018 2307 5072; x_wconf 89' lang='lat' dir='ltr'><strong>omni</strong></span> <span class='ocrx_word' id='word_1_564' title='bbox 2336 5030 2528 5072; x_wconf 88' lang='lat' dir='ltr'><strong>conatu</strong></span> <span class='ocrx_word' id='word_1_565' title='bbox 2563 5020 2801 5075; x_wconf 85' lang='lat' dir='ltr'><strong>studeas.</strong></span> 
     </span>
    </p>
   </div>
   <div class='ocr_carea' id='block_1_111' title="bbox 1969 5110 2961 5181">
    <p class='ocr_par' dir='ltr' id='par_1_111' title="bbox 1969 5110 2961 5181">
     <span class='ocr_line' id='line_1_113' title="bbox 1969 5110 2961 5181; baseline 0.005 -19"><span class='ocrx_word' id='word_1_566' title='bbox 1969 5111 2022 5166; x_wconf 68' lang='grc'><strong>4.</strong></span> <span class='ocrx_word' id='word_1_567' title='bbox 2062 5110 2308 5164; x_wconf 70' lang='lat' dir='ltr'><strong>Habitum</strong></span> <span class='ocrx_word' id='word_1_568' title='bbox 2342 5112 2555 5165; x_wconf 85' lang='lat' dir='ltr'><strong>virtutis</strong></span> <span class='ocrx_word' id='word_1_569' title='bbox 2583 5113 2666 5166; x_wconf 88' lang='lat' dir='ltr'><strong>lac</strong></span> <span class='ocrx_word' id='word_1_570' title='bbox 2694 5112 2961 5181; x_wconf 88' lang='lat' dir='ltr'><strong>acquiras.</strong></span> 
     </span>
    </p>
   </div>
   <div class='ocr_carea' id='block_1_112' title="bbox 1974 5202 3259 5259">
    <p class='ocr_par' dir='ltr' id='par_1_112' title="bbox 1974 5202 3259 5259">
     <span class='ocr_line' id='line_1_114' title="bbox 1974 5202 3259 5259; baseline 0.001 -3"><span class='ocrx_word' id='word_1_571' title='bbox 1974 5202 2028 5257; x_wconf 83' lang='lat'><strong>5.</strong></span> <span class='ocrx_word' id='word_1_572' title='bbox 2060 5203 2407 5256; x_wconf 78' lang='lat' dir='ltr'><strong>Difﬁcultates</strong></span> <span class='ocrx_word' id='word_1_573' title='bbox 2433 5213 2777 5256; x_wconf 88' lang='lat' dir='ltr'><strong>occurrentes</strong></span> <span class='ocrx_word' id='word_1_574' title='bbox 2806 5203 3030 5256; x_wconf 84' lang='lat' dir='ltr'><strong>viriliter</strong></span> <span class='ocrx_word' id='word_1_575' title='bbox 3056 5203 3259 5259; x_wconf 85' lang='lat' dir='ltr'><strong>vincas.</strong></span> 
     </span>
    </p>
   </div>
   <div class='ocr_carea' id='block_1_113' title="bbox 1973 5293 3108 5349">
    <p class='ocr_par' dir='ltr' id='par_1_113' title="bbox 1973 5293 3108 5349">
     <span class='ocr_line' id='line_1_115' title="bbox 1973 5293 3108 5349; baseline -0.001 0"><span class='ocrx_word' id='word_1_576' title='bbox 1973 5295 2026 5349; x_wconf 86' lang='lat'><strong>6.</strong></span> <span class='ocrx_word' id='word_1_577' title='bbox 2060 5294 2116 5348; x_wconf 91' lang='lat' dir='ltr'><strong>In</strong></span> <span class='ocrx_word' id='word_1_578' title='bbox 2148 5295 2314 5348; x_wconf 88' lang='lat' dir='ltr'><strong>bonas</strong></span> <span class='ocrx_word' id='word_1_579' title='bbox 2353 5294 2563 5348; x_wconf 86' lang='lat' dir='ltr'><strong>litteras</strong></span> <span class='ocrx_word' id='word_1_580' title='bbox 2593 5293 2781 5347; x_wconf 89' lang='lat' dir='ltr'><strong>sedqu</strong></span> <span class='ocrx_word' id='word_1_581' title='bbox 2814 5293 3108 5349; x_wconf 86' lang='lat' dir='ltr'><strong>incumbas.</strong></span> 
     </span>
    </p>
   </div>
   <div class='ocr_carea' id='block_1_114' title="bbox 1975 5385 3398 5453">
    <p class='ocr_par' dir='ltr' id='par_1_114' title="bbox 1975 5385 3398 5453">
     <span class='ocr_line' id='line_1_116' title="bbox 1975 5385 3398 5453; baseline -0.001 -15"><span class='ocrx_word' id='word_1_582' title='bbox 1975 5387 2026 5438; x_wconf 89' lang='lat'><strong>7.</strong></span> <span class='ocrx_word' id='word_1_583' title='bbox 2063 5388 2104 5440; x_wconf 84' lang='lat' dir='ltr'><strong>A</strong></span> <span class='ocrx_word' id='word_1_584' title='bbox 2141 5389 2304 5441; x_wconf 89' lang='lat' dir='ltr'><strong>nimio</strong></span> <span class='ocrx_word' id='word_1_585' title='bbox 2334 5387 2480 5451; x_wconf 85' lang='lat' dir='ltr'><strong>vino,</strong></span> <span class='ocrx_word' id='word_1_586' title='bbox 2514 5393 2762 5453; x_wconf 82' lang='lat' dir='ltr'><strong>tanquam</strong></span> <span class='ocrx_word' id='word_1_587' title='bbox 2793 5399 2819 5438; x_wconf 85' lang='lat' dir='ltr'><strong>a</strong></span> <span class='ocrx_word' id='word_1_588' title='bbox 2855 5400 3083 5451; x_wconf 91' lang='lat' dir='ltr'><strong>veneno,</strong></span> <span class='ocrx_word' id='word_1_589' title='bbox 3112 5385 3398 5438; x_wconf 86' lang='lat' dir='ltr'><strong>abstineas.</strong></span> 
     </span>
    </p>
   </div>
   <div class='ocr_carea' id='block_1_115' title="bbox 1971 5474 3469 5547">
    <p class='ocr_par' dir='ltr' id='par_1_115' title="bbox 1971 5474 3469 5547">
     <span class='ocr_line' id='line_1_117' title="bbox 1971 5474 3469 5547; baseline -0.003 -15"><span class='ocrx_word' id='word_1_590' title='bbox 1971 5478 2025 5532; x_wconf 89' lang='lat'><strong>8.</strong></span> <span class='ocrx_word' id='word_1_591' title='bbox 2055 5479 2400 5534; x_wconf 81' lang='lat' dir='ltr'><strong>Vocationem</strong></span> <span class='ocrx_word' id='word_1_592' title='bbox 2458 5493 2520 5532; x_wconf 88' lang='lat' dir='ltr'><strong>ac</strong></span> <span class='ocrx_word' id='word_1_593' title='bbox 2569 5477 2953 5547; x_wconf 78' lang='lat' dir='ltr'><strong>professionem</strong></span> <span class='ocrx_word' id='word_1_594' title='bbox 3010 5487 3151 5532; x_wconf 88' lang='lat' dir='ltr'><strong>tuam</strong></span> <span class='ocrx_word' id='word_1_595' title='bbox 3190 5474 3381 5544; x_wconf 70' lang='lat' dir='ltr'><strong>saepius</strong></span> <span class='ocrx_word' id='word_1_596' title='bbox 3418 5477 3469 5530; x_wconf 91' lang='lat' dir='ltr'><strong>in</strong></span> 
     </span>
    </p>
   </div>
   <div class='ocr_carea' id='block_1_116' title="bbox 1898 5571 2992 5651">
    <p class='ocr_par' dir='ltr' id='par_1_116' title="bbox 1898 5571 2992 5651">
     <span class='ocr_line' id='line_1_118' title="bbox 1898 5571 2992 5651; baseline -0.002 -27"><span class='ocrx_word' id='word_1_597' title='bbox 1898 5571 2134 5625; x_wconf 88' lang='lat' dir='ltr'><strong>animum</strong></span> <span class='ocrx_word' id='word_1_598' title='bbox 2168 5578 2314 5623; x_wconf 92' lang='lat' dir='ltr'><strong>tuum</strong></span> <span class='ocrx_word' id='word_1_599' title='bbox 2343 5584 2585 5624; x_wconf 85' lang='lat' dir='ltr'><strong>revoces.</strong></span> <span class='ocrx_word' id='word_1_600' title='bbox 2985 5638 2992 5651; x_wconf 38' lang='grc'><strong><em>1</em></strong></span> 
     </span>
    </p>
   </div>
   <div class='ocr_carea' id='block_1_117' title="bbox 1977 5654 3466 5726">
    <p class='ocr_par' dir='ltr' id='par_1_117' title="bbox 1977 5654 3466 5726">
     <span class='ocr_line' id='line_1_119' title="bbox 1977 5654 3466 5726; baseline -0.003 -9"><span class='ocrx_word' id='word_1_601' title='bbox 1977 5662 2031 5718; x_wconf 89' lang='grc'><strong>9.</strong></span> <span class='ocrx_word' id='word_1_602' title='bbox 2066 5662 2268 5717; x_wconf 87' lang='lat' dir='ltr'><strong>Verum</strong></span> <span class='ocrx_word' id='word_1_603' title='bbox 2299 5676 2533 5715; x_wconf 84' lang='lat' dir='ltr'><strong>amorem</strong></span> <span class='ocrx_word' id='word_1_604' title='bbox 2565 5659 2873 5714; x_wconf 71' lang='lat' dir='ltr'><strong>monastica:</strong></span> <span class='ocrx_word' id='word_1_605' title='bbox 2899 5657 3192 5726; x_wconf 67' lang='lat' dir='ltr'><strong>disciplina:</strong></span> <span class='ocrx_word' id='word_1_606' title='bbox 3223 5654 3466 5721; x_wconf 86' lang='lat' dir='ltr'><strong>imbibas.</strong></span> 
     </span>
    </p>
   </div>
   <div class='ocr_carea' id='block_1_118' title="bbox 1901 5754 3091 5826">
    <p class='ocr_par' dir='ltr' id='par_1_118' title="bbox 1901 5754 3091 5826">
     <span class='ocr_line' id='line_1_120' title="bbox 1901 5754 3091 5826; baseline -0.008 -14"><span class='ocrx_word' id='word_1_607' title='bbox 1901 5764 2211 5826; x_wconf 65' lang='lat' dir='ltr'><strong>statumque.</strong></span> <span class='ocrx_word' id='word_1_608' title='bbox 2239 5765 2384 5812; x_wconf 87' lang='lat' dir='ltr'><strong>tuum</strong></span> <span class='ocrx_word' id='word_1_609' title='bbox 2419 5754 2501 5810; x_wconf 80' lang='lat' dir='ltr'><strong>fac</strong></span> <span class='ocrx_word' id='word_1_610' title='bbox 2530 5754 2731 5826; x_wconf 87' lang='lat' dir='ltr'><strong>optime</strong></span> <span class='ocrx_word' id='word_1_611' title='bbox 2779 5763 3091 5820; x_wconf 80' lang='lat' dir='ltr'><strong>Cognoseas.</strong></span> 
     </span>
    </p>
   </div>
  </div>
