4002 6350
446 346 516 418 63
1437 347 1784 412 APPENDIX
1823 348 1913 402 AD
1953 348 2008 402 S.
2055 345 2255 403 GALLI
2295 343 2617 416 SCRIPTA.
3638 347 3712 410 6i

517 461 602 512 10.
650 457 804 512 Omni
854 456 1160 528 obedientia
1211 456 1453 527 putribus
1509 475 1572 513 ac
1623 458 1889 530 magiSIris
1928 459 2019 513 libi
2049 463 2100 532 Α

450 550 738 619 prepositis
767 559 817 602 te
853 548 1129 616 subjicias.

519 640 1055 695 ll.luobedientium
1103 654 1167 695 ac
1215 639 1634 713 irreligiosorum
1677 641 2023 707 consuetudi-

443 749 566 790 nt‘m
597 732 828 788 devites.

2200 456 2286 509 12.
2319 457 2553 526 Tempus
2603 456 2737 510 bene
2795 455 3067 526 colloces,
3103 470 3163 512 ac
3217 472 3336 514 cum
3387 458 3570 516 tenore
3623 476 3711 516 re-

2126 551 2276 607 dcas.

2712 640 2816 694 Ora
2871 655 2966 708 pro
3014 656 3120 696 me.

2583 731 2646 786 F.
2681 731 2984 787 Bernardus
3013 733 3178 789 abbas
3221 736 3396 790 sancti
3449 734 3608 791 Galli.

449 897 3708 921 “MM

951 989 1256 1050 I‘ABULA
1304 991 1821 1052 lNSlliNlORUM
1865 989 2341 1053 MANSIONUM
2387 989 2878 1052 MONASTERH
2923 990 2984 1050 S.
3026 991 3296 1054 GALLI.

521 1139 706 1194 Exstat
752 1139 805 1192 in
836 1138 1160 1193 bibliotheca
1190 1135 1358 1191 sancti
1389 1133 1523 1188 Galli
1570 1132 1744 1187 tabula
1777 1131 2035 1202 qumdanr

446 1223 540 1263 seu
585 1212 664 1279 (ut
716 1210 928 1276 vocant)
987 1223 1175 1275 mappa
1211 1221 1362 1279 sane
1416 1213 1921 1279 perquatn__vetusta
1968 1211 2025 1279 et

448 1273 624 1347 ampla
671 1296 736 1332 ex
790 1273 1123 1347 pergat-neno
1157 1277 1221 1328 ad
1274 1276 1596 1342 Gozpertum
1647 1273 1917 1347 abbatem,
1969 1274 2021 1327 in

448 1344 554 1416 qua
605 1344 987 1402 etiam‘tot'um
1041 1350 1434 1416 monasterium
1483 1344 1774 1398 secundum
1835 1358 2022 1416 omnes

446 1414 608 1473 etiam
665 1419 1050 1488 ahjcCIissimas
1102 1419 1342 1470 ofliciuas
1388 1415 1737 1488 descriptum
1795 1425 1879 1468 est
1928 1414 2024 1482 (ut

450 1489 665 1559 quidem
699 1486 796 1559 ego
825 1489 1016 1556 colligo
1055 1504 1117 1542 ex
1151 1503 1226 1541 eo.
1258 1487 1397 1556 quod
1443 1486 1519 1559 ibi
1558 1486 1795 1559 appellat
1839 1493 2025 1559 auctor

448 1553 770 1633 Gazbertum
804 1553 998 1633 filiuni)
1031 1561 1099 1611 ah
1128 1553 1424 1633 episcopo
1452 1555 1653 1622 aliquo,
1684 1557 1798 1633 __qui
1827 1626 1837 1633 _
1861 1553 2024 1610 fuerit

447 1631 530 1684 vel
563 1632 874 1695 monachus,
909 1626 989 1683 vel
1022 1628 1309 1694 Studiosus,
1346 1628 1426 1680 vel
1455 1636 1601 1679 certe
1647 1626 1780 1679 alias
1808 1626 2025 1678 demum

887 1803 1176 1860 Oratorium
1221 1806 1386 1858 sancti
1418 1804 1582 1858 Petri.

523 1901 618 1956 llic
651 1900 842 1957 Petrus
867 1898 1123 1953 Ecclesia:
1154 1908 1333 1966 pastor
1363 1899 1584 1952 sortitur
1615 1897 1898 1954 honorem.

520 1995 756 2050 Disticha
811 2009 880 2047 vn
943 1992 1308 2046 columnarum
1356 2008 1475 2061 quin
1531 2004 1659 2048 sunt
1708 1995 1762 2048 in
1809 2003 2030 2060 externa

451 2097 602 2156 parte
649 2089 842 2141 summi
897 2085 1111 2153 templi,
1163 2085 1304 2155 quod
1357 2086 1519 2140 habet
1578 2088 1628 2140 in
1675 2087 1890 2157 longum
1943 2103 2033 2156 pe-

453 2179 550 2232 des
575 2192 661 2241 cc,
709 2178 760 2230 in
793 2177 955 2230 latum
1004 2185 1179 2230 autem
1214 2191 1281 2230 xc
1307 2218 1320 2242 ,
1373 2177 1546 2248 quoad
1603 2179 1908 2234 interiorem
1949 2177 2043 2242 sui,

451 2279 682 2336 partem.

451 2359 703 2414 Bissenos
751 2358 936 2412 metire
989 2357 1154 2427 pedes
1186 2358 1429 2426 interque
1475 2361 1780 2428 columnas,

523 2451 723 2505 Ordine
753 2464 884 2523 quas
928 2449 1030 2505 isto
1061 2451 1405 2506 constituisse
1432 2450 1606 2508 decet.

1069 2560 1458 2632 Baptistcrium.

452 2651 591 2714 Ecce
623 2661 966 2708 renascentes
994 2663 1270 2721 susceptat
1298 2654 1548 2710 Christus
1595 2653 1857 2708 alumnos.

665 2745 842 2799 Aliare
869 2747 1035 2800 sancti
1076 2746 1382 2802 Saluatoris.
1443 2747 1522 2799 Ad
1565 2762 1784 2801 crucem.

450 2838 615 2907 Crux,
646 2839 749 2903 via,
783 2840 910 2905 vita,
940 2840 1104 2902 salus,
1153 2840 1439 2908 miserique
1485 2839 1784 2910 redemptio
1827 2838 2030 2895 mundi.

929 2929 1235 3000 Analogium
1279 2927 1564 3000 Evangelii.

453 3019 551 3075 llic
589 3021 914 3090 evangelica:
943 3022 1198 3076 recitatur
1227 3023 1382 3077 lectio
1421 3023 1586 3090 pacis.

451 3112 625 3179 Super
683 3125 911 3182 cryptam
955 3115 1118 3166 sancti
1157 3115 1488 3180 Colutnbani,
1543 3114 1708 3166 altare
1737 3122 2033 3168 sanctorum

2064 1807 2113 1872 B

2127 1135 2404 1188 monachis
2439 1145 2491 1188 ct
2525 1138 2849 1190 monasterio
2882 1137 3180 1193 familiaris.
3213 1137 3339 1192 Eam
3370 1135 3604 1191 tabulam
3635 1135 3715 1190 itt-

2127 1206 2226 1259 dex
2259 1207 2472 1273 quidam
2503 1209 2844 1260 centenarias
2878 1210 3119 1262 nominat
3160 1209 3327 1262 sancti
3361 1207 3569 1262 Martini
3595 1222 3714 1261 mo-

2129 1277 2374 1348 naSterii,
2405 1292 2604 1348 expeti,
2659 1286 2715 1330 ut
2763 1278 3014 1344 arbitror,
3045 1280 3188 1345 quod
3239 1278 3432 1348 aliquid
3479 1279 3530 1331 itt
3565 1285 3714 1348 tergo

2126 1344 2294 1413 ipsius
2321 1356 2403 1400 est
2449 1347 2515 1399 de
2548 1346 2664 1400 Vita
2697 1348 2867 1401 sant-ti
2908 1344 3140 1414 Martini,
3194 1349 3288 1402 scd
3328 1344 3392 1403 'ut
3449 1363 3514 1402 ex
3549 1347 3717 1400 titulis

2131 1424 2186 1469 et
2218 1418 2320 1469 situ
2371 1417 2711 1470 manifestum
2745 1428 2849 1480 est,
2905 1435 3008 1473 non
3051 1430 3168 1482 est,
3213 1420 3316 1473 nisi
3369 1417 3538 1472 sancti
3581 1416 3724 1471 Galli

2135 1489 2469 1556 manasterii,
2505 1497 2662 1556 prout
2693 1488 2792 1540 fuit
2820 1491 3075 1544 Gozberti
3097 1491 3427 1556 temporibus
3449 1497 3720 1541 monaste-

2137 1555 2299 1628 rium.
2341 1555 2672 1628 Epigraphen
2699 1557 3040 1627 insigniorum
3071 1555 3408 1624 mansionum
3431 1559 3513 1623 sit;
3532 1568 3719 1612 auctor

2135 1627 2422 1683 carminice
2452 1627 2608 1682 dicit.
2641 1627 2780 1685 CAN.

2660 1805 2856 1859 Domus
2901 1806 3188 1874 equaritiw.

2134 1897 2230 1953 llic
2258 1897 2390 1952 fetas
2414 1895 2658 1952 servabis
2691 1911 2877 1968 equas,
2912 1904 3233 1964 tenerosque
3271 1895 3526 1968 caballos.

2205 1989 2328 2044 lltec
2349 1990 2525 2042 omnia
2551 1992 2627 2044 eis
2658 1990 2796 2041 viam
2829 2004 3015 2042 versus
3047 1987 3319 2043 Orientem
3351 1986 3540 2058 magis.

2347 2079 2545 2133 Ibidem
2599 2091 2748 2147 porta
2797 2081 3114 2150 famulorum
3144 2079 3212 2132 ad
3243 2079 3510 2150 templum.

2135 2173 2267 2229 Tota
2299 2173 2626 2228 monasterio
2656 2171 3004 2226 lamulantum
3037 2172 3121 2226 hic
3153 2173 3304 2226 turba
3338 2173 3621 2226 subintrat.

2526 2262 2800 2318 Stabulum
2830 2262 2978 2315 boum
3007 2272 3055 2316 et
3084 2278 3349 2332 equorum.

2135 2349 2238 2405 Ista
2269 2350 2440 2407 bubus
2472 2351 2855 2406 conservandis
2885 2351 3074 2405 domus
3104 2362 3262 2420 atque
3291 2351 3534 2406 caballis.

2371 2443 2668 2514 Ilospitium
2697 2445 3080 2514 peregrinorum
3111 2455 3156 2498 et
3189 2462 3496 2514 pauperum.

2138 2533 2233 2588 llic
2265 2535 2664 2602 peregrinorum
2691 2535 2902 2589 laetatur
2933 2535 3082 2590 turba
3111 2546 3350 2605 recepta.

2854 2625 3012 2679 Alibi.

2136 2713 2236 2769 llic
2265 2714 2460 2771 habeat
2489 2713 2712 2770 fratrum
2744 2731 2958 2785 semper
2987 2731 3079 2770 sua
3111 2725 3231 2771 vota
3263 2716 3523 2772 minister.

2583 2828 2825 2883 Porticus
2853 2838 2970 2884 ante
2994 2831 3278 2892 ecclesiam.

2138 2918 2234 2973 llic
2265 2919 2348 2988 pia
2376 2919 2660 2974 consilium
2693 2930 2981 2991 pertractet
3015 2922 3166 2976 turba
3195 2922 3426 2979 salubre.

2137 3011 2381 3068 Porticus
2411 3014 2433 3039 “
2463 3025 2589 3068 ante
2616 3014 2836 3068 domum
2867 3025 2972 3070 stet
3002 3015 3116 3069 haec
3143 3015 3361 3072 fornace
3388 3017 3674 3074 calentem.

2140 3103 2263 3158 llaec
2291 3105 2473 3159 domui
2503 3105 2711 3160 adsistit
2740 3107 2946 3161 cunctis
2977 3122 3078 3174 qua
3109 3108 3347 3177 porgitur
3374 3123 3516 3163 esca.

523 3165 708 3267 illi]???
739 3165 810 3236 υἷι
850 3165 1042 3250 Cum;
1085 3165 1137 3238 ll!
1167 3165 2032 3256 11³11)ηέέίίίανέόρνιξιάυέ*ὦνέέά
2061 3165 2107 3232 c
2139 3195 2273 3250 lluic
2303 3196 2528 3261 porticui
2561 3205 2714 3264 potus
2744 3212 2956 3267 quoque
2983 3165 3124 3252 cella
3147 3165 3402 3254 colimret.

452 3252 838 3392 Saggltl'super
867 3323 1119 3395 Cryplam
1149 3335 1454 3381 sanctorum
1513 3336 1717 3382 structa
1765 3324 2035 3382 nitebunt.

1023 3417 1066 3470 Α
1092 3425 1232 3488 tergo
1268 3419 1467 3473 altaris.
1521 3477 1529 3486 _

451 3505 548 3563 llic
575 3506 725 3563 Pauli
757 3507 948 3577 dignos
976 3509 1151 3577 magni
1180 3511 1526 3564 celebramus
1558 3509 1811 3566 honores.

793 3597 957 3652 Extra
1004 3602 1271 3670 templum,
1311 3601 1379 3653 ad
1412 3599 1694 3654 Orientem.

452 3691 551 3747 llic
578 3693 673 3748 Sed
701 3692 1005 3749 domatibus
1036 3695 1266 3762 paradisi
1314 3693 1467 3763 plana
1514 3703 1789 3764 parantur.

1007 3786 1086 3837 Ad
1146 3786 1488 3839 Occidentem.

462 3877 561 3933 llic
591 3879 821 3948 paradisi
845 3893 993 3934 acum
1027 3880 1119 3934 sed
1160 3888 1299 3933 tecto
1341 3879 1563 3932 sternito
1598 3893 1867 3948 campum.

623 3970 687 4024 In
717 3973 892 4024 eodem
921 3989 1097 4042 campo
1144 3971 1362 4025 disticha
1394 3986 1464 4024 vn
1496 3971 1865 4026 columnarum.

457 4062 564 4118 llas
594 4063 838 4133 interque
867 4063 1033 4134 pedes
1083 4063 1249 4117 denos
1280 4063 1559 4119 moderare
1588 4064 1867 4120 columnas

1149 4154 1202 4208 Μ
1211 4172 1353 4211 urus.

462 4245 561 4303 llic
593 4261 742 4302 muro
776 4255 974 4302 tectum
1001 4245 1310 4315 impositum
1347 4254 1521 4313 patet,
1563 4253 1720 4315 atque
1751 4246 2034 4303 columnis.

1015 4340 1175 4394 Porta
1217 4342 1268 4393 in
1305 4355 1468 4393 muro.

457 4431 758 4489 Adveniens
807 4433 1010 4489 aditum
1048 4434 1272 4503 populus
1306 4435 1391 4487 hic
1421 4443 1644 4490 cunctus
1685 4434 1926 4492 habebit.

1020 4526 1118 4580 Via
1159 4527 1226 4578 ad
1274 4536 1490 4593 portam.

461 4614 722 4670 Omnibus
772 4617 836 4671 ad
887 4633 1097 4674 sacrum
1131 4619 1298 4672 turbis
1333 4629 1473 4686 patet
1502 4619 1614 4675 haec
1639 4621 1722 4674 via
1753 4619 2031 4690 templum,

529 4709 644 4772 Quo
666 4723 759 4762 sua
791 4720 911 4763 vota
957 4710 1152 4765 ferant.
1190 4712 1338 4768 Unde
1379 4712 1575 4769 hilares
1605 4713 1847 4768 redeant.

762 4802 841 4854 Ad
876 4802 1162 4857 Australem
1191 4806 1284 4858 via:
1314 4806 1541 4876 plagam,
1576 4807 1725 4860 ovile.

455 4892 553 4949 llic
582 4893 764 4950 caulas
783 4894 960 4949 ovium
993 4909 1145 4952 caute
1175 4899 1397 4966 dispone
1429 4911 1656 4954 tuarum.

971 4988 1145 5042 Cubile
1182 4991 1512 5058 famulorum.

456 5073 555 5131 llic
581 5077 819 5144 requiem
864 5077 1103 5135 inveniat
1144 5080 1490 5138 famulantum
1523 5084 1674 5140 turba
1703 5086 1958 5142 vicissim.

935 5171 1209 5226 Stabulum
1257 5192 1550 5243 caprarunt.

457 5258 561 5314 ista
585 5258 772 5315 domus
803 5272 1023 5317 cunctas
1055 5265 1241 5328 nutrit,
1273 5274 1558 5336 servatque
1585 5267 1840 5337 capellas.

1007 5355 1277 5408 Stabulum
1315 5372 1484 5411 suum.

457 5437 558 5492 Iste
580 5453 704 5495 sues
746 5441 894 5497 locus
927 5447 1148 5508 enutrit,
1182 5447 1412 5500 custodit
1442 5447 1672 5505 adultas.

900 5536 1172 5589 Stabulum
1216 5551 1583 5594 armentorum.

456 5621 553 5677 llic
577 5638 812 5680 armenta
847 5627 936 5680 tibi
957 5635 962 5641 ‘
987 5628 1067 5683 lac
1097 5627 1236 5683 fetus
1265 5638 1425 5700 atque
1457 5632 1789 5688 ministrant.

497 5785 555 5855 ,ο
598 5774 770 5855 luttttit
815 5780 1180 5838 dormitorium
1227 5784 1412 5841 subtus
1447 5787 1652 5843 habens
1699 5787 2033 5845 calelacturiu

458 5850 696 5916 ejusdem
721 5850 927 5904 donius.
962 5855 1089 5906 illis.

2328 3288 2553 3357 Ofﬁcium
2583 3289 2836 3342 variorum
2867 3290 3125 3358 artiﬁcum
3156 3293 3224 3344 ad
3252 3293 3536 3348 meridiem.

2138 3379 2261 3435 "LUC
2288 3380 2386 3434 sub
2411 3395 2470 3436 se
2498 3390 2676 3436 teneat
2707 3381 2932 3437 fratrum
2966 3383 3057 3460 qui
3090 3387 3318 3457 tegmina
3349 3395 3520 3444 curat.

2688 3492 2718 3548 1
2723 3494 2889 3550 bidem
2918 3496 3181 3552 horreum.

2139 3630 2397 3698 Frugibus
2431 3629 2514 3684 hic
2544 3629 2704 3683 instat
2731 3636 2939 3685 cunctis
2971 3631 3122 3686 labor
3151 3631 3512 3688 excutiendis.

2209 3721 2337 3775 item
2366 3721 2538 3776 adhuc
2573 3721 2638 3774 ad
2668 3721 2942 3776 Orientem
2974 3739 3003 3776 n
3029 3724 3163 3794 agis.

2244 3811 2594 3866 Ctzmeteriunt
2623 3814 2870 3883 fratrum,
2900 3829 2979 3883 cu}
2992 3832 3049 3868 us
3078 3816 3130 3867 in
3160 3815 3444 3869 meditullio
3471 3831 3616 3870 crux.

2141 3901 2282 3957 Inter
2312 3903 2451 3972 ligna
2479 3903 2577 3955 soli
2610 3902 2726 3955 huic
2757 3918 2971 3968 semper
2999 3905 3336 3958 sanctissima
3365 3919 3494 3959 crux
3525 3915 3628 3969 est,

2210 3994 2265 4048 In
2298 4011 2399 4065 qua
2432 4003 2702 4063 perpetuae
2735 4010 2888 4061 poma
2919 3997 3104 4049 salutis
3134 3996 3298 4052 olent.

2139 4091 2287 4147 llanc
2317 4092 2517 4145 circum
2551 4091 2751 4144 lateant
2778 4090 3026 4146 defuncta
3058 4094 3317 4148 cadavera
3351 4093 3594 4167 fratrum,

2213 4183 2327 4248 Qua
2359 4181 2597 4237 radiante
2629 4181 2819 4236 iterum
2852 4198 3008 4252 regna
3040 4183 3152 4238 Poli
3183 4185 3466 4256 accipiant.

2596 4271 2765 4327 Paulo
2793 4277 3037 4341 exterius,
3069 4275 3267 4332 hortus.

2230 4406 2330 4460 llic
2359 4407 2592 4476 plantata
2623 4408 2816 4462 olerum
2848 4411 3060 4478 pulchre
3089 4413 3350 4466 nascentia
3377 4424 3605 4470 t'ernant.

2062 4537 2112 4598 Ι)
2140 4540 2406 4596 Pullorum
2439 4541 2523 4595 hic
2551 4558 2698 4606 cura,
2733 4553 2785 4596 ct
2817 4559 3008 4611 perpes
3040 4545 3256 4600 nutritio
3286 4557 3515 4603 constat.

2716 4637 2962 4689 Anserum
2992 4637 3157 4702 locus.

2138 4726 2432 4782 Anseribus
2462 4727 2609 4779 locus
2639 4726 2722 4779 hic
2757 4729 2956 4794 pariter
2986 4741 3162 4785 manet
3191 4741 3344 4800 aptus
3373 4732 3593 4790 alendis.

2353 4821 2432 4870 Ad
2460 4819 2703 4871 orientem
2731 4821 2926 4889 templi.
2961 4821 3152 4876 Domus
3185 4825 3509 4882 novitiorum.

2141 4906 2252 4962 lloc
2282 4907 2514 4961 claustro
2544 4908 2706 4960 oblati
2741 4912 3074 4976 pulsantibus
3104 4915 3458 4970 associantur.

2353 4995 2548 5051 Ibidem
2579 5016 2750 5054 versus
2780 5003 3061 5069 meridiem,
3094 5005 3436 5074 inﬁrmarium
3467 5007 3515 5062 ι’.

2139 5091 2410 5145 Fratribus
2442 5092 2666 5146 infirmis
2693 5097 2890 5162 pariter
2917 5097 3062 5150 locus
3095 5099 3191 5152 istc
3222 5114 3458 5169 paratur.

2137 5181 2232 5235 Est
2262 5184 2412 5235 etiam
2443 5183 2586 5263 aliud
2615 5185 2955 5263 inﬁrmarium
2986 5205 3078 5256 pro
3108 5190 3262 5263 ualde
3288 5194 3494 5261 (egrotis
3513 5235 3529 5262 ,
3560 5193 3717 5263 alibi,

2460 5257 2527 5305 ad
2555 5253 2735 5307 lwvum
2766 5260 2937 5324 templi
2967 5253 3054 5311 seu
3083 5253 3404 5326 Aquilonem.

2136 5343 2342 5414 Saepius
2374 5345 2425 5398 in
2456 5361 2644 5418 gyrum
2672 5347 2846 5402 ductis
2873 5350 2952 5404 sic
2981 5351 3206 5419 cingitur
3233 5353 3373 5410 aula.

2136 5458 2220 5514 lbi
2259 5469 2331 5514 est
2370 5459 2692 5514 bibliotheca.
2747 5459 2948 5582 ill/antro
2982 5462 3198 5534 abbatis,
3232 5477 3361 5534 etc.,
3400 5467 3576 5523 schola
3606 5485 3719 5526 cum

2805 5544 2933 5582 (0’10
2962 5551 3074 5582 δυο.

2805 5544 2933 5584 θοι-10
2962 5551 3074 5586 suo.

2140 5644 2263 5700 llzcc
2291 5661 2498 5716 quoque
2528 5658 2674 5716 septa
2711 5659 2959 5716 premunt
2987 5649 3242 5706 discentis
3270 5662 3383 5706 vota
3407 5653 3666 5722 juventae.

2209 5798 2236 5840 δ
2279 5801 2408 5857 Aliis
2443 5803 2899 5871 valetudinarium;
2933 5805 3163 5861 SlllVCl'.
3195 5824 3225 5860 tt
3267 5815 3299 5861 Ι..
3337 5824 3435 5864 ms.
3471 5808 3520 5863 in
3549 5808 3678 5866 CAR.
