4002 6350
264 321 324 375 65
502 336 505 339 '
708 318 1212 376 EPIGRMHIATA
1243 323 1369 379 εει)
1418 322 1628 377 ΙΙΥΜΝΙ
1670 322 1868 379 S.\CB|
1914 326 2141 398 ANTIO.
2186 328 2465 385 PATRUM
2508 327 2674 386 MON.
2716 328 2773 387 S.
2817 330 3043 387 GALLI.
3464 332 3535 393 60

260 436 462 503 Ibidem,
489 438 582 518 sed
623 438 792 518 magis
819 439 888 490 ad
917 440 1178 518 templum,
1219 449 1293 518 est
1323 441 1573 518 susceptio
1608 443 1829 518 fratrum
1859 441 1910 500 Α
1941 444 2003 499 Ut
2035 447 2227 502 vitiosa
2258 461 2407 502 seces
2434 446 2690 516 deposco,
2721 450 2979 518 placentia
3012 449 3215 505 firmes.

316 508 775 633 simvenientium
801 524 822 564 :
847 510 1007 582 magis
1032 511 1098 562 ad
1123 512 1429 563 occidentem
1457 508 1528 564 est
1555 508 1832 583 hospitium

316 597 343 633 a
365 598 378 630 i
455 618 471 633 .

314 597 471 634 artua.

260 671 376 726 liae
395 672 592 725 domus
614 670 917 740 ltOSpitibus
945 681 1091 742 parta
1116 681 1198 727 est
1220 685 1433 743 quoque
1461 674 1833 743 suscipiendis.

248 780 435 840 Ibidem
477 786 548 839 ad
587 786 759 856 ipsum
798 787 1053 910 templlt’tnr
1082 797 1154 869 est
1191 788 1451 860 ingressus
1487 789 1740 858 hospitum
1789 798 1837 842 et

898 876 947 910 Mt
982 868 1185 910 entutts.

882 868 1185 930 Iuventutis.

244 962 393 1021 Exiet
422 966 513 1022 hie
541 966 767 1055 hospes,
802 968 885 1023 vel
916 968 1100 1037 templi
1132 960 1264 1023 tectu
1298 960 1517 1035 subibit,

309 1057 581 1113 Discentis
610 1058 817 1117 schola:
846 1058 1067 1129 pulchra
1092 1057 1312 1128 juventa
1345 1060 1526 1114 simul.

963 1151 1081 1160 ’-

306 1173 590 1229 Grimaldo
618 1174 837 1240 abbati,
884 1174 1052 1242 inquit
1078 1173 1313 1229 Jodocus
1358 1174 1674 1234 Metzlerus,
1719 1173 1833 1243 prio

240 1281 377 1319 roum
400 1275 680 1320 exstructa
702 1265 913 1320 abbatia
938 1276 1038 1331 est,
1057 1280 1175 1335 qua
1196 1264 1304 1331 jam
1323 1264 1514 1319 dicitur
1531 1266 1612 1319 die
1636 1263 1831 1333 anltz.

240 1359 364 1413 Eam
408 1359 603 1414 scribit
648 1357 1024 1413 Eckerhardus
1059 1367 1113 1412 et
1143 1357 1234 1411 alii
1266 1357 1679 1426 elegantissimis
1709 1366 1834 1413 tunc

241 1449 402 1505 fuisse
432 1450 663 1516 picturis
695 1459 944 1503 ornatam
969 1490 986 1513 ,
1018 1462 1151 1516 quas
1178 1448 1394 1517 quidem
1423 1449 1655 1518 picturas
1688 1448 1830 1504 fece-

238 1549 359 1595 runt
384 1540 576 1597 divitis
608 1530 794 1609 Augire
819 1542 1072 1596 monachi
1106 1540 1303 1596 fratres
1334 1541 1533 1608 nostri,
1575 1549 1631 1597 et
1662 1557 1690 1594 a
1729 1557 1829 1596 no-

239 1634 358 1688 stris
379 1631 439 1689 S.
466 1632 611 1688 Galli
632 1632 885 1688 Patribus
907 1632 958 1687 hi
979 1631 1069 1703 qui
1092 1643 1392 1703 sequuntur
1413 1648 1600 1688 versus
1621 1633 1825 1701 dictati,

240 1734 289 1779 et
314 1723 456 1778 infra
480 1726 723 1795 picturas
751 1725 874 1779 illas
902 1725 1086 1794 scripti
1116 1733 1262 1781 sunt.
1287 1726 1389 1792 Qui
1416 1726 1544 1781 dum
1570 1727 1676 1796 jam
1703 1741 1823 1780 cum

1944 535 2019 591 Te
2050 539 2186 592 Deus
2216 548 2412 593 :eterna
2444 540 2600 593 faciat
2631 542 2827 596 virtute
2854 544 3113 597 virentem

1942 625 2405 685 lmmarcescibilis
2433 631 2664 700 palmam
2692 632 3001 703 contingere
3034 636 3171 699 vitae,

1942 718 2053 773 Hoc
2084 718 2263 787 Pater,
2296 722 2398 778 hoc
2425 722 2609 788 Natus,
2645 724 2746 779 hoc
2774 726 3005 794 Spiritus
3031 737 3229 783 annuat
3258 729 3452 787 almus.

1941 853 2176 909 Ymmoni
2204 859 2376 928 fratri,
2427 870 2599 938 postea
2658 861 2858 927 abbati,
2906 862 3303 938 Eckerltarrlus;
3330 866 3392 921 de
3422 882 3533 938 ,ιρι

2465 931 2718 986 dictumen
2753 936 2999 987 ornandi.

1940 1058 2213 1130 Diclamen
2247 1061 2424 1115 verbis
2453 1078 2705 1120 assuesce
2735 1067 2901 1134 polire
2930 1068 3199 1133 superbis.

1937 1149 2066 1216 Qua:
2093 1151 2190 1205 sibi
2223 1160 2467 1220 cognata,
2502 1167 2629 1222 pare
2659 1155 2907 1225 fonteque
2935 1157 3043 1213 sint
3071 1170 3325 1230 generata

1936 1241 2039 1297 Pro
2068 1242 2204 1296 binis
2233 1244 2493 1313 geminos,
2530 1262 2625 1314 pro
2654 1248 2888 1318 puldhris
2921 1266 3057 1317 pone
3085 1267 3327 1319 serenos,

1936 1331 2038 1387 Pro
2067 1334 2303 1401 pulchris
2334 1336 2504 1403 laetos,
2542 1353 2636 1405 pro
2663 1338 2797 1396 lanis
2823 1342 2986 1397 corde
3014 1346 3247 1414 quietos.
3286 1363 3297 1373 κ

1936 1423 2038 1477 Pro
2062 1424 2229 1493 justo,
2261 1441 2567 1496 gemmam;
2600 1445 2696 1496 pro
2726 1432 2925 1497 nobile,
2955 1435 3026 1487 sit
3057 1435 3148 1489 tibi
3180 1445 3429 1504 stemma,

1934 1514 2008 1569 Da
2042 1517 2133 1569 viti
2163 1532 2424 1586 gemmas,
2459 1519 2643 1575 butros
2673 1521 2766 1575 tibi
2795 1522 2959 1578 dicito
2989 1540 3270 1583 mammas.

1934 1608 2160 1664 Fructus
2188 1609 2253 1664 da
2285 1612 2450 1679 segeti
2488 1630 2499 1665 :
2535 1620 2742 1680 portum
2773 1613 3025 1681 simulato
3053 1619 3255 1688 quieti,

1932 1697 2175 1771 Remigio
2202 1702 2405 1756 alarum
2440 1704 2673 1758 volucris
2702 1714 2848 1759 secat
2877 1722 3000 1762 aera
3031 1722 3272 1766 suarum.

239 1816 345 1884 ipsa
376 1789 593 1886 pictura
622 1818 924 1886 inciperent
948 1789 1027 1873 ob:
1045 1789 1417 1888 antiquitatem
1442 1834 1594 1874 suam
1624 1819 1825 1876 aboleri

1932 1789 2029 1856 Qui
2062 1792 2282 1860 pulcher
2311 1793 2457 1847 visus
2485 1793 2658 1860 locus,
2690 1795 2845 1851 effice
2875 1798 2943 1852 sit
2974 1800 3277 1867 paradisus.

243 1920 271 1959 a
296 1906 540 1962 Patribus
569 1908 777 1963 nostris
806 1907 1042 1965 Notkero
1063 1909 1307 1980 physico,
1334 1918 1390 1965 et
1408 1910 1528 1965 aliis
1550 1911 1825 1979 descripti,

243 2000 447 2068 suisque
474 1998 718 2070 ipsorum
749 2001 905 2057 libris
932 2002 1293 2057 commendati
1319 2013 1443 2059 sunt
1473 2002 1628 2075 (Hac
1660 2003 1826 2060 Meta-

245 2089 405 2160 tmu).
1074 2144 1079 2153 .

868 2160 897 2217 1
906 2181 936 2217 n
974 2162 1190 2235 pariete.

244 2272 517 2344 Splendida
550 2276 873 2332 marmoreis
897 2292 1085 2332 ornata
1114 2288 1195 2332 est
1224 2278 1342 2333 aula
1370 2278 1641 2335 columnis
1669 2299 1681 2335 :

244 2364 315 2418 Eu
340 2364 701 2422 Grimwaldus
728 2382 896 2423 ovans
924 2369 1030 2423 alto
1056 2368 1366 2425 fundamine
1398 2380 1614 2439 struxit,

241 2456 477 2526 Oruavit,
505 2460 708 2524 coluit,
739 2460 992 2517 Ludovici
1025 2463 1278 2533 principis
1307 2463 1436 2518 almi

242 2551 601 2623 Temporibus,
634 2554 818 2611 multis
846 2555 996 2610 Ianus
1023 2554 1251 2611 feliciter
1277 2559 1457 2613 armis.

802 2667 871 2722 In
900 2669 1001 2723 alio
1032 2669 1246 2739 pariete.

248 2758 366 2813 Aula
396 2759 646 2828 palatinis
672 2760 909 2828 perfecta
941 2771 1023 2817 est
1053 2764 1151 2816 ista
1184 2763 1475 2831 magistris,

248 2847 405 2902 Insula
436 2850 673 2917 pictores
701 2852 1006 2906 tramiserat
1030 2851 1196 2922 Augia
1228 2854 1428 2909 claros.

237 2958 494 3029 Templum
524 2963 695 3015 sancti
722 2961 956 3016 Othmari
986 2963 1127 3032 pingi
1166 2965 1284 3033 fecit
1324 2963 1605 3019 Harmotus
1643 2966 1821 3032 abbas,

299 3045 443 3105 atque
468 3034 519 3085 in
552 3035 744 3105 pariete
774 3049 876 3088 uno
911 3034 1215 3104 pingebatur
1241 3034 1511 3105 Sapientia
1532 3079 1548 3105 ,
1580 3054 1695 3091 cum
1726 3040 1823 3093 hoc

298 3100 517 3155 Patrum
548 3100 734 3172 elogio.

234 3215 274 3269 Ο
297 3231 559 3286 generosa
590 3233 810 3288 parens,
840 3220 1046 3276 cunctis
1076 3221 1375 3291 gratissima
1405 3222 1601 3279 doctis.

232 3306 273 3360 0
298 3311 458 3362 decus
488 3309 725 3375 imperii,
759 3312 957 3366 rectrix
987 3310 1299 3382 dignissima
1332 3313 1538 3383 mundi,

230 3398 453 3470 Solaque
479 3401 834 3469 splendidior,
869 3402 1013 3458 fulvo
1047 3407 1335 3474 pretiosior
1362 3422 1517 3473 auro,

229 3488 389 3556 Quam
424 3492 683 3557 praeclara
715 3493 854 3547 nites
884 3504 1016 3560 telo,
1048 3494 1347 3565 Sapientia,
1379 3497 1602 3551 mundo.

231 3582 417 3650 Aspice
446 3596 607 3652 quam
642 3583 866 3652 pulchro
894 3584 1146 3640 decorata
1178 3595 1260 3642 est
1286 3588 1477 3644 ordine
1509 3598 1679 3644 mater

228 3667 505 3740 ‘latarum,
539 3672 684 3728 clare
711 3672 860 3729 dives
890 3674 1160 3744 Sapientia
1193 3677 1414 3746 fulgens.

530 3761 599 3816 In
630 3764 823 3831 pariete
851 3768 1011 3821 altera
1036 3777 1225 3836 septem
1251 3768 1525 3839 sapientes.

224 3850 477 3908 Continet
508 3854 596 3910 hic
630 3858 808 3925 paries
839 3869 1077 3914 veterum
1112 3870 1456 3916 monumenta
1488 3861 1816 3934 sophorum,

229 3943 378 3997 Claro
409 3945 500 4014 qui
534 3956 703 4000 totum
733 3946 1031 4003 docuerunt
1061 3951 1271 4003 tramite
1302 3951 1582 4006 mundum.

327 4032 395 4086 In
424 4034 533 4088 alia
562 4047 708 4106 parte
734 4038 880 4091 turba
912 4038 1173 4092 beatorum
1206 4039 1313 4095 Deo
1342 4044 1713 4102 assistentium.

232 4124 447 4195 Agmina
477 4136 789 4183 sanctorum
820 4131 1085 4185 laudantia
1116 4146 1248 4187 voce
1278 4148 1466 4187 serena

232 4221 361 4277 Ante
388 4222 644 4277 thronum
675 4222 886 4278 Domini
918 4226 1116 4279 sistunt
1147 4241 1241 4293 per
1269 4228 1464 4281 saecula
1498 4240 1711 4284 cuncta.

663 4310 731 4366 In
764 4314 958 4381 pariete
985 4331 1138 4383 super
1166 4316 1374 4370 ostium.

231 4398 321 4454 llic
346 4401 486 4457 Deus
514 4412 598 4457 est
626 4418 862 4473 prarsens
893 4422 1026 4473 puro
1057 4408 1399 4475 poscentibus
1428 4424 1547 4473 ore,

232 4487 365 4545 Dans
392 4492 607 4549 miseris
638 4496 869 4561 veniam,
898 4496 1138 4552 contritis
1166 4500 1325 4553 corde
1353 4500 1646 4557 medelam.

234 4602 400 4658 Strabi
429 4604 573 4659 Galli
599 4607 833 4660 monachi
869 4605 1048 4674 Fuld.,
1081 4609 1329 4673 discipuli
1365 4611 1581 4675 liabani,
1607 4612 1811 4666 dedico-

414 4677 547 4729 taria
575 4677 765 4731 hortuli
792 4682 892 4743 sui,
924 4682 991 4731 ad
1020 4679 1345 4733 Grimatdum
1378 4683 1632 4736 abbatem.

233 4784 350 4841 litae
380 4787 471 4841 tibi
498 4788 703 4843 servitii
735 4789 1047 4843 munuscula
1081 4789 1206 4843 vilia
1240 4792 1391 4860 parvi

230 4877 415 4933 Strabo
444 4889 590 4945 tuus,
621 4876 892 4935 Grimalde
924 4881 1077 4935 Pater
1107 4881 1443 4951 dots-tissime,
1474 4900 1687 4954 servus,

234 4969 447 5026 Pectore
476 4971 696 5036 devoto,
727 4972 926 5026 nullius
957 4973 1209 5043 ponderis
1236 4975 1415 5031 offert.

236 5060 296 5117 Ut
320 5079 438 5117 cum
466 5075 729 5133 consepta
758 5064 948 5119 viridis
974 5067 1288 5122 consederis
1318 5070 1476 5137 horti,

238 5154 422 5211 Subter
446 5166 701 5225 Opacatas
730 5156 999 5213 frondenti
1027 5160 1273 5227 germine
1305 5161 1494 5225 malos,

236 5245 466 5303 Persicus
492 5248 785 5318 imparibus
813 5250 992 5305 crines
1024 5250 1112 5305 ubi
1144 5252 1332 5306 dividit
1360 5254 1583 5317 umbris,

232 5337 359 5393 Dem
388 5340 481 5395 tibi
513 5354 647 5395 cana
674 5340 853 5410 legunt
885 5349 1066 5395 tenera
1098 5342 1346 5412 lanugine
1378 5346 1515 5398 mala

231 5427 491 5487 Ludentes
521 5432 694 5501 pueri,
727 5432 913 5488 schola
943 5433 1244 5488 lzctabunda
1279 5445 1513 5499 tuorum,

231 5523 397 5590 Atque
425 5524 563 5578 volis
590 5524 826 5594 ingentia
857 5524 998 5579 mala
1024 5527 1309 5593 capacibus
1338 5528 1546 5595 indunt,

231 5613 453 5671 Grandia
484 5626 745 5672 conantes
775 5616 1049 5673 includere
1078 5633 1300 5687 corpora
1333 5619 1546 5687 palmis,

232 5704 340 5771 Quo
368 5723 623 5764 moocare
652 5708 853 5764 habeas
884 5710 1074 5775 nostri,
1107 5710 1265 5766 Pater
1292 5711 1453 5778 alme,
1488 5712 1708 5777 laboris,

233 5795 355 5855 Dum
386 5801 611 5874 retegis,
643 5816 767 5869 qua:
795 5800 934 5859 dedo
967 5801 1185 5871 volens,
1219 5803 1463 5876 interque
1496 5805 1773 5876 legendum
1795 5845 1812 5875 ,

1934 1883 2147 1940 Deliciis
2179 1885 2370 1954 plenus
2401 1887 2547 1942 locus
2576 1888 2872 1957 appelletur
2905 1907 3171 1948 arnmnus.

1929 1976 2022 2032 Sic
2051 1977 2212 2032 etiam
2247 1988 2415 2046 prata,
2446 1980 2617 2044 silvae,
2653 1984 2907 2049 pomeria,
2936 1994 3128 2051 strata,

1930 2070 2129 2126 Hortus
2155 2083 2209 2127 et
2239 2072 2326 2127 hic
2356 2074 2471 2127 rivo
2496 2075 2735 2145 propior,
2770 2077 2899 2132 fonti
2929 2093 3139 2147 quoque
3169 2080 3310 2135 vivo.

1935 2160 2217 2231 Verbaque
2242 2174 2471 2234 cognata
2499 2167 2731 2222 sociabis
2759 2176 2814 2222 et
2839 2181 2964 2223 ante
2998 2170 3189 2236 locata,

1930 2254 1972 2307 Τ
1979 2254 2295 2312 heutonicos
2326 2272 2505 2312 mores
2532 2272 2746 2323 caveas,
2778 2276 2918 2331 nova
2951 2255 3198 2333 nullaque
3227 2277 3415 2334 ponas.

1931 2346 2121 2403 Donati
2153 2363 2312 2417 puras
2343 2365 2555 2420 semper
2582 2366 2885 2408 memorare
2917 2354 3133 2425 figuras,

1929 2425 2060 2493 Rem
2089 2440 2362 2510 pulchram
2396 2457 2501 2497 non
2532 2444 2745 2513 semper
2772 2445 2858 2499 dic
2888 2448 3211 2514 speciosam.

1929 2530 2011 2586 Sit
2040 2533 2155 2588 sale
2183 2530 2479 2600 conditum,
2514 2536 2770 2605 quidquid
2803 2538 3032 2594 dicendo
3061 2541 3323 2610 cupitum.

1928 2609 2144 2678 Florida
2180 2626 2508 2692 vernahunt;
2540 2627 2673 2681 fabri
2703 2637 2758 2683 et
2786 2639 2901 2685 arte
2931 2631 3097 2699 polita
3128 2609 3418 2689 micabunt.

1930 2704 2157 2772 Pulchra
2190 2710 2403 2788 quidem
2438 2720 2633 2775 mulier
2665 2720 2899 2776 formosa
2932 2724 3022 2790 sit,
3057 2733 3109 2779 et
3136 2724 3400 2793 speciosa.

1927 2802 2131 2866 Aurum
2157 2812 2226 2864 sit
2257 2827 2465 2880 purum,
2498 2811 2568 2865 sit
2596 2812 2876 2876 mundum,
2912 2812 2982 2868 sit
3013 2802 3384 2869 rubicundum.

1929 2891 2023 2956 liis
2045 2917 2254 2972 quoque
2275 2888 2542 2958 Germana
2568 2908 2746 2958 tamen
2772 2901 2908 2957 haud
2934 2911 3185 2974 poterunt
3215 2909 3329 2964 fore
3353 2912 3513 2976 vana,

1925 2994 2195 3066 Quaerenti
2231 2996 2388 3053 verba
2423 2992 2609 3054 florum
2642 3001 2927 3069 splendore
2956 3002 3209 3071 superba,

1928 3090 1985 3146 Si
2020 3096 2233 3144 teneant
2265 3106 2473 3158 puram,
2505 3106 2610 3145 neu
2641 3091 3069 3161 drgeneremque
3101 3095 3346 3164 liguram.

1841 3180 1889 3244 C
1922 3180 2007 3245 Sit
2034 3183 2188 3237 cibus
2214 3192 2268 3238 et
2300 3193 2454 3253 potus
2483 3194 2665 3238 noster
2694 3187 2953 3238 saturatio
2985 3195 3147 3252 tutus,

1926 3273 2168 3343 Simplex
2198 3286 2276 3329 est
2308 3290 2547 3343 prorsus,
2572 3276 2669 3330 sed
2698 3278 2864 3331 currit
2891 3278 3174 3334 commode
3205 3291 3411 3333 versus.

1925 3364 2007 3421 Sit
2039 3364 2207 3421 fomes
2235 3367 2354 3419 vita:
2381 3366 2533 3420 cibus
2564 3366 2670 3432 hic,
2708 3374 2997 3437 nectarque
3025 3368 3239 3437 cupitae,

1925 3456 2029 3511 Iste
2060 3456 2313 3525 ﬁguratus
2342 3456 2621 3512 facundior
2650 3467 2704 3512 et
2735 3474 2885 3527 mage
2916 3466 3120 3526 gratos.

1925 3548 2249 3617 Simplicitas
2280 3558 2433 3617 pUra,
2460 3550 2774 3619 generosior
2800 3556 2928 3621 ergo
2957 3552 3142 3621 figura.

1922 3636 2119 3692 Neutra
2150 3638 2449 3707 spernenda
2480 3638 2815 3707 prottriisque
2844 3640 2974 3693 locis
3003 3640 3299 3697 retinenda.

1926 3730 2052 3783 Arte
2078 3729 2219 3798 loqui
2249 3729 2478 3783 imbutus
2505 3728 2715 3785 imitare
2742 3743 2838 3799 sap
2861 3746 2935 3786 tre
2966 3732 3198 3787 locutos.

1921 3820 2028 3877 Ore
2053 3821 2371 3876 disertorum
2404 3837 2530 3890 rape
2557 3829 2612 3875 tu
2644 3822 2999 3894 quodcunque
3025 3822 3301 3879 decorum.

2368 3973 2501 4031 Item
2528 3976 2664 4031 alios
2686 3978 2852 4032 eidem
2879 3980 3075 4048 aliqua.

1920 4110 2028 4164 Cur
2056 4111 2322 4180 geminum
2356 4112 2531 4165 fratris
2555 4155 2571 4179 ,
2603 4112 2782 4167 valeas
2804 4153 2817 4176 ,
2848 4111 2949 4167 llos
2983 4110 3259 4182 splendide
3290 4114 3501 4178 matris,

1922 4198 2119 4255 Tecum
2150 4201 2203 4255 in
2236 4202 2437 4256 lloretis
2466 4202 2625 4256 liceat
2658 4204 2785 4257 mihi
2818 4203 3007 4259 ludere
3036 4205 3194 4270 lcetis,

1920 4293 2049 4360 Qua:
2075 4308 2234 4348 cruce
2260 4296 2496 4349 reclusus
2524 4311 2753 4350 vernans
2787 4295 2959 4352 fundit
2992 4299 3291 4366 paradisus,

1922 4383 2107 4439 Sidera
2139 4396 2233 4454 per
2262 4386 2511 4439 meritum
2538 4401 2652 4450 cor,
2686 4387 2971 4459 Elysioque
3001 4389 3241 4457 petitum.

1927 4474 2001 4531 Te
2029 4490 2151 4545 spes
2180 4487 2340 4547 atque
2370 4476 2504 4532 fides
2534 4478 2789 4544 solident,
2818 4496 2935 4548 qum
2963 4481 3136 4551 major
3160 4490 3213 4537 et
3241 4482 3322 4534 his
3351 4491 3450 4535 est.

1836 4540 1881 4604 δ
1917 4567 1973 4623 Si
2004 4540 2097 4621 tibi
2126 4582 2220 4636 per
2247 4540 2444 4623 irinum
2473 4569 2544 4623 sit
2572 4585 2693 4639 pax,
2721 4540 2791 4624 sit
2824 4540 2926 4624 vita
2958 4540 3268 4640 pervunum,

1918 4660 2048 4714 Cum
2080 4675 2183 4729 quo
2212 4661 2436 4728 ridebis,
2467 4662 2649 4729 specie
2680 4662 2774 4716 sed
2806 4664 3021 4730 quando
3054 4663 3258 4719 videbis

1918 4751 2092 4821 Ipsum
2126 4752 2379 4822 perfecte,
2411 4754 2562 4806 trahe
2594 4768 2679 4807 me
2711 4764 2911 4821 tecum,
2946 4770 3104 4824 prece
3135 4769 3331 4824 macte,

1917 4850 2084 4916 Quem
2112 4850 2269 4904 nimis
2294 4855 2561 4919 optamus,
2594 4850 2726 4905 facie
2756 4851 2918 4906 simtll
2951 4863 3007 4907 ut
3037 4846 3331 4910 videamus.

2229 4999 2295 5056 In
2321 5002 2494 5057 nolam
2516 4999 2731 5074 capituli
2762 5023 2935 5061 versus
2962 5009 3190 5079 antiqui.

1918 5112 2221 5181 Prmceptnr
2246 5116 2436 5171 fratres
2465 5117 2566 5172 huc
2595 5120 2747 5188 signo
2774 5133 3036 5174 convocat
3061 5138 3269 5189 omnes,

1990 5208 2247 5277 Exemplo
2279 5210 2487 5265 Domini
2517 5218 2637 5266 eum
2667 5214 2806 5267 lavat
2837 5216 2975 5268 unda
3007 5219 3187 5284 pedes.

1916 5297 2025 5353 Nec
2054 5316 2158 5355 non
2185 5302 2465 5356 consilium
2495 5313 2705 5357 constat
2730 5307 2776 5358 si
2808 5306 2945 5361 forte
2970 5308 3284 5375 gerendum,

1993 5391 2104 5445 lloc
2133 5394 2318 5447 moniti
2350 5394 2502 5462 signo
2526 5398 2847 5456 conveniunt
2879 5399 3075 5452 subito.

1918 5480 2184 5537 Laudibus
2210 5492 2268 5539 et
2295 5485 2466 5539 noctis
2494 5486 2754 5540 interdum
2786 5488 2886 5541 rite
2915 5488 3163 5554 peractis,

1988 5574 2275 5644 Captatnus
2300 5593 2569 5645 somnum,
2599 5578 2644 5631 si
2672 5579 2875 5633 dederit
2901 5581 3153 5633 soztitum.

1916 5668 2158 5733 Cteperit
2186 5677 2241 5721 at
2267 5670 2429 5726 radiis
2458 5670 2688 5724 Phoebus
2712 5684 3069 5739 conspergcre
3096 5672 3287 5732 lucem,

1989 5760 2101 5816 Hoc
2127 5770 2409 5818 resonante
2435 5775 2597 5831 sopor
2621 5762 2768 5815 ocius
2796 5762 2971 5816 Omnis
2998 5760 3126 5814 abit.
