4002 6350
501 315 565 372 67
1547 311 1887 369 API'ENDIX
1926 313 2017 367 AD
2056 313 2114 368 S.
2159 311 2361 368 GALLI
2390 308 2705 368 SCRIPTA.
3695 299 3763 356 0-8

502 436 565 489 In
588 433 769 488 Codice
804 422 934 488 Vita:
979 434 1273 489 sanctorum
1313 429 1470 496 Galli,
1498 431 1618 486 0th.
1647 443 1694 486 et
1724 431 1890 492 Wib.,
1919 446 2068 497 quem
2105 433 2148 490 Λ

573 505 918 558 Herintannus
947 506 1025 573 (ut
1056 504 1282 570 autumo)
1330 504 1505 562 abbas.
1538 505 1612 573 vel
1646 521 1730 568 per
1758 518 1844 573 se,
1872 504 1946 554 vel
1984 518 2069 562 per

569 576 747 640 alium,
777 578 934 629 multo
959 572 1079 628 cum
1106 593 1229 628 auio
1269 575 1487 642 paravit,
1517 572 1768 626 habentur
1796 572 1848 624 hi
1879 589 2069 624 versus.

504 693 751 756 Servum,
783 689 955 756 Galle,
991 698 1136 744 tuum
1173 690 1290 744 libri
1320 690 1484 746 decus
1517 690 1616 744 hoc
1648 687 2024 742 Ilerimannum

501 779 674 835 Divite
705 795 825 834 cum
855 787 980 833 voto
1013 779 1105 833 tibi
1139 777 1424 846 perl‘eciSse
1455 787 1738 830 memento.

609 871 672 924 lu
707 874 841 925 calce
871 871 1093 933 Codicis,
1126 873 1213 924 sed
1241 872 1344 924 alia
1374 888 1524 923 manu
1552 880 1664 922 sunt
1695 873 1972 938 sequentes.

504 962 678 1027 Galle,
711 973 827 1017 tuos
859 959 1088 1016 famulos
1118 977 1304 1029 inagna
1335 960 1532 1028 pietate
1563 972 1798 1014 reserva.

503 1055 696 1124 Turpia
728 1055 884 1110 verba
912 1053 1056 1124 loQui
1085 1051 1423 1115 dominabus,
1459 1049 1633 1119 turpia
1662 1049 1832 1116 clero,

579 1147 636 1203 lu
667 1146 803 1202 laico
831 1148 1040 1217 signum
1071 1144 1382 1214 perditionis
1411 1145 1538 1198 erit.

503 1239 601 1295 Dat
634 1239 872 1304 probitas
895 1239 1154 1307 speciem,
1179 1237 1273 1292 sed
1303 1249 1412 1290 non
1443 1233 1650 1302 species
1678 1231 2020 1303 probitatem,

573 1333 673 1398 Qui
703 1331 974 1402 probitate
999 1339 1167 1392 caret,
1201 1329 1274 1383 nil
1303 1328 1405 1382 sibi
1438 1328 1606 1382 forma
1636 1326 1797 1381 valet.

504 1427 691 1481 Omnia
725 1437 926 1480 naturze
957 1434 1276 1494 praepostera
1308 1423 1513 1493 legibus
1543 1423 1722 1485 ibunt,

506 1517 753 1572 Floribus
783 1525 837 1570 et
867 1515 1054 1585 linguis
1081 1516 1222 1584 quod
1256 1523 1360 1568 tam
1392 1513 1631 1569 mirabile
1658 1514 1891 1583 signum.

506 1630 569 1685 In
600 1631 778 1684 'l'hesa'
801 1647 857 1684 ro
901 1628 1140 1683 Ecclesia:
1166 1641 1282 1684 sunt
1313 1630 1415 1682 duo
1445 1647 1638 1683 cornua
1671 1639 1732 1684 ρας
1755 1630 1903 1684 ebore
1933 1628 2076 1682 mirt'e

577 1703 955 1770 magnitudinis,
993 1702 1116 1754 olim
1145 1709 1376 1766 argento,
1419 1703 1650 1769 generatis,
1682 1711 1730 1755 et
1768 1717 1898 1753 auro
1923 1700 2078 1753 deco-

572 1783 701 1824 rata.
731 1771 811 1824 Ea:
845 1773 1024 1840 quibus
1053 1772 1140 1826 tuti
1170 1773 1220 1824 hi
1248 1773 1488 1826 versiculi
1511 1783 1626 1826 sunt
1657 1774 1823 1826 incisi.

505 1887 692 1942 Munus
724 1896 747 1923 ⁸
784 1885 1074 1940 Burcbardl
1108 1886 1280 1940 Patris
1313 1886 1414 1938 huc
1442 1894 1684 1939 servetur
1713 1883 1929 1939 Itonorl.

505 1980 724 2034 Auferat
755 1977 856 2031 hoc
888 1979 1047 2045 ullus,
1081 1977 1202 2032 huic
1233 1994 1336 2032 non
1367 1977 1438 2032 sit
1468 1977 1640 2047 portio
1668 1976 1874 2032 Gallus.

1166 2088 1232 2144 Et
1259 2091 1427 2146 alteri.

515 2185 829 2239 Nortbcrtus
859 2183 1052 2237 donum
1081 2183 1226 2238 dedit
1255 2184 1354 2239 hoc
1385 2184 1498 2251 tibi,
1531 2182 1700 2249 Galle,
1733 2182 2009 2247 decorum,

511 2279 643 2333 Iluic
670 2277 739 2332 ob
770 2277 1089 2343 mercedem,
1127 2277 1425 2346 paradisum
1456 2277 1522 2330 ‘da
1555 2276 1666 2331 fore
1697 2275 1900 2330 sedem.

583 2391 640 2446 In
669 2390 897 2458 quodam
930 2388 1288 2443 vetustissimo
1327 2402 1490 2458 opere
1537 2387 1752 2454 biblico,
1786 2385 1923 2454 quod
1969 2386 2085 2453 pin-

513 2494 664 2536 xerat
701 2481 976 2535 Marcellus
1006 2481 1318 2548 monachus,
1351 2490 1404 2535 et
1430 2477 1762 2534 Gisalbertus
1798 2477 2083 2532 subdiaco-

519 2587 640 2638 nus,
673 2579 754 2626 est
784 2585 960 2625 sermo
987 2571 1050 2624 ad
1082 2571 1329 2636 clericos,
1361 2570 1662 2639 proverbia,
1695 2579 1822 2633 etc.,
1866 2569 2088 2624 heroico

516 2676 693 2727 versu,
723 2661 872 2729 cujus
903 2670 1076 2716 tamen
1108 2660 1236 2731 sint,
1264 2662 1463 2715 nescio.
1499 2661 1551 2715 In
1581 2659 1770 2716 eodem
1802 2659 2086 2713 bibliorum

513 2753 744 2806 armario
775 2751 936 2806 habes
965 2751 1148 2807 itidem
1186 2753 1402 2806 heroico
1430 2767 1582 2806 versu
1613 2752 1789 2806 varios
1821 2751 2089 2805 rariorum

521 2845 804 2900 bibliorum
832 2845 1058 2915 partium
1091 2843 1434 2914 inscriptione
1467 2844 1726 2898 llartmuti
1759 2843 1986 2897 abbatis.
2031 2840 2088 2898 In

514 2937 884 3004 antiquissimo
915 2937 1039 2991 item
1067 2936 1251 2991 codice
1275 2974 1291 3003 ,
1323 2935 1411 2991 ubi
1445 2936 1612 3005 pictus
1639 2944 1720 2990 est
1749 2933 2050 2990 Ilat‘ckcrus
2072 2971 2090 3000 ,

514 3036 805 3094 supersunt
835 3026 885 3079 bi
920 3025 1160 3082 versiculi
1194 3044 1207 3078 :

519 3115 739 3172 Auferat
769 3116 908 3171 hunc
936 3117 1128 3170 librum
1160 3114 1336 3171 nullus
1365 3115 1487 3170 hinc
1513 3129 1671 3170 omne
1698 3129 1793 3184 per
1822 3129 1990 3170 aevum

585 3204 716 3259 Cum
746 3202 897 3258 Gallo
930 3211 1128 3273 partem
1160 3203 1399 3274 quisquis
1431 3203 1627 3258 habere
1657 3203 1820 3274 cupit.

1160 3320 1228 3376 Et
1256 3320 1394 3389 infra
1417 3336 1436 3375 :

520 3415 642 3470 Istic
667 3413 962 3484 perdurans
993 3412 1128 3467 liber
1159 3411 1246 3467 hic
1277 3413 1536 3467 consistat
1567 3409 1618 3466 in
1649 3428 1816 3466 mrum
1837 3453 1852 3471 .

590 3509 810 3564 Praemia
845 3505 1078 3576 patranti
1109 3505 1219 3559 sint
1250 3515 1306 3559 ut.
1334 3505 1384 3558 in
1413 3521 1536 3559 arce
1560 3505 1686 3573 poli.

616 3602 753 3654 Olim
782 3601 835 3655 in
863 3605 1084 3668 quodam
1112 3599 1334 3652 clinodio
1359 3599 1532 3667 templi
1555 3598 1609 3650 hi
1636 3609 1777 3652 crant
1799 3613 2008 3653 versus:

517 3690 729 3746 Tertius
761 3689 875 3747 lucc
903 3690 1020 3765 ἀνίῃ
1045 3688 1295 3744 Salomon
1326 3689 1416 3744 dat
1446 3689 1586 3743 dona
1609 3688 1809 3744 Mariae.

1277 3776 1344 3833 Et

521 3871 736 3930 Tertius
766 3873 879 3927 hcce
908 3872 1052 3926 almo
1082 3871 1334 3927 Salomon
1363 3871 1452 3924 dat
1482 3883 1698 3925 munera
1731 3869 1907 3925 Gallo.

800 3963 893 4018 Cui
921 3963 1183 4034 subjunxit
1211 3977 1273 4015 ex
1303 3959 1543 4015 Patribus
1563 3961 1771 4030 quidam
1798 3975 1816 4014 :

521 4054 706 4110 Tantis
737 4069 834 4125 pro
867 4053 1022 4108 donis
1053 4051 1124 4106 sit
1155 4065 1255 4120 pax
1288 4049 1480 4104 animat
1517 4049 1842 4105 Salomonis.

531 4169 642 4223 lica:
669 4167 883 4222 Carolus
927 4182 1014 4233 per
1042 4167 1271 4219 eumdem
1314 4162 1643 4218 Salomonem
1691 4178 1894 4231 capsam
1936 4161 2092 4216 aliam

723 4237 1055 4308 reliquiarum
1079 4235 1236 4301 misit,
1263 4235 1344 4288 cui
1365 4234 1592 4301 inscripti
1621 4243 1762 4286 erant
1792 4233 1875 4286 isti
1900 4249 1917 4288 :

528 4354 603 4407 En
635 4351 808 4406 crucis
835 4362 994 4420 atque
1024 4349 1122 4417 pia:
1148 4363 1268 4402 cum
1298 4347 1496 4402 sanctis
1527 4361 1687 4415 capsa
1719 4345 1918 4410 Maria,

536 4446 682 4500 llanc
713 4444 932 4498 Carolus
962 4455 1223 4496 summam
1251 4438 1447 4509 delegit
1478 4437 1673 4493 habere
1701 4437 1982 4506 capellam.

598 4609 623 4636 ⁸
663 4597 1016 4660 Burchardns,
1039 4594 1354 4666 cognomine
1374 4593 1658 4666 Ingenitus,
1684 4590 1822 4661 quod
1847 4607 1909 4644 ex
1939 4601 2090 4666 utero

529 4670 711 4724 matris
735 4671 965 4732 excisus,
991 4677 1045 4721 et
1071 4663 1265 4720 arvinae
1291 4667 1457 4730 porci,
1491 4665 1574 4716 ubi
1607 4664 1980 4724 incalesceret,
2013 4663 2093 4715 in-

529 4742 728 4804 clusus,
775 4739 911 4792 Illius
943 4738 1101 4804 lllrici
1129 4736 1336 4790 comitis
1374 4734 1439 4788 de
1485 4735 1750 4803 Littzgois,
1785 4733 2088 4804 Iluocburu,

526 4821 579 4862 et
603 4803 774 4862 Monte
798 4809 939 4873 forti,
965 4803 1366 4874 Wendelgardae
1387 4806 1669 4858 comitissm
1691 4804 1757 4858 de
1789 4803 2090 4870 Buochorn,

534 4879 740 4933 llcnrici
772 4876 1004 4944 A-thtpis
1031 4893 1093 4929 ex
1124 4890 1307 4929 sorore
1343 4875 1592 4943 Hedwige
1624 4888 1917 4943 pronepos,
1951 4888 2090 4928 anno

532 4951 660 5012 95'),
681 4957 891 5002 creatur
913 4948 1074 4999 abbas
1094 4946 1260 4999 sancti
1276 4945 1431 5000 Galli.
1453 4945 1757 5012 Imperatori
1781 4945 1956 4998 Ottoui
1985 4946 2092 4998 Ma-

527 5035 630 5090 gno
656 5021 725 5090 ita
755 5017 947 5090 chartis
977 5018 1063 5090 fuit
1088 5056 1103 5080 ,
1133 5025 1190 5069 ut
1218 5031 1337 5068 eum
1378 5016 1542 5090 lilium
1586 5016 1898 5090 appellaret.
1944 5015 2090 5069 Scri-

528 5083 631 5161 psit
653 5088 827 5161 Ottoni
851 5087 1128 5161 epistulam
1154 5101 1248 5155 pro
1260 5087 1636 5161 conﬁrmando
1659 5083 1912 5161 Notkero,
1933 5101 2090 5152 quem

529 5157 744 5228 prepter
773 5159 1060 5224 disciplinae
1104 5158 1435 5228 severitatem
1463 5199 1477 5222 ,
1521 5157 1716 5228 piperis
1746 5169 1966 5228 granum
1997 5170 2090 5209 vo-

526 5224 737 5291 cabant.
769 5227 819 5280 in
852 5230 965 5280 hanc
992 5234 1152 5282 verba
1179 5245 1190 5279 :
1222 5226 1448 5281 Summa:
1473 5224 1582 5297 post
1614 5225 1774 5278 Deum
1807 5224 2093 5297 illaiestatis

526 5301 741 5354 dominis
768 5300 913 5363 meis,
943 5297 1208 5352 Burchard
1233 5300 1385 5350 abbas
1415 5296 1699 5356 semivivus,
1723 5296 1873 5348 annis
1899 5297 2020 5346 meis
2045 5308 2092 5348 et

527 5376 663 5423 senio
706 5371 854 5438 ﬁnem
885 5371 1006 5423 milti
1047 5371 1158 5422 t‘iltL’
1187 5371 1238 5422 in
1265 5371 1441 5437 januis
1470 5367 1796 5427 habentibus;
1833 5381 1894 5438 ne
1921 5376 2091 5431 pastos

527 5457 660 5500 oves,
695 5435 834 5506 pat-r
877 5441 1007 5507 [illos
1051 5435 1347 5509 impun-ima
1393 5439 1705 5509 t‘elirt,,ttattt,
1741 5435 1938 5509 domini
1971 5438 2088 5500 mei,

527 5504 840 5581 priuilegium
867 5504 1045 5577 gratia:
1074 5504 1246 5581 vestra:
1288 5526 1363 5561 me
1407 5507 1712 5581 sollicitavit.
1762 5504 1882 5558 lllisi
1911 5506 2092 5581 itaque

529 5575 684 5640 uobis,
705 5575 952 5646 'ﬁduciam
975 5583 1118 5633 vestri
1147 5579 1356 5639 habens,
1382 5579 1620 5629 dilectum
1645 5593 1827 5637 meum,
1852 5575 1976 5627 mihi
1992 5577 2091 5646 atl—

529 5649 626 5700 huc
654 5645 759 5702 uico
783 5650 1203 5718 suﬁ‘icicndum,_ra
1230 5650 1348 5718 uiris
1376 5649 1616 5718 uirtutum
1641 5648 1840 5718 aptimis
1868 5645 2091 5718 moribus

527 5714 867 5788 assuefactuui
885 5761 896 5780 ,
927 5729 1101 5775 sancto
1130 5716 1302 5781 Gallo,
1332 5727 1385 5769 ut
1413 5717 1635 5784 confido,
1664 5716 1905 5788 vobisque
1926 5714 2112 5782 ρΙαεὶν

531 5785 718 5842 turum.
752 5789 872 5843 Misi
897 5801 1060 5844 autem
1087 5789 1220 5844 vobis
1245 5798 1288 5841 et
1316 5797 1457 5842 testes
1483 5802 1615 5841 meos
1641 5798 1713 5842 ter
1740 5794 1837 5840 tres
1856 5785 2082 5842 idoneos.

2129 4503 2182 4563 D

2441 429 2505 483 In
2535 447 2660 502 apus
2685 426 2948 498 quoddam
2985 426 3151 482 sancti
3173 426 3472 498 Augustini.

2185 543 2432 598 Bissenns
2458 546 2630 612 magni
2661 543 2892 597 doctoris
2921 542 2973 595 in
3002 542 3185 596 ordine
3216 544 3385 597 libros

2254 634 2531 702 Augustini
2565 636 2618 688 in
2648 636 2746 687 hoc
2773 647 3021 702 corpore,
3056 632 3242 698 lector,
3278 633 3468 688 babes.

2182 730 2315 785 Cum
2343 730 2536 797 quibus
2566 730 2817 784 invictum
2850 728 3023 781 stabili
3053 727 3360 782 fundamine
3393 721 3628 786 castrum

2253 820 2544 884 Gnttstt-uit,
2577 831 2628 872 et
2659 821 2873 873 sanctos
2898 822 3116 876 saucius
3148 820 3199 874 in
3224 821 3346 877 ar'ce
3373 821 3536 876 locat.
3595 847 3598 851 λ

2245 908 2376 962 Item
2397 912 2449 963 in
2475 909 2586 981 ejus
2613 912 2772 976 ipsius
2797 914 3028 965 volumen
3056 912 3120 966 de
3141 914 3312 966 decem
3336 909 3544 969 chordis
3569 915 3645 970 sic
3668 919 3690 968 :

2186 998 2485 1069 Exsuperat
2513 1002 2627 1055 auri
2664 1005 2890 1068 pretium
2915 1015 3008 1058 seu
3039 1005 3374 1071 topatiorum

2257 1091 2352 1146 Hic
2380 1091 2709 1160 Augustinus
2735 1092 3058 1179 quodparat
3090 1094 3365 1150 Aurelius.

2183 1168 2365 1251 Tange
2388 1183 2575 1237 decem
2604 1182 2863 1250 chordas;
2887 1172 3116 1240 Domino
3139 1181 3297 1240 tres-lt
3328 1193 3487 1255 tange
3513 1191 3763 1245 sonum.

2183 1271 2400 1342 Septem
2422 1271 2617 1328 dilecto
2637 1272 2950 1329 discrimina
2978 1285 3134 1345 tange
3165 1277 3491 1347 propinquo.

2253 1428 2268 1442 .
2787 1365 2852 1420 In
2877 1367 3023 1421 aliud
3052 1372 3124 1422 sic
3147 1383 3167 1424 :

2187 1454 2334 1511 Ilune
2364 1455 2554 1511 librum
2587 1456 2737 1512 Gallo
2763 1457 2966 1513 Notker
2992 1460 3222 1526 patravit
3245 1467 3301 1516 et
3331 1465 3498 1515 anno.

2712 1548 2779 1602 In
2808 1566 2933 1616 opus
2961 1550 3238 1604 Ambrosii.

2187 1636 2427 1694 Nectaris
2453 1640 2719 1694 Ambrosii
2743 1639 3035 1695 redolentia
3069 1643 3278 1710 carpito
3305 1639 3485 1697 mella.

2826 1729 2892 1784 In
2919 1730 3134 1785 Ambro.

2116 1791 2161 1856 Β
2197 1819 2348 1876 IIanc
2367 1830 2573 1891 partem
2604 1819 2765 1876 Gallo
2793 1829 2970 1890 patrat
2996 1820 3322 1877 Vodalricus
3348 1829 3402 1877 et
3423 1819 3569 1876 Utta.

2825 1899 2892 1968 In
2923 1909 3135 1968 Bedaus‘.

2190 2007 2358 2074 Quam
2391 2005 2519 2062 clari
2545 2007 2770 2062 abbates
2797 2006 3100 2074 Gozpertus
3127 2017 3182 2063 et
3215 2007 3408 2066 Ymmo
3447 2017 3762 2081 operantes.

2706 2099 2840 2153 Alibi
2885 2101 3124 2170 leguntur
3166 2103 3272 2154 isti.

2189 2189 2248 2244 In
2280 2190 2476 2243 mundo
2512 2188 2620 2244 duo
2644 2199 2768 2244 sunt
2796 2205 2914 2254 quae
2944 2190 3017 2244 nil
3041 2190 3356 2245 abscondita
3389 2200 3613 2260 prosunt
3643 2211 3655 2243 :

2191 2281 2388 2337 Fessus
2417 2281 2563 2337 humi
2591 2296 2808 2345 census,
2839 2283 3056 2338 latitans
3083 2287 3184 2338 sub
3207 2294 3423 2352 pectore
3453 2299 3668 2341 sensus.
3763 2307 3766 2312 -

2770 2394 2834 2449 Et
2862 2396 3043 2450 iterum
3071 2396 3217 2451 alibi.

2193 2487 2374 2542 Exitus
2399 2495 2517 2542 acta
2551 2485 2766 2554 probat,
2799 2485 2938 2551 linis,
2974 2502 3080 2540 non
3112 2501 3306 2556 pugna,
3337 2497 3581 2543 coronat.

2475 2575 2542 2630 Et
2571 2577 2651 2630 hic
2678 2577 2729 2630 in
2761 2574 2928 2631 Boetii
2949 2592 3101 2646 opere
3132 2578 3502 2650 philosophica.

2190 2667 2434 2738 Explicat
2459 2670 2686 2738 egregia:
2716 2670 3120 2725 memorandum
3151 2670 3342 2740 dogma
3368 2673 3573 2740 sophiae
3593 2712 3610 2736 ,

2191 2757 2306 2812 Non
2335 2757 2484 2814 Jovis
2514 2758 2650 2814 hanc
2687 2767 2880 2814 tactam
2910 2771 3223 2830 generasset
3249 2762 3415 2818 barba
3453 2763 3774 2822 Minervam.-

2193 2855 2305 2910 Iloc
2333 2870 2468 2925 opus
2489 2866 2764 2914 auctorem
2795 2859 3061 2927 gustando
3089 2862 3233 2929 sapit
3262 2860 3580 2926 meliorem,

2193 2945 2300 3002 Sed
2322 2947 2498 3002 rivum
2527 2947 2720 3002 clausit
2747 2949 2838 3017 qui
2865 2948 3066 3005 fontem
3102 2950 3398 3018 pneumatis
3423 2949 3619 3004 hausit.

2195 3031 2444 3090 Dicamus
2472 3035 2579 3091 laeti
2607 3055 2618 3090 :
2650 3036 2995 3108 Requiescas,
3025 3047 3210 3095 sancte
3233 3038 3454 3105 Boethl,

2117 3152 2162 3214 ρ
2195 3125 2296 3191 οιιὶ
2326 3125 2674 3182 bibliothecas
2712 3127 2918 3184 vestisti
2948 3127 3148 3184 lumine
3175 3142 3370 3184 caecas.

2196 3216 2477 3288 Papianses
2509 3220 2654 3273 aiunt
2677 3219 2826 3274 illum
2855 3221 3034 3276 morbo
3057 3237 3150 3276 suo
3177 3222 3358 3277 abiisse
3391 3222 3446 3276 in
3478 3218 3768 3295 ergastulo.

2751 3329 2899 3385 Idem
2925 3331 3100 3387 Codex
3121 3348 3218 3388 ms.

2200 3419 2262 3475 lit
2305 3437 2456 3491 opere
2502 3419 2807 3496 Hieremiae,
2857 3423 3071 3496 Abdita,
3122 3425 3420 3496 loc/toria},
3457 3422 3775 3489 Malachitz.

2670 3503 2718 3547 et
2748 3495 3002 3548 Abacuchi
3033 3495 3294 3566 leguntur.

2195 3601 2326 3658 Sors
2353 3601 2590 3672 signatur
2617 3602 2667 3657 in
2698 3603 2780 3659 bis
2807 3605 2988 3674 populi
3023 3605 3239 3673 partitio
3268 3607 3430 3675 virgis

2196 3693 2405 3750 Cornua
2435 3707 2719 3764 regnorum
2743 3697 2957 3765 signant
2987 3697 3102 3752 haec
3127 3700 3232 3752 vim
3263 3698 3564 3767 variorum,

2195 3795 2351 3849 Cives
2377 3793 2600 3862 angelici
2625 3803 2747 3848 sunt
2776 3794 2826 3846 hi
2863 3795 2964 3848 sub
2995 3797 3212 3850 nomine
3243 3793 3401 3850 fabri.

2198 3887 2443 3958 Impietas
2468 3887 2718 3941 immersa
2750 3887 2904 3941 malis
2931 3897 3267 3944 monstratur
3296 3888 3511 3960 iniquis.

2199 3976 2456 4032 Gentibus
2485 3989 2729 4030 errorum
2763 3976 3003 4031 defertur
3025 3992 3233 4032 summa
3268 3983 3559 4049 malorum,

2200 4068 2255 4122 In
2281 4082 2388 4138 quo
2418 4067 2653 4136 quassis-ti
2678 4067 2872 4132 Jacob,
2909 4083 3064 4138 quem
3097 4085 3312 4140 semper
3342 4074 3537 4139 amavi,

2200 4161 2296 4217 Est
2322 4164 2462 4217 aries
2491 4163 2685 4229 victus,
2710 4162 2883 4217 victor
2913 4164 3276 4232 supereminet
3306 4164 3504 4219 hircus.

2852 4254 2986 4308 Alibi
3015 4255 3116 4309 isti.

2203 4342 2400 4400 Rumor
2428 4346 2494 4400 de
2523 4346 2692 4402 veteri
2729 4345 2890 4401 laciet
2913 4356 3136 4401 ventura
3167 4347 3365 4401 timeri.

2203 4439 2464 4495 Omnibus
2491 4442 2668 4494 omnia
2699 4456 2805 4495 non
2855 4454 2972 4494 mea
3020 4442 3228 4496 somnia
3271 4439 3470 4497 dedere
3515 4439 3772 4510 primum.

2194 4598 2281 4666 qui
2309 4612 2420 4649 eum
2448 4611 2617 4649 coram
2645 4596 2780 4648 vobis
2807 4595 2972 4663 ferula
2999 4611 3106 4666 mea
3133 4596 3351 4666 reddita,
3379 4609 3423 4649 et
3451 4593 3782 4662 indulgentia

2195 4665 2320 4719 mihi
2350 4667 2523 4734 petita,
2549 4667 2737 4737 singuli
2765 4669 2972 4734 eligant.
3008 4665 3188 4718 Valeat
3221 4665 3454 4737 Regnum
3480 4675 3777 4737 restrumrt

2193 4739 2455 4804 imperium
2483 4739 2535 4789 in
2569 4736 2786 4789 Domino
2816 4738 3162 4789 dominorum.
3201 4740 3380 4789 Amen.
3415 4736 3597 4804 Neque
3629 4736 3776 4788 enim

2194 4809 2381 4861 dubito
2408 4808 2603 4860 donum
2624 4852 2637 4871 ,
2671 4809 2738 4861 de
2767 4821 2871 4872 quo
2905 4806 2989 4859 hic
3019 4809 3241 4868 mentio,
3286 4807 3452 4860 luisse
3485 4805 3780 4860 Burchardi

2195 4879 2380 4947 primi;
2415 4878 2512 4931 nisi
2541 4880 2660 4943 quis
2693 4877 2836 4930 malit
2871 4878 3074 4930 referre
3105 4877 3170 4930 ad
3196 4877 3562 4931 Burchardum
3596 4875 3659 4940 II,
3685 4876 3784 4943 qui

2194 4949 2499 5002 monasterii
2524 4947 2714 5016 legitur
2745 4947 3051 5001 thesaurum
3076 4947 3276 5001 ditasse
3323 4947 3526 5015 cappis,
3556 4948 3778 5010 casulis,

2193 5018 2363 5084 albis,
2395 5019 2600 5086 palliis,
2640 5017 2818 5080 libris,
2855 5025 2982 5083 etc.,
3029 5018 3117 5084 qui
3151 5032 3271 5070 cum
3304 5016 3534 5070 Henrico
3565 5016 3774 5070 Bavaro

2194 5100 2377 5141 t'ontta
2411 5089 2707 5144 Saracenos
2749 5088 2799 5140 in
2831 5089 3174 5152 Campaniam
3208 5090 3477 5154 prolectus
3512 5086 3682 5150 obiit,
3717 5086 3776 5139 in

2194 5158 2714 5213 Franckemuuustcr
2735 5162 2978 5228 sepultus
3000 5172 3140 5209 anno
3162 5156 3322 5222 105I,
3343 5156 3446 5212 hoc
3466 5157 3775 5226 epitaphio:

2257 5275 2508 5337 Augelicis
2534 5278 2790 5325 comitatus
2807 5285 2956 5323 ovans
2979 5277 3088 5337 quin
3110 5270 3270 5337 sidera
3295 5272 3515 5330 flammis,

2256 5333 2482 5385 1³ιδίῦδυ1.ε
2495 5341 2649 5386 vicem
2663 5338 2862 5384 llatntnis
2877 5333 3123 5383 Hurcbard
3142 5336 3298 5394 gessit
3314 5336 3440 5395 plebi
3453 5345 3554 5384 suae
3571 5338 3774 5392 sancite,

2256 5401 2616 5466 {icisttbrouutu
2639 5398 2810 5466 didicit.
2833 5397 3058 5466 precibus
3081 5397 3276 5466 pulsare
3300 5403 3566 5455 tonantem,

2259 5460 2441 5507 luditur
2462 5460 2698 5507 aetherem
2723 5455 2842 5506 feliri
2861 5471 2952 5519 qua
2979 5455 3175 5517 spiritus
3199 5455 3326 5519 aulas

2255 5521 2466 5583 Transit,
2494 5531 2546 5572 et
2566 5517 2889 5571 altithronum‘
2901 5521 3084 5581 gaudet
3103 5517 3246 5566 modo
3271 5520 3437 5569 risere
3457 5529 3649 5580 regem.

2263 5627 2292 5666 ι)
2311 5628 2446 5701 _'I‘ria
2475 5626 2642 5701 prima
2676 5633 2938 5701 praecepta
2963 5619 3204 5701 Decalogi
3232 5623 3341 5680 Deo
3368 5662 3382 5688 ,
3430 5629 3633 5690 septem
3661 5631 3759 5687 po-

2196 5698 2418 5755 steriora
2449 5694 2690 5768 proximo
2716 5694 2997 5752 servanda.
