4002 6350
262 327 322 379 69
712 320 1219 378 EPIGRAMMATA
1259 319 1389 377 SEU
1434 316 1643 375 HYMNI
1686 315 1888 376 SMJRI
1926 314 2158 383 ANTIQ.
2203 314 2487 373 PATllUM
2527 316 2689 374 MON.
2731 316 2786 374 S.
2831 316 3056 374 GALLI.
3445 316 3514 375 7O

254 440 482 496 Dedecus
516 445 600 495 est
630 437 760 492 nulli
785 438 968 492 decies
997 451 1059 491 os
1087 435 1278 491 rodere
1310 434 1465 504 pulli.
1856 435 1906 501 Α
1934 429 2137 495 docuit,
2172 428 2425 486 absolvit.
2459 430 2532 486 Ut
2553 430 2714 484 habet
2752 431 2888 485 liber
2911 445 3012 485 ius.
3044 444 3109 495 ex
3147 444 3252 500 quo
3282 443 3514 500 sequen-

1932 519 2003 574 tia
2027 536 2054 572 a
2085 536 2167 574 me
2189 530 2313 573 sunt
2335 523 2602 590 descripta
2627 520 2782 591 (Παῖς
2810 519 3127 594 Metaurus).

2073 612 2265 666 Ultima
2292 612 2434 665 srecli
2463 623 2717 681 generate
2748 621 2887 665 meta

2010 702 2187 756 Vincis
2213 705 2459 773 antiquos
2491 705 2691 774 lyricos
2725 718 2941 773 poetas,

1936 816 1942 823 η
2006 795 2322 863 Pindarum,
2357 795 2634 863 Flaccum,
2666 797 3011 865 reliquosque
3036 805 3249 850 centum

2350 887 2605 944 Carmine
2628 888 2820 958 major.

2070 978 2147 1031 Tu
2181 978 2555 1047 prophetarum
2590 982 2833 1033 celebres
2866 994 3135 1035 cantilenas

2001 1067 2191 1134 David,
2222 1070 2390 1136 Isaiae,
2426 1068 2579 1141 parili
2613 1070 2809 1124 decore

1999 1163 2321 1232 IEmulans,
2352 1173 2378 1202 ι
2411 1176 2620 1236 tempus
2648 1168 2767 1221 sine
2798 1165 2957 1221 laude
2986 1166 3185 1221 nudum

2353 1256 2641 1313 Schemate
2673 1260 2863 1315 vestis.

551 548 619 604 In
654 550 970 620 Hieronymo
993 566 1146 617 super
1170 547 1513 602 Ezechielcm.

251 644 324 696 Bis
355 652 568 710 septem
597 642 750 696 libris
781 642 1140 710 Hieronymus
1166 640 1503 694 Ezecliielem

249 733 500 797 Explanat
536 732 618 785 bis
645 742 896 800 quattuor
928 731 1012 784 hic
1042 732 1158 800 lege
1190 734 1535 799 posteriores.

247 826 377 892 Quos
411 832 465 878 te
490 825 714 880 difficile
740 825 899 880 nimis
928 827 1246 895 explanasse
1275 824 1493 878 fatetur.

921 934 1145 989 Ibidem.

251 1030 446 1093 ltuhen,
480 1040 535 1083 et
562 1026 807 1092 Simeon,
832 1026 978 1091 Levi,
1007 1026 1219 1087 ludam,
1256 1026 1584 1093 Isacliat‘qite

248 1127 369 1178 Cum
392 1124 663 1187 Zabulon,
685 1123 870 1176 Dinam
896 1130 1114 1191 generat
1136 1119 1194 1173 Zi
1215 1139 1249 1185 ι,
1272 1119 1496 1187 Zeipha,
1518 1116 1641 1180 Gal,
1664 1116 1820 1181 Aser,

254 1218 544 1285 Benjamin,
572 1226 625 1271 et
655 1215 881 1285 Joseph,
903 1214 1125 1279 Rachel,
1150 1211 1577 1281 Bala,Neptalin,
1609 1218 1663 1263 et
1691 1210 1824 1261 Dan.

258 1349 323 1402 De
342 1356 515 1402 sancta
544 1346 842 1417 Wyboruda
862 1344 1247 1401 sanctimonialc
1266 1344 1459 1415 virgine
1480 1340 1823 1413 prophetissa)
2070 1347 2233 1403 Gesta
2284 1354 2340 1403 tu
2384 1346 2524 1403 Galli
2570 1348 2773 1404 domini
2820 1350 2961 1404 beati

897 1427 1149 1485 martyre.
1997 1436 2177 1507 Pauge
2202 1478 2215 1503 ,
2249 1438 2476 1493 decanta

1997 1436 2177 1507 Pauge
2202 1478 2215 1503 ,
2249 1438 2476 1493 decanta
2500 1480 2516 1505 ,
2548 1440 2848 1506 modulare,
2886 1441 3083 1511 psalle,

598 1532 812 1588 Festum
843 1531 983 1585 diem
1014 1530 1321 1584 Wiboradze
1999 1533 2192 1587 Munus
2223 1531 2324 1586 hoc
2356 1533 2569 1586 mandat
2603 1534 2695 1587 tibi
2725 1533 2972 1589 Christus
3012 1544 3220 1605 auctor,

524 1624 759 1695 Virginis
784 1632 838 1678 et
868 1623 1145 1694 martyris,
2359 1626 2548 1695 Arripe
2577 1626 2750 1679 lactus.

526 1718 894 1773 Geniiuantem
928 1715 1222 1785 tripudium
2065 1714 2271 1771 Forsan
2301 1724 2356 1770 et
2386 1716 2557 1771 lassus
2590 1716 2807 1783 titubas,
2831 1717 2913 1771 vel
2944 1732 3111 1785 erras,

522 1808 651 1862 Cum
681 1808 899 1860 coronis
931 1806 1178 1875 geminis,
1856 1792 1902 1853 Β
2003 1803 2175 1860 Curro
2227 1804 2525 1873 festinans,
2574 1809 2817 1862 celi-rans
2862 1809 3073 1873 levabo,

528 1899 639 1954 Una
671 1912 859 1953 omnes
890 1912 1207 1965 veneramur
2001 1898 2069 1953 Et
2096 1896 2261 1967 pedes
2288 1897 2508 1952 firmans
2539 1909 2759 1952 teneros
2791 1898 2994 1966 prazibo

526 1991 761 2047 Vocibus
785 2006 908 2046 cum
936 1991 1210 2045 consonis.
2352 1987 2497 2043 Galle
2525 1988 2790 2044 modesto.

595 2085 784 2137 lsthaec
814 2092 1097 2152 postquam
1130 2083 1221 2137 diu
1254 2079 1358 2137 vita
2067 2079 2301 2149 Spiritus
2330 2078 2547 2145 summi,
2578 2078 2774 2144 Patris,
2808 2089 2968 2147 atque
2996 2079 3139 2146 Nati,

522 2175 810 2230 Desudavit
839 2177 1069 2241 practica
1090 2213 1104 2240 ,
1999 2170 2222 2240 Unctor,
2256 2172 2468 2245 adjutor
2500 2173 2708 2228 tibimet
2739 2174 2983 2226 revolvat
3076 2246 3079 2247 ν

526 2266 843 2321 Desideraiis
869 2266 979 2335 jam
1010 2266 1193 2336 quieta
1995 2260 2264 2333 Quidquid
2305 2272 2389 2319 est
2429 2262 2585 2333 hujus
2628 2278 2931 2319 memorare
2966 2263 3135 2319 sancti

524 2359 722 2412 Vacare
755 2359 1017 2425 tlieorica,
2357 2353 2607 2408 Carmine
2635 2356 2879 2425 dignum.

524 2451 712 2506 Sedcm
743 2450 844 2505 sibi
873 2451 1102 2520 eligebat
1288 2508 1289 2511 η
2064 2446 2239 2503 Chare
2259 2445 2386 2515 quid
2417 2446 2648 2515 linguam
2680 2448 2975 2503 taciturnus
3002 2448 3178 2517 abdis,

522 2538 783 2596 Clausula:
807 2543 1099 2610 ergastula.
1622 2610 1637 2617 _
1996 2539 2270 2594 Laudibus
2307 2538 2444 2593 Galli
2477 2553 2648 2607 neque
2680 2539 2832 2593 limus
2860 2540 3049 2598 instas,

590 2631 644 2685 tn
666 2648 766 2701 qua
792 2632 1070 2701 perfruens
1098 2645 1242 2703 smpe
1494 2621 1497 2624 ⁴
1996 2629 2161 2699 Cujus
2186 2642 2248 2685 es
2277 2628 2417 2683 victu
2447 2629 2743 2698 spoliisque
2769 2631 2940 2685 factus

524 2724 739 2779 Visione
766 2724 980 2790 caalica,
2348 2759 2365 2776 .
2394 2758 2409 2773 .
2443 2756 2461 2774 .
2494 2758 2506 2775 .
2540 2758 2557 2775 .
2591 2719 2786 2775 Virilis.

525 2816 782 2870 Divinitus
807 2815 1199 2871 devastandam
1864 2878 1868 2883 λ
2068 2810 2204 2877 Quid
2236 2812 2457 2881 prodest
2485 2822 2646 2868 temet
2673 2814 2866 2869 studiis
2898 2815 3170 2881 librorum,

522 2905 601 2959 Ab
632 2903 855 2975 Ungeris
878 2904 1257 2960 Alemanuiam
1954 2926 1965 2933 ·
1993 2903 2125 2959 Tam
2159 2905 2337 2960 brevis
2367 2906 2491 2959 vitai
2522 2907 2759 2960 morulas
2792 2906 3018 2972 dicasse,

532 2998 651 3052 Sua:
678 3014 892 3067 quoque
922 2998 1190 3066 passionis
1994 2995 2204 3065 Corpus
2234 3009 2296 3051 ac
2324 2997 2547 3050 fractum
2577 3011 2880 3053 macerasse
2911 3006 3115 3051 tantum

526 3089 893 3159 Praicoguovit
917 3091 1164 3160 gloriam.
1851 3142 1895 3160 Α
2350 3088 2407 3142 Si
2440 3087 2567 3141 nihil
2597 3086 2803 3144 audes?

606 3182 774 3252 llujus
805 3185 1072 3253 passionis
1101 3185 1189 3240 die
1847 3142 1895 3206 α
2068 3176 2159 3235 Sic
2184 3178 2476 3235 ocellorum
2508 3179 2727 3246 potiaris
2754 3193 2849 3233 usu
2869 3217 2882 3241 ,

530 3272 869 3328 Gratulamur
900 3291 1098 3341 annua,
1995 3263 2208 3341 Organa
2234 3269 2383 3323 vocis
2413 3282 2597 3323 careas
2625 3284 2725 3325 nec
2756 3285 3010 3340 unquam,

528 3367 865 3421 Postulemus
899 3368 1180 3421 unanimes
1998 3362 2189 3418 Munus
2217 3372 2271 3416 et
2303 3361 2541 3432 gaudens
2574 3377 2825 3416 manuum
2860 3371 3119 3426 retentes,

529 3456 670 3509 llius
698 3454 947 3526 sullragia
2350 3451 2537 3508 Scribe
2562 3452 2701 3521 quod
2737 3452 2942 3506 hortor.

531 3545 798 3599 Mereatur
829 3544 1095 3599 consolari
2067 3539 2123 3596 Si
2157 3540 2314 3595 times
2341 3541 2490 3595 solus
2516 3556 2680 3610 grave
2708 3543 2847 3594 ferre
2879 3540 3108 3609 pondus,

527 3634 594 3692 Ut
626 3647 807 3691 nostra
842 3637 1094 3701 miseria;
1987 3631 2146 3685 Colla
2183 3645 2282 3686 nec
2310 3631 2538 3685 multum
2573 3628 2930 3700 reprimanlur
2959 3642 3107 3687 arcta

597 3729 928 3797 Amisszeque
955 3728 1045 3782 diu
1075 3728 1253 3784 lumen
1995 3722 2164 3783 Fasce
2204 3732 2310 3776 tam
2359 3738 2550 3792 magno
2604 3723 2856 3779 relevabo
2907 3733 3109 3779 temet:

528 3818 811 3874 Reintrare
837 3820 1047 3887 patriis,
2351 3814 2527 3870 Psalle
2552 3813 2810 3871 vicissim.

522 3910 691 3976 Quam
723 3909 839 3963 lilio
871 3910 1117 3980 virginali
1924 3929 2102 3984 Πυκνὶ

1927 3929 2199 3999 Rescripta
2231 3928 2541 3984 Hartmanni
2568 3930 2636 3983 ad
2662 3930 2931 3999 epistolam
2980 3929 3198 3985 Nolkcri
3222 3932 3316 3986 sibi
3344 3936 3507 4001 profa-

525 4000 819 4054 lntraverat
860 3999 1021 4055 hodie
2643 4011 2767 4053 tam.

530 4090 820 4157 Redimita,
851 4092 1172 4161 proprioque
2275 4088 2410 4157 Quid
2439 4099 2541 4155 est.
2567 4090 2723 4145 Pater
2745 4090 3075 4158 dulcissime,

532 4180 761 4237 Boseata
788 4182 1069 4251 sanguine.
2203 4183 2456 4240 Strictum
2481 4185 2640 4254 jubes
2672 4186 2808 4255 quod
2838 4201 3054 4243 currere

592 4270 747 4336 Quod
774 4270 993 4339 dignare
1025 4272 1199 4337 nobis,
1232 4272 1460 4345 simplex
2211 4276 2354 4330 Artis
2384 4284 2675 4330 metrorum
2707 4275 2957 4343 vinculis,

522 4362 778 4431 Trinitas,
808 4364 1108 4420 concedere
2201 4366 2362 4422 Lazis
2394 4367 2670 4421 timentem
2704 4369 2975 4435 gressibus

518 4452 597 4508 Ne
627 4456 855 4522 pretium
884 4456 1025 4525 quod
1054 4455 1327 4525 proﬂuxit,
1844 4493 1897 4553 D
2277 4458 2447 4511 lnstas
2479 4472 2697 4525 precum
2729 4460 3026 4530 certamine

521 4545 757 4613 Christe,
791 4557 880 4602 tuo
908 4548 1076 4603 latere
1844 4545 1888 4553 ”
2206 4547 2363 4602 Jussu
2394 4562 2648 4616 perurges
2670 4546 2892 4618 iugiter,

520 4640 824 4693 Annuletur
847 4639 958 4708 jam
988 4639 1279 4708 redemptis
2206 4639 2315 4694 Nec
2345 4654 2532 4707 passus
2560 4639 2720 4692 ullam
2753 4638 2994 4705 protinus

524 4732 607 4786 Ad
634 4747 869 4801 perenne
896 4732 1099 4788 vivere.
2202 4733 2381 4801 Cogis,
2412 4746 2641 4796 moram,
2671 4730 2987 4784 rescribere.

313 4824 471 4877 Divus
514 4822 578 4877 P.
613 4822 677 4876 Ν.
704 4822 999 4892 Netkerus,
1050 4825 1222 4894 inquit
1266 4824 1557 4881 Melzlerus
1582 4867 1598 4895 ,
1652 4826 1817 4882 edidit
2274 4825 2466 4878 Tecum
2497 4824 2652 4895 jubes
2679 4819 2969 4888 colludere,

256 4926 367 4982 post
392 4914 747 4991 Walefridum
778 4914 954 4971 Vitam
997 4918 1165 4972 sancti
1207 4915 1342 4972 Galli
1372 4920 1595 4973 metrice
1640 4935 1696 4973 ιιι
1748 4920 1815 4975 li-
2220 4915 2369 4971 Dulci
2400 4916 2632 4973 vicissim
2664 4918 2921 4984 carmine,

244 5000 381 5065 bris,
429 5003 500 5057 de
542 5015 651 5070 quo
678 5016 875 5070 apere,
904 5003 1045 5071 quod
1098 5003 1352 5058 hactenus
1394 5019 1499 5058 non
1542 5005 1677 5070 vidi,
1716 5008 1817 5062 nisi
2206 5008 2337 5062 Cum
2366 5018 2489 5062 vate
2519 5018 2623 5061 tam
2657 5009 2930 5077 prtenobili

248 5106 399 5157 pauca
426 5093 565 5160 haec,
591 5107 658 5147 ea
685 5093 991 5164 subjiciam.
1023 5094 1325 5150 Notandum
1379 5097 1659 5164 scripsisse
1687 5097 1817 5150 Not-
2214 5099 2417 5153 Rudem
2449 5108 2658 5170 poetam
2683 5110 2736 5153 et
2763 5100 3044 5155 rusticum.

246 5181 417 5237 herum
466 5194 714 5237 nostrum
756 5185 894 5254 stylo
940 5193 994 5239 et
1033 5185 1192 5239 modo
1219 5186 1412 5253 dialogi
1441 5226 1455 5249 ,
1490 5187 1576 5240 ubi
1601 5186 1815 5255 quidem
2282 5192 2515 5246 Taurum
2544 5193 2695 5259 cupis
2724 5192 3073 5249 fortiSsimum

248 5272 625 5330 interlocutore
665 5290 795 5331 usus
845 5285 930 5330 est
972 5275 1147 5345 primo
1190 5277 1518 5332 llartmanno
1566 5278 1787 5335 Juniore
2208 5282 2384 5337 Buclae
2415 5283 2624 5337 tenellae
2660 5281 2892 5353 iungere

242 5360 499 5431 discipulo
536 5381 667 5433 suo,
714 5366 885 5421 sancti
927 5366 1159 5422 Udalriei
1210 5379 1397 5437 postea
1447 5379 1815 5440 praeceptore,
2210 5375 2507 5445 Viunmque
2535 5378 2663 5430 mite
2690 5377 2924 5446 disparis

244 5451 432 5539 deinde
460 5456 728 5524 reliquum
755 5472 877 5511 cum
904 5456 1139 5527 Rapcrto
1162 5458 1382 5514 Juniore
1416 5461 1653 5528 patruele
1683 5478 1810 5529 suo,
2207 5464 2374 5519 Gustu
2402 5468 2608 5535 saporis
2636 5468 2863 5539 tingere.

244 5535 475 5613 Raiperli
522 5556 704 5605 autem
752 5549 987 5604 senioris
1013 5559 1208 5618 nepote
1230 5590 1246 5616 ,
1275 5568 1430 5621 quem
1464 5552 1578 5621 ipse
1602 5567 1817 5622 quoque
2270 5558 2331 5617 Si
2357 5559 2483 5625 quid
2517 5568 2694 5617 tamen
2723 5535 2783 5615 tu
2809 5562 2995 5614 viriqu

243 5703 592 5842 abzaxid‘esliu;
608 5704 846 5763 alludere
874 5705 941 5761 ad
968 5705 1195 5776 aliquam
1227 5707 1527 5776 historiam,
1559 5725 1715 5779 quam
1750 5711 2104 5769 llarlmanuus
2132 5710 2429 5784 scripserit,
2460 5711 2600 5770 unde
2623 5712 2760 5769 forte
2784 5715 2920 5785 quod
2953 5713 3138 5771 tribuit
3169 5713 3509 5773 Hartmanno
