4002 6350
211 299 275 357 73
1497 288 1765 344 NU'I'ITIA
1810 280 2186 341 HISTORICA.
3411 273 3483 329 74

208 423 261 471 et
286 412 513 469 multum
558 408 889 467 misericors.
924 407 1091 478 Hujus
1118 405 1496 476 temporibus'l
1521 403 1793 458 Mauritius
1826 405 1871 463 Α
1899 398 2047 465 juxta
2099 393 2369 447 civitatem
2424 390 2787 446 Ravennatem
2843 390 2897 446 in
2946 388 3121 445 locum
3148 388 3239 458 qui
3286 388 3483 445 dicitur

210 503 581 570 chartularius,
615 518 713 574 per
737 517 897 572 quem
926 502 1090 556 multa
1129 500 1265 560 mala
1297 506 1550 567 operatus
1577 505 1660 552 est
1690 496 1795 549 Isa-

209 600 314 655 cius
361 598 635 666 patritius,
682 611 805 649 cum
843 596 950 664 jam
987 594 1377 648 increhuissettt
1407 600 1620 661 peccata
1651 590 1793 659 ejus,

209 691 360 746 beato
390 690 558 745 Petro
586 687 833 757 apostolo
862 685 1241 759 [increvissent
1267 694 1454 739 contra
1489 684 1548 736 R.
1579 682 1794 736 Petrum

208 777 556 850 apostolum],
605 790 661 833 ut
689 793 784 833 eos
813 776 979 849 {eum}
1009 776 1348 831 haereditaret
1377 774 1515 844 ignis
1537 772 1797 826 inexstin-

210 872 440 943 guibilis,
468 870 699 924 consilio
727 867 920 922 ductus
944 868 1339 935 suprascriptus
1370 863 1645 918 Mauritius
1674 876 1797 915 cum

212 962 338 1030 ipsis
372 961 575 1031 quibus
601 970 757 1015 antea
779 961 1151 1013 devastaverat
1176 956 1457 1012 ecclesiam
1483 955 1573 1008 Dei
1602 954 1799 1008 1intar-

212 1053 390 1106 tisavit
419 1050 679 1106 adversus
722 1048 916 1121 [erexit
940 1061 1020 1112 se,
1046 1044 1419 1117 tyrannisavit]
1450 1043 1676 1099 Isacium
1704 1058 1797 1110 pa-

212 1143 438 1206 tritium,
498 1150 557 1194 et
610 1138 757 1194 misit
800 1154 895 1207 per
940 1139 1116 1193 omnia
1145 1146 1343 1199 castra,
1375 1152 1495 1207 qua:
1520 1144 1675 1190 erant
1699 1134 1801 1189 sub

211 1231 427 1286 civitate
470 1230 712 1284 Romana
762 1244 857 1298 per
884 1228 1184 1291 circuitum,
1233 1239 1287 1280 et
1314 1226 1794 1295 eongregaviteos',

212 1337 264 1379 et
306 1321 635 1378 constrinxit
664 1336 724 1375 se
750 1334 871 1375 cum
904 1320 1035 1387 ipsis
1067 1321 1119 1372 itt
1148 1318 1351 1389 [secum
1384 1317 1526 1385 ipsos
1558 1314 1676 1389 per]
1701 1333 1791 1368 sa-

212 1422 545 1468 cramean
564 1409 972 1482 [sacramento],
1017 1419 1072 1463 ut
1094 1408 1350 1475 deinceps
1377 1407 1552 1460 nullus
1581 1422 1643 1461 ex
1671 1407 1801 1475 ipsis

215 1504 532 1559 'debuisset
575 1502 796 1556 obedire
853 1502 1041 1566 Isaeio,
1096 1515 1272 1570 neque
1322 1498 1625 1553 hominibus
1659 1497 1798 1565 ejus,

216 1596 301 1665 qui
342 1594 691 1649 affirmabant
739 1592 1043 1661 eutn,>quia
1100 1591 1203 1645 sibi
1257 1606 1482 1660 regnum
1525 1590 1802 1656 imponere

217 1687 239 1718 ³
254 1687 509 1741 noluisset
535 1684 681 1756 [quia
705 1681 1010 1737 affirmabat
1024 1696 1145 1736 eum
1170 1680 1271 1734 sibi
1289 1695 1505 1749 regnum
1526 1678 1801 1746 imponere

1898 499 1921 528 ο
1943 488 2183 544 FiCuclas
2207 485 2476 560 [Ficudas]
2507 486 2822 541 duodecimo
2853 478 3102 539 milliario
3124 498 3154 537 a
3170 483 3402 549 civitate,
3424 494 3480 539 et

1896 581 1969 635 ibi
2015 581 2417 635 decollaverunt
2475 578 2800 643 Mauritium,
2846 576 2969 647 quia
3017 575 3094 631 sic
3124 577 3177 631 in
3207 576 3473 632 mandatis

1897 680 2215 741 acceperant
2243 688 2271 725 a
2320 660 2683 739 suprascripto
2731 669 2921 733 lsacio,
2952 678 3011 723 ut
3034 668 3189 723 vivus
3208 669 3478 722 civitatem

1900 762 2266 818 Ravennatem
2312 778 2416 815 non
2452 760 2842 829 ingrederetur.
2878 758 2946 813 Et
2974 768 3251 827 postquam
3296 758 3478 812 decut-

1900 852 2036 906 latus
2080 862 2183 915 est,
2229 852 2469 905 levantes
2511 856 2671 919 caput
2696 848 2837 919 ejus,
2868 848 3135 902 duxerunt
3156 844 3481 919 [portarunt]

1901 945 2233 1000 Ravennam.
2266 944 2463 999 Videns
2496 953 2673 999 autem
2709 943 2902 997 Isacius
2932 952 3090 1010 caput
3119 941 3367 1006 Mauritii,
3393 956 3480 1009 ga-

1901 1038 2043 1092 visus
2090 1047 2195 1092 est.
2257 1036 2322 1091 Et
2348 1037 2473 1092 fecit
2498 1035 2563 1089 ad
2591 1035 2894 1099 exemplum
2930 1034 3224 1087 multorum
3256 1034 3308 1084 in
3335 1031 3479 1085 circc

1901 1129 2212 1183 Ravennate
2261 1128 2313 1182 in
2360 1126 2598 1197 stipitem
2650 1125 2796 1196 poni.
2848 1125 2971 1179 Illos
3010 1133 3210 1185 autem,
3239 1122 3329 1190 qui
3361 1136 3485 1175 cum

1902 1221 2022 1291 ipso
2054 1221 2241 1275 directi
2267 1221 2496 1287 fuerant,
2520 1233 2709 1274 omnes
2734 1218 3021 1273 imboiatos
3044 1215 3299 1287 [bojatosl
3328 1215 3490 1284 jussit

1901 1324 2050 1372 arcta
2108 1313 2354 1370 custodia
2393 1313 2447 1367 in
2476 1326 2752 1368 carcerem
2784 1312 2940 1375 mitti,
2970 1311 3211 1380 cogitans
3240 1322 3334 1362 eos
3355 1322 3490 1377 quo-

1904 1410 2064 1465 modo
2094 1409 2329 1478 puniret,
2372 1406 2467 1462 sed
2494 1422 2614 1462 cum
2644 1420 2706 1459 ea
2737 1413 3044 1474 agerentur,
3076 1417 3196 1457 mox
3230 1400 3490 1469 Deijudi-

1902 1501 1987 1556 cio
2015 1500 2143 1569 ipsis
2172 1498 2361 1553 diebus
2390 1511 2676 1567 percussus
2706 1494 2891 1550 divino
2928 1495 3033 1547 ictu
3066 1492 3272 1546 interiit
3293 1488 3492 1544 Isacius

1903 1599 1958 1644 et
1981 1601 2223 1644 mortuus
2268 1596 2371 1643 est.
2405 1586 2444 1640 li
2475 1596 2676 1651 autem,
2703 1586 2792 1653 qui
2818 1582 3012 1638 reclusi
3033 1589 3206 1642 erant,
3230 1591 3489 1635 exeuntes

1904 1680 1973 1735 de
2012 1695 2250 1748 carcere,
2299 1678 2507 1733 reversi
2539 1686 2666 1732 sunt
2706 1675 2900 1745 singuli
2928 1681 3020 1744 pe’r
3051 1674 3163 1727 loca
3188 1687 3301 1727 sua.
3328 1671 3356 1709 ά
3380 1674 3489 1727 Λιι-

220 1777 391 1848 velle].
437 1776 681 1831 Audiens
710 1776 823 1829 haec
853 1773 1051 1828 [sat-ius
1084 1772 1349 1842 patritius,
1384 1786 1450 1826 eo
1472 1772 1614 1840 quod
1646 1770 1798 1824 Mau-
1835 1765 1879 1825 Β
1906 1775 2061 1830 diens
2100 1775 2202 1829 hoc
2244 1770 2555 1845 [Constans]
2607 1773 2899 1839 imperator
2938 1768 3058 1837 quia
3088 1766 3373 1822 defunctus
3402 1778 3491 1821 eSt

220 1871 335 1924 ritio
379 1869 564 1924 omnis
606 1866 878 1922 exercitus
926 1865 1091 1919 Italia:
1148 1873 1489 1919 sacramenta
1540 1861 1799 1929 dedisset,

224 1962 361 2016 misit
384 1961 594 2015 Donum
626 1959 942 2027 magistrum
968 1958 1195 2011 militum
1217 1968 1269 2011 et
1287 1955 1620 2010 sacellarium
1645 1970 1803 2008 suum

223 2052 282 2107 ad
314 2052 588 2107 civitatein
638 2050 864 2103 Romam
924 2064 1043 2103 cum
1074 2049 1336 2103 exercitu.
1369 2049 1468 2116 Qui
1501 2049 1719 2102 veniens
1752 2047 1804 2100 in

225 2142 481 2197 civitatem
542 2140 864 2203 Romanam,
916 2154 1104 2194 omnes
1143 2139 1374 2208 judices,
1406 2154 1502 2194 seu
1532 2139 1809 2194 exercitus

229 2236 491 2289 Romanus
530 2229 829 2305 [Romani],
879 2233 968 2299 qui
1013 2232 1159 2299 prius
1202 2245 1264 2285 se
1290 2246 1411 2286 cum
1435 2230 1682 2285 Mauritio
1712 2244 1803 2284 sa-

228 2337 491 2382 cramento
547 2324 1002 2392 constrinxerant,
1052 2327 1248 2380 timore
1289 2324 1432 2379 ducti
1475 2325 1807 2380 dimittentes

230 2419 519 2473 Mauritium
577 2418 990 2485 cltartularittm,
1014 2433 1203 2472 omnes
1226 2432 1284 2471 se
1306 2432 1426 2471 cum
1460 2418 1610 2472 Dono
1634 2416 1655 2447 ⁸
1682 2418 1808 2485 jun-

232 2520 412 2565 xerunt
440 2509 659 2582 [omnes
696 2524 759 2565 se
794 2511 858 2563 ad
890 2510 1029 2564 dona
1058 2507 1371 2579 verterunt].
1400 2507 1466 2562 Et
1485 2509 1727 2580 ingresso
1743 2524 1809 2564 eo

234 2603 446 2658 Romam
486 2602 621 2673 fugit
663 2602 941 2657 Mauritius
968 2602 1032 2655 ad
1074 2600 1284 2655 beatam
1316 2600 1539 2655 Mariam
1567 2602 1633 2655 ad
1668 2600 1808 2655 Prte-

236 2712 372 2767 sepe,
423 2712 585 2767 quem
632 2696 884 2750 tollentes
926 2694 993 2748 de
1024 2693 1253 2749 ecclesia
1286 2694 1552 2748 miserunt
1578 2692 1606 2731 b
1635 2693 1811 2747 boiam

240 2788 290 2840 in
326 2786 513 2841 collum
560 2786 697 2855 ejus.
750 2784 1014 2840 Similiter
1056 2794 1111 2838 et
1139 2798 1350 2849 omnes,
1378 2783 1470 2851 qui
1502 2782 1554 2835 in
1585 2782 1813 2836 consilio

239 2890 349 2932 cum
393 2878 512 2947 ipso
568 2879 804 2943 fuerant,
836 2876 1120 2930 imboiatos
1151 2873 1403 2948 [bojatos]
1435 2874 1581 2927 misit
1609 2873 1815 2929 Raven-

240 2985 351 3024 nam
382 2987 475 3040 per
501 2986 694 3025 manus
726 2970 952 3025 Maurini
976 2969 1262 3033 scribonis,
1295 2979 1350 3023 et
1371 2968 1616 3023 'l‘homati
1648 2967 1815 3039 [Tho-

1907 1868 2131 1933 lsacius,
2182 1864 2327 1919 misit
2365 1863 2709 1919 Theodorum
2754 1860 3025 1930 patritinm
3064 1856 3373 1922 esarchutn,
3406 1855 3493 1911 cui

1907 1964 2318 2028 COgnomentum
2366 1954 2626 2021 Calliopa,
2685 1953 2749 2007 ad
2800 1951 3089 2021 regendam
3135 1964 3347 2003 omnem
3378 1948 3494 2003 Ita-

1908 2047 2054 2102 liam.
2107 2048 2130 2076 °
2184 2046 2316 2114 Ipsis
2366 2046 2697 2115 temporibus
2748 2043 2899 2098 venit
2925 2042 3164 2111 Pyrrhus
3196 2058 3261 2095 ex
3292 2040 3494 2103 Africa,

1910 2143 1999 2210 qui
2053 2141 2219 2194 fuerat
2251 2140 2549 2209 patriarcha
2572 2135 3196 2204 Con~tautinopolitanus
3224 2135 3276 2187 itt
3309 2134 3492 2187 urbem

1914 2235 2137 2289 Romam
2191 2232 2453 2305 [Pyrrhus
2517 2232 2815 2302 patriarcha
2870 2227 3498 2297 Constantinopolitanus

1910 2329 2058 2383 venit
2084 2324 2334 2396 Romam]
2365 2324 2433 2379 ad
2464 2325 2645 2379 limina
2670 2323 3053 2393 apostolorum.
3099 2320 3199 2386 Qui
3225 2320 3497 2389 ingressus

1910 2420 2147 2476 libellum
2201 2419 2395 2474 obtulit
2444 2434 2567 2473 cum
2617 2431 2711 2472 sua
2741 2414 3142 2482 subscriptione
3192 2412 3498 2481 apostolicae

1912 2522 2110 2567 nostrae
2138 2512 2252 2565 sedi
2280 2511 2333 2565 in
2367 2509 2651 2579 praesentia
2681 2507 2859 2563 cuncti
2886 2506 3019 2561 cieri
3050 2514 3104 2560 et
3136 2504 3338 2574 pepuli,
3369 2518 3501 2557 eou-

1913 2603 2176 2657 detnttans
2230 2602 2281 2656 in
2329 2602 2520 2657 eodem
2568 2600 2755 2655 libello
2807 2600 2990 2652 omnia
3038 2611 3319 2665 quatase,
3359 2596 3499 2650 vela

1913 2695 2287 2749 decessoribus
2315 2694 2426 2747 suis
2450 2694 2667 2759 scripta,
2702 2690 2784 2745 vel
2810 2699 2925 2744 acta
2955 2699 3079 2743 sunt
3107 2688 3367 2742 adversus
3396 2687 3495 2740 int-

1917 2786 2234 2840 maculatam
2266 2793 2503 2838 nostram
2538 2783 2722 2837 fidem.
2743 2781 2834 2835 llis
2858 2781 3039 2849 itaque
3064 2778 3132 2832 ab
3152 2792 3217 2832 eo
3249 2776 3500 2847 peractis,

1920 2876 2048 2930 fecit
2094 2890 2214 2930 eum
2266 2888 2485 2930 munera
2532 2887 2756 2943 erogare
2794 2874 2845 2925 in
2878 2871 3124 2941 populum
3153 2867 3416 2941 [populo],
3452 2880 3501 2922 et

1919 2967 2224 3023 cathedram
2272 2967 2323 3020 ei
2371 2965 2492 3033 poni
2542 2965 2690 3034 juxta
2738 2965 2945 3027 altare,
2996 2962 3268 3017 honoratis
3292 2976 3415 3016 eunt
3449 2972 3503 3013 nt

242 3059 403 3131 :nasii]
454 3058 791 3115 cbartularii.
824 3059 925 3126 Qui
953 3058 1279 3115 deducentes
1322 3072 1417 3113 eos
1450 3071 1810 3126 pervenerunt
1840 3059 1887 3122 C
1916 3060 2250 3116 sacerdmetn
2302 3062 2461 3130 regite
2511 3058 2759 3112 civitatis.
2812 3054 2832 3095 ί
2870 3056 3061 3111 Postea
3110 3069 3298 3110 rursus
3352 3068 3501 3109 more

305 3285 321 3312 ‘
350 3282 600 3334 Intatisav
624 3290 661 3332 t.

307 3355 324 3383 ²
358 3354 593 3405 Ubediret
619 3349 808 3402 Isaae.

301 3424 323 3451 ³
362 3421 632 3476 Valuisset.

1120 3184 1507 3243 LECTIONES
1549 3186 1942 3250 VARIANTES
1984 3194 2073 3248 EX
2112 3192 2265 3247 CUD.
2307 3192 2457 3247 LUC.
2504 3190 2632 3246 490.

1953 3358 1966 3369 ⁸
1998 3286 2021 3317 δ
2047 3284 2321 3340 Fecerunt.
2366 3282 2431 3336 Et
2476 3285 2694 3338 amavit.
2752 3283 2888 3339 Sede
2936 3299 3042 3352 ipse
3082 3284 3397 3353 depositione
3421 3296 3504 3336 ut-

1926 3366 2079 3423 tione,
2114 3366 2217 3412 etc.

1476 3531 1681 3587 iVU'l‘IE
1718 3531 2030 3590 SEVERINI
2076 3531 2249 3586 lilNll.

242 3647 399 3717 (quod
421 3646 608 3717 Typus
636 3642 957 3717 appellatur)
989 3651 1327 3717 proponeret,
1359 3658 1467 3711 quo
1492 3644 1820 3712 signiﬁcare-

243 3713 324 3771 tur
366 3713 655 3771 tacendum
705 3728 826 3769 esse
868 3714 937 3766 de
980 3728 1041 3766 ea
1075 3713 1440 3777 altercatione,
1468 3717 1680 3781 quzetle
1719 3733 1822 3771 una

244 3802 331 3841 seu
383 3788 455 3841 de
510 3785 718 3838 duabus
768 3783 1130 3837 voluntatibus
1174 3785 1224 3837 in
1254 3784 1468 3838 Christo
1490 3788 1820 3853 vertebatur,

242 3858 312 3911 ita
338 3856 581 3910 futurum
613 3853 961 3922 pollicebatur
1002 3854 1332 3921 imperatori,
1365 3864 1419 3907 ttt
1451 3870 1638 3909 omnes
1667 3856 1823 3910 Chri-

241 3926 392 3981 stiani
422 3926 579 3979 orbis
607 3925 857 3978 Ecclesia:
878 3925 928 3975 in
958 3939 1113 3976 unam
1137 3924 1484 3994 eamdemque
1502 3927 1822 3981 sententiam

243 3996 542 4052 unirentttr.
580 3995 757 4048 Paruit
795 3995 1082 4059 imperator
1109 3995 1382 4061 episcopo,
1416 4006 1597 4062 typum
1630 3997 1819 4061 edidit,

243 4082 469 4135 eamque
516 4064 759 4135 Romano
800 4064 1028 4131 pontifici
1059 4065 1362 4117 insinuavit.
1400 4064 1640 4118 Pontifex
1667 4083 1819 4121 acce-

246 4148 331 4202 pto
359 4134 487 4206 typo
511 4134 774 4206 synodum
797 4135 1127 4206 convoeavit,
1162 4135 1213 4187 in
1238 4150 1336 4206 qtta
1372 4135 1554 4206 Patres
1585 4151 1815 4204 congre-

244 4210 343 4274 gati
384 4204 646 4259 eumdem
682 4216 860 4273 typum
907 4204 1064 4256 simul
1096 4218 1216 4256 cum
1251 4204 1411 4274 Paulo
1440 4204 1821 4260 Constantino-

246 4273 475 4345 politano
504 4276 755 4343 episcopo
774 4275 1223 4345 Condetttttarunt:
1250 4273 1481 4345 dumque
1502 4279 1822 4331 sententiain

247 4343 454 4401 concilii
488 4346 796 4415 imperatori
823 4352 877 4398 et
898 4343 1213 4415 patriarcha:
1245 4344 1621 4415 insinuassent,
1654 4348 1822 4415 impe-

247 4429 389 4470 rator
413 4429 467 4470 et
500 4414 807 4485 patriarcha
836 4413 1001 4483 (quod
1029 4415 1166 4467 male
1194 4414 1418 4485 refertur
1440 4416 1491 4469 in
1521 4415 1633 4470 Vita
1655 4413 1822 4472 sancti

249 4487 458 4541 llartini
501 4471 687 4554 ἰρι-πρῖε)
733 4485 787 4538 in
814 4471 1187 4555 apocrisiarius
1212 4483 1481 4539 'I‘heodori
1516 4500 1663 4555 papas
1687 4471 1827 4541 (Zon-
1855 4471 1907 4530 Ι)

248 4557 600 4624 stantinopoli
648 4560 901 4625 degentes
952 4554 1129 4608 furore
1176 4554 1709 4619 exarserunt,altare
1739 4572 1831 4613 eo-

251 4629 496 4681 rutndem
532 4628 588 4679 ιιι
619 4623 812 4692 palatio
842 4623 1111 4689 Placidia},
1133 4627 1220 4678 ubi
1251 4626 1584 4689 habitabant,
1610 4629 1833 4683 subver-

253 4706 456 4760 terent,
481 4697 787 4750 sacrificare
812 4694 1029 4749 eosdem
1058 4710 1162 4748 non
1197 4698 1569 4761 permiserunt;
1590 4708 1663 4766 et,
1690 4699 1831 4766 quod

253 4769 400 4836 pejus
454 4778 559 4829 est,
609 4766 946 4836 sacerdotum
989 4766 1376 4819 catholicorum
1407 4768 1537 4820 alios
1570 4770 1621 4822 in
1648 4784 1834 4824 carce-

252 4835 362 4893 rem
406 4839 788 4900 detruserunt,
839 4835 973 4889 alios
1023 4837 1075 4889 in
1117 4837 1365 4890 exsilium
1394 4838 1833 4905 deportaverunt,

251 4910 384 4963 alios
427 4908 665 4974 denique
715 4906 1024 4961 verberibus
1078 4907 1350 4974 subjectos
1398 4910 1546 4975 gravi
1597 4912 1835 4963 cruciatu

254 4980 498 5045 corporis
526 4978 840 5030 affecerunt.
874 4977 999 5030 Ilaec
1030 4992 1096 5030 ex
1120 4978 1252 5031 actis
1265 4979 1612 5047 synodalibus
1626 4981 1834 5034 concilii

256 5048 644 5104 Lateranensis
680 5055 875 5119 secret.
916 5061 953 5108 l,
1004 5057 1057 5101 et
1095 5049 1265 5101 sancti
1299 5048 1513 5102 Maximi
1550 5048 1665 5104 Vita
1697 5051 1834 5119 apud

260 5120 473 5173 Sorium
503 5157 518 5180 ,
582 5129 634 5169 et
671 5131 736 5171 ex
777 5118 1102 5185 Theophane
1140 5130 1194 5171 et
1233 5120 1516 5172 Anastasio
1557 5118 1835 5176 Baronius.

330 5199 354 5225 ι
389 5188 673 5242 ﬂaarititts
703 5186 1066 5241 cltartularius.
1090 5188 1185 5242 Hic
1213 5199 1296 5242 est
1327 5189 1414 5244 ille
1445 5189 1723 5244 Mattritius
1750 5194 1838 5258 qtti

262 5261 361 5310 sub
408 5258 722 5326 pontificatu
776 5258 1016 5312 Severini
1073 5258 1487 5313 Lateranensem
1542 5260 1838 5316 Ecclesiatn

264 5332 535 5395 expilavit,
582 5331 807 5395 idecque
848 5331 986 5395 justa
1018 5329 1107 5381 Dei
1134 5330 1332 5383 ultione
1361 5330 1411 5381 itt
1444 5345 1658 5399 ptenam
1689 5348 1842 5386 eont-

263 5402 409 5454 tuissi
465 5399 735 5468 sacrilegii
779 5400 847 5451 ab
894 5399 1115 5453 ecclesia
1170 5399 1595 5465 abstrahebatur,
1630 5404 1844 5469 quando

263 5471 327 5527 ad
370 5472 545 5539 ipsam
600 5485 713 5541 pro
741 5471 919 5541 salute
944 5471 1279 5541 confugiens
1327 5472 1581 5525 auxilium
1615 5483 1841 5541 peteret.

268 5540 483 5603 Harum,
516 5556 664 5593 anno
689 5539 818 5603 643,
852 5555 906 5593 n.
940 5539 991 5591 5.

332 5610 357 5644 δ
386 5611 593 5665 Boiam.
628 5609 683 5664 ltl
711 5621 795 5666 est
822 5611 1110 5663 vinculum.

338 5693 358 5718 ε
396 5681 662 5736 Fit-actas.
717 5684 811 5734 list
846 5682 1067 5734 ecclesia
1100 5680 1429 5747 Ficodeusis,
1464 5683 1621 5740 hodie
1650 5683 1846 5740 Cervia

271 5756 555 5809 nominata.
592 5754 872 5811 Baronitts,
906 5766 1048 5804 anno
1077 5750 1204 5815 (iii,
1237 5770 1289 5804 tt.
1330 5754 1380 5806 5.

597 5848 874 5906 Parnm.
918 5842 1083 5902 LXX
1102 5844 1297 5903 XVII.

1999 3645 2023 3684 ἀ
2056 3645 2283 3699 Audiens
2332 3646 2427 3696 hoc
2476 3646 2751 3712 imperator
2776 3642 2898 3709 quia
2925 3641 3197 3710 defunctus
3213 3652 3286 3695 est
3309 3642 3507 3701 lsacius

1923 3718 2061 3771 misit
2099 3716 2423 3769 Theodorum
2466 3714 2731 3779 patritittm
2750 3713 3045 3767 exarchum.
3088 3713 3358 3768 Platonem
3393 3719 3502 3769 hm-

1926 3788 2147 3842 reticum
2199 3790 2486 3839 cxarchum
2530 3792 2653 3837 ante
2683 3783 3021 3837 Theodorum
3052 3784 3343 3847 Callionam
3374 3787 3502 3841 mis-

1926 3872 2043 3911 sunt
2095 3857 2260 3911 fuisse
2316 3855 2366 3908 in
2421 3854 2647 3918 Italiam,
2681 3866 2890 3907 constat
2919 3869 2984 3908 ex
3009 3855 3167 3915 epist.
3199 3856 3266 3909 16
3299 3855 3509 3910 Martini

1927 3942 2099 3997 βψω,
2133 3941 2234 3993 qua
2264 3926 2460 3980 dici’ttr
2491 3940 2557 3979 eo
2585 3935 2845 3994 tempore,
2870 3941 2971 3993 qui
2998 3925 3509 3997 PyrrhusConstatt-

1930 3994 2310 4067 iittOpolitanus
2360 3998 2645 4067 episcopus
2688 4012 2747 4049 se
2794 3998 3015 4067 liquam
3042 3994 3295 4061 contulit,
3324 3994 3511 4053 Plato-

1928 4064 2059 4121 nettt'
2096 4067 2395 4137 qnemdaqt
2433 4065 2725 4119 exarchttm
2775 4064 2955 4132 fuisse,
3008 4080 3240 4137 suosque
3278 4069 3343 4119 ad
3376 4068 3507 4135 Pyr-

1928 4142 2083 4192 rhum
2108 4135 2320 4259 ﬁgunt:
2368 4135 2651 4205 degentem
2706 4137 2989 4191 direxisse.
3047 4136 3178 4190 Vide
3219 4137 3505 4192 Baronium

1928 4223 2069 4259 anno
2217 4252 2230 4259 -

1926 4223 2069 4261 anno
2108 4210 2230 4264 645,

2005 4289 2026 4314 ε
2057 4276 2192 4346 Ipsis
2220 4275 2530 4341 temporibus
2552 4278 2689 4329 venit
2722 4274 2954 4345 Pyrrhus
2974 4293 3037 4328 et:
3062 4276 3238 4343 Africa
3266 4278 3318 4331 in
3335 4278 3511 4332 urbem

1931 4350 2175 4404 Romam.
2230 4348 2466 4418 Pyrrhus
2517 4347 2611 4418 de,
2642 4347 2767 4399 ittita
2821 4348 3193 4418 coniuratione
3235 4352 3284 4402 in
3322 4364 3509 4405 necem

1930 4420 2267 4475 Constantini
2307 4417 2647 4483 imperatoris
2676 4432 2797 4471 cum
2832 4417 3059 4471 Martina
3092 4420 3324 4486 Augusta
3355 4420 3512 4472 diffa-

1934 4501 2126 4554 matus,
2181 4489 2385 4557 fugerat
2429 4489 2480 4541 itt
2510 4486 2763 4549 Africam,
2798 4498 2855 4540 ut
2884 4503 3042 4557 supra
3066 4488 3194 4551 dixi,
3226 4488 3512 4555 habituque

1933 4556 2281 4615 celeberrima
2313 4558 2674 4627 disputatione
2702 4572 2822 4611 cum
2854 4556 3079 4627 Maximo
3107 4559 3384 4611 convictus
3414 4574 3509 4613 sua

1932 4640 2124 4700 sponte
2155 4629 2382 4684 Romam
2404 4626 2592 4700 venit,
2616 4626 3129 4700 oblataque‘ibidem
3172 4627 3353 4700 libello
3391 4644 3505 4696 pm-

1937 4697 2195 4765 n'iletttize,
2250 4709 2306 4754 et
2348 4699 2586 4766 abjurata
2615 4697 2827 4763 haeresi,
2862 4697 3017 4749 εἰδείη
3058 4698 3330 4764 professus
3364 4700 3465 4754 fttit
3496 4716 3512 4754 :

1936 4781 2132 4841 prteter
2178 4785 2240 4824 ea
2287 4784 2406 4841 qua:
2457 4767 2525 4841 de
2574 4776 2769 4841 eventu
2811 4766 3188 4841 disputationis
3229 4769 3314 4823 hic
3369 4770 3511 4838 apud

1937 4838 2277 4897 Anastasium
2304 4851 2357 4893 et
2385 4840 2436 4891 in
2472 4839 2583 4906 ipsa
2612 4838 2977 4905 disputatione
3005 4842 3369 4901 c0ntittentur,
3396 4842 3508 4899 haec

1938 4910 2500 4978 scribit'l‘heophanes
2533 4926 2545 4959 :
2586 4908 2855 4978 «Pyrrhus
2881 4923 3008 4963 vero
3032 4924 3152 4964 cum
3183 4912 3515 4979 pervenisset

1940 4984 1991 5035 in
2009 4979 2238 5035 Africam
2258 4979 2454 5031 mutuis
2471 4993 2590 5033 cum
2610 4989 2796 5034 sancto
2813 4981 3042 5033 Maximo
3062 4982 3515 5049 videturaspecti-

1940 5053 2056 5110 bus.
2086 5052 2225 5105 'ahba
2254 5050 2497 5104 videlicet
2526 5050 2924 5118 religiosissime
2953 5051 3006 5104 in
3048 5053 3360 5107 monasticis
3386 5070 3509 5107 cor-

1944 5121 2291 5187 rectionibtts,
2344 5136 2550 5174 necnon
2582 5129 2638 5174 et
2665 5121 2964 5174 divinorum
3008 5120 3113 5176 illic
3165 5122 3508 5177 exiSIentiunt

1946 5194 2257 5259 pontificum
2289 5202 2641 5260 prmsentatnr
2678 5192 2969 5250 obtutibus.
2997 5190 3139 5246 hunc
3167 5195 3509 5262 redargutum

1945 5276 1997 5315 et
2032 5278 2339 5331 persuasum
2370 5262 2591 5314 Romam
2622 5264 2687 5315 ad
2713 5279 2899 5329 papam
2930 5262 3271 5317 Theodorum
3303 5263 3496 5318 direxe

1947 5344 2090 5387 runt.
2143 5333 2266 5399 Qui,
2321 5332 2619 5385 orthodoxe
2674 5333 2853 5386 libello
2901 5335 3093 5386 tradito
3137 5347 3306 5400 papat,
3353 5332 3421 5383 ab
3449 5347 3515 5387 eo

1950 5411 2194 5472 receptus
2222 5413 2325 5455 est.
2353 5420 2370 5452 ι
2416 5402 2539 5454 "Et:
2574 5401 2927 5471 Theophanes
2953 5403 3019 5457 de
3053 5404 3301 5467 praedicta
3332 5401 3519 5471 dispu-

1950 5476 2145 5528 tatione
2173 5474 2358 5542 Pyrrhi
2385 5488 2504 5526 cum
2538 5472 2766 5525 Maximo
2800 5474 3002 5529 habita.
3031 5474 3123 5528 liis
3152 5482 3511 5542 consentanea

1948 5545 2019 5598 de
2047 5541 2232 5600 eadem
2256 5544 2495 5597 scribunt
2526 5543 2742 5596 Photius
2765 5553 2819 5596 et
2848 5545 3100 5598 Martinus
3141 5541 3371 5608 pontifex
3402 5544 3523 5611 cpi.

1950 5620 2085 5669 stola
2110 5614 2200 5667 “26.
2238 5614 2513 5678 liaronius,
2542 5630 2683 5667 anno
2708 5613 2834 5678 646,
2868 5632 2918 5667 n.
2968 5617 3016 5678 1,
3049 5614 3084 5666 2
3112 5625 3166 5667 et
3191 5628 3307 5679 seq.

1978 5722 1987 5730 .
2028 5682 2047 5721 τ
2088 5683 2271 5737 Postea
2311 5700 2487 5737 rursus
2506 5699 2643 5737 more
2691 5686 2829 5737 canis
2856 5686 2922 5736 ad
2948 5686 3212 5752 proprium
3244 5682 3517 5752 impietatis

1954 5757 2197 5809 vomitum
2226 5757 2501 5825 repedavit.
2530 5755 2737 5809 Accidit
2766 5754 2893 5809 illud
2926 5756 3023 5808 hac
3046 5750 3354 5811 occasione.
3379 5750 3514 5807 Cum

3058 5848 3095 5908 3
