4002 6350
110 5718 113 5753 ι

281 279 344 336 7⁸1
1617 271 1848 327 El'ISTO

1984 267 2200 321 PRIMA.
3462 263 3531 315 7—‘l

280 390 556 446 admodum
603 388 743 443 inter
791 391 953 443 fidum
998 391 1193 463 gemini
1234 390 1431 446 littoris
1481 400 1689 457 portum
1722 404 1850 440 con-
1885 387 1926 441 Α
1958 381 2151 434 docere
2198 378 2622 432 tnanifestarnnt.
2670 375 2758 429 llis
2799 390 2924 442 ergo
2972 376 3040 427 ita
3088 356 3526 448 sebabentibu's,

279 483 523 538 ﬁdentem
559 484 761 551 pariter
791 494 845 537 et
873 484 1237 547 fluctuantem,
1272 495 1325 539 et
1354 498 1457 537 nou
1483 481 1619 536 frust
1648 497 1700 535 a.
1726 480 1853 534 Nam

274 574 631 628 sacerdotium
677 589 841 643 grave
888 590 1024 628 onus
1065 585 1166 640 est,
1220 574 1359 643 quod
1405 572 1608 627 scilicet
1632 570 1853 623 aliorum

274 667 392 720 vitae.
434 680 572 719 cura
624 666 828 735 fatigat,
879 664 1031 735 juxta
1084 665 1231 735 quod
1281 665 1536 731 scriptum
1569 670 1693 715 est:
1729 661 1856 726 Quis

273 759 587 827 infirmatur,
614 768 661 811 et
684 774 775 828 ego
807 776 909 811 non
932 759 1204 826 infirmor?
1231 757 1341 824 quis
1371 753 1772 817 scandalizatur,
1809 759 1855 803 et

278 866 363 919 ego
390 866 495 903 non
520 849 681 903 uror?
703 848 787 915 (ll
816 848 937 901 Cor.
965 848 1060 916 ιιι.)
1083 847 1144 900 Et
1170 859 1369 915 quanto
1389 855 1529 898 metu
1553 842 1857 897 sacerdota-

280 941 339 992 lis
377 954 537 992 mens
586 939 918 1002 concutitur,
967 952 1032 991 ne
1066 937 1199 989 forte
1228 952 1323 1005 per
1345 934 1613 989 silentium
1642 932 1727 984 vel
1756 930 1855 982 im-

281 1033 617 1081 moderatum
649 1028 924 1097 eloquium
951 1026 1270 1090 maculetur,
1303 1035 1453 1078 tanto
1480 1038 1575 1091 spe
1604 1032 1658 1076 et
1686 1020 1855 1073 maxi-

281 1135 357 1171 ma
384 1118 621 1185 propriae
649 1118 979 1172 fortitudinis
1006 1133 1176 1186 penna
1208 1116 1275 1169 ad
1307 1114 1645 1168 altitudinem
1679 1111 1855 1164 suble-

278 1221 451 1273 vatur,
511 1210 730 1278 quando
782 1209 851 1263 de
881 1210 1241 1276 subjectornm
1272 1206 1510 1275 profectu
1535 1205 1849 1274 gratulatur.

279 1304 547 1372 Scriptum
587 1312 671 1356 est
718 1304 861 1356 enim
902 1319 914 1353 :
962 1301 1059 1354 L’bi
1098 1300 1330 1367 plurimm
1355 1307 1564 1365 segetes,
1592 1296 1660 1349 ibi
1686 1295 1854 1347 mani~

274 1395 397 1461 festa
447 1392 706 1463 fortitudo
760 1393 909 1445 boum
967 1389 1148 1459 (Prov.
1206 1391 1340 1457 xw).
1400 1388 1531 1440 llinc
1580 1402 1610 1440 e
1664 1392 1849 1438 contra

275 1498 443 1541 metus
488 1487 822 1540 reverberat.
871 1484 1137 1551 Scriptum
1184 1497 1411 1548 namque
1441 1490 1521 1534 est
1553 1498 1565 1532 ί
1600 1478 1703 1531 Fili
1757 1478 1851 1537 mi,

272 1583 315 1634 si
336 1579 678 1647 spoponderis
712 1595 800 1643 pro
821 1577 986 1630 amico
1010 1585 1113 1639 tuo,
1148 1574 1371 1642 deﬁristi
1400 1572 1538 1641 apud
1561 1580 1855 1647 extraneum

278 1687 477 1723 manum
508 1679 675 1720 tuam.
709 1667 1025 1735 lllaqueatus
1049 1682 1098 1717 es
1130 1666 1291 1717 verbis
1320 1664 1423 1716 oris
1456 1662 1550 1727 tui,
1584 1670 1630 1714 et
1672 1669 1854 1729 captus

1959 486 2076 525 cum
2120 486 2180 525 ea
2222 484 2340 538 quae
2380 485 2409 522 a
2458 468 2661 538 Pyrrho
2701 465 2959 519 adversus
2997 465 3339 533 apostolicam
3368 463 3527 519 [idem

1961 571 2197 615 nostram
2243 560 2309 613 ad
2350 558 2750 613 subversionem
2802 554 3134 625 synodalium
3185 555 3526 609 decretorum

1961 654 2160 721 prolata
2190 663 2332 714 sunt,
2368 664 2471 703 tam
2499 665 2593 719 per
2622 650 2812 716 dogma
2845 646 2985 701 sedis
3028 647 3356 714 apostolicus,
3386 647 3527 716 quod

1957 744 2253 810 expositum
2284 752 2364 796 est
2391 757 2417 794 a
2447 741 2843 810 pratdecessore
2871 750 3073 803 nostro,
3106 754 3265 807 quam
3290 753 3383 807 per
3404 737 3522 808 jus-

1959 836 2162 888 sionem
2190 834 2276 886 lilii
2324 835 2490 887 nostri
2520 830 2931 887 mansuetissimi
2966 830 3218 898 principis
3253 829 3526 885 destructa

1957 924 2064 977 sint
2107 943 2119 976 :
2165 924 2509 992 quamobrem
2552 922 2851 977 fraternitas
2900 929 2987 976 tua
3038 938 3066 974 a
3122 921 3343 989 publicis
3397 923 3531 975 locis

1957 1015 2218 1079 chartam,
2267 1030 2383 1083 quae
2432 1028 2686 1082 suspensa
2721 1013 3029 1081 pridemque
3080 1022 3283 1066 rassata
3333 1012 3530 1075 fuerat,

1959 1120 2062 1160 non
2094 1105 2360 1159 abstulit?
2387 1120 2506 1172 qua:
2531 1104 2735 1157 scilicet
2763 1103 3068 1157 scandalum
3100 1104 3300 1158 sanctis
3325 1102 3415 1154 Dei
3438 1118 3527 1156 ec—

1958 1200 2134 1254 clesiis
2176 1215 2279 1252 non
2332 1198 2595 1253 modicum
2648 1198 2843 1251 intulit.
2901 1197 3065 1252 Corde
3109 1199 3241 1252 enim
3299 1199 3523 1250 creditur

1957 1293 2025 1345 ad
2074 1292 2371 1363 justitiam,
2430 1308 2515 1344 ore
2571 1301 2734 1344 autem
2788 1292 3035 1360 confessio
3084 1291 3142 1358 ﬁt
3211 1292 3262 1343 in
3311 1290 3525 1343 salutem

1962 1383 2139 1451 (Rom.
2162 1383 2237 1452 χ).
2273 1382 2326 1438 Si
2355 1382 2705 1451 dejiciendum
2734 1396 2861 1451 ergo
2885 1381 3125 1450 ejusdem
3151 1381 3340 1450 Pyrrhi
3369 1395 3531 1435 cona-

1959 1491 2079 1528 men
2114 1473 2417 1527 fraternitas
2448 1482 2620 1525 vestra
2653 1472 2818 1536 ducit,
2870 1488 2970 1540 qua
3015 1487 3110 1539 pro
3148 1488 3303 1526 causa
3339 1475 3529 1542 praedi-

1958 1576 2098 1618 ctam
2121 1564 2361 1617 chartam
2390 1564 2455 1617 de
2480 1565 2680 1632 pariete
2707 1578 2808 1617 non
2839 1563 3122 1629 deposuit?
3144 1562 3311 1617 Nemo
3336 1564 3533 1632 quippe

1960 1655 2100 1725 quod
2150 1656 2487 1710 abominatur
2534 1657 2680 1711 colit.
2712 1656 2768 1709 Si
2812 1667 3011 1720 autem,
3045 1656 3185 1723 quod
3225 1656 3387 1720 absit,
3431 1656 3531 1710 htt-

282 1761 503 1834 prapriis
549 1759 887 1813 sermonibus.
946 1756 1059 1808 Ilac
1088 1771 1208 1825 ergo
1238 1756 1374 1822 quod
1406 1754 1545 1816 dico,
1575 1751 1652 1818 [ili
1684 1752 1773 1813 nti,
1807 1761 1854 1804 et
1887 1740 1930 1799 Β
1954 1746 2183 1814 jusmodi
2207 1749 2459 1815 scriptum
2492 1747 2847 1815 amplectitur,
2883 1748 3033 1815 cujus
3063 1748 3136 1801 rei
3178 1748 3346 1817 gratia
3376 1748 3529 1802 nobis

280 1853 592 1919 temeripsum
633 1849 813 1912 libera,
849 1849 971 1913 quia
1017 1847 1241 1899 incidisti
1283 1846 1337 1897 in
1390 1860 1594 1897 manum
1638 1842 1858 1911 proximi

279 1944 368 1995 tui.
418 1942 683 2006 Discurre,
738 1940 928 2010 festina
981 1948 1170 1991 susctta
1199 1938 1418 1990 amicum
1447 1946 1611 2000 tuum,
1664 1949 1727 1986 ne
1764 1933 1856 1999 de-

279 2034 404 2085 deris
434 2048 670 2085 somnum
704 2030 864 2083 oculis
888 2032 1006 2093 tuis,
1038 2046 1127 2082 nec
1156 2029 1424 2081 dormitent
1445 2027 1703 2095 palpebris
1729 2036 1849 2078 tuor.

281 2123 464 2176 Emere
510 2123 664 2192 quasi
711 2122 921 2174 damula
956 2121 1017 2173 de
1038 2137 1216 2183 manu,
1250 2127 1297 2172 et
1332 2119 1479 2187 quasi
1500 2117 1603 2169 avis
1634 2116 1697 2168 de
1726 2115 1854 2169 insi—

281 2216 369 2266 diis
410 2214 626 2283 aucupis
670 2210 857 2283 (Ibid).
903 2211 1241 2277 Audivimus,
1290 2209 1638 2264 dilectissime
1663 2209 1853 2272 frater,

284 2322 371 2372 per
398 2304 649 2357 timorem
685 2302 980 2371 periculum
1014 2313 1274 2363 nostrum,
1295 2299 1572 2352 audiamus
1591 2313 1681 2366 per
1703 2314 1853 2365 spem

283 2394 660 2463 repromissum
688 2392 1115 2447 tonsolationum
1152 2392 1419 2443 solatium.
1471 2388 1581 2460 Ego
1608 2406 1739 2453 sunt,
1772 2393 1854 2443 in-

282 2488 383 2554 quit
413 2486 578 2551 Deus,
625 2500 745 2554 pars
773 2483 1083 2536 hwreditatis
1112 2492 1214 2534 tua:
1236 2480 1421 2551 (Nam.
1454 2478 1634 2548 xvnt).
1669 2481 1732 2533 Et
1757 2483 1855 2533 ite-

282 2596 388 2633 rum
414 2596 430 2633 :
462 2579 777 2631 Sacerdotes
830 2576 905 2628 tui
928 2576 1146 2627 induant
1170 2574 1425 2643 justitiam
1452 2571 1624 2641 (Psal.
1647 2574 1854 2640 cxxxl).

279 2668 455 2725 Timor
499 2678 679 2722 autem
729 2666 986 2729 concutit,
1014 2680 1136 2719 cum
1166 2665 1298 2716 alias
1323 2663 1518 2716 dicitur
1550 2681 1560 2714 :
1596 2661 1693 2715 Cui
1722 2664 1853 2713 mul-

279 2772 375 2813 tum
419 2760 669 2822 creditur,
728 2757 945 2809 multum
992 2756 1055 2807 ab
1081 2770 1141 2808 eo
1178 2755 1409 2822 exigetur
1443 2752 1591 2822 (Luc.
1628 2752 1747 2820 xu).
1783 2753 1846 2805 Et

277 2852 495 2905 iterum:
530 2849 773 2903 Potentes
787 2856 1013 2915 potenter
1032 2852 1279 2897 tormenta
1298 2845 1555 2913 patientur
1573 2842 1729 2909 (Sap.
1751 2841 1848 2910 vr).

276 2944 337 2999 Et
360 2958 547 2998 rursus
582 2955 707 3009 spes
734 2954 831 2992 nos
860 2938 1083 3001 refovet,
1114 2937 1200 2990 ubi
1224 2934 1295 2989 ait
1320 2952 1334 2988 :
1370 2933 1531 2987 Labia
1561 2935 1847 2987 sacerdotis

273 3034 556 3088 custodierit
590 3031 879 3094 scientiam,
918 3039 964 3082 et
1014 3030 1173 3098 legem
1211 3028 1474 3095 exquirent
1505 3042 1565 3078 ex
1596 3042 1681 3077 ore
1712 3029 1845 3093 eius,

1961 1841 2062 1897 hoc
2107 1856 2200 1911 per
2252 1844 2465 1912 propria
2513 1842 2767 1912 synodica
2821 1857 2913 1895 sua
2971 1843 3188 1895 minime
3235 1841 3534 1911 patefecit?

1961 1935 2211 1990 Neutrum
2237 1936 2376 1989 enim
2407 1936 2522 1989 sine
2554 1936 2739 1989 horum
2763 1934 2979 1989 alterius
3001 1935 3296 2001 dejectione
3326 1933 3532 1987 indem-

1962 2028 2099 2081 niter
2123 2036 2265 2080 stare
2297 2035 2490 2092 potest.
2520 2025 2648 2080 Nam
2680 2026 2723 2079 si
2756 2036 2897 2079 recta
2930 2026 3078 2089 fides,
3105 2041 3222 2095 qua:
3246 2042 3275 2078 a
3304 2034 3379 2079 tot
3403 2039 3531 2080 con-

1958 2118 2096 2171 ciliis
2121 2118 2367 2171 roborata
2399 2128 2500 2181 est,
2533 2118 2597 2171 ab
2626 2117 2870 2171 Heraclio
2899 2127 2952 2170 et
2998 2118 3203 2186 Pyrrho
3229 2131 3350 2172 cum
3388 2110 3533 2185 (qua.

1958 2211 2081 2264 dam
2110 2208 2381 2264 additione
2422 2220 2474 2263 et
2505 2210 2877 2264 emendatione
2904 2210 3208 2276 corripitur,
3242 2223 3371 2277 ergo
3398 2208 3532 2263 fides

1959 2315 1987 2352 a
2012 2300 2254 2355 Patribus
2280 2300 2545 2355 subtiliter
2571 2302 2871 2355 examinata
2896 2300 3218 2354 commoveri
3250 2300 3529 2369 COgoosci-

1960 2402 2064 2458 tur,
2109 2402 2164 2446 et
2212 2394 2405 2447 mortui
2460 2407 2621 2446 vacua
2654 2407 2747 2460 spe
2798 2390 3141 2446 beatitudinis
3192 2391 3531 2456 deciderunt,

1956 2485 2098 2554 quod
2142 2495 2350 2540 avertat
2381 2485 2519 2540 Deus
2550 2500 2576 2539 a
2605 2484 2839 2540 fidelium
2871 2484 3146 2539 cordibus.
3182 2484 3243 2538 lli
3276 2484 3418 2539 enim
3441 2488 3532 2553 qtti

1956 2573 2192 2629 defuncti
2232 2585 2355 2630 sunt
2399 2575 2616 2630 minime
2659 2578 2928 2644 perierunt
2969 2595 2979 2629 :
3014 2574 3251 2629 Pretiosa
3301 2590 3531 2644 namque

1954 2666 2007 2719 in
2039 2675 2310 2736 conspectu
2336 2666 2539 2720 Domini
2569 2683 2705 2719 mors
2732 2678 3021 2720 sanctorum
3044 2669 3155 2736 ejus
3184 2665 3352 2736 (Psal.
3373 2667 3527 2733 ειν).

1956 2757 2023 2810 Et
2052 2759 2137 2825 qui
2185 2758 2369 2811 vivunt
2413 2758 2466 2812 in
2514 2758 2612 2812 hac
2645 2758 2769 2823 fide,
2814 2759 2995 2812 mundi
3026 2759 3200 2812 effecti
3246 2767 3391 2821 sunt,
3428 2758 3529 2813 Pa;

1957 2855 2201 2916 trutnque
2228 2848 2415 2915 dogma
2444 2848 2644 2916 signata
2677 2846 2780 2901 fide
2817 2863 2996 2900 verum
3041 2856 3095 2902 et
3133 2848 3274 2916 pium
3305 2848 3529 2902 firmiter

1954 2946 2036 2990 est
2068 2939 2291 3005 posmris
2332 2938 2601 2991 traditum.
2648 2937 2829 2992 Resmt
2875 2938 3032 3007 igitur
3066 2938 3209 3008 quod
3254 2948 3436 2993 contra
3470 2940 3530 2991 fi-

1952 3029 2070 3083 dem
2114 3032 2501 3099 promulgatum
2532 3041 2612 3084 est
2660 3031 2863 3084 irritum
2899 3032 3006 3095 fiat,
3055 3041 3107 3085 et
3151 3047 3267 3086 cum
3311 3042 3530 3087 auctore

271 3127 508 3193 quoniam
529 3124 745 3191 angelus
780 3119 983 3173 Domini
1020 3120 1330 3173 exercituum
1354 3127 1427 3170 est
1477 3116 1732 3186 (.llalaclt.
1762 3116 1842 3185 ιι).
1876 3092 1921 3152 C
1955 3122 2172 3187 prOprio
2208 3120 2533 3174 destruatur.
2588 3120 2771 3195 Porro,
2817 3120 2989 3175 mirati
3024 3137 3205 3175 smnus
3242 3122 3366 3191 quia
3411 3123 3526 3189 epi-

270 3215 408 3269 later
465 3223 545 3268 tot
587 3224 717 3279 ergo
767 3211 1029 3279 procellas
1076 3220 1234 3277 atque
1288 3209 1607 3278 tranquillos
1654 3209 1846 3262 ﬂuctus

270 3315 497 3359 aestuare
520 3302 865 3372 profundum,
885 3300 1007 3368 quid
1032 3299 1181 3353 aliud
1195 3310 1275 3353 est
1295 3301 1393 3353 nisi
1419 3302 1470 3353 in
1494 3310 1647 3368 portu
1668 3316 1851 3368 asper-

266 3397 384 3451 rimi
420 3394 626 3449 littoris
650 3394 822 3445 navim
858 3392 1047 3444 mentis
1069 3398 1266 3445 nostra:
1293 3393 1692 3460 tempestatibus
1719 3405 1849 3443 con-

266 3489 367 3542 cuti
394 3488 418 3540 ?
447 3487 556 3541 Sesl
592 3486 714 3551 quia
746 3485 1003 3548 majorem
1058 3482 1301 3536 fiduciam
1334 3499 1399 3536 ex
1451 3482 1849 3550 longanimitate

265 3579 356 3635 Dei
386 3576 804 3646 Evangeliorum
837 3573 1034 3627 habere
1063 3573 1459 3642 cognoscimur,
1491 3586 1585 3641 spe
1615 3572 1848 3640 gauden-

264 3683 343 3728 tes
385 3667 697 3739 hujnsmodi
741 3674 933 3718 aestum
976 3666 1116 3717 nullo
1145 3665 1304 3718 modo
1334 3664 1705 3718 formidamus.
1744 3663 1849 3716 Nos

262 3778 389 3833 ergo
419 3760 550 3831 quid
593 3756 693 3810 nisi
738 3756 1138 3819 dispensatores
1169 3756 1325 3809 unius
1355 3755 1583 3823 pastoris
1623 3753 1849 3807 sumus?

262 3851 384 3918 ipso
413 3854 563 3903 enim
619 3851 873 3911 pascente
916 3845 1202 3912 pascimus,
1246 3855 1299 3898 et
1330 3854 1546 3913 regente
1594 3844 1845 3912 regimus,

261 3942 520 4007 quoniam
548 3953 741 3995 omnes
758 3939 856 3994 sub
880 3935 1066 4006 eodem
1093 3946 1306 4003 pastore
1324 3950 1442 3988 cum
1474 3933 1660 3987 ovibus
1686 3935 1849 4002 ipsius

261 4044 387 4084 oves
416 4046 639 4098 pascua:
671 4046 877 4084 sumus.
908 4029 1086 4096 Neque
1114 4028 1253 4079 enim
1284 4026 1479 4079 nostris
1507 4026 1725 4091 viribus,
1757 4025 1846 4079 sed

261 4118 351 4173 Dei
381 4121 576 4188 gratiae
619 4121 938 4190 deputamus
980 4118 1118 4187 quod
1158 4131 1364 4171 sumus.
1401 4116 1629 4170 Tantum
1661 4128 1844 4181 restat,

260 4219 336 4273 ut,
363 4226 490 4263 cum
518 4212 709 4265 divino
739 4212 967 4277 auxilio,
1003 4209 1253 4278 petendo,
1289 4209 1597 4276 (ιιιςυι-ειιιιο,
1634 4208 1841 4276 pulsan-

258 4300 351 4364 do,
390 4304 495 4355 t‘nle
538 4314 596 4354 et
626 4317 791 4369 opere
836 4302 1033 4355 donum
1083 4302 1267 4369 gratia:
1313 4299 1849 4368 irreprehensibiliter

256 4393 521 4448 exhibere
549 4395 845 4470 possimus,
888 4410 1013 4463 quo,
1048 4392 1369 4447 conculcatis
1400 4392 1563 4454 vitiis,
1596 4393 1845 4445 virtutmn

256 4486 599 4551 repromissa
642 4487 859 4553 praemia
902 4487 1177 4552 percipere
1207 4497 1529 4537 mereamur.
1563 4481 1844 4551 Superbia,

254 4588 377 4639 qua:
404 4584 497 4628 est
526 4576 738 4627 initium
769 4577 944 4629 omnis
978 4576 1201 4642 peccati,
1236 4575 1390 4643 longe
1437 4589 1464 4627 a
1512 4576 1847 4629 sacerdotum

254 4667 536 4720 mentibus
590 4666 705 4719 fiat.
753 4668 986 4719 Avaritia
1046 4681 1254 4731 rursus,
1301 4683 1418 4734 quae
1469 4677 1549 4720 est
1588 4667 1848 4720 idolorum

252 4756 516 4821 servitus,
549 4765 709 4823 atque
732 4757 968 4809 omniurn
1001 4757 1258 4809 malorum
1287 4757 1454 4822 radix,
1490 4758 1714 4822 abscisa,
1746 4767 1799 4811 et
1821 4773 1849 4810 a

255 4848 481 4901 turbine
538 4846 775 4915 pulveris
823 4848 903 4900 sui
956 4848 1137 4917 procul
1176 4857 1347 4901 amota
1381 4852 1703 4913 destruatur,
1734 4866 1848 4917 qnze

254 4949 502 4993 excaecat
531 4938 703 4992 etiam
744 4939 928 4993 oculos
956 4924 1276 5006 sapientum.
1310 4939 1658 4994 Dilet-tionem
1690 4941 1851 5008 igitur

257 5031 503 5085 omnium
534 5031 796 5084 virtutum
828 5040 1076 5095 matrem,
1107 5033 1223 5085 sine
1244 5047 1345 5099 qua
1384 5032 1518 5087 nihil
1556 5032 1845 5099 perficitur,

260 5128 321 5176 et
345 5120 401 5173 in
431 5136 537 5191 qua
568 5136 759 5176 omnes
787 5122 1008 5176 virtutes
1038 5123 1183 5189 pacis
1207 5121 1485 5189 completa:
1527 5123 1738 5175 vinculo
1768 5121 1850 5173 in-

262 5212 657 5267 dissolubiliter
709 5214 1075 5277 continentur,
1129 5213 1233 5267 fide
1284 5220 1427 5268 recta
1473 5222 1526 5267 et
1571 5228 1666 5281 spe
1705 5223 1848 5267 certa

262 5302 442 5356 studio
469 5304 794 5359 indesinenti
826 5312 1128 5359 teneamus.
1161 5300 1226 5355 Et
1265 5304 1516 5372 quoniam
1547 5304 1650 5356 fide
1678 5303 1850 5356 homi-

267 5407 391 5446 num
422 5396 586 5448 corda
618 5404 937 5464 purgantur,
974 5392 1091 5446 lecti
1123 5394 1300 5460 apices
1329 5393 1629 5447 dilectionis
1659 5408 1849 5448 vesme

270 5479 477 5551 limpida
508 5486 633 5541 fidei
671 5485 879 5542 fluenta
919 5497 1019 5535 vos
1046 5483 1109 5535 de
1140 5483 1371 5537 fontibus
1395 5484 1689 5538 Salvatoris
1721 5484 1849 5537 bau-

278 5572 421 5634 sisse.
454 5587 504 5631 et
524 5582 660 5635 sicut
693 5576 1072 5649 praedicamus
1096 5576 1403 5642 praedicare,
1431 5584 1484 5629 et
1505 5576 1848 5643 quemadmo-

278 5663 385 5723 dum
407 5676 666 5732 Credimus
688 5670 963 5730 credere,
1004 5676 1054 5718 ct
1074 5666 1223 5721 sicuti
1254 5670 1507 5723 docemus
1539 5669 1848 5724 indiminnte

1952 3212 2121 3277 scopi,
2163 3210 2247 3279 qui
2295 3209 2682 3265 fraternitatem
2718 3221 2859 3265 tuam
2891 3222 3362 3278 consecraverunt,
3404 3228 3527 3268 san-

1950 3300 2246 3353 ctissimum
2272 3301 2418 3353 illum
2455 3302 2505 3354 in
2536 3300 2727 3354 litteris
2750 3302 2858 3354 suis
2886 3300 3163 3365 dixerunt;
3199 3302 3291 3355 sed
3323 3311 3377 3355 et
3404 3303 3525 3371 quia

1951 3400 2167 3459 propter
2214 3391 2485 3459 vulgarem
2546 3393 2901 3445 tnrbationem
2958 3405 3009 3446 et
3054 3393 3231 3446 odimn
3282 3394 3525 3447 ecclesia:

1952 3484 2091 3534 hunc
2131 3482 2733 3551 Constantinopolitanm
2759 3484 3163 3536 abrenuntiasse
3194 3484 3526 3552 significave-

1950 3581 2091 3624 runt.
2129 3570 2347 3636 l’r0pter
2376 3570 2516 3639 quod
2547 3573 2704 3624 etiam
2739 3571 2791 3624 in
2820 3572 3166 3641 ambiguitate
3198 3576 3375 3642 positi,
3408 3590 3526 3644 qua:

1950 3674 1979 3713 a
2020 3659 2349 3713 fraternitate
2379 3670 2557 3713 vestra
2604 3661 2801 3729 scripta
2847 3672 2971 3715 sunt
3009 3662 3429 3730 judicaveramus
3461 3666 3526 3718 ad

1950 3750 2213 3805 modicum
2245 3752 2371 3821 quid
2393 3751 2623 3815 differre,
2653 3754 2825 3809 donec
2849 3754 2956 3822 jam
2989 3754 3162 3810 dictus
3191 3756 3425 3826 Pyrrhus
3458 3761 3526 3815 ab

1949 3846 2253 3914 episcopatu
2286 3846 2536 3900 Ecclesia:
2569 3848 3169 3917 ConstantinOpolitanze
3210 3853 3523 3920 pelleretur.

1950 3936 2083 3989 Nam
2122 3936 2351 3989 turbatio
2401 3947 2453 3991 et
2492 3938 2670 3990 odium
2703 3938 2879 4008 populi
2931 3941 3269 4007 episcotiatns
3300 3944 3524 4011 gradum

1951 4028 2117 4080 nescit
2148 4026 2378 4081 auferre.
2415 4026 2680 4081 Canonica
2724 4032 2865 4081 enim
2896 4031 3123 4084 vindicta
3154 4047 3312 4098 super
3341 4048 3403 4087 eo
3430 4033 3524 4087 de-

1951 4117 2135 4171 buerat
2174 4118 2453 4182 provenire
2499 4132 2606 4185 quo
2645 4119 2991 4173 fraternitatis
3045 4129 3147 4173 tua:
3191 4124 3526 4177 consecratio

1951 4210 2435 4279 irreprehensibilis
2489 4223 2541 4265 et
2591 4212 2740 4265 firma
2789 4216 3070 4269 consistat.
3121 4217 3389 4286 Scriptum
3443 4232 3526 4273 est

1952 4303 2092 4357 enim
2121 4326 2130 4355 :
2164 4305 2222 4358 Si
2263 4304 2339 4356 vir
2388 4306 2498 4372 ejus
2546 4317 2775 4358 mortuus
2826 4309 3000 4373 fuerit,
3046 4313 3213 4361 soluta
3254 4320 3325 4363 est
3364 4327 3393 4363 (ι
3422 4312 3531 4379 lege

1955 4394 2068 4447 viri.
2108 4396 2166 4449 Si
2209 4405 2377 4448 autent
2425 4396 2501 4448 vir
2540 4397 2652 4466 ejus
2702 4398 2841 4463 vit-it,
2888 4400 3124 4451 adultera
3174 4400 3432 4452 vocabitur
3477 4402 3529 4454 si

1954 4486 2106 4551 fuerit
2156 4502 2271 4538 cum
2314 4487 2419 4539 alio
2461 4487 2565 4539 viro
2599 4486 2773 4554 (Rom.
2810 4488 2923 4554 vn).
2957 4488 3122 4540 Erunt
3154 4491 3288 4542 enim
3326 4491 3429 4543 duo
3475 4494 3529 4544 in

1951 4594 2102 4631 carne
2150 4596 2271 4632 una.
2327 4578 2628 4649 Mysterium
2675 4588 2843 4631 autem
2885 4579 2982 4630 hoc
3023 4596 3262 4650 magnum
3311 4594 3403 4646 est,
3452 4566 3549 4637 ait‘

1952 4673 2240 4740 Apostolus
2280 4692 2293 4729 :
2345 4671 2455 4740 Ego
2507 4683 2675 4725 autem
2724 4675 2838 4725 dico
2877 4674 2929 4727 in
2978 4672 3180 4729 Christo
3220 4687 3265 4731 et
3296 4677 3528 4734 Etclesia

1953 4760 2173 4830 (Ep/les.
2202 4764 2275 4827 v).
2315 4762 2521 4815 Etenim
2552 4763 2674 4815 licet
2704 4762 2902 4832 indigni
2929 4766 3113 4830 simus,
3150 4767 3321 4823 locum
3353 4782 3527 4827 tamen

1953 4854 2067 4923 ejus
2102 4856 2150 4906 in
2197 4854 2453 4907 Ecclesiis
2482 4854 2854 4921 adimplemus.
2893 4856 3116 4913 Vivente
3162 4860 3338 4931 itaque
3380 4880 3529 4933 prm-

1953 4946 2093 4999 dicto
2128 4945 2351 5014 Pyrrho,
2385 4954 2439 4998 et
2467 4945 2702 5000 nondum
2728 4956 2912 5001 natura
2946 4950 3027 5004 vel
3054 4952 3207 5021 culpa
3240 4958 3524 5020 exstincto,

1954 5053 2020 5092 ne
2067 5036 2203 5090 forte
2256 5036 2407 5092 fieret
2455 5039 2710 5105 schisma,
2762 5055 3072 5109 oportuerat
3119 5050 3426 5114 przrcaveri.
3465 5051 3529 5105 Ut

1953 5144 2078 5197 ergo
2111 5126 2461 5182 fraternitatis
2492 5140 2679 5183 vestrae
2724 5134 3072 5189 sacerdotalis
3104 5138 3369 5193 robustior
3394 5141 3526 5194 ordo

1955 5225 2283 5285 permaneat,
2330 5228 2543 5285 oportet
2596 5215 2833 5274 debitum
2881 5225 3137 5280 adversus
3176 5243 3296 5281 eum
3350 5228 3527 5298 colligi

1952 5310 2323 5379 episcOporum
2373 5328 2435 5365 ex
2487 5313 2954 5381 propinquioribus
3003 5315 3135 5370 locis
3185 5327 3525 5377 conventum.

1953 5402 2309 5471 Praecepimus
2341 5404 2483 5458 enim
2516 5420 2676 5473 super
2709 5408 2808 5458 hoc
2844 5406 3002 5460 etiam
3035 5408 3363 5463 charissimis
3404 5410 3529 5466 filiis

1954 5494 2148 5547 nostris
2192 5494 2376 5547 Serico
2406 5494 2804 5561 archidiacooo,
2854 5507 2907 5551 et
2936 5497 3160 5553 Martino
3205 5500 3430 5556 diacono
3474 5512 3529 5557 et

1950 5584 2315 5651 apocrisiario,
2350 5584 2537 5653 quibus
2580 5596 2634 5638 et
2679 5588 2849 5640 locum
2890 5599 3124 5641 nostrum
3153 5592 3217 5645 ad
3264 5591 3419 5663 hujus
3448 5594 3526 5648 rei

1951 5672 2387 5727 deliberationem
2420 5676 2709 5738 credimus,
2741 5687 3002 5743 quatenus
3036 5693 3155 5742 cum
3189 5681 3523 5737 fraternitate
