4002 6350
476 397 543 452 '79
1773 373 1828 426 S.
1875 365 2214 423 TllliODOlil
2262 365 2338 416 [Ἀ
2353 361 2456 414 ΡΛΞ
3670 354 3742 408 89

479 516 654 562 vestra
687 498 924 573 praedicti
959 493 1147 566 Pyrrhi
1180 493 1333 562 culpa
1363 488 1637 560 regular-ita
1659 503 1682 541 r
1712 485 2045 552 exquiratur.
2082 489 2128 541 Α
2159 488 2210 530 ut
2241 493 2269 530 a
2302 475 2452 528 nobis
2479 483 2528 527 et
2559 473 2623 525 ab
2654 472 2896 526 omnibus
2941 470 3256 525 orthodoxis
3298 468 3563 573 episcopis
3583 468 3741 573 “abo-

477 598 592 652 Non
621 594 762 649 enim
806 587 1085 660 prtesentia
1124 583 1242 654 ejus
1275 584 1574 638 necessaria
1604 588 1705 642 est,
1737 576 1824 628 ubi
1863 589 2048 625 ext-es-

475 705 566 746 sus
596 687 710 756 tjus
740 695 794 738 et
818 681 1013 748 scripta
1045 677 1251 730 veritati
1280 673 1624 744 repugnantia
1672 677 1866 738 praesto
1907 673 2045 727 sunt,

482 794 537 835 ut
566 796 684 835 cum
715 778 780 831 de
809 776 890 830 his
914 771 1258 842 dijudicatur,
1303 767 1473 822 modis
1514 763 1758 819 omnibus
1795 761 2052 814 condem-

477 884 654 929 netur.
693 869 867 924 Primo
895 864 1136 935 quidem,
1169 862 1418 932 quoniam
1449 855 1772 916 lleraclium,
1806 854 1895 921 qui
1929 867 2055 902 ana-

479 959 841 1017 thetuatizavit
873 953 1230 1010 inviolabilem
1278 947 1695 1002 orthodoxorum
1742 941 1956 993 Patrum
1992 939 2054 990 ﬁ-

477 1055 623 1116 dem,
655 1050 878 1106 diversis
911 1046 1149 1100 laudibus
1195 1040 1404 1100 extuiit,
1447 1047 1501 1090 et
1548 1033 1895 1101 sopbisricatn
1941 1031 2059 1096 jus-

480 1147 685 1201 sionem
715 1143 904 1209 ipsius,
938 1137 990 1190 in
1025 1150 1124 1204 qua
1157 1131 1305 1200 quasi
1349 1127 1652 1198 symbolum
1693 1124 1811 1176 fidei
1839 1136 2057 1186 compo-

481 1239 608 1302 suit,
631 1230 1014 1290 subscribendo
1034 1226 1282 1288 firmavit,
1304 1220 1617 1286 furtivisque
1636 1214 2064 1281 surreptionibus

485 1326 742 1393 quosdam
784 1319 1089 1376 sacerdotes
1119 1317 1258 1383 apud
1300 1328 1358 1366 se
1408 1310 1709 1377 singulatim
1762 1304 2062 1372 pra-dictam

487 1419 726 1471 chartam
763 1413 1013 1467 roborare.
1044 1406 1238 1475 coegit,
1263 1414 1312 1458 et
1346 1404 1396 1456 in
1430 1401 1654 1470 publicis
1687 1398 1814 1450 locis
1845 1410 2067 1460 suspen-

489 1513 616 1563 dere
657 1508 722 1561 ad
767 1502 1182 1558 destructionem
1224 1491 1680 1550 Chalcedonensis
1721 1487 1928 1541 ronciiii
1976 1502 2066 1539 au-

492 1605 609 1658 daci
641 1599 1067 1668 transgressione
1099 1589 1458 1660 przesumpsit.
1492 1585 1638 1640 Undi-
1671 1600 1774 1636 non
1804 1581 2068 1636 modicum

492 1692 842 1749 dissensionis
881 1683 1192 1740 scandalum
1249 1677 1502 1733 Ecclesiis
1553 1677 1646 1728 Dt-i
1680 1673 2067 1734 disseminavit,

493 1796 549 1842 et
579 1780 935 1839 obtestatione
964 1781 1259 1833 conventus
1288 1786 1315 1822 a
1347 1768 1629 1822 decessore
1661 1775 1844 1818 nostro
1876 1760 2068 1827 corrigi

2155 573 2402 623 tuinatam
2460 567 2779 634 respuimus.
2835 566 3043 619 Sufﬁcit
3100 578 3328 631 namque
3379 561 3530 615 nobis
3582 560 3739 627 ﬁdes,

2156 677 2310 728 quain
2351 659 2519 712 sancti
2549 658 2774 725 apostoli
2811 657 3258 724 przedicavorunt,
3291 653 3516 706 concilia
3551 656 3734 704 lirma-

2160 759 2374 811 verunt,
2405 760 2456 802 et
2487 750 2657 802 sancti
2705 749 2888 801 Patres
2931 747 3403 813 consignaveruut,
3451 759 3542 811 per
3578 759 3742 811 quam

2161 843 2329 896 renati
2363 852 2414 894 et
2439 841 2579 893 docti
2614 841 2731 892 facti
2761 854 2965 900 sumus,
2995 852 3258 906 quamque
3294 837 3566 896 docemus,
3619 835 3742 886 nul-

2166 934 2273 985 lum
2316 943 2655 1001 augmentum
2691 932 2740 982 in
2790 931 3034 1000 symbolo
3085 925 3227 989 fidei,
3261 927 3400 993 qttotl
3447 939 3474 976 a
3525 926 3748 995 synodis

2164 1035 2244 1076 est
2279 1024 2564 1083 ﬁrmatum,
2595 1023 2934 1091 recipientes.
2965 1020 3266 1074 Anatltema
3291 1019 3372 1070 his
3401 1023 3486 1086 qui
3516 1017 3745 1080 addunt,

2165 1117 2444 1169 anathema
2477 1116 2563 1183 qui
2589 1115 2808 1167 deruunt
2837 1122 3024 1168 sancto
3051 1109 3382 1174 mathemati,
3410 1108 3460 1162 id
3491 1117 3573 1161 est
3603 1123 3747 1177 sym-

2167 1209 2310 1271 bolo,
2357 1208 2578 1274 quodin
2624 1208 2850 1260 concilio
2898 1206 3113 1259 Nicmno
3144 1205 3440 1266 deﬁnitum,
3485 1202 3750 1255 Constan-

2170 1299 2497 1366 tinopolique
2547 1302 2834 1366 lirmatum,
2864 1309 2916 1352 et
2963 1297 3014 1350 iu
3064 1297 3332 1365 Epht-sino
3375 1294 3564 1362 primo,
3594 1306 3754 1363 atque

2168 1391 2527 1454 Chalcedone,
2562 1409 2588 1443 τι
2617 1394 2816 1445 sanctis
2846 1402 2900 1446 et
2943 1391 3256 1445 Orthodoxis
3286 1388 3552 1453 Patribtts,
3581 1389 3667 1457 qui
3699 1392 3753 1442 in

2169 1482 2428 1537 catholica
2483 1484 2583 1536 lide
2617 1484 2932 1546 floruerunt,
2966 1482 3134 1548 gratia
3183 1480 3353 1534 sancti
3399 1491 3484 1534 est
3525 1481 3758 1548 Spiritus

2171 1573 2486 1626 stabilitunt.
2520 1573 2642 1626 llazc
2669 1582 2724 1626 et
2753 1574 2835 1626 his
2865 1573 3056 1628 similia
3089 1571 3339 1625 concordi
3371 1586 3534 1625 sensu
3566 1571 3758 1625 frater-

2176 1664 2311 1715 nitas
2337 1673 2511 1717 vestra
2543 1664 2888 1730 prredicando
2929 1663 3203 1717 nobiscum
3236 1677 3330 1714 ore
3356 1669 3410 1715 et
3435 1678 3596 1731 opere
3623 1676 3759 1715 con-

2179 1755 2413 1810 liteatur.
2470 1756 2729 1809 Similiter
2777 1766 2955 1809 autem
3004 1757 3524 1811 anatltematizantes
3571 1768 3760 1806 omnes

492 1873 846 1946 parvipendit.
879 1870 969 1923 llis
1002 1866 1161 1933 igitur
1190 1873 1242 1916 et
1273 1861 1392 1914 aliis
1437 1860 1484 1911 in
1519 1859 1722 1926 synodo
1767 1853 2067 1908 fraternita-
2101 1846 2146 1904 Β
2178 1847 2409 1900 ltrereses
2458 1856 2512 1901 et
2563 1858 2810 1901 auctores
2839 1862 3044 1909 earum,
3096 1856 3147 1900 ut
3199 1847 3248 1900 id
3302 1847 3473 1916 ipsum
3517 1846 3765 1898 dicamus

495 1944 563 2021 tis
619 1973 811 2017 vestrae
863 1955 1168 2026 requisitis,
1226 1951 1497 2004 canonica:
1555 1949 1693 2001 hunc
1745 1944 2072 1998 exsecutioni

501 2056 821 2114 submittite.
849 2062 905 2105 ut
943 2044 1260 2101 sacerdotali
1293 2044 1479 2096 ordine
1506 2051 1559 2094 et
1588 2037 1877 2106 episc0pali
1923 2035 2072 2102 legis—

497 2151 720 2211 latione,
754 2161 815 2200 ac
846 2143 1161 2213 regulariter
1213 2153 1277 2192 eo
1312 2133 1610 2190 sacerdotio
1639 2129 1932 2192 denudato,
1969 2143 2074 2180 non

497 2242 670 2296 solum
707 2240 836 2292 fides
868 2236 1067 2289 illibata
1113 2239 1444 2298 permaneat,
1491 2224 1584 2277 sed
1633 2232 1685 2275 et
1732 2217 2076 2274 fraternitatis

499 2345 690 2387 vestra:
738 2329 933 2398 gradus
977 2323 1293 2393 episcopalis
1353 2319 1554 2371 firmior
1596 2323 1963 2368 conservetur.
2011 2312 2075 2364 At

500 2441 648 2486 vero,
684 2425 726 2477 si
761 2424 1042 2489 diligenter
1092 2413 1392 2470 fraternitas
1422 2420 1618 2472 vestra,
1654 2408 1780 2460 dum
1829 2403 2076 2458 consilia-

502 2527 609 2582 tur,
642 2511 971 2584 perspexerit
1024 2509 1259 2562 fautores
1300 2502 1408 2571 jam
1453 2500 1576 2553 dicti
1625 2496 1810 2568 Pyrrhi
1849 2495 2076 2549 circum-

499 2618 760 2676 strepere,
804 2613 858 2658 et
906 2599 1180 2656 scnseritis
1230 2600 1436 2659 crebro,
1484 2591 1778 2646 inSolenter
1831 2587 2076 2657 prazsenti

501 2696 711 2764 negotio
758 2693 896 2762 quod
939 2686 1300 2744 deﬁniendum
1344 2693 1446 2747 est,
1496 2680 1931 2749 impedimentum
1985 2692 2076 2744 per

497 2789 808 2842 dilationem
840 2784 1051 2845 afferre,
1086 2788 1140 2834 ut
1191 2777 1462 2848 proprium
1503 2773 1809 2841 compleant
1839 2769 2076 2839 quando-

500 2894 606 2946 que
636 2877 934 2936 consilium,
975 2872 1127 2924 vobis
1157 2867 1608 2926 Contradicentes,
1655 2863 1756 2916 nisi
1802 2861 1951 2930 juxta
1986 2874 2076 2911 vos

502 2982 614 3023 tum
647 2983 800 3022 sumn
828 2965 1118 3035 quidquam
1148 2961 1460 3028 proveniat;
1489 2966 1540 3009 et
1585 2955 1626 3009 si
1660 2955 1726 3008 ob
1759 2955 1857 3006 hoc
1891 2953 2073 3006 frater-

502 3061 721 3115 nitatem
752 3068 984 3112 vestram
1011 3053 1294 3108 obnoxiam
1323 3050 1514 3110 facere,
1550 3045 1628 3098 vel
1652 3046 1810 3098 etiam
1843 3044 2075 3096 scltisma

502 3155 566 3207 de
605 3150 789 3206 eadem
839 3160 1064 3216 persona
1095 3141 1435 3199 teutaverint.
1480 3136 1731 3205 possibile
1771 3142 1852 3187 est
1884 3143 1938 3187 ιιι
1985 3133 2050 3186 ab

503 3241 778 3296 scindatur
825 3239 982 3292 etiam
1034 3234 1083 3287 in
1133 3229 1434 3300 hujusmodi
1484 3225 1718 3294 capitulo
1749 3226 1864 3276 talis
1895 3237 2075 3276 versu-

504 3335 696 3388 tiarum
743 3332 982 3399 ipsorum
1017 3326 1262 3387 intentio,
1300 3331 1354 3376 et
1393 3321 1694 3374 obtineatur
1721 3316 1890 3386 jussio
1920 3331 1946 3368 a
1981 3317 2076 3368 do-

506 3429 652 3482 mino
691 3436 875 3478 nostro
908 3430 972 3474 .et
1019 3419 1126 3472 lilio
1155 3410 1595 3470 Cbristiauissimi
1639 3408 1912 3476 principis,
1945 3423 2075 3476 quo-

505 3522 646 3574 niam
702 3515 768 3569 de
837 3515 937 3567 hoc
990 3512 1198 3565 enixius
1262 3523 1382 3560 eum
1455 3519 1547 3571 per
1605 3504 1810 3556 litteras
1872 3511 2081 3554 nostras

505 3609 866 3679 poposcimus,
917 3613 974 3657 ut
1015 3601 1218 3656 scilicet
1260 3613 1404 3666 same
1455 3597 1650 3649 dictum
1708 3595 1966 3664 Pyrrhum
2017 3594 2081 3646 ad

506 3702 645 3754 hanc
685 3698 978 3751 Romanam
1011 3695 1195 3746 urbem
1237 3690 1421 3758 jubeat
1453 3689 1609 3751 mitti,
1652 3695 1914 3754 quatenus
1956 3700 2083 3737 cou-

506 3799 667 3844 ventu
716 3786 970 3855 synodico
1000 3798 1026 3834 a
1063 3782 1215 3836 nabis
1243 3780 1456 3843 ellecto,
1503 3793 1598 3845 pro
1647 3791 1742 3828 sua
1786 3776 2084 3829 temeritate

508 3878 796 3947 iudicetur.
839 3875 926 3928 Sic
969 3875 1112 3927 enim
1157 3882 1210 3926 et
1254 3869 1604 3924 fraternitatis
1639 3875 1829 3919 vestra:
1879 3867 2085 3931 episco-

505 3970 648 4038 palis
677 3967 907 4035 dignitas
944 3964 1086 4016 omni
1134 3962 1308 4014 futuro
1357 3958 1748 4012 contrariorum
1796 3956 2085 4009 schismate

512 4060 718 4113 firmior
751 4070 1010 4123 apparere
1055 4053 1271 4114 valebit,
1311 4060 1364 4105 et
1393 4049 1698 4103 scandalum
1743 4048 1988 4101 novitatis
2019 4049 2086 4100 ab

511 4146 808 4202 orthodoxa
842 4144 944 4197 ﬁde
971 4143 1181 4211 pulsum
1209 4141 1504 4201 necabitur,
1531 4147 1690 4206 atque
1723 4138 1813 4192 Dei
1849 4138 2084 4191 Ecclesia

514 4240 775 4293 continua:
805 4239 917 4305 paci
950 4235 1254 4288 donabitur.
1292 4233 1462 4284 Deleri
1508 4245 1735 4297 namque
1759 4231 1821 4282 ab
1848 4229 2083 4282 ECr‘leSia

507 4330 608 4382 .Dei
641 4329 891 4382 scandala
919 4325 1133 4388 debent,
1168 4333 1220 4378 et
1249 4323 1551 4390 exstirpari.
1596 4321 1758 4374 lllulta
1799 4321 1939 4372 enim
1974 4336 2089 4388 pos—

513 4428 638 4473 sunt
667 4417 792 4471 oriri
839 4416 1183 4470 dissensionis
1222 4413 1420 4466 zizania
1466 4420 1648 4465 contra
1699 4411 2086 4477 promotionem

515 4508 863 4563 fraternitatis
895 4517 1016 4569 tua,
1066 4505 1164 4558 nisi
1197 4504 1449 4558 canonica
1502 4503 1638 4555 falce
1690 4516 1755 4553 ne
1807 4501 2084 4568 proficiant

517 4600 771 4654 radicitus
804 4597 1194 4652 rescindantur.
1227 4594 1501 4664 Siquidem
1535 4608 1652 4646 cum
1706 4593 1898 4656 patitur
1926 4607 2084 4643 unum

517 4691 843 4753 membrum,
874 4689 1267 4756 compatiuntur
1299 4687 1497 4753 reliqua
1549 4683 1790 4751 Corporis
1831 4683 2088 4735 membra.

520 4783 674 4838 Absit
704 4797 832 4850 ergo
861 4791 918 4834 ut
946 4781 1234 4834 schismata
1283 4791 1336 4833 et
1366 4779 1726 4832 dissensiones
1759 4776 2091 4843 proveniant,

520 4871 814 4927 secundum
861 4871 1001 4939 quod
1053 4881 1107 4922 et
1137 4871 1620 4922 mansuetissimam
1652 4867 1923 4919 dominum
1955 4874 2008 4918 et
2038 4866 2094 4917 ﬁ-

521 4965 652 5018 lium
688 4973 926 5017 nostrum
971 4963 1263 5030 principem
1298 4977 1390 5028 per
1421 4961 1624 5012 litteras
1667 4969 1877 5011 nostras
1908 4957 2094 5025 petivi-

524 5071 664 5118 mus,
696 5070 799 5123 quo
837 5055 904 5108 ab
935 5055 1243 5121 episcopatu
1288 5051 1636 5104 fraternitatis
1684 5060 1875 5101 vestra:
1919 5048 2094 5101 omnia

523 5161 643 5216 qua:
689 5161 859 5212 nuper
888 5155 1071 5197 exorta
1105 5153 1230 5197 sunt
1274 5143 1522 5195 scandala
1556 5141 1882 5202 recidantur,
1918 5149 1971 5193 et
2003 5155 2097 5191 nos

525 5236 740 5305 quidem
773 5236 932 5289 veluti
967 5233 1194 5287 fraterna
1227 5233 1429 5285 viscera
1471 5229 1876 5283 condolentibus
1925 5229 2088 5297 provi-

527 5331 720 5384 dentia:
754 5340 945 5382 nostrae
978 5326 1238 5380 medelam
1276 5324 1559 5378 afferentes
1601 5337 1968 5389 appareamus:
2003 5321 2101 5373 Ve-

528 5433 824 5474 rumtamen
878 5419 1180 5486 prtedictam
1222 5417 1486 5475 chartam,
1518 5429 1635 5483 qum
1688 5424 1870 5466 contra
1921 5412 2104 5466 ortho-

529 5511 721 5565 doxam
766 5510 920 5561 fidem
954 5517 1008 5562 et
1035 5505 1470 5562 Chalcedonense
1501 5503 1782 5555 concilium
1815 5503 2104 5572 sophistice

533 5602 784 5669 probatur
829 5600 1095 5668 exposita,
1140 5599 1345 5650 cunctis
1391 5597 1592 5648 viribus
1622 5594 1825 5648 irritam
1858 5611 1976 5649 esse
2012 5595 2105 5647 de-

535 5695 843 5754 liberamus,
874 5701 925 5744 ct
968 5689 1178 5742 vinculo
1208 5689 1562 5742 anathematis
1607 5687 1910 5753 refutataut,
1949 5697 2106 5755 atque

607 5835 630 5860 “
661 5827 838 5881 Edidit
869 5827 1029 5880 Sirttt.

2177 1954 2387 1999 omnes,
2419 1938 2556 1991 sicut
2586 1938 2842 2003 scriptum
2876 1945 2980 1999 est,
3010 1948 3060 1990 et
3093 1938 3380 1992 schismata
3415 1938 3557 1991 nullo
3598 1937 3762 1989 modo

2176 2033 2479 2099 germinent
2509 2032 2561 2083 in
2595 2029 2844 2083 l'lrclesiis
2879 2029 2994 2093 Dei,
3031 2046 3147 2098 qua:
3178 2029 3437 2097 spirituali
3465 2031 3572 2097 jam
3604 2036 3656 2082 et
3679 2027 3763 2082 bis

2176 2133 2332 2177 acuto
2360 2124 2643 2176 sententia:
2674 2123 2846 2190 gladio
2875 2133 2994 2174 sunt
3027 2123 3217 2175 recisa.
3247 2121 3414 2175 Porro
3441 2130 3760 2188 praesentem

2179 2215 2475 2268 litterarum
2531 2214 2755 2266 latorem
2807 2211 3126 2266 fraternitati
3175 2222 3366 2266 vestrm
3413 2212 3464 2264 in
3514 2211 3765 2264 omnibus

2177 2306 2634 2370 comuwndamus,
2668 2308 2918 2374 quoniam
2968 2317 3019 2359 et
3074 2319 3251 2358 mores
3290 2305 3407 2371 ejus
3455 2305 3669 2373 exigunt
3705 2315 3764 2356 ut

2178 2416 2298 2452 eum
2351 2399 2505 2450 vobis
2539 2413 2633 2451 nos
2664 2398 3044 2452 commendare
3072 2398 3361 2451 debeamus
3390 2413 3405 2451 :
3439 2399 3560 2466 quia
3595 2395 3765 2448 mani-

2182 2490 2314 2542 feste
2347 2500 2578 2542 vestram
2614 2488 2766 2541 nobis
2799 2490 3134 2556 ptmsetitiant
3165 2489 3418 2543 exhibere
3447 2488 3766 2543 venerabili-

2181 2593 2257 2635 tis
2289 2582 2402 2650 ejus
2434 2592 2591 2650 atque
2619 2581 2876 2648 perfectio
2903 2597 3108 2634 morum
3140 2582 3491 2651 dignoscitur.

2797 2702 2819 2728 ⁸
2854 2709 3143 2747 exenrun

2183 2787 2268 2840 I’rt
2289 2786 2550 2856 positionis
2589 2785 2898 2839 transmiuw
2922 2785 3414 2853 Constantinopolim
3443 2803 3473 2839 a
3495 2785 3767 2840 Theodoro

2596 2857 2918 2909 sanctissimo
2950 2875 3084 2920 papa
3109 2856 3152 2908 R
3169 2873 3363 2909 mnino.

2252 2946 2507 3000 Dominus
2536 2963 2596 2999 ac
2623 2946 2860 3000 Salvator
2891 2958 3071 3001 noster
3102 2948 3150 3000 iu
3179 2948 3473 3013 Evangeliis
3503 2948 3764 3012 apostolis

2180 3037 2287 3089 suis
2328 3037 2393 3090 ita
2439 3036 2568 3088 dixit
2602 3053 2614 3090 :
2647 3036 2946 3105 Quicunque
2986 3039 3182 3096 solverit
3222 3053 3376 3089 unum
3418 3039 3478 3089 dc
3512 3038 3768 3090 mandatis

2179 3127 2287 3178 istis
2315 3127 2553 3190 minimis,
2577 3137 2624 3178 et
2647 3129 2872 3180 docuerit
2917 3129 2988 3181 sic
3013 3129 3262 3192 homines,
3287 3132 3524 3182 minimus
3568 3131 3769 3182 vocabio

2185 3229 2263 3269 tur
2288 3220 2339 3270 in
2369 3235 2520 3286 regno
2543 3221 2780 3272 cwlornm
2805 3219 3018 3288 (.llatth.
3054 3223 3144 3288 v);
3175 3232 3228 3275 et
3252 3223 3354 3274 alia
3387 3222 3657 3289 Seriptura
3685 3223 3766 3274 tli-

2183 3311 2293 3363 cit:
2338 3309 2420 3364 Ne
2449 3315 2726 3378 transferas
2771 3315 3009 3365 terminos
3053 3323 3289 3377 wternos,
3331 3329 3460 3383 quos
3489 3325 3769 3377 posuerunt

2184 3412 2351 3469 patres
2396 3401 2466 3453 tui
2507 3401 2689 3470 (Prov.
2727 3406 2880 3469 mi).
2934 3403 3023 3454 llis
3065 3418 3188 3473 ergo
3219 3403 3293 3456 sic
3341 3418 3398 3457 se
3430 3404 3767 3464 habentibUs,

2183 3492 2248 3544 ad
2279 3494 2513 3545 notitiam
2549 3493 2890 3547 fraternitatis
2923 3504 3114 3547 vestra:
3145 3495 3458 3547 deducimus
3488 3496 3607 3563 quia
3639 3495 3770 3564 Pyr-

2191 3589 2338 3648 thus,
2373 3590 2458 3654 qui
2491 3591 2753 3655 quondam
2791 3590 3040 3641 Ecclesiae
3069 3590 3607 3657 Constantinopoleos
3651 3589 3772 3656 epi-

2187 3690 2461 3746 seopatum
2489 3681 2766 3745 subripuit,
2789 3689 2843 3733 et
2869 3679 3035 3732 instar
3067 3681 3168 3748 lupi
3197 3681 3295 3734 sub
3325 3691 3560 3749 pri-textu
3595 3691 3772 3748 pasto-

2189 3772 2262 3824 ris
2293 3773 2548 3832 latitabat,
2583 3782 2765 3824 contra
2798 3773 3146 3825 orthodoxam
3179 3774 3359 3834 fidem,
3391 3789 3553 3827 cornu
3579 3775 3772 3826 bellico

2187 3875 2390 3928 erecto,
2439 3864 2680 3932 qua-dam
2734 3865 2983 3918 novitatis
3036 3869 3284 3934 ligmenta
3335 3869 3670 3935 composuit,
3717 3883 3773 3922 et

2188 3960 2384 4010 cha:tis
2415 3975 2443 4010 a
2475 3973 2532 4010 se
2559 3959 2787 4022 dictatis,
2821 3964 3077 4028 quostlatu
3112 3960 3318 4017 furtivis
3348 3978 3410 4016 ac
3441 3964 3720 4031 subreptiti
3747 3979 3774 4017 s

2190 4047 2360 4100 modis
2395 4048 2728 4101 subscribere
2763 4052 3019 4119 compulit
3046 4053 3352 4106 sacerdotes
3384 4068 3397 4104 :
3435 4064 3647 4106 versute
3673 4070 3772 4119 ge-

2191 4154 2335 4204 rens,
2369 4150 2424 4191 ttt
2457 4138 2763 4193 lia-relicum
2813 4142 3240 4207 prtestttltptionis
3271 4157 3380 4195 sua:
3411 4142 3605 4212 dogma
3637 4145 3772 4195 sub-

2190 4232 2354 4298 reptis
2400 4230 2620 4283 aliorum
2667 4233 3145 4298 subscriptionibus
3193 4231 3478 4296 stabiliret,
3517 4243 3570 4286 et
3605 4233 3773 4287 veluti

2194 4338 2386 4374 novum
2429 4323 2694 4375 matltetna
2737 4332 2918 4375 contra
2967 4324 3278 4385 colendum,
3311 4325 3567 4391 nobisque
3608 4323 3780 4376 tradi-

2193 4427 2301 4471 tum
2331 4434 2358 4468 a
2387 4419 2582 4470 sanctis
2614 4417 2855 4470 Patribus
2887 4417 3184 4484 symbolum
3233 4431 3556 4482 eotnponere
3601 4430 3772 4467 cona-

2194 4521 2356 4562 retur.
2403 4507 2467 4560 Et
2513 4507 2762 4575 quoniam
2815 4507 2864 4559 iu
2894 4506 3312 4561 Chalcedonensi
3360 4501 3587 4560 concilio
3635 4521 3769 4559 ana-

2197 4600 2372 4652 thema
2401 4600 2624 4667 po.~itutu
2661 4609 2742 4652 est
2772 4599 2851 4650 his
2881 4601 2964 4667 qui
2998 4613 3026 4651 a
3051 4599 3295 4652 tdiderint
3323 4601 3405 4652 vel
3438 4599 3774 4666 dempserint

2197 4688 2324 4756 quid
2374 4688 2425 4740 in
2462 4688 2563 4741 ﬁde
2595 4703 2712 4757 quae.
2757 4705 2783 4740 a
2818 4697 2891 4741 tot
2921 4689 3166 4742 Patribus
3195 4698 3276 4742 est
3312 4689 3580 4754 roborata,
3618 4690 3778 4754 hujus

2201 4780 2274 4832 rei
2307 4780 2470 4846 gratia
2496 4779 2841 4832 dilectionem
2874 4789 3103 4832 vestram
3129 4780 3444 4844 prmmunire
3469 4782 3783 4834 considera-

2201 4869 2391 4931 vimus,
2425 4878 2480 4920 ut
2509 4869 2590 4920 his
2619 4885 2737 4938 qua:
2785 4885 2811 4920 a
2847 4871 3099 4936 praedicto
3132 4870 3338 4940 Pyrrho
3367 4871 3621 4926 adversus
3646 4887 3778 4938 apo-

2197 4958 2438 5013 stolicam
2473 4957 2626 5010 fidem
2657 4971 2970 5028 praesumpta
3002 4969 3146 5024 sunt,
3183 4962 3501 5029 reprobatis,
3530 4963 3779 5018 eamdem

2202 5054 2376 5117 fidem,
2407 5052 2540 5106 sicut
2571 5062 2624 5106 et
2669 5053 2746 5105 ﬁsi
2796 5069 3007 5119 sumus,
3041 5055 3348 5117 retineatis,
3380 5071 3536 5123 quam
3569 5072 3632 5108 ex
3665 5056 3787 5124 ipso

2203 5144 2336 5196 lacte
2381 5143 2601 5196 uberum
2650 5154 2847 5197 sancta:
2881 5144 3130 5196 Ecclesiae
3161 5146 3318 5197 simul
3369 5147 3611 5208 suxistis,
3659 5149 3785 5200 uui—

2201 5248 2351 5286 versa
2399 5233 2693 5284 temeraria:
2737 5231 2985 5284 novitatis
3026 5231 3377 5287 deliramenta
3423 5234 3786 5288 destruentes.

2201 5321 2308 5375 Nos
2338 5323 2479 5376 enim
2510 5332 2612 5374 tam
2644 5336 2735 5388 per
2761 5321 2890 5374 alias
2923 5321 3142 5386 litteras,
3179 5339 3335 5390 quam
3383 5338 3476 5391 per
3500 5323 3777 5377 decretum

2203 5414 2480 5481 prmsentis
2524 5411 2924 5482 propositionis,
2977 5413 3154 5464 omnia
3201 5431 3319 5482 qua:
3367 5422 3550 5466 contra
3605 5413 3789 5466 ortho-

2205 5505 2396 5558 doxam
2425 5514 2475 5558 et
2501 5503 2845 5571 apostolicam
2878 5504 3031 5558 fidem
3059 5515 3292 5560 nostrain
3313 5507 3380 5560 ab
3394 5505 3628 5575 ejusdem
3657 5505 3789 5575 Pyr-

2209 5594 2287 5647 rhi
2325 5610 2454 5645 nova
2491 5607 2538 5647 et
2576 5596 2855 5648 temeraria
2885 5595 3116 5649 vanitate
3161 5596 3454 5650 introducta
3485 5606 3625 5656 sunt,
3659 5600 3788 5650 abo-

2207 5685 2490 5758 minantes,
2513 5685 2777 5754 simulque
2808 5703 2926 5741 cum
2957 5686 3162 5751 charta,
3190 5703 3306 5758 qua:
3338 5690 3625 5757 proposita,
3651 5696 3706 5743 et
3734 5689 3788 5744 iu
