4002 6350
235 308 296 364 81
678 308 687 316 ’
1530 296 1846 352 Εεηδίὀω

1954 294 2242 348 ECUNUA.
3445 283 3516 340 εἰ

239 416 456 488 publicis
499 415 639 470 locis
670 414 738 467 ab
775 430 840 470 eo
869 428 1123 482 suspensa
1159 423 1260 474 est,
1295 409 1829 470 anathematizantes,
1864 414 1912 467 Α
1940 408 2252 469 floruerunt,
2286 407 2510 474 posteris
2554 405 2745 460 tradita
2779 420 2870 474 per
2898 413 3079 459 sancta
3107 401 3337 472 quinque
3383 413 3515 456 con-

239 509 478 562 volumus
509 520 706 558 omnes
732 504 822 557 illa
854 519 1061 572 sapere,
1091 503 1140 556 id
1171 510 1256 557 est
1281 510 1485 565 tenere,
1516 514 1631 568 qua:
1659 500 1828 550 sancti

239 599 455 666 apostoli
491 598 851 652 tradiderunt.
890 607 944 651 et
971 598 1154 652 Patres
1183 594 1272 665 qui
1317 595 1370 648 in
1406 594 1700 648 orthodoxa
1731 591 1833 645 fide

1935 499 2053 554 cilia
2088 499 2452 551 firmaverunt.

245 734 2484 766 _________________________._______

1291 867 2170 996 EPISTULA
2265 862 2432 1005 ΙΙ,

247 1081 346 1144 ΑΒ
379 1080 819 1142 EPISCOPOS
857 1080 990 1154 QUI
1029 1046 1768 1140 c'onsecuavsuunr
1817 1067 2137 1132 PAULUM
2198 1066 2774 1127 PATRIARCHAM
2828 1065 3525 1127 CONSTANTINOPO-

949 1178 1306 1239 LITANUM
1341 1175 1701 1236 PROPTER
1737 1167 2121 1231 PYRRHUM
2157 1166 2265 1224 EX
2301 1165 2828 1226 PATRIARCHA.

314 1416 545 1471 ιῖιιετεε
601 1413 946 1467 fraternitatis
994 1421 1208 1476 “sum,
1257 1424 1352 1478 per
1400 1421 1531 1475 quas
1571 1405 1725 1459 nobis
1772 1402 1838 1457 de
1873 1403 1914 1460 Β
1945 1399 2157 1453 molitus
2187 1407 2292 1462 est,
2325 1397 2865 1462 anathematizantcs,
2899 1397 3024 1464 quin
3058 1397 3216 1451 etiam
3253 1409 3394 1451 nunc
3426 1401 3500 1449 tte

251 1505 584 1574 promotione
615 1503 761 1557 Pauli
807 1503 985 1557 fratris
1009 1511 1064 1557 et
1089 1499 1394 1570 coepiscopi
1433 1496 1602 1552 nostri
1635 1494 1842 1563 signiti—

250 1598 423 1657 castis,
476 1595 847 1662 suscepimus,
895 1602 950 1648 et
994 1593 1161 1661 gavisi
1209 1591 1420 1658 quidem
1473 1601 1636 1655 super
1683 1584 1842 1651 hujus

252 1705 431 1744 sumus
459 1688 821 1742 ordinatione.
858 1686 963 1740 Sed
1003 1685 1175 1738 futura
1219 1681 1470 1736 maestitia
1503 1678 1625 1731 huic
1655 1675 1840 1729 videli-

253 1791 332 1835 cet
375 1794 736 1843 succvssura,
771 1788 987 1846 pr0pter
1037 1776 1238 1830 zizania
1270 1790 1388 1839 qua-
1421 1771 1686 1825 nascitnra
1731 1767 1844 1821 fore

255 1878 572 1938 sperantur,
618 1870 856 1923 animum
905 1878 1148 1921 nostrum
1195 1865 1348 1917 valde
1387 1862 1688 1925 concussit,
1743 1859 1841 1913 nisi

255 1957 660 2025 diligentissima
708 1971 866 2008 manu
915 1965 970 2009 et
1011 1954 1316 2008 cautissitna
1357 1966 1505 2013 cura,
1539 1951 1844 2016 priusquam

257 2059 522 2112 crescant,
573 2056 628 2100 ct
663 2047 991 2099 Dotninicam
1041 2058 1270 2097 messem
1319 2040 1598 2102 suffocent,
1649 2041 1844 2093 exstir-

257 2149 463 2208 pentur.
515 2139 786 2192 Debuerat
834 2137 993 2207 igitur
1046 2135 1313 2205 Pyrrhus,
1367 2133 1455 2201 qui
1505 2132 1702 2184 sanctis
1755 2130 1844 2184 Dei

260 2227 510 2282 Ecclesiis
580 2225 890 2281 scandalum
955 2226 1283 2291 seminavit,
1363 2223 1635 2276 canonica:
1702 2221 1846 2288 prius

262 2315 711 2370 artimadversioni
758 2315 1022 2377 submitti,
1054 2328 1106 2369 et
1137 2323 1244 2367 tum
1277 2314 1524 2381 praelatus
1559 2311 1720 2366 frater
1746 2326 1843 2363 no—

261 2417 362 2462 Iter
395 2407 591 2460 Paulus
619 2407 821 2460 sacrari
853 2422 864 2450 τ
895 2421 964 2459 ne
993 2405 1129 2460 forte
1159 2414 1400 2472 tempore
1431 2403 1609 2472 aliquo
1635 2402 1702 2456 de
1731 2401 1845 2471 eje-

261 2503 429 2552 ctione
454 2512 548 2551 sua
579 2497 885 2565 quampiam
915 2511 974 2550 se
1005 2506 1154 2564 putet
1180 2495 1566 2564 querimoniam
1602 2493 1844 2562 objectu-

265 2601 398 2650 rum,
429 2588 574 2655 quod
603 2588 787 2641 odium
832 2586 1150 2641 sustinuerit»
1176 2585 1455 2655 populare,
1501 2593 1555 2637 et
1581 2585 1628 2637 vi
1664 2582 1846 2652 pulsus

269 2678 492 2732 libeilum
536 2680 770 2744 dederit,
801 2688 856 2734 et
904 2694 1054 2733 suam
1086 2679 1378 2732 Ecclesiam
1409 2678 1740 2741 refutaverit,
1768 2677 1841 2730 si-

1947 1505 2059 1542 rum
2110 1499 2266 1556 atque
2319 1487 2510 1542 iterum
2557 1487 3073 1541 anathematizamus
3122 1502 3134 1538 :
3181 1485 3268 1539 illa
3323 1493 3529 1540 tantum

1945 1579 2329 1646 amplectentes
2380 1593 2498 1646 quae
2547 1579 2712 1631 sancti
2765 1576 2917 1629 nobis
2965 1575 3148 1629 Patres
3202 1574 3255 1631 in
3309 1575 3529 1645 synodis

1946 1669 2311 1734 tradiderunt,
2363 1669 2491 1722 nihil
2553 1668 2666 1722 lidei
2716 1667 3008 1732 addentes,
3058 1683 3158 1722 nec
3202 1667 3528 1722 auferentes.

1946 1759 2013 1813 Et
2044 1760 2243 1814 idcirco
2275 1775 2392 1828 qua:
2420 1759 2470 1812 in
2506 1774 2787 1827 personam
2822 1758 3054 1826 pra-dicti
3091 1758 3279 1828 Pyrrhi
3309 1759 3528 1812 deﬁnie-

1946 1852 2134 1915 rimus,
2181 1853 2231 1906 in
2281 1852 2469 1906 litteris
2499 1865 2630 1920 quas
2665 1850 2730 1904 ad
2769 1850 2878 1920 jam
2933 1860 3282 1904 memoratum
3316 1851 3530 1904 fratrem

1945 1951 1999 1996 et
2045 1944 2418 2010 coepisc0pum
2462 1951 2700 1995 nostrum
2756 1941 3034 2004 misimus,
3091 1941 3410 2010 agnoscetis.
3465 1941 3532 1996 Ut

1947 2031 2103 2101 igitur
2133 2032 2443 2086 scandalum
2486 2032 2705 2085 minime
2751 2030 2926 2084 futuro
2960 2041 3197 2099 tempore
3226 2041 3532 2102 generetur.

1948 2127 2241 2180 secundum
2279 2126 2553 2193 prmftxum
2607 2124 2821 2179 modum
2857 2125 3140 2193 diligenter
3170 2139 3320 2178 sacra
3353 2122 3532 2194 provi-

1948 2219 2128 2273 dentia
2177 2219 2524 2287 exstinguere
2574 2227 2745 2271 curet.
2799 2217 2861 2270 Et
2905 2233 2990 2270 res
3033 2217 3244 2286 quidem
3287 2217 3399 2285 ipsa
3442 2230 3534 2270 nos

1952 2311 2118 2378 magis
2161 2309 2226 2362 ad
2271 2309 2662 2362 tribulationem
2711 2307 3038 2375 provocavit,
3071 2317 3124 2362 et
3169 2307 3430 2362 nascitura
3464 2309 3537 2360 zi-

1951 2405 2101 2458 zania
2146 2401 2464 2470 conjectnris
2509 2401 2870 2470 probabilibus
2912 2400 3232 2466 informavit,
3287 2401 3536 2469 quoniam

1951 2509 2044 2562 per
2088 2495 2293 2549 litteras
2336 2503 2540 2546 vestras
2594 2494 2903 2561 praedictum
2954 2491 3217 2563 Pyrrhum
3266 2489 3538 2546 sanctissi-

1950 2602 2095 2640 mum
2147 2585 2479 2641 nominastis.
2533 2586 2588 2642 Si
2636 2587 2776 2640 enim
2826 2586 2928 2640 alia
2977 2595 3274 2652 taceamus,
3309 2597 3361 2641 et
3404 2585 3538 2640 nihil

1950 2678 2167 2732 omnino
2199 2678 2440 2747 peccavit
2467 2686 2558 2732 aut
2590 2677 2642 2729 in
2673 2676 3010 2746 religionem,
3035 2687 3125 2730 aut
3157 2676 3209 2731 in
3239 2677 3537 2731 doctrinam

266 2781 346 2823 cut
382 2772 534 2825 nobis
568 2771 869 2825 fraternitas
899 2779 1070 2824 vestra
1104 2785 1197 2838 per
1237 2769 1440 2823 litteras
1477 2783 1600 2821 suas
1630 2765 1838 2834 signifi-
1871 2753 1916 2815 C
1950 2767 2093 2837 fidei,
2139 2778 2192 2822 et
2238 2783 2334 2821 nec
2379 2783 2479 2820 una
2527 2768 2682 2836 culpa
2735 2767 3007 2820 damnavit
3037 2784 3050 2820 :
3084 2767 3431 2836 quamobrem
3473 2767 3541 2820 de

266 2862 416 2912 cavit.
469 2860 654 2914 Facile
699 2861 896 2929 quippe
943 2867 1214 2912 mutantur
1246 2858 1509 2920 homines,
1542 2865 1596 2911 et
1632 2856 1845 2924 quidem

268 2951 549 3018 aliquando
592 2965 657 3005 ex
707 2952 832 3003 odio
881 2949 947 3002 ad
994 2949 1338 3003 dilectionem
1387 2956 1694 3016 assurgunt,
1746 2945 1846 2998 ali-

265 3043 474 3105 quando
505 3057 635 3095 vero
673 3056 712 3094 a
735 3041 1023 3094 dilectione
1068 3044 1119 3093 in
1151 3039 1331 3093 odium
1360 3038 1684 3093 dilabuntur.
1735 3037 1848 3101 Qua

261 3148 385 3200 ergo
414 3147 526 3202 pro»
545 3148 732 3197 causa,
766 3148 886 3201 quae
916 3132 1238 3186 dissimulari
1273 3131 1445 3184 futura
1475 3139 1599 3184 sunt
1629 3123 1867 3196 provido'

263 3239 360 3277 non
428 3225 866 3292 contemplantur
916 3223 1150 3276 obtutu?
1220 3237 1287 3276 ne
1337 3221 1474 3276 forte
1529 3223 1850 3288 provenieus

261 3317 573 3370 scandalum
600 3317 764 3371 variis
812 3316 1174 3371 simultatibus
1208 3316 1496 3370 Ecclesiam
1532 3314 1624 3368 Dei
1653 3315 1850 3368 discin-

259 3409 364 3461 dat.
415 3410 552 3464 Sunt
581 3409 839 3477 capitula,
887 3410 1078 3478 quibus
1108 3409 1394 3478 przedictus
1425 3407 1664 3477 Pyrrhus
1691 3423 1852 3462 cano-

262 3502 375 3554 nice
405 3512 587 3569 potest
613 3503 681 3554 ab
701 3500 845 3554 omni
877 3500 1196 3555 sacerdotali
1223 3501 1413 3555 ordine
1435 3500 1583 3567 pelli.
1616 3501 1848 3554 Pritnum

261 3593 496 3660 quidem,
528 3594 652 3660 quia
675 3591 996 3658 Heraclium,
1017 3594 1106 3661 qui
1135 3590 1600 3646 anathematizavit
1627 3591 1850 3644 catholi-

261 3697 372 3736 cam
409 3682 576 3735 fidem
609 3692 664 3736 et
689 3682 872 3736 Patres
899 3683 1196 3737 orthodoxe
1224 3683 1538 3745 sentientes,
1577 3682 1630 3735 in
1664 3682 1852 3736 litteris

261 3774 367 3825 suis
418 3773 672 3826 laudibus
721 3773 948 3840 extulit,
1002 3783 1056 3828 et
1113 3789 1205 3842 per
1262 3773 1705 3842 subreptionem,
1760 3788 1853 3841 per

263 3865 522 3935 quosdam
567 3868 874 3922 sacerdotes
903 3869 990 3935 qui
1020 3866 1471 3934 subscripserant,
1506 3866 1852 3934 sophisticam

265 3971 474 4025 quoque
516 3957 762 4011 chartam
809 3958 1066 4012 adversus
1095 3958 1439 4025 apostolicam
1473 3956 1629 4010 fidem
1662 3956 1855 4011 confir-

265 4063 406 4102 mare
440 4050 802 4118 presumpsit,
831 4058 882 4102 et
912 4047 964 4102 in
994 4048 1220 4117 publicis
1251 4049 1381 4102 locis
1407 4047 1737 4113 suspendere
1768 4047 1849 4100 fe-

264 4144 498 4206 stinavit,
555 4143 704 4210 quasi
755 4157 944 4195 novatn
999 4144 1157 4196 fidem
1205 4151 1260 4196 et
1309 4142 1611 4211 symbolum
1662 4150 1846 4194 contra

264 4246 499 4287 sanctam
556 4233 1049 4288 Chalcedonensem
1102 4232 1365 4303 synodum
1421 4249 1433 4284 :
1489 4247 1700 4299 plenam
1750 4234 1849 4284 mi-

265 4329 402 4380 nime
431 4327 638 4381 veritus
667 4327 850 4380 aeterni
876 4325 1094 4394 jndicii,
1127 4335 1180 4380 et
1211 4326 1496 4378 anathema
1528 4324 1666 4392 quod
1702 4324 1846 4392 pusi-

265 4428 370 4471 tunt
417 4430 501 4473 est
547 4419 598 4472 in
641 4419 825 4474 eadem
867 4418 1380 4474 Chalcedonensium
1427 4416 1658 4487 synodo,
1701 4415 1845 4486 quod

268 4527 421 4564 nemo
467 4526 706 4580 unquam
757 4521 940 4566 sancto
989 4511 1337 4575 matbemati,
1389 4509 1441 4564 id
1493 4519 1575 4564 est
1621 4509 1848 4563 colendo

265 4603 556 4671 symbolo,
616 4603 906 4671 quidquam
965 4604 1167 4657 addere
1214 4603 1298 4656 vel
1352 4602 1599 4656 minuere
1645 4601 1847 4654 audere

268 4704 553 4756 pet-tentet.
601 4693 890 4749 Praedictus
939 4702 1116 4749 autem
1163 4693 1400 4764 Pyrrhus
1445 4708 1542 4746 net:
1582 4702 1848 4760 protesta-

268 4786 410 4840 tione
438 4797 740 4841 conventus
769 4802 799 4840 a
833 4787 1095 4853 pravitate
1125 4801 1219 4839 sua
1245 4784 1503 4840 recedere
1535 4798 1720 4852 passus
1747 4793 1848 4836 est.

265 4876 385 4932 Ideo
428 4894 562 4948 ergo
611 4879 722 4947 jam
771 4888 1121 4933 memoratam
1172 4878 1413 4931 chartam
1463 4876 1850 4939 abominantes,

265 4979 317 5020 et
357 4975 536 5024 omnia
579 4985 704 5040 quae
747 4972 938 5026 crebro
986 4971 1161 5025 dictus
1195 4969 1432 5040 Pyrrhus
1472 4979 1653 5022 contra
1698 4969 1852 5021 fidem

1881 4105 1930 4163 D

1955 2862 2165 2930 propria
2197 2871 2276 2915 est
2302 2860 2508 2928 ejectns
2540 2859 2821 2913 Ecclesia?
2845 2859 2948 2914 Sed
2983 2859 3210 2914 fortasse
3239 2859 3360 2927 quis
3390 2858 3543 2912 dixe.

1951 2953 2040 3017 rit,
2069 2951 2320 3020 generale
2372 2950 2472 3004 hoc
2519 2949 2697 3005 odium
2733 2949 2878 3005 fecit.
2928 2949 3035 3005 Sed
3087 2948 3319 3018 vulgaris
3348 2949 3542 3003 tumul-

1953 3056 2035 3098 tus
2061 3044 2146 3113 jus
2174 3041 2458 3098 sacerdotii
2502 3039 2714 3096 auferre
2741 3055 2845 3094 non
2877 3051 3074 3110 potest,
3103 3055 3201 3095 nec
3229 3039 3408 3094 odium
3459 3056 3542 3091 sa-

1951 3152 2044 3192 cro
2075 3151 2397 3207 quemquam
2453 3134 2642 3189 ordine
2673 3134 2963 3190 denudare.
3014 3133 3304 3188 Manifestis
3348 3133 3542 3202 quippe

1952 3237 2076 3280 sunt
2113 3227 2384 3280 canonicm
2425 3241 2625 3293 causai,
2657 3241 2774 3292 quae
2803 3225 2926 3294 jura
2965 3225 3250 3279 sacerdotii
3301 3225 3542 3278 recidere

1956 3328 2200 3389 possunt.
2254 3317 2361 3377 Νδί
2395 3319 2535 3372 enim
2579 3328 2784 3372 naturze
2822 3332 2981 3373 causa
3013 3319 3204 3383 praesul
3236 3317 3542 3386 exstingua-

1955 3422 2058 3478 tur,
2101 3411 2395 3466 Euclesiam
2444 3411 2559 3480 ejus
2599 3412 2732 3466 alius
2783 3427 2889 3465 non
2930 3420 3105 3479 potest
3153 3409 3539 3478 irreprebcnsi-

1955 3503 2130 3558 biliter
2168 3503 2594 3573 apprehendere.
2629 3503 2693 3558 Et
2725 3503 2840 3556 haec
2867 3501 3080 3569 quidem
3127 3515 3233 3554 non
3276 3499 3546 3553 contradi-

1954 3604 2135 3648 centes
2169 3593 2488 3649 ordinationi
2547 3593 2789 3663 praedicti
2822 3593 2999 3648 fratris
3045 3593 3211 3646 nostri
3242 3591 3386 3646 Pauli
3415 3592 3548 3644 scri-

1957 3683 2169 3749 bimus,
2217 3684 2312 3738 sed
2366 3684 2559 3738 vulnus
2609 3684 2781 3739 latens
2828 3691 2881 3738 et
2926 3683 3245 3736 absconsum
3296 3679 3546 3735 medente

1958 3793 2118 3833 manu
2167 3779 2539 3848 adaperimus,
2593 3793 2660 3833 ne
2727 3778 2780 3832 in
2832 3776 3013 3832 vitalia
3067 3776 3276 3832 viscera
3328 3788 3546 3842 serpere

1958 3871 2146 3938 possit,
2187 3885 2397 3924 omnem
2445 3869 2830 3924 immunditiam
2871 3868 3049 3923 fetida:
3093 3865 3388 3936 putredinis
3433 3880 3546 3918 me-

1959 3960 2258 4016 dicinaliter
2304 3947 2704 4024 exhaurientes,
2752 3970 2805 4013 et
2843 3975 2961 4029 quae
3006 3969 3224 4028 possunt
3269 3957 3382 4012 fieri
3427 3955 3546 4008 dili-

1957 4056 2134 4123 gentia
2181 4054 2414 4122 providae
2453 4054 2726 4108 incisionis
2777 4061 3152 4120 penetrantes,
3194 4066 3299 4105 non
3338 4059 3392 4104 ut
3431 4048 3546 4102 hrec

1957 4145 2084 4200 ﬁant
2113 4153 2382 4212 optantes.
2409 4144 2538 4197 Nam
2570 4159 2712 4213 saepe
2741 4143 2942 4197 dictum
2972 4141 3190 4197 fratrem
3222 4151 3459 4195 nostrum
3493 4141 3545 4192 in

1956 4236 2248 4290 visceribus
2275 4235 2470 4290 mentis
2516 4243 2715 4288 nostra:
2745 4233 3150 4302 complectimur
3181 4239 3233 4286 et
3266 4231 3541 4286 fovemus:

1952 4328 2049 4382 sed
2089 4343 2154 4382 ne
2184 4328 2472 4381 schismata
2504 4328 2654 4395 fiant,
2703 4327 2935 4382 fraterna
2979 4325 3306 4396 providentia
3340 4325 3545 4380 etaffe-

1953 4418 2129 4472 ctione
2171 4417 2473 4471 dilectionis
2527 4425 2788 4474 terremur
2839 4435 2849 4469 :
2903 4425 3164 4486 quatenus
3233 4416 3545 4484 episcopatu

1954 4509 2069 4578 ejus
2099 4524 2288 4564 manus
2318 4509 2586 4578 itnpositio
2613 4509 2918 4565 nullomodo
2947 4509 3264 4563 maculetur.
3299 4507 3541 4574 Denique

1952 4600 2286 4669 interemptis
2323 4609 2378 4656 et
2415 4602 2684 4657 sull'ocatis
2722 4599 3122 4666 schismatibus,
3152 4607 3205 4652 et
3247 4598 3377 4652 fides
3409 4613 3542 4667 qun-

1955 4706 2070 4758 que.
2092 4692 2412 4757 orthodoxa,
2441 4707 2558 4759 qua:
2590 4699 2666 4743 tot
2695 4689 3057 4757 spiritualibus
3096 4688 3325 4757 paradisi
3357 4690 3544 4744 florum

1956 4783 2210 4842 odoribus
2259 4798 2349 4848 per
2396 4781 2653 4850 agricolas
2696 4779 2892 4836 Christi
2942 4777 3034 4835 Dei
3085 4784 3287 4849 nostri,
3335 4792 3545 4836 sanctos

1958 4876 2204 4930 videlicet
2233 4876 2522 4943 apostolos,
2556 4875 2746 4939 eluxit,
2777 4875 3084 4930 nullatenus
3108 4876 3375 4945 aliquibus
3405 4875 3546 4931 ziza-

1966 4969 2175 5019 niorum
2205 4965 2374 5028 spinis
2404 4967 2595 5032 poterit
2622 4965 2874 5022 sauciari.

289 5089 3533 5116 Mm

857 5176 933 5207 “’
1299 5182 2194 5316 EPISTULA
2289 5189 2522 5328 III,

275 5403 822 5468 ECCLESIARUM
879 5400 1456 5463 AFRICANARUM
1495 5401 1602 5460 AD
1637 5397 2004 5460 SANCTUM
2044 5397 2545 5459 THEODORUM
2595 5398 2993 5460 ROMA-NUM
3034 5395 3538 5459 PONTIFICEM.

347 5610 567 5664 Domino
591 5610 914 5664 beatissimo
945 5604 1236 5672 apostolico
1278 5604 1512 5660 culmine
1540 5606 1848 5672 sublimato,

278 5713 447 5756 inuicto
491 5702 634 5757 Patri
689 5704 933 5762 l‘atrum,
968 5696 1256 5751 Theodoro
1303 5714 1480 5765 pawn,
1531 5706 1584 5753 ct
1632 5713 1844 5752 summo

2024 5611 2104 5672 Τῷ
2134 5607 2508 5676 μακαριωτάτῳ
2549 5601 2797 5674 δεσπότῃ,
2821 5625 2902 5658 και
2930 5611 2990 5676 τῇ
3020 5605 3330 5676 ἀ.;οστολικῇ
3353 5609 3542 5676 κορυφί

1957 5697 2266 5772 ὑπερέχοντι
2290 5701 2439 5774 πατρὶ
2466 5705 2672 5771 πατρῶν
2698 5694 2938 5767 Θεοδώρῳ
2981 5702 3050 5764 τῷ
3093 5695 3356 5765 ἁγιωτάτῳ
3396 5695 3536 5749 min
