4002 6350
510 338 581 393 85
1671 339 1758 394 AD
1800 340 1855 393 S.
1899 292 2317 393 'l'llEODORUM
2364 340 2586 396 PAPAM
3686 342 3757 399 84

505 452 588 503 καί
627 450 827 522 μεγάλῳ
865 457 963 503 τῶν
998 448 1278 525 ἁπανταχῇ
1326 449 1581 526 προέδρων
1622 451 1978 525 ἀρχιποιμίνι,
2006 464 2064 502 lto

2166 493 2170 505 .
2198 454 2433 507 omnium
2463 453 2743 522 prmsulum
2777 454 3028 521 pontifici,
3080 454 3366 509 Columbus
3397 456 3581 525 primm
3609 458 3749 513 sedis

2188 544 2471 612 episc0pus
2496 543 2704 597 concilii
2734 543 3018 610 Numidiae,
3047 536 3100 599 et
3123 546 3425 613 Stephanus
3455 550 3638 614 primae
3664 563 3755 604 se-

502 541 721 610 λοῦμϐος
742 541 1014 600 ἐπίσκοπος
1042 548 1133 595 τοῦ
1173 545 1379 617 πρώτου
1398 543 1593 615 θρόνου,
1628 551 1718 601 τῆς
1747 544 1795 595 ἐν
1826 550 1896 610 τῷ
1920 544 2079 604 Βυζα-

502 635 591 700 κίῳ
617 629 856 693 συνόδου,
883 634 968 684 καί
987 632 1289 707 Ῥεπαράτος
1319 635 1595 692 ἐπίσκοπος
1619 638 1711 686 τοῦ
1737 633 1945 704 πρώτου
1970 631 2083 703 θρό-

500 738 591 777 νου
617 732 707 783 τῆς
728 722 774 776 ἐν
799 724 1115 797 Μαυριτανία
1154 724 1368 779 συνόδου
1388 770 1400 789 ,
1432 728 1515 778 καί
1545 728 1637 779 σύν
1663 726 1778 792 ἡμῖν
1806 724 1853 777 οί
1882 724 2079 776 ἐπίσκο-

501 836 589 868 ποι
616 816 801 874 πάντες
829 821 929 869 τῶν
950 816 1221 889 εἰρημένων
1240 825 1391 887 τριῶν
1414 813 1636 870 συνόδων
1656 822 1746 873 τῆς
1769 820 1867 867 τῶν
1885 811 2081 889 ’Δφρων

502 908 707 979 χώρας.

570 997 796 1065 Μεγάλην
842 1000 927 1050 καὶ
978 997 1290 1052 ἀνέκλειπτον
1328 998 1459 1054 θείας
1498 996 1712 1067 χάριτος
1749 998 1934 1064 πηγήν,
1958 995 2077 1052 τούς

500 1088 839 1159 χριστιανούς
884 1086 1114 1144 ἅπαντας
1152 1085 1674 1146 καταπλουτίζουσαν,
1696 1084 1836 1155 παρά
1870 1090 1941 1153 τῷ
1970 1081 2077 1134 καθ’

497 1179 633 1245 ὑμᾶς
661 1178 978 1249 ἀποστολικῷ
1003 1178 1160 1251 θρόνῳ
1184 1177 1476 1245 τυγχάνειν,
1499 1172 1612 1244 οὐχ’
1633 1170 1731 1227 οἷόν
1758 1175 1811 1228 τέ
1840 1196 1953 1228 τινα
1977 1182 2075 1227 τῶν

495 1270 697 1323 πάντων
739 1267 1137 1341 διαμφιϐάλλειν,
1172 1270 1221 1330 ἐξ
1253 1266 1309 1327 ἧς
1346 1269 1521 1337 ὀχετοί
1555 1273 1794 1341 προῐᾶσιν
1834 1268 2072 1339 ἀφθόνως,

498 1357 703 1413 ἅπαντα
739 1360 826 1413 τόν
855 1359 1155 1433 Χριστιανίν
1180 1356 1478 1430 ἀρδεύοντες
1501 1357 1703 1426 κόσμον
1736 1355 1865 1419 ὅθεν,
1891 1359 1962 1416 εἰς
1985 1364 2074 1415 τὴν

495 1454 584 1500 τοῦ
614 1449 866 1517 παναγίου
901 1449 1088 1521 Πέτρου
1130 1452 1311 1515 τιμήν,
1342 1442 1379 1497 ὦ
1408 1450 1567 1521 πάτερ
1606 1453 1829 1521 πατρῶν,
1858 1448 2008 1506 αυτὸς
2047 1446 2073 1500 ό

494 1536 736 1611 ύμετέρος
778 1538 1112 1597 άποστολικὸς
1136 1539 1307 1611 θρόνος
1334 1536 1632 1612 ἰδιοτρόπως
1660 1538 1769 1595 ἦτοι
1794 1546 2071 1610 μονηενῶς

494 1631 625 1682 κατά
654 1631 778 1683 θεῖον
800 1629 1109 1701 κεκλήρωται
1137 1630 1412 1699 θέσπισμα,
1443 1632 1509 1684 τά
1540 1629 1648 1703 ἱερά
1669 1639 1758 1688 τῆς
1787 1631 2072 1691 Ἐκκλησίας

493 1716 719 1790 δόγματα
745 1716 1094 1791 διερευνᾶσθαι
1123 1722 1206 1771 καί
1232 1718 1574 1789 άναψηλαφᾲν,
1600 1717 1733 1789 οἷπερ
1756 1715 1828 1790 τῷ
1856 1719 1976 1776 ἀληθ
2000 1728 2067 1791 νῷ

491 1808 870 1881 παραλαϐόντες
912 1811 1220 1882 κηρύγματι,
1252 1806 1637 1882 διακριϐνιθῆναι
1677 1815 1775 1861 τῶν
1801 1808 2070 1879 ἀναγκαιο-
2100 1805 2145 1862 Β

488 1900 652 1952 τάτων
677 1902 833 1964 ἐστίν,
856 1902 941 1952 καί
966 1906 1064 1953 τῶν
1093 1900 1376 1974 ἀρχιερέων
1405 1907 1494 1958 τῆς
1520 1901 1792 1972 κορυφαίας
1819 1900 1900 1951 καί
1939 1899 2069 1951 ἀπο-

489 1989 739 2049 στολικῆς.
766 1987 1016 2065 ’Δρχῆθεν
1042 1993 1142 2064 γάρ
1170 1991 1297 2049 αὕτη
1337 1992 1549 2062 πέφηνεν
1575 1993 1605 2048 ἠ
1637 1991 1897 2053 συνήθεια,
1936 1992 2068 2044 ὥστε

488 2080 610 2156 παρ’
629 2084 796 2135 αὐτῶν
825 2085 892 2136 τά
929 2083 1085 2153 φαῦλα
1109 2086 1198 2151 μέν
1222 2083 1627 2157 κατακρίνεσθαι,
1658 2082 1993 2151 βεϐαιοῦσθαι
2015 2080 2068 2135 δὲ

487 2175 554 2227 τά
574 2175 1061 2247 προσήκοντα.Ὲπεὶ
1082 2169 1164 2227 οὖν
1184 2176 1228 2227 οἱ
1250 2176 1474 2249 ἑξαρχῆς
1497 2174 1699 2232 κανόνες
1719 2174 2067 2236 θεσπίζουσιν,

493 2264 726 2339 ὅπουπερ
759 2261 817 2318 ἀν
847 2266 1259 2324 ἐκκλησιαστικὸν
1279 2272 1497 2339 πρᾶγμα
1524 2273 1745 2323 κινεῖται.
1786 2270 1856 2335 μὴ
1884 2261 2072 2335 πρότε-

487 2379 576 2433 ρον
606 2358 935 2430 ψηλαφᾶσθαι
964 2361 1215 2423 καθάπαξ,
1245 2360 1274 2417 ἦ
1304 2358 1705 2432 προσδέχεσθαι,
1748 2354 1837 2429 κᾷν
1866 2356 1945 2412 ὄτι
1970 2359 2067 2428 μά·

486 2449 640 2504 λιστα
676 2450 741 2504 τά
774 2452 1037 2518 κινούμενα
1082 2451 1289 2521 τύχοιεν
1316 2446 1434 2503 ὄντα
1469 2449 1515 2501 ἐν
1547 2450 1923 2519 ἀπῳκισμέναις
1965 2450 2071 2502 τισί

490 2543 575 2593 καὶ
612 2542 969 2616 πορρωτάταις
989 2541 1312 2611 ἐπαρχίαις,
1345 2537 1505 2612 ἄχρις
1535 2534 1592 2591 ἀν
1622 2538 1704 2591 ἐπὶ
1734 2538 1820 2592 τόν
1850 2540 2072 2592 ἀποστο-

489 2632 625 2685 λικόν
649 2633 951 2704 ἀνακομισθῇ
976 2633 1164 2705 θρόνον,
1193 2633 1276 2685 ἵνα
1302 2632 1356 2684 ἐκ
1376 2640 1467 2691 τῆς
1492 2629 1601 2684 κατ’
1624 2630 1774 2685 αὐτόν
1804 2631 2069 2689 αύθεντίας

491 2728 582 2775 τοῦ
622 2722 922 2790 ζητουμένου
953 2719 1361 2793 δοκιμασθέντος,
1393 2718 1489 2774 οἷον
1521 2723 1604 2773 καὶ
1632 2722 1980 2794 τρανωθέντος,
2018 2722 2067 2786 ἐξ

491 2811 641 2864 αὐτοῦ
671 2812 898 2881 καθάπερ
929 2808 983 2864 ἔκ
1019 2831 1152 2868 τινος
1178 2820 1343 2881 rma/ﬁ;
1367 2811 1507 2882 ἱερᾶς
1544 2812 1573 2867 ἡ
1614 2816 1705 2864 τοῦ
1740 2812 2069 2885 κηρύγματος

490 2898 692 2975 ἕναρξις
726 2902 946 2973 γένηται,
971 2904 1058 2955 καί
1098 2900 1230 2956 οὕτω
1270 2902 1473 2965 καθεξῆς
1511 2902 1563 2954 αἱ
1605 2905 1773 2954 πᾶσαι
1815 2908 1905 2955 τοῦ
1936 2898 2067 2955 Θεοῦ

489 2987 905 3063 προσδεχόμεναι
950 2990 1203 3043 καθολικαί
1233 2992 1363 3060 πρὸς
1404 2992 1469 3044 τά
1504 2996 1589 3043 τοῦ
1639 2989 1830 3057 κόσμου
1870 2990 2068 3062 πέρατα

490 3077 807 3149 διανείμωσιν
837 3080 1100 3149 ἀμειὼτως
1127 3081 1193 3134 τά
1226 3088 1316 3139 τῆς
1344 3081 1640 3153 ἀκραιφνοῦς
1670 3082 1929 3153 μυστήρια
1973 3081 2062 3132 πί-

489 3193 672 3232 στεως.
709 3168 820 3226 Ἐπί
846 3172 1034 3229 ταύτην
1063 3171 1205 3242 ύμῶν
1234 3176 1324 3229 τήν
1352 3178 1442 3229 τῆς
1473 3174 1807 3247 προσρήσεως
1834 3171 2064 3240 ἦχθημεν

491 3264 768 3334 ἐλαχίστην
807 3265 1173 3340 προσκύνησιν,
1226 3264 1285 3320 ἦν
1328 3284 1438 3316 τινα
1478 3270 1537 3335 τῇ
1567 3261 1872 3334 ἀποστολικῇ
1926 3261 2067 3329 ὑμῶν

487 3358 827 3427 ἇκπέμποντες
874 3364 1063 3431 κορυφῇ
1094 3358 1221 3425 μετά
1258 3354 1487 3430 δακρύων
1526 3356 1849 3427 ἀναφέρομεν.
1894 3363 2065 3425 Παρα-

485 3455 745 3505 σιωπῆσαι
766 3448 863 3520 γάρ
895 3448 953 3500 ού
983 3444 1239 3515 δυνάμεθα
1263 3443 1346 3499 διά
1375 3449 1464 3501 τήν
1492 3449 1725 3513 συνοχὴν
1744 3450 1834 3501 τῆς
1856 3441 2065 3515 καρδίας

486 3538 655 3606 ἣμῶνο
683 3537 940 3611 περιῆλθεν
984 3536 1035 3599 ἐξ
1069 3536 1218 3594 ἀκοῆς
1250 3537 1320 3593 εἰς
1357 3535 1515 3597 ἡμᾶς,
1546 3532 1837 3603 ἁγιώτατοι,
1871 3538 1936 3592 ὡς
1963 3534 2065 3606 πρό

484 3629 683 3703 χρόνων
711 3636 855 3683 τινῶν
882 3624 1156 3699 τέχνασμοί
1195 3648 1243 3681 τι
1287 3627 1620 3695 μεμιασμένον
1656 3627 1737 3677 καὶ
1766 3623 1977 3694 βέϐηλον
2006 3626 2057 3677 ἐν

484 3720 996 3773 κωνσταντινουπόλει
1021 3720 1303 3791 γεγένηται,
1332 3721 1418 3770 καὶ
1444 3719 1735 3787 νομίσαντες
1770 3715 1930 3791 ὅτιτῇ
1961 3723 2053 3771 τοῦ

484 3809 589 3863 καθ’
609 3810 743 3880 ὑμᾶς
779 3809 951 3880 θρόνου
982 3810 1239 3882 αύστηρίᾳ
1264 3807 1469 3867 δικαίως
1488 3810 1834 3877 κατακρίνεται
1864 3812 1947 3860 καὶ
1975 3810 2051 3861 ἐκ·

482 3900 745 3958 κόπτεται,
766 3900 926 3972 μέχρι
947 3903 1033 3950 τοῦ
1056 3896 1304 3971 παρόντος
1333 3898 1706 3964 ἐσιωπήσαμεν.
1738 3897 1975 3952 Ὀπηνίκα
1999 3894 2053 3949 δέ

483 3992 764 4044 τούναντίον
786 3995 1051 4062 προπετῶς
1071 3988 1434 4061 θρασυνόμενον
1456 3987 1832 4056 μεμαθήκαμεν,
1852 3987 2057 4057 ἀνέγνω-

481 4101 570 4148 μεν
614 4079 667 4134 δὲ
698 4084 781 4133 καί
826 4081 911 4133 τόν
948 4078 1165 4131 λίϐελλον
1206 4079 1401 4145 Πύριόυ
1432 4082 1521 4131 τοῦ
1571 4075 1775 4147 ἀδελφοῦ
1804 4078 1941 4145 ἡμῶν
1962 4080 2051 4130 τοῦ

481 4170 762 4225 ἐπισκόπου
810 4167 1368 4225 ιὶωνσταντινουπόλεως
1391 4207 1404 4228 ,
1441 4163 1494 4235 ὃν
1530 4173 1602 4237 τῷ
1648 4166 1875 4237 ὑμετέρῳ
1904 4169 2054 4235 τιμίῳ

482 4260 640 4334 θρόνῳ
670 4264 987 4330 μετανοήσας
1014 4256 1242 4330 ἔναγχος
1272 4254 1586 4317 ἐπιδέδωκεν,
1626 4256 1853 4319 εἰκότως,
1880 4257 1987 4309 οἷαν
2028 4260 2057 4314 ἡ

482 4349 672 4423 ἀνάγκη
694 4352 860 4405 λοιπόν
880 4352 1013 4420 ἡμᾶς
1045 4351 1249 4419 ἀπῂτῖι,
1279 4350 1621 4417 πεποιήκαμεν
1647 4347 1892 4419 ἀναφοράν
1931 4349 2057 4421 πρὸς

482 4443 667 4496 Παῦλον
691 4442 776 4495 τόν
800 4438 1006 4512 ἀδελφὸν
1026 4441 1163 4509 ἡμῶν
1189 4440 1268 4492 τόν
1293 4439 1396 4491 νυνί
1422 4442 1508 4495 τὴν
1536 4438 1690 4494 αὐτην
1711 4441 1758 4489 ἐν
1782 4443 2052 4490 Κωνσταν-

484 4534 763 4589 τινουπόλει
815 4530 1193 4600 διακατέχοντκ
1224 4528 1535 4595 Ἐκκλησίαν,
1565 4529 1867 4586 αἰτήσαντες
1909 4529 2054 4582 αὐτόν

479 4628 808 4697 ἀγαπητικιῖκ·
849 4625 975 4695 μετά
1008 4625 1255 4680 πλείστων
1285 4621 1511 4696 δακρύων
1533 4624 1598 4681 ὡς
1630 4640 1683 4674 τε
1714 4622 1768 4674 τό
1799 4623 2053 4695 εἰρημένον

480 4722 571 4773 τῆς
597 4717 919 4785 καινοτομίας
944 4714 1187 4786 σόφισμα,
1214 4713 1270 4769 τὸ
1297 4717 1364 4781 μὴ
1387 4713 1434 4775 ἐξ
1459 4713 1611 4765 αὐτοῦ
1634 4714 1742 4780 μὲν,
1790 4712 1842 4763 ἐκ
1884 4709 1937 4765 δὲ
1963 4719 2052 4766 τοῦ

485 4805 900 4879 προηγησάμενον
927 4806 1077 4857 αὐτόν
1099 4805 1373 4875 ὲφευρεθέν,
1389 4809 1540 4857 τοῦτο
1557 4801 1954 4873 διακρούσασθαι
1971 4807 2054 4856 καὶ

482 4898 654 4954 πάσης
702 4896 951 4958 ἐξωθῆσαι
978 4893 1206 4954 δικαίως,
1248 4893 1305 4953 ἧς
1341 4896 1705 4967 προκαθέζεται
1732 4894 2047 4957 Ἑκκλησίας,

481 4985 883 5055 ἀποϐαλλόμενον
902 4987 1019 5043 τούς
1040 4986 1139 5058 πρὸ
1160 4991 1259 5037 τῶν
1279 4985 1439 5057 θυρῶν
1466 4992 1556 5041 τῆς
1580 4985 1731 5037 αὐτοῦ
1764 4982 2052 5041 Ἐκκλησίας

481 5078 835 5146 ἀνακειμένους
879 5077 1082 5148 χάρτας
1102 5114 1116 5135 ,
1144 5072 1231 5129 οὺς
1262 5073 1345 5126 ἐπὶ
1371 5071 1633 5141 σκανδάλῳ
1660 5079 1748 5127 τοῦ
1777 5073 1898 5125 λαοῦ
1926 5093 2053 5147 προ·

480 5164 778 5225 τεθείκασιν,
797 5164 902 5227 ἵνα,
933 5164 1125 5214 τούτων
1155 5160 1594 5219 ἀποϐαλλομένων,
1614 5162 1895 5232 ἀταράχως
1918 5163 1946 5217 ἡ
1969 5164 2049 5214 πί-

481 5276 595 5315 στις
634 5256 772 5323 ἡμῶν
818 5252 1050 5326 τηρηθείη
1074 5291 1087 5311 ,
1113 5254 1198 5304 καὶ
1243 5252 1416 5324 ὥσπερ
1448 5252 1497 5311 ἐξ
1537 5251 1710 5322 ἀρχῆς
1755 5251 1917 5321 μέχρι
1958 5257 2047 5303 τοῦ

480 5348 729 5426 παρόντος
777 5348 982 5421 ἀκεραία
1036 5342 1263 5413 διέμεινε,
1308 5349 1368 5413 τῇ
1418 5341 1724 5412 ἀποστολικῇ
1767 5336 2053 5410 παραδόσει

480 5425 844 5514 κρατυνομένη,
872 5435 1004 5489 οὕτω
1047 5438 1133 5487 καί
1172 5435 1275 5487 ἀπὸ
1313 5427 1406 5484 τοῦ
1445 5437 1530 5481 νῦν
1577 5426 1777 5486 ἄθικτος
1805 5425 2050 5497 διαμείνῃ.

481 5535 642 5585 Ταυτί
668 5533 767 5603 ’γὰρ
794 5528 936 5588 δῆλον
960 5528 1283 5587 καθέστηκεν,
1308 5526 1375 5583 ὡς
1402 5523 1453 5575 αί
1476 5528 1709 5576 τοιαῦται
1738 5519 2053 5591 καινοφωνίαι

484 5622 535 5674 ἐκ
558 5618 651 5676 τού
676 5626 826 5674 κακοῦ
852 5628 941 5680 τῆς
964 5616 1240 5680 κενοδοξίας
1262 5617 1617 5668 ἀποτίκτονται
1640 5611 1848 5675 πάθους.
1871 5610 2049 5664 Θέλον-

483 5731 566 5771 rs:
589 5714 688 5783 7:29
711 5712 902 5771 ἱκανούς
926 5712 1136 5769 ἑαυτούς
1162 5710 1410 5777 ἀποφῆναι
1434 5705 1516 5759 ιῖαὶ
1542 5711 1825 5774 περιφανεῖς
1848 5704 1931 5755 καὶ
1954 5710 2049 5755 τῶν

2182 634 2266 688 dis
2294 635 2547 701 episopus
2570 634 2778 687 concilii
2813 633 3095 704 Byzaceui,
3126 645 3180 690 et
3211 636 3505 705 Reparatus
3536 637 3750 706 episcoo

2185 739 2279 791 pus
2331 726 2515 791 prima:
2565 724 2708 779 sedis
2758 726 2967 779 concilii
3018 727 3363 793 Mauritania,
3413 737 3467 781 et
3511 727 3750 783 universi

2186 812 2421 879 episcopi
2452 811 2520 865 de
2550 811 2720 865 tribus
2747 812 2989 866 conciliis
3020 814 3300 869 antedicﬁs
3330 813 3595 869 Africanae
3623 830 3747 884 pro-

2181 900 2390 956 vincite.

2250 1013 2495 1083 Magnum
2559 1026 2613 1067 et
2671 1014 3059 1069 indelicieatem
3114 1014 3363 1070 omnibus
3421 1015 3744 1071 Christianis

2178 1103 2376 1157 ﬂuenta
2410 1103 2816 1167 redondantem,
2863 1106 3001 1172 apud
3031 1107 3373 1173 apostolicam
3404 1105 3586 1159 sedem
3616 1119 3749 1159 con-

2177 1196 2367 1250 sistere
2397 1199 2593 1249 fontem
2624 1197 2798 1251 nullus
2824 1198 3094 1265 ambigere
3125 1199 3307 1265 possit,
3365 1197 3432 1252 de
3456 1212 3561 1266 quo
3587 1198 3744 1252 rivuli

2178 1287 2439 1354 prodeunt
2462 1286 2763 1354 affluenter,
2799 1289 3104 1341 universum
3128 1289 3426 1356 largissime
3460 1289 3746 1358 irrigautes
3797 1285 3804 1301 ‘

2175 1382 2357 1432 urbem
2390 1379 2834 1446 Christianorum,
2867 1382 2949 1433 cui
3002 1380 3161 1433 etiam
3210 1380 3259 1434 in
3293 1379 3493 1433 honore
3543 1381 3745 1435 beatis-

2176 1471 2297 1525 simi
2328 1473 2467 1526 Petri
2498 1473 2711 1526 Patrum
2736 1472 2949 1528 decreta
2979 1473 3297 1542 peculiarem
3320 1486 3531 1526 omnem
3555 1472 3746 1525 dcere-

2177 1577 2300 1616 vere
2345 1563 2697 1617 reverentiam
2746 1564 2796 1617 in
2846 1562 3178 1632 requirendis
3230 1562 3320 1617 Dei
3375 1564 3573 1626 rebus,
3622 1576 3746 1629 quae

2174 1656 2393 1709 omnino
2441 1667 2494 1711 et
2524 1656 2752 1711 sollicite
2780 1656 2993 1719 debent,
3045 1657 3273 1709 maxime
3321 1669 3447 1709 vero
3492 1654 3746 1723 justeque

2175 1746 2243 1798 ab
2274 1745 2388 1814 ipso
2418 1746 2701 1814 praesulum
2743 1745 3034 1799 examinari
3064 1745 3265 1799 vertice
3294 1742 3613 1812 apostolico,
3646 1758 3745 1797 cu-

2171 1860 2259 1923 jus
2300 1866 2505 1911 vetusta
2535 1856 2835 1910 sollicitudo
2880 1865 2960 1909 est
2993 1864 3097 1908 tam
3128 1854 3265 1907 mala
3295 1854 3550 1907 damnare
3578 1867 3740 1921 quam

2174 1950 2403 2018 probare
2436 1947 2720 2001 laudanda.
2771 1944 3017 2014 Antiquis
3043 1946 3182 1998 enim
3230 1944 3428 2013 regulis
3476 1943 3743 1997 sancitum

2175 2051 2256 2095 est
2284 2050 2339 2093 ut
2367 2041 2623 2109 quidquid
2649 2039 2894 2108 quamvis
2918 2039 2969 2091 in
3003 2037 3221 2092 remotis
3249 2037 3333 2091 vel
3361 2037 3414 2090 in
3447 2036 3744 2104 longinquo

2176 2131 2361 2197 positis
2407 2140 2655 2198 ageretur
2705 2129 3012 2197 provinciis,
3064 2142 3168 2180 nou
3214 2126 3359 2194 prius
3408 2125 3743 2180 tractandum

2174 2221 2257 2273 vel
2305 2220 2670 2286 accipiendum
2720 2220 2807 2284 sit,
2852 2219 2953 2271 nisi
3000 2217 3063 2270 ad
3110 2216 3351 2271 notitiam
3400 2216 3554 2269 almae
3597 2215 3746 2270 sedis

2176 2322 2366 2365 vestra:
2393 2312 2580 2366 fuisset
2607 2311 2917 2372 deductum,
2957 2318 3015 2361 ut
3043 2308 3197 2377 hujus
3224 2306 3557 2370 auctoritate.
3583 2307 3735 2374 juxta

2172 2418 2288 2471 quae
2319 2401 2508 2457 fuisset
2548 2401 2905 2469 pronuntiatio
2934 2399 3255 2465 firmaretur,
3299 2400 3528 2465 indeque
3556 2413 3739 2454 sume-

2174 2502 2294 2548 rent
2318 2503 2528 2548 caeteras
2556 2491 2807 2546 Ecclesiae
2846 2492 2992 2546 velut
3018 2492 3085 2545 de
3116 2492 3275 2545 natali
3302 2506 3399 2545 suo
3427 2492 3572 2545 fonte
3600 2507 3738 2559 pra:-

2171 2585 2453 2639 dicationis
2497 2584 2801 2648 exordium,
2833 2591 2888 2637 et
2934 2597 3028 2651 per
3071 2582 3313 2636 diversas
3359 2582 3521 2635 totius
3554 2582 3737 2635 mundi

2169 2677 2414 2746 regiones
2456 2676 2705 2743 puritatis
2748 2676 3072 2743 incorruptae
3117 2681 3369 2726 maneant
3408 2672 3527 2726 fidei
3555 2687 3740 2725 sacra-

2170 2776 2345 2821 menta
2373 2768 2577 2822 salutis.
2624 2766 2883 2832 Quocirca
2915 2765 3267 2819 humillimum
3299 2774 3478 2818 vestro
3522 2773 3739 2831 aposto-

2169 2856 2272 2911 lico
2302 2857 2521 2912 culmini
2551 2858 2916 2925 persolveutes
2942 2856 3279 2925 obsequium,
3329 2870 3449 2909 cum
3480 2854 3735 2925 lacrymis

2169 2949 2528 3017 suggerimus,
2573 2948 2713 3016 quod
2757 2948 2872 3001 sine
2916 2946 3092 3000 cordis
3122 2946 3319 3015 gemitu
3350 2946 3577 3000 reticere
3624 2960 3734 2999 non

2169 3038 2424 3102 valemus,
2466 3047 2590 3092 ante
2633 3039 2733 3091 hoc
2763 3036 3015 3103 temporis
3062 3037 3291 3105 spatium
3340 3052 3561 3090 exosum
3591 3039 3733 3104 apud

2093 3142 2137 3201 (ζ
2170 3126 2812 3195 Constantinopolitanam
2855 3129 3124 3185 civitatem
3157 3128 3407 3181 novitatis
3458 3142 3735 3183 commen-

2167 3229 2275 3275 tum
2306 3220 2369 3275 ad
2404 3234 2501 3274 nos
2545 3235 2710 3287 usque
2751 3220 3032 3288 opinanter
3061 3220 3227 3275 fuisse
3255 3221 3515 3275 delatum.
3565 3221 3632 3274 Et
3675 3231 3737 3273 ut

2166 3312 2424 3366 hactenus
2468 3312 2822 3376 siluissemus,
2858 3311 3158 3379 putavimus
3203 3314 3549 3367 serenissimo
3594 3328 3732 3368 exa-

2165 3404 2306 3458 mine
2335 3414 2527 3457 vestra:
2556 3404 2864 3475 apostolicae
2892 3404 3038 3463 sedis
3068 3404 3231 3460 fuisse
3258 3405 3551 3460 desectum.
3575 3406 3731 3471 Quod

2166 3495 2251 3549 ubi
2283 3496 2625 3564 pertinaciter
2648 3495 2995 3564 cognovimus
3023 3494 3375 3560 invalescere,
3400 3496 3733 3566 relegentes,

2162 3588 2428 3651 videlicet,
2477 3587 2714 3642 libellum
2767 3587 2952 3659 Pyrrhi
3004 3588 3171 3641 nostri
3225 3588 3403 3641 fratris
3445 3597 3501 3643 et
3544 3588 3731 3658 coepi-

2161 3680 2311 3749 scopi
2340 3680 2537 3734 dudum
2570 3680 2809 3749 ejusdem
2841 3680 3444 3748 Constantinopolitanae
3469 3680 3729 3748 civitatis,

2162 3774 2299 3839 apud
2343 3783 2577 3825 vestram
2625 3772 2982 3827 venerabilem
3028 3772 3209 3825 sedem
3252 3772 3461 3840 prolati,
3512 3773 3731 3827 relatio-

2161 3877 2282 3914 nem
2332 3861 2540 3928 qualem
2584 3862 2875 3916 necessitas
2918 3862 3111 3930 exegit,
3165 3862 3311 3915 fratri
3362 3862 3541 3927 Paulo,
3585 3876 3731 3917 nunc

2160 3953 2760 4020 Cotistautinopolitanze
2807 3954 3036 4007 civitatis
3082 3953 3365 4007 ecclesiam
3418 3954 3723 4022 occupanti,

2159 4045 2455 4109 emisimus,
2486 4044 2827 4098 exhortantes
2867 4058 2988 4097 cum
3017 4044 3181 4098 nimio
3205 4044 3334 4099 fletu
3374 4045 3485 4114 jam
3524 4047 3727 4099 dictum

2160 4140 2408 4193 novitatis
2450 4148 2829 4203 commentum,
2864 4155 2968 4191 non
3001 4138 3214 4207 quidem
3243 4138 3356 4191 suis
3397 4138 3727 4203 temporibus

2160 4231 2525 4293 atlinventum,
2569 4245 2597 4281 a
2642 4244 2741 4283 suo
2770 4229 3021 4283 videlicet
3062 4241 3281 4283 auctore
3310 4230 3660 4294 confutatam,
3696 4246 3728 4284 a

2160 4340 2219 4377 se
2242 4339 2451 4392 quoque
2479 4324 2559 4377 vel
2588 4324 2655 4377 ab
2685 4322 2829 4375 omni
2857 4322 3108 4387 ecclesia,
3136 4322 3219 4375 cui
3250 4324 3521 4388 praesidet,
3553 4323 3731 4389 repel-

2160 4418 2286 4482 lere,
2321 4425 2374 4469 et
2421 4416 2633 4469 chartas
2675 4429 2865 4469 omnes
2912 4430 3019 4483 pra:
3068 4414 3272 4469 foribus
3315 4415 3479 4481 ipsius
3526 4423 3731 4468 sancta:

2011 4529 2054 4574 δν
2086 4487 2131 4544 D
2161 4508 2414 4561 Ecclesiae
2443 4506 2507 4559 ad
2548 4507 2855 4560 scandalum
2891 4506 3202 4574 populorum
3235 4519 3522 4572 suspensas
3561 4504 3729 4571 proji-

2158 4616 2300 4664 cere,
2334 4601 2564 4668 qualiter
2592 4599 2722 4652 fides
2744 4614 2863 4666 qua:
2897 4613 3037 4651 nunc
3068 4612 3234 4664 usque
3268 4597 3559 4665 permansit
3589 4597 3733 4649 inte-

2156 4705 2268 4756 gra,
2300 4700 2353 4744 et
2388 4689 2675 4758 apostolica
2708 4688 2938 4743 eruditio
2967 4686 3165 4740 illibata
3193 4698 3455 4741 servetur.
3509 4686 3730 4740 Certum

2156 4794 2235 4835 est
2279 4782 2443 4844 enim,
2491 4781 2631 4849 quod
2663 4781 2795 4835 tales
2823 4795 3129 4834 sermonum
3180 4780 3444 4833 novitates
3488 4780 3729 4833 deman

2156 4856 2339 4943 gloriae
2371 4888 2553 4926 amore
2599 4881 2930 4926 nascuntur:
2968 4871 3092 4924 dum
3131 4872 3230 4923 sibi
3262 4871 3499 4923 nonnulli
3546 4870 3732 4923 volunt

2154 4965 2317 5027 acuri,
2350 4966 2683 5032 pchpicaces
2712 4973 2763 5017 et
2791 4964 3056 5029 sapientes
3090 4961 3274 5025 videri,
3322 4971 3561 5029 quaerunt
3594 4960 3727 5029 quid

2158 5059 2275 5108 novi
2310 5056 2596 5121 proferant,
2631 5056 2930 5107 nescientes
2966 5054 3086 5121 quia
3120 5054 3258 5107 Deus
3289 5061 3471 5106 uoster
3515 5052 3726 5106 iulirtua

2158 5148 2337 5202 mutuli
2368 5149 2548 5213 elegit,
2594 5155 2649 5199 ut
2680 5144 2968 5198 confundat
3012 5144 3190 5205 fortia,
3238 5156 3287 5196 et
3327 5144 3593 5210 sapientes
3632 5158 3729 5208 per

2157 5239 2339 5291 mundi
2364 5239 2520 5290 stulta
2548 5235 2787 5290 confudit
2816 5234 2867 5303 (Ι
2908 5236 3025 5287 Cor.
3057 5249 3095 5295 ι,
3126 5233 3240 5301 27).
3276 5232 3354 5286 Ad
3384 5231 3726 5301 Timotheum

2159 5331 2353 5396 quippe
2379 5326 2609 5380 ductoris
2638 5324 2872 5393 gentium
2902 5324 3127 5376 sollicite
3156 5322 3371 5390 legisset
3415 5335 3720 5385 sermones,

2158 5422 2349 5488 quibus
2413 5420 2519 5481 ait,
2578 5425 2635 5469 ut
2698 5415 2960 5468 novitates
3024 5414 3153 5467 vitet
3217 5426 3405 5465 vocum
3471 5411 3727 5479 profanas

2157 5515 2359 5583 (ITim.
2382 5517 2455 5581 vt)
2478 5531 2491 5568 :
2512 5514 2573 5567 ad
2604 5514 2927 5579 impietatem
2955 5527 3144 5576 nempe
3163 5510 3258 5563 ista
3287 5509 3724 5577 proliciunt,qu:e

2163 5623 2322 5672 super
2350 5610 2533 5673 spims
2561 5616 2613 5657 et
2645 5604 2863 5656 tribulos
2892 5603 3229 5655 contulerunt
3257 5602 3481 5673 [ducunt
3510 5608 3564 5653 et
3608 5599 3687 5666 spi

2157 5716 2249 5751 uas
2283 5699 2603 5763 ΙΓίΙγιιιοςιιιιι·
2633 5693 2947 5762 generant];
2998 5704 3049 5747 et
3079 5692 3273 5759 Ephesi
3303 5705 3585 5745 remanens
3616 5689 3710 5742 :le—
