4002 6350
466 348 533 401 ετ
1526 314 1533 315 ί
1636 348 1724 406 AD
1760 350 1815 407 s.
1857 350 2279 407 TIIEUDORUM
2325 349 2553 407 raram
3661 364 3731 423 επ

467 440 740 519 ρυγμάτων
764 440 843 494 καί
870 447 962 501 τῆς
988 437 1196 499 ἀληθοῦς
1225 436 1395 495 αῦτῶν
1425 439 1763 516 παραδόσεως
1791 442 2045 518 σύμπασα

2154 442 2267 496 licis
2289 452 2341 496 ct
2368 442 2625 499 doctrinis
2652 442 2776 498 dum
2807 458 2948 498 vera:
2976 443 3097 501 ﬁdei
3123 445 3329 502 cultura
3362 450 3606 507 universa
3636 468 3726 509 re-

465 534 499 592 ή
517 541 581 605 γῆ
610 532 669 589 τὸ
694 540 786 592 τῆς
812 534 1035 590 πίστεως
1070 532 1445 590 κατεπλούτησε
1485 533 1667 597 σίλας,
1690 531 1823 586 οῦτω
1852 537 1934 587 καὶ
1962 532 2047 589 διὰ

466 634 561 685 τῆς
587 624 839 700 ύμετίρας
866 624 1244 699 παρακλπικῆς
1274 624 1382 695 ἅμα
1409 629 1495 681 καί
1520 624 1846 687 παιδευτικῆς
1874 629 2048 682 νουθε-

465 717 589 776 σίας
624 722 717 774 τῆς
754 717 807 768 ἐκ
837 722 934 769 τῶν
959 715 1100 769 θείων
1138 718 1510 789 προφερομένης
1548 718 1665 787 ύμῖν
1692 717 1871 790 λογίων
1900 720 1929 777 ἡ
1955 725 2047 774 τοῦ

470 812 598 860 Θεοῦ
620 806 842 864 καθολική
861 804 1131 864 Ἐκκλησία
1152 808 1370 881 βεϐαίως
1392 807 1721 877 οἰκοδομεῖται
1741 811 1770 866 ri
1786 818 1892 869 τοῖς
1918 811 2049 864 ἀπο-

470 898 718 956 στολικοῖς
745 893 885 967 ὅροις
921 898 1290 966 θεμελιωθεῐσα,
1316 901 1401 951 καί
1427 906 1539 957 τοῖς
1561 906 1802 969 πατρικοῖ
1810 921 1834 958 ς
1859 897 2048 971 δόγμα-

471 1007 555 1041 σιν
596 986 832 1060 ἰσχυρῶς
879 990 1360 1061 κραταιωθεῖσα,είς
1403 988 1460 1044 ήν
1507 986 1763 1056 όμοτίμως
1819 988 1865 1042 οἱ
1919 988 2049 1059 ἀγιοι

469 1084 745 1139 ἀπόστολοι
776 1084 903 1137 κατά
938 1087 1026 1140 τήν
1054 1083 1100 1134 ἐν
1144 1082 1305 1153 κλήρῳ
1332 1080 1445 1150 θείῳ
1486 1078 1829 1155 δεδωρημένην
1876 1084 2049 1143 αὐτοῖς

470 1176 699 1240 ἐξουσίαν
727 1176 870 1247 παρά
898 1179 988 1228 τοῦ
1018 1174 1300 1243 ῐῐνεύματος
1328 1171 1393 1224 τὰ
1421 1178 1492 1239 τῷ
1520 1168 1628 1243 Θεῷ
1656 1174 2047 1245 προεγνωσμὲνα

468 1287 522 1321 τε
550 1268 633 1319 καὶ
660 1266 1017 1340 προωρισμένα
1045 1263 1200 1319 πλήθη
1229 1269 1326 1315 τῶν
1352 1262 1500 1325 λαῶν,
1534 1262 1759 1321 εὐσεϐῶς
1783 1266 1868 1316 καί
1894 1262 2048 1324 ὁσίως

469 1355 817 1429 ὲπέστρεψαν,
865 1357 1037 1426 ὥσπερ
1067 1360 1116 1406 ἔκ
1142 1350 1359 1410 σκότους
1395 1352 1465 1410 είς
1498 1358 1619 1423 φῶς.
1643 1354 1726 1404 καί
1749 1353 1801 1404 ἐκ
1826 1353 2045 1407 θανάτου

468 1450 598 1523 πρὸς
626 1453 786 1512 ζωήν,
822 1451 907 1501 καὶ
934 1448 980 1509 Ῑξ
1021 1445 1287 1517 ὀλισθηράς
1327 1443 1436 1500 ήτοι
1478 1442 1858 1510 πεπλανημένης
1901 1441 2047 1507 δόξης

470 1543 543 1600 είς
569 1540 800 1608 εἰλικρινῆ
830 1540 911 1591 καί
941 1535 1191 1612 ὀρθόδοξον
1218 1546 1412 1598 πίστιν,
1439 1541 1547 1593 ταῖς
1577 1545 1845 1608 σωτηρῑοις
1884 1530 2049 1587 αὑτῶν

468 1630 776 1703 προστάξεσί
799 1648 851 1682 τε
874 1629 955 1680 καὶ
975 1626 1349 1701 παραινέσεσιν.
1365 1622 1461 1677 Ὧν
1480 1624 1591 1678 κατ’
1604 1622 1752 1694 ἴχνος
1772 1625 1802 1681 ἡ
1826 1624 2049 1697 ύμετέρα

467 1728 715 1798 βαίνουσα
742 1728 1035 1797 θεοτίμητος
1060 1724 1347 1796 ἀδελφότης.
1379 1728 1458 1777 καὶ
1480 1725 1537 1777 τό
1561 1732 1648 1783 τῆς
1676 1726 1839 1781 αὐτῶν
1865 1726 2048 1798 ἀρετῆς

2153 533 2291 601 pleta
2339 534 2402 588 sit
2450 543 2608 599 terra,
2660 549 2754 602 per
2804 535 3104 591 divinorum
3148 546 3326 595 tamen
3373 542 3728 598 eruditionem

2150 624 2502 692 eloquiorum,
2533 635 2706 681 vestra
2752 626 3050 685 instruente
3088 630 3448 688 admonitione
3476 635 3730 691 exhorta—

2152 716 2769 786 toria,supertediﬁcatur
2789 722 3079 775 orthodoxa
3104 721 3296 777 Christi
3323 724 3574 790 Ecclesia,
3599 743 3731 797 apo-

2152 809 2336 861 stolica
2389 809 2714 863 institutione
2763 812 2998 880 fundata,
3030 823 3086 867 et
3134 830 3163 867 a
3206 814 3449 870 ﬁdelibus
3480 817 3728 874 Patribus

2154 900 2456 954 ﬁrmissime
2510 901 2773 956 roborata.
2836 904 2915 958 Ad
2970 920 3124 973 quam
3191 922 3377 962 omnes
3432 908 3727 966 beatissimi

2151 991 2399 1057 apostoli,
2432 992 2544 1057 pari
2574 992 2792 1047 honoris
2819 1004 2871 1047 et
2897 998 3173 1062 potestatis
3200 999 3472 1052 consortio
3494 1002 3726 1069 przediti,

2151 1081 2463 1147 populorum
2511 1082 2719 1152 agmina
2765 1094 3158 1151 convertentes,
3213 1090 3299 1155 pie
3346 1098 3400 1144 et
3447 1103 3629 1147 sancte
3658 1094 3727 1149 de

2151 1170 2383 1224 tenebris
2427 1172 2491 1225 ad
2533 1173 2731 1239 lumen,
2782 1176 2847 1229 de
2900 1177 3050 1245 lapsu
3099 1179 3161 1231 atl
3208 1195 3385 1235 veram
3432 1183 3609 1248 fidem,
3657 1186 3728 1240 de

2153 1273 2323 1317 morte
2367 1264 2431 1317 ad
2481 1264 2643 1319 vitam
2701 1266 2947 1322 homines
3001 1270 3193 1325 divina:
3247 1273 3726 1339 prmdestinationis

2148 1355 2314 1423 gratia
2364 1356 2663 1422 prazseitos,
2709 1357 3031 1414 salut-tribus
3085 1364 3358 1431 przrceptis
3407 1381 3467 1419 ac
3510 1369 3731 1422 monitis

2152 1443 2532 1511 perduxerunt.
2560 1447 2793 1511 Quarum
2822 1460 3127 1504 sanctorum
3151 1455 3516 1518 apostolorum
3549 1465 3729 1511 vestra

2149 1534 2452 1591 fraternitas
2478 1538 2784 1595 honoranda
2813 1556 3042 1612 sequens
3066 1546 3268 1614 plenius
3292 1548 3502 1611 merita,
3525 1558 3577 1603 et
3602 1563 3726 1619 per-

2149 1629 2334 1683 fectius
2360 1630 2588 1697 implens
2617 1636 2882 1703 exempla,
2919 1637 3208 1693 Ecclesiam
3240 1640 3329 1694 Dei
3363 1652 3567 1695 movum
3601 1658 3727 1711 pro-

2153 1720 2315 1774 bitate
2347 1731 2398 1777 et
2430 1733 2641 1779 actuum
2674 1729 2952 1781 sanctitate
2983 1729 3323 1792 condecorat,
3356 1742 3412 1784 el
3444 1731 3545 1785 title
3573 1746 3729 1786 sacra

468 1819 663 1887 ἀξίωμα
703 1817 903 1877 τελείως
939 1815 1345 1888 μεταδιώκουσα,
1369 1824 1480 1878 ταῖς
1511 1818 1915 1892 ἀπαραλλάκτως
1948 1825 2045 1876 τῶν

2153 1818 2230 1869 vel
2260 1817 2576 1871 Christianis
2605 1819 2841 1873 moribus
2868 1820 3073 1887 vigens,
3105 1835 3223 1889 quae
3255 1814 3369 1875 ﬁeri
3396 1822 3505 1877 Deo
3535 1823 3726 1891 placita

472 1910 868 1981 γατορθωμάτων
910 1910 1075 1962 αύτῶν
1116 1909 1461 1982 ἑκπληρώσεσι
1499 1915 1588 1968 τήν
1616 1909 1764 1980 ἀγίαν
1789 1918 1877 1967 τοῦ
1921 1922 2048 1969 Θεοῦ

467 1998 753 2059 Ἐκκλησίαν
782 2006 1131 2069 κατακοσμεῖ,
1161 2008 1222 2073 τῇ
1249 2008 1346 2055 τῶν
1371 1999 1723 2070 δοκιμωτάτων
1752 2006 1910 2065 αὐτῆς
1939 2007 2049 2061 Em-

469 2091 586 2165 ϐολῇ
624 2095 705 2145 καί
739 2100 801 2166 τῇ
845 2091 1074 2163 ἁγιότητι
1106 2101 1196 2151 τῆς
1235 2095 1415 2153 οἰκείας
1466 2095 1785 2170 ἀναστροφῆς
1809 2111 1823 2126 ⁸
1874 2096 2049 2156 ἑπειδή

466 2182 709 2254 πράξεσιν
738 2180 905 2240 ὁσίαις
931 2182 961 2235 ri
1002 2181 1210 2242 εὐσεϐής
1229 2183 1366 2239 ἡμῶν
1383 2184 1832 2255 ἐπισφραγίζεσθαι
1860 2188 2047 2257 πέφυκε

467 2273 664 2331 πίστις.
686 2267 831 2325 Ὀθεν
847 2272 911 2325 τὰ
925 2269 1182 2346 εῦάρεστα
1194 2280 1274 2344 τῷ
1294 2282 1401 2344 Θεῷ
1418 2279 1505 2330 καί
1522 2276 1633 2346 φίλα
1648 2284 1763 2335 ταῖς
1780 2276 2050 2346 ίερατικαῖς

467 2383 501 2413 α
514 2363 622 2420 ’τῆς
649 2361 931 2421 ἀπαύστως
950 2361 1224 2438 ἔνεργοῦσα
1246 2369 1489 2430 κινήσεσι,
1504 2365 1659 2437 φύλαξ
1678 2372 1776 2419 τῶν
1795 2372 1885 2420 τοῦ
1915 2367 2048 2420 θείου

466 2449 616 2521 νόμου
654 2452 954 2512 καθέστηκεν
1000 2455 1336 2525 ἕνταλμάτων,
1385 2456 1698 2526 πεπεισμένη
1738 2463 1912 2527 σαφῶς
1935 2494 1951 2519 ,
1981 2458 2049 2517 ὡς

466 2543 584 2614 οὐχ’
601 2544 646 2598 oi
674 2544 915 2619 ἀκροαταί
941 2552 1033 2599 τοῦ
1059 2545 1213 2616 νόμου
1244 2543 1418 2599 δίκαιοι
1443 2546 1580 2619 παρά
1606 2551 1679 2615 τῷ
1709 2552 1818 2614 Θεῷ
1837 2584 1852 2609 ,
1882 2544 1983 2599 ἀλλ’
2002 2545 2049 2599 oi

467 2638 677 2692 ποιηταί
710 2640 799 2689 τοῦ
840 2636 994 2705 νόμου
1038 2633 1481 2699 δικαιωθήσονται,
1506 2637 1636 2689 κατὰ
1659 2635 1742 2690 τόν
1768 2637 1894 2689 θείον
1920 2636 2049 2691 ἀπό·

468 2727 663 2781 στολον.
690 2725 772 2779 Ἐν
800 2724 839 2801 ᾧ
867 2727 1000 2797 νόμῳ
1023 2734 1112 2786 τήν
1139 2728 1347 2798 μελέτην
1375 2726 1406 2782 ἔ
1409 2748 1496 2797 χει
1514 2730 1691 2789 νυκτὲς
1718 2731 1802 2783 καί
1837 2730 2044 2804 ἡμέρας,

467 2821 598 2875 κατά
622 2820 680 2875 τὸ
705 2822 1066 2893 γεγραμμένον,
1083 2822 1112 2879 ή
1134 2820 1351 2898 ύμετέρα
1379 2822 1668 2892 θεοτίμητος
1688 2824 1773 2875 καί
1796 2820 1918 2894 ἁγία
1947 2844 2047 2892 μα-

467 2909 703 2983 καριότης
724 2948 737 2971 ν
772 2910 858 2963 ούκ
879 2911 929 2963 ἐν
957 2909 1075 2982 ψιλῇ
1181 2915 1349 2983 μνήμη
1386 2912 1714 2980 τυπουμένων
1736 2913 1789 2964 ἐκ
1814 2920 1904 2971 τῆς
1931 2913 2047 2967 ἀναο

465 3004 722 3073 γνώσεως,
754 2999 855 3055 ἀλλ’
877 3002 924 3054 ἐν
949 3002 1143 3075 καθαρᾷ
1168 3010 1230 3075 τῇ
1258 3000 1539 3061 συνειδήσει
1569 3003 1935 3076 κρατυνομένην
1962 3000 2048 3057 διὰ

465 3107 560 3155 τῆς
588 3094 821 3167 χάριτος,
851 3094 936 3146 καί
960 3091 1094 3147 οὕτω
1123 3093 1342 3164 βεϐαίως
1363 3096 1445 3147 καί
1473 3095 1844 3163 ἀμετακινήτως
1865 3094 2045 3167 εγκάρ·

2150 1909 2422 1973 ρεπιοερὶι,
2450 1907 2639 1961 studiis
2670 1908 3053 1975 pontiﬁcalibus
3081 1910 3443 1966 indesinenter
3470 1923 3729 1981 operatur

2146 2006 2199 2052 et
2228 1997 2454 2065 perﬁcit,
2487 2014 2706 2054 servans
2750 1999 2878 2071 legis
2906 1999 3100 2054 divina:
3128 2002 3373 2055 mandata
3407 2020 3421 2055 :
3455 2004 3589 2067 Quia
3623 2020 3727 2057 non

2148 2090 2273 2153 legis
2314 2089 2570 2143 auditores
2610 2090 2739 2158 justi
2785 2100 2904 2143 sunt
2947 2093 3086 2160 apud
3137 2089 3319 2153 Deum.
3365 2095 3501 2146 sicut
3546 2104 3728 2148 narrat

2149 2179 2455 2245 Apostolus,
2487 2180 2576 2233 sed
2601 2182 2817 2244 factores
2844 2178 2966 2247 legis
2990 2180 3408 2247 iustiﬁcabuutur
3436 2182 3609 2250 (Rom.
3638 2184 3724 2252 ιι).

2150 2267 2203 2321 ln
2233 2284 2333 2337 qua
2365 2270 2479 2337 lege
2524 2270 2701 2323 divina
2745 2282 2921 2323 vesua
2971 2283 3151 2324 sancta
3192 2281 3245 2325 et
3270 2274 3569 2326 veneranda
3601 2274 3727 2327 sin-

2148 2361 2364 2424 ceritas,
2415 2360 2551 2413 sicut
2597 2361 2853 2428 scriptum
2885 2370 2985 2423 est,
3016 2361 3304 2415 meditatur
3346 2363 3433 2416 die
3476 2378 3538 2417 ac
3567 2373 3726 2420 nocte

2148 2456 2370 2526 (Psalm.
2406 2456 2445 2526 ι)
2481 2475 2492 2511 :
2523 2472 2638 2523 qua:
2670 2456 2937 2511 meditatio
2966 2473 3070 2511 non
3113 2458 3338 2513 lectione
3376 2474 3472 2527 per
3502 2460 3725 2528 ﬁguram

2150 2546 2442 2600 litterarum
2473 2557 2674 2600 tantum
2708 2556 3010 2616 conspecta,
3055 2548 3148 2603 sed
3183 2549 3439 2603 uberante
3480 2551 3530 2603 in
3571 2552 3726 2608 vobis

2148 2636 2345 2691 Christi
2379 2639 2567 2705 gratia,
2604 2639 2653 2691 in
2688 2647 2861 2691 vestra
2892 2638 3228 2703 cognoscitur
3255 2642 3577 2697 conscientia
3618 2643 3725 2697 im-

2151 2727 2417 2780 mobiliter
2466 2728 2644 2792 insita,
2698 2727 3005 2781 nullatenus
3056 2727 3121 2781 de
3168 2738 3344 2782 vestro
3388 2732 3548 2783 corde
3576 2746 3725 2787 rece—

2148 2815 2309 2870 dente
2336 2818 2449 2886 lege
2479 2816 2675 2870 Christi
2711 2818 2800 2870 Dei
2856 2816 3061 2871 Domini
3108 2828 3468 2884 sacrosancta,
3501 2820 3639 2875 sicut
3668 2822 3724 2877 in

2149 2905 2373 2960 Psalmis
2404 2907 2529 2960 dicit
2560 2908 2817 2973 propheta
2855 2922 2870 2961 :
2902 2904 2972 2960 οε
2994 2910 3127 2978 justi
3166 2910 3489 2963 meditabitur
3512 2912 3725 2981 sapien-

2149 3000 2292 3059 tiam,
2322 3008 2370 3050 et
2396 2999 2567 3067 lingua
2590 3002 2700 3069 ejus
2722 2997 2957 3067 loquetur
2972 2999 3231 3066 judicium
3252 2999 3473 3070 (Psalm.
3501 3002 3722 3070 xxxvt).

2153 3087 2258 3141 Lex
2304 3088 2397 3142 Dei
2437 3092 2545 3159 ejus
2588 3089 2640 3140 in
2678 3088 2827 3140 corde
2872 3090 3033 3157 ipsius
3079 3104 3096 3141 :
3137 3106 3238 3143 non
3275 3100 3591 3154 atramento,
3632 3094 3725 3145 sed

466 3179 571 3236 διον
612 3180 728 3253 ἔχει
768 3182 851 3238 τὸν
874 3179 964 3237 τού
1013 3185 1193 3259 Κυρίου
1237 3184 1374 3253 ἡμῶν
1402 3181 1566 3241 Ἰησοῦ
1595 3190 1820 3259 Χριστοῦ
1852 3187 2002 3256 νόμον
2030 3226 2044 3249 ,

2154 3178 2377 3245 Spiritus
2408 3177 2504 3232 Dei
2535 3180 2835 3233 vicivestra
2868 3180 2919 3232 in
2950 3172 3140 3234 arcana
3188 3182 3513 3246 conscripta,-
3562 3199 3726 3252 neque

466 3276 599 3329 ὥστε
618 3275 675 3328 τὸ
700 3273 946 3345 ψαλμικόν
968 3274 1165 3345 ἐφ’ύμῖν
1187 3274 1556 3350 ἐκπληροῦσθαι
1576 3275 1747 3345 ῥητόν,
1765 3275 1821 3330 τὸ
1842 3277 2044 3347 φάσκονο

464 3368 532 3421 Τό
574 3363 744 3435 στόμα
764 3387 863 3438 μου
892 3366 1093 3425 λαλήσει
1118 3368 1317 3438 σοφίαν,
1352 3368 1437 3420 καί
1456 3368 1485 3424 ri
1511 3366 1689 3438 μελέτη
1724 3375 1815 3426 τῆς
1835 3366 2047 3438 καρδίας

463 3477 563 3528 μου
588 3458 810 3513 σύνεσιν.
841 3456 900 3511 Ὀ
935 3458 1085 3529 νόμος
1110 3462 1196 3511 τοῦ
1240 3464 1366 3512 Θεοῦ
1398 3458 1555 3511 αὐτοῦ
1584 3458 1633 3510 ἐν
1659 3455 1838 3533 καρδία
1866 3461 2045 3524 αὑτοῦ,

464 3547 522 3599 ού
535 3546 707 3616 με’λανι
721 3548 1087 3622 γεγραμμένος,
1104 3546 1224 3601 ἀλλὰ
1238 3546 1487 3618 ιιι-νεύματι
1502 3552 1629 3599 Θεοῦ
1649 3550 1851 3610 ζῶντος,
1872 3568 2047 3617 μυστι-

464 3645 568 3696 κῶς
596 3640 1009 3711 ισφραγισμένος,
1032 3639 1089 3691 ού
1114 3639 1208 3711 γάρ
1228 3639 1275 3690 ἐν
1291 3638 1440 3701 πλαξὶ
1460 3637 1687 3703 λιθίναις,
1709 3637 1812 3690 ἀλλ’
1831 3638 1878 3691 ἓν
1901 3639 2048 3702 πλαξὶ

467 3726 675 3798 καρδίας
697 3730 959 3793 σαρκίνης,
974 3730 1041 3787 ὥς
1061 3749 1180 3799 φησι
1199 3729 1464 3801 Κορινθίοις
1479 3729 1681 3800 γράφων
1703 3727 1729 3781 ὁ
1751 3727 1888 3800 ἅγιος
1908 3736 2044 3782 Παῦ-

464 3817 569 3879 λος.
587 3818 788 3871 τούτων
808 3816 973 3875 οὕτως
998 3817 1240 3885 ἐχόντων,
1260 3818 1565 3885 σημαίνομεν
1586 3823 1647 3888 τῇ
1668 3817 1920 3888 θεαρέστῳ
1941 3840 2038 3887 μα·

436 3904 443 3912 ί
471 3908 732 3980 καριὸτητι
753 3909 815 3968 ὡς
839 3913 902 3981 τῇ
924 3904 1315 3978 ἑπτακαιδεκάτη
1336 3912 1427 3960 τοῦ
1458 3903 1746 3977 Αὐγούστου
1772 3909 1926 3977 μηνός
1956 3917 2046 3968 τῆς

467 3999 796 4068 ἐνισταμένης
811 4001 1058 4070 τετάρτης
1075 3998 1433 4066 ἐπινεμήσεως,
1449 4004 1541 4056 τῆς
1561 3998 1612 4049 ἐκ
1638 4003 1765 4050 Θεοῦ
1786 4017 2048 4071 προκατα-

464 4086 715 4147 λαϐούσης
739 4088 1040 4159 ἐπικουρίας.
1060 4085 1144 4141 διά
1163 4091 1264 4141 τῶν
1284 4084 1436 4158 ἁγίων
1453 4088 1535 4139 καί
1553 4084 1879 4141 θεοδιδὰκτων
1904 4088 1933 4141 ύ
1939 4096 2045 4156 μῶν

464 4187 793 4257 προσευχῶν,
823 4184 912 4237 τὴν
948 4181 1067 4247 ἐμήν
1094 4178 1394 4248 ἔλαχιστῖαν
1423 4179 1493 4237 εἰς
1511 4180 1876 4252 ἀρχιερατικὴν
1903 4181 2044 4243 ἀξίαν

464 4267 616 4326 τῆσδε
637 4277 728 4328 τῆς
748 4269 1156 4342 Καρθαγενησίων
1174 4266 1364 4328 πόλεως
1396 4266 1579 4339 χάριτι
1608 4268 1715 4340 θείᾳ
1738 4273 2039 4339 προήγαγον.

463 4355 551 4418 ἰίς
571 4358 627 4413 τὸ
650 4359 851 4430 μέγεθος
877 4358 1185 4430 ἀνεγκλήτως
1208 4360 1339 4429 ἡμᾶς
1369 4357 1630 4421 διανύσαι,
1654 4357 1735 4410 τὸν
1755 4359 2045 4429 πανάγαθον

462 4449 753 4503 ἱκετεύσατε
801 4450 1003 4520 κύριον·
1036 4450 1104 4509 ὡς
1132 4442 1212 4512 ἀν,
1241 4449 1402 4503 αὐτοῦ
1433 4445 1859 4522 διακυϐερνῶσι-τος
1886 4450 2041 4516 ἡμᾶς,

2150 3273 2201 3323 in
2244 3271 2427 3322 tabulis
2468 3270 2717 3336 lapideis.
2764 3270 2851 3322 sed
2895 3271 2949 3339 in
2994 3271 3177 3325 tabulis
3223 3272 3387 3324 cordis
3428 3272 3725 3328 carnalibus

2150 3359 2235 3428 (11
2267 3361 2383 3417 ϐυτ.
2432 3359 2535 3428 ιιι),
2572 3362 2708 3413 sicut
2739 3360 3029 3415 beatissimi
3080 3363 3304 3430 apostoli
3337 3362 3481 3416 Pauli
3523 3362 3588 3416 ad
3620 3363 3727 3418 Co-

2150 3452 2376 3507 rinthius
2403 3450 2561 3504 missa
2595 3465 2691 3504 nos
2717 3451 2872 3504 docet
2898 3452 3142 3519 epistola.
3176 3453 3375 3517 Quibus
3408 3454 3723 3521 prazmissis,

2149 3546 2505 3618 signiﬁcamus
2539 3544 2645 3597 Deo
2677 3545 2880 3611 placitae
2912 3545 3226 3599 fraternitati
3271 3555 3480 3611 vestrae,
3514 3545 3599 3600 die
3626 3546 3726 3599 de-

2148 3640 2288 3693 cimo
2338 3638 2564 3702 septimo
2611 3635 2965 3689 Kalendarum
3017 3638 3368 3702 Augustarum
3418 3628 3739 3691 indictionis‘

2150 3737 2371 3799 quartae,
2405 3735 2637 3779 nostram
2689 3724 3037 3779 humilitatem
3084 3725 3261 3779 divina
3305 3727 3492 3795 gratia,
3525 3742 3622 3780 suo
3658 3735 3727 3781 ιιι

2148 3820 2398 3886 βταιρορὶι
2450 3832 2669 3869 nutriere
2701 3817 3081 3884 praeveniente,
3114 3825 3171 3869 ut
3217 3817 3406 3891 vestris
3434 3819 3626 3871 sanctis
3655 3833 3725 3873 ac

2150 3912 2258 3964 Deo
2290 3913 2460 3980 ilignis
2494 3912 2759 3979 precibus,
2795 3910 2847 3964 in
2878 3921 3059 3964 sancta
3104 3910 3538 3980 Carthaginensis
3584 3911 3721 3965 civi-

2149 4002 2272 4055 tatis
2302 4003 2528 4055 ecclesia
2560 4000 2879 4068 pontiﬁcalis
2904 4000 3121 4055 honoris
3145 4000 3417 4067 accepisse
3439 4016 3727 4055 consecra-

2149 4096 2346 4150 tionem
2374 4102 2428 4146 et
2453 4095 2668 4147 stolam.
2699 4094 2750 4146 In
2774 4108 2876 4159 quo
2906 4093 3178 4161 dignitatis
3210 4092 3439 4161 fastigio,
3469 4105 3525 4147 ut
3550 4107 3578 4145 a
3610 4092 3729 4148 Deo

2146 4186 2508 4248 omnipotente
2540 4196 2782 4251 regamur
2811 4182 2880 4235 ab
2908 4182 3189 4250 altissimo,
3221 4191 3277 4237 et
3321 4198 3348 4235 a
3398 4182 3550 4237 malis
3586 4184 3733 4237 acti-

2149 4276 2244 4328 hus
2285 4275 2517 4338 liberati,
2573 4273 2907 4327 sacerdotale
2956 4287 3063 4326 non
3109 4288 3304 4327 nomen
3355 4281 3583 4335 tantum,
3623 4277 3731 4328 sed

2146 4365 2344 4421 Christi
2398 4364 2608 4418 Domini
2660 4364 2751 4418 Dei
2802 4364 2967 4416 nostri
3016 4372 3323 4432 protegente
3374 4363 3610 4427 auxilio,
3663 4375 3735 4420 et

2148 4455 2391 4511 meritum
2441 4454 2753 4518 habeamus,
2782 4452 2971 4507 vestris
3005 4452 3202 4506 sanctis
3240 4466 3302 4505 ac
3332 4451 3443 4505 Deo
3470 4460 3759 4519 accepta-.

462 4552 561 4597 τῶν
582 4543 801 4617 [Supple
818 4542 995 4614 κακῶν]
1018 4544 1452 4618 ἐλευθερωθείημεν
1472 4520 1725 4618 πράξεων⁶
1745 4544 1876 4609 πρὸς
1898 4544 1954 4596 τό
1969 4548 2039 4613 μή

2149 4546 2337 4603 bilihus
2386 4561 2484 4599 nos
2538 4543 2975 4598 commendantes
3028 4542 3374 4605 orationibus,
3430 4542 3727 4609 poscimus,

462 4632 621 4705 ὄνομα
639 4633 804 4707 μόνον,
827 4636 950 4691 ἀλλά
968 4637 1127 4691 καὶτὸ
1150 4633 1302 4708 ἔργον
1322 4641 1412 4695 τῆς
1435 4634 1711 4711 ἱερωσύνης
1729 4636 1844 4689 κατέ
1850 4656 1892 4703 χ
1897 4654 2037 4703 ομεν,

464 4727 515 4788 ἐξ
536 4728 690 4780 αὐτοῦ
712 4726 1073 4798 σκεπαζόμενοι
1100 4734 1190 4781 τοῦ
1214 4730 1394 4803 Κυρίου
1426 4728 1564 4797 ἡμῶν
1591 4726 1762 4783 Ἰησοῦ
1790 4730 2039 4798 Χριστοῦ,

463 4824 606 4898 παρά
624 4844 767 4877 τινων
796 4821 959 4893 [Lege
978 4823 1411 4895 παρατιθεμένων]
1438 4827 1572 4895 ήμᾶς
1600 4827 1736 4894 αὐτῷ
1764 4832 1863 4878 τῶν
1888 4823 2043 4895 ἀγίων

466 4915 548 4964 καί
571 4914 831 4966 θεοπειθῶν
854 4917 883 4965 ύ
889 4921 995 4983 μῶν
1024 4921 1349 4987 προσευχῶν,
1365 4915 1451 4968 ἶνα
1469 4912 1681 4975 ταύταις
1698 4917 2041 4987 ὁχυρωθὲντες

468 5004 551 5056 καί
577 5010 695 5062 ταῖς
734 5010 996 5077 χρησταῖς
1023 5005 1303 5062 νουθεσίαις
1330 5003 1469 5072 ύμῶν
1503 5006 1866 5075 στηριχθέντες
1889 5007 2040 5068 ἀξιω-

467 5094 630 5163 θῶμεν
666 5096 761 5147 σὺν
786 5098 939 5147 παντί
968 5102 1039 5163 τῷ
1064 5094 1382 5148 πιστευθέντι
1406 5095 1521 5163 ἡμῖν
1559 5097 2043 5166 Χριστιανικωτάτῳ

463 5182 591 5258 λαῷ,
624 5192 687 5257 τῇ
713 5185 876 5257 σκέπῃ
902 5191 993 5243 τῆς
1017 5186 1258 5258 χάριτος,
1284 5182 1521 5243 ἀϐλαϐεῖς
1545 5183 1860 5255 φυλαχθῆναι
1884 5185 2043 5257 μέχρι

465 5276 756 5335 τί).ους.Ἐκ
777 5277 1056 5348 προσώπου
1084 5272 1137 5327 δὲ
1165 5281 1255 5333 τῆς
1278 5274 1417 5343 ήμῶν
1444 5271 1765 5348 μετριότητος
1794 5275 1866 5331 εἰς
1883 5293 2043 5344 προσ-

466 5368 674 5424 κύνησιν
698 5372 788 5425 τῆς
813 5365 1062 5438 ύμετέρας
1082 5364 1387 5434 σεϐασμίας,
1419 5366 1504 5417 καί
1531 5362 1812 5435 ἁγιωτάτης
1838 5360 2042 5433 ἀδελφό-

467 5479 635 5520 τητος,
660 5455 1015 5529 ίξεπίμψαμεν
1034 5455 1291 5509 Μέλλωσον
1313 5455 1398 5509 τὸν
1425 5454 1699 5527 πρόσφυγα
1717 5455 1875 5523 ήμῶν,
1899 5450 2044 5506 ἀδελ-

468 5549 552 5619 φόν
575 5547 647 5613 δὲ,
679 5552 765 5603 καί
792 5550 1166 5602 συνεπίσκοπον
1195 5548 1333 5616 ήμῶν
1353 5584 1368 5611 ,
1398 5549 1476 5599 καί
1502 5543 1794 5616 Ῥεδέμπτον
1818 5545 1903 5598 τόν
1932 5542 2044 5597 διά·

470 5659 631 5703 κονον,
652 5642 729 5693 καί
751 5644 1143 5714 Κρισκεντοῦρον
1164 5638 1249 5693 τὸν
1266 5640 1491 5712 νοτὰριον
1503 5644 1593 5693 τοῦ
1622 5637 1730 5692 καθ’
1741 5639 1875 5705 ἡμᾶς
1898 5635 2042 5708 ἁγίου

2147 4648 2407 4705 quatenus
2452 4646 2505 4689 et
2548 4634 2741 4689 vestris
2789 4632 3256 4700 deprecationibus
3308 4644 3403 4698 pro
3448 4632 3602 4685 nobis
3647 4636 3729 4687 ad

2151 4730 2312 4783 Deum
2342 4727 2523 4781 eﬁ‘usis
2551 4724 2763 4787 muniti,
2795 4731 2849 4778 et.
2884 4722 3274 4777 eruditionibus
3320 4722 3475 4775 bouis
3517 4721 3729 4775 instru-

2148 4819 2242 4884 cti,
2264 4819 2405 4886 digni
2429 4816 2721 4871 efﬁciamur
2741 4830 2861 4869 cum
2893 4814 3137 4867 omnibus
3169 4813 3321 4866 nobis
3348 4812 3542 4880 populo
3564 4812 3727 4866 Chri-

2148 4910 2323 4965 stiano
2377 4908 2664 4964 commisso
2716 4907 2866 4961 illaesi
2924 4906 3125 4974 prOIegi
3168 4906 3473 4959 velamento
3516 4906 3722 4961 divino.

2152 5001 2228 5055 Ad
2260 5000 2631 5053 salutationem
2663 5012 2790 5065 ergo
2831 5008 3019 5049 vestra:
3049 5003 3248 5048 sancta:
3292 5006 3346 5049 et.
3394 4996 3728 5050 honorandae

2147 5090 2514 5152 fraternitatis,
2542 5091 2657 5142 vice
2683 5098 2862 5142 nostra
2896 5087 3169 5141 Mellosum
3200 5086 3452 5139 humilem
3483 5096 3729 5145 vestrum

2148 5183 2387 5244 fratrem,
2420 5190 2658 5233 nostrum
2699 5180 3044 5246 episcopum,
3075 5186 3127 5231 et
3158 5176 3511 5246 Redemptum
3540 5175 3728 5229 diaco-

2148 5289 2308 5335 num,
2342 5272 2367 5300 ⁸
2402 5272 2483 5323 vel
2536 5270 2896 5323 Cresciturum
2946 5269 3212 5322 notarium
3271 5276 3469 5321 sancta:
3522 5278 3729 5320 nostra:

2144 5364 2308 5426 sedis,
2344 5372 2552 5416 vestros
2579 5361 2803 5415 famulos
2851 5359 3261 5425 destinavimus,
3311 5372 3445 5425 quos
3486 5360 3728 5425 postula-

2147 5469 2262 5507 mus
2305 5453 2532 5507 celerius
2581 5452 2735 5506 nobis
2788 5466 2818 5504 a
2867 5460 3041 5505 vestra
3092 5450 3419 5506 beatitudine
3462 5448 3725 5519 persolvi,

2146 5561 2253 5615 quo
2284 5544 2488 5616 possint
2517 5542 2581 5597 ad
2613 5544 2853 5613 pr0prias
2881 5542 3144 5598 ecclesias
3172 5550 3297 5597 ante
3349 5541 3576 5595 hiemem
3608 5538 3727 5594 Deo

2148 5636 2378 5706 propitio
2408 5648 2666 5691 remeare.
2696 5633 2814 5690 Prte
2834 5633 3081 5690 omnibus
3105 5640 3281 5689 autem
3301 5634 3491 5699 fateor,
3520 5631 3571 5686 in
3601 5632 3727 5701 ipso

542 5762 566 5786 η
616 5750 707 5805 γει
734 5752 837 5815 hic,
869 5760 927 5806 ut
954 5752 1169 5814 passim.
1197 5766 1293 5820 pro
1336 5760 1397 5805 et.
1445 5749 1500 5805 In
1543 5750 1724 5806 Grmeo
1752 5755 1846 5806 καὶ.
1882 5749 2203 5803 ΗΑιιουιιιυε.
