4002 6350
230 359 286 413 39
1013 352 1322 414 VICTORIS
1360 356 1962 415 CAll'filAGlNENSIS
2003 357 2299 412 EPISCOPI
2344 330 2694 413 EPISTULA:
3410 360 3480 417 90

232 482 400 528 austra:
429 472 807 541 provectionis
832 472 1053 526 exordio
1077 488 1171 526 cor
1204 483 1441 525 nostrum
1466 487 1569 524 non
1604 472 1789 524 leviter

1895 472 2090 546 θρᾶνου,
2106 474 2224 531 τοὺς
2238 472 2436 531 οἰκέτας
2453 473 2612 542 ὑμῶν,
2632 470 2719 531 οῦς
2732 476 2819 528 τὴν
2836 474 3091 540 ταχίστην
3110 472 3209 546 πρὸ
3225 478 3476 542 χειμῶνος

230 566 542 619 vulneratum
577 563 770 629 fuisse,
800 572 861 617 ut
891 565 1258 633 propheticum
1292 564 1419 617 illud
1474 573 1796 631 praeceptum

229 665 542 725 exoptarern,
575 655 766 710 dicens
791 673 804 706 :
839 654 968 719 Quis
997 656 1133 707 dabit
1162 654 1316 723 capiti
1336 669 1447 705 meo
1474 667 1679 720 aquam,
1709 661 1799 703 aut

225 749 366 803 oculis
390 748 519 800 meis
546 746 745 814 fontem
786 745 1155 816 locrymarum,
1190 754 1237 799 et
1268 744 1445 797 sedens
1477 742 1688 809 plorabo
1718 741 1799 795 die

222 857 275 894 sc
297 848 440 893 nocte
461 841 486 892 1’
514 839 658 908 (Jer.
682 836 796 906 ιι.)
827 838 965 891 Ecce
992 836 1137 890 enim
1168 834 1421 889 Ecclesia:
1461 833 1555 888 Dei
1586 847 1689 886 non
1725 832 1798 885 le-

224 931 341 983 riter
393 930 785 996 perturbantur
810 970 825 993 ,
888 926 1462 982 Cltristianissimorum
1517 936 1677 976 voces
1735 934 1798 973 ac

222 1022 435 1090 gemitus
469 1022 856 1090 episcoporum
886 1035 991 1074 non
1032 1026 1426 1088 supportamus,
1458 1016 1793 1087 querentium

219 1124 266 1168 et
287 1111 643 1166 clamantium
671 1111 935 1165 novitates
957 1119 1009 1164 et
1030 1108 1497 1164 concinnationum
1522 1108 1792 1175 ﬁgmenta,

170 1258 173 1259 ν
220 1221 247 1257 a
284 1203 453 1257 Paulo
484 1203 780 1259 venerabili
825 1201 1210 1257 consacerdote
1240 1210 1447 1263 nostro,
1495 1208 1551 1252 ut
1580 1198 1805 1271 dicitur,

218 1305 390 1349 contra
422 1294 586 1349 ﬁdem
612 1294 1011 1350 veracissimam
1036 1295 1322 1363 approbata
1344 1292 1542 1346 debere
1572 1291 1793 1359 repelli.

216 1384 313 1438 Nos
340 1394 523 1438 autem
571 1392 1055 1452 temperamentum
1102 1384 1280 1438 causis
1318 1382 1671 1447 innectentes,
1708 1395 1796 1434 ex-

216 1476 391 1545 pedire
418 1476 754 1543 putavimus,
779 1474 1155 1543 praedictorum
1200 1474 1631 1527 beatissimorum
1662 1486 1793 1525 eon-

216 1567 550 1621 sacerdotum
615 1576 927 1622 nostrorum
988 1567 1115 1622 licet
1179 1566 1502 1633 iustissimos
1576 1571 1795 1633 questus

216 1658 583 1726 aquanimiter
606 1669 952 1727 supportare,
998 1667 1055 1714 et
1097 1658 1163 1713 ad
1203 1658 1415 1712 auditus
1462 1657 1793 1711 venerandos

216 1742 561 1798 fraternitatis
604 1753 798 1799 vestra
846 1745 947 1799 hoc
995 1744 1169 1811 ipsum
1199 1743 1437 1812 pervigili
1470 1757 1596 1797 cura
1627 1741 1793 1796 dedu—

1898 563 2173 617 ἐπανελθεῖν
2197 564 2326 637 πρὸς
2347 565 2480 632 ἡμᾶς
2509 564 2879 635 ἀπολυομένους
2907 564 2958 616 ix
2985 572 3076 623 τῆς
3102 565 3355 638 ὑμετέρας
3385 586 3477 633 μοι·

1899 654 2198 723 καριότητος
2226 653 2613 725 παρακαλοῦμεν
2643 654 3151 724 ἀποκαθισταμνους
3176 661 3288 713 ταῖς
3311 656 3478 707 αὑτῶν

1898 741 2220 803 Ἐκκλησίαις.
2233 742 2413 797 Ἐκεῖνο
2425 742 2477 798 δέ
2489 742 2758 815 διαγγέλλω
2774 744 2873 817 πρὸ
2886 746 3087 799 πάντων
3097 789 3110 813 ,
3128 748 3195 806 ὡς
3212 745 3260 798 έν
3276 746 3401 817 αὑτῇ
3413 752 3476 818 τῇ

1898 838 2043 909 ἀρχῇ
2064 843 2154 894 τῆς
2168 837 2306 903 ἡμῶν
2320 840 2658 905 χειροτονίας,
2674 836 3020 909 ἓθραὺσθησαν
3032 840 3090 891 οὑ
3102 841 3320 911 μετρίως
3336 840 3475 909 ἡμῶν

1896 927 1946 977 αἱ
1972 923 2187 1000 καρδίαι,
2214 928 2346 980 ὥστε
2375 930 2459 979 καί
2484 929 2541 980 τὸ
2572 929 2877 999 προφητικὸν
2906 927 3106 1001 ἐπᾴδειν
3129 928 3299 1002 ῥητόν
3333 946 3352 979 ε
3386 929 3476 987 Τίς

1898 1014 2048 1070 δώσει
2070 1024 2131 1090 τῇ
2157 1017 2337 1090 κεφαλῇ
2356 1038 2451 1083 μου
2481 1016 2637 1094 ὕδωρ.
2654 1022 2740 1072 καί
2762 1027 2871 1080 τοῖς
2894 1020 3163 1093 ὀφθαλμοῖς
3187 1040 3284 1091 μου
3308 1020 3473 1091 πηγὰς

1898 1109 2233 1182 δακρύων,καί
2250 1113 2637 1181 καθήσομαι,καί
2650 1110 2931 1182 κλαύσομαι
2944 1114 3115 1173 νυκτὸς
3128 1116 3205 1166 καί
3224 1114 3433 1184 ἠμέρας-ς
3451 1132 3467 1161 I

1897 1197 2020 1253 Ὶδοὺ
2054 1200 2153 1273 γὰρ
2185 1198 2237 1251 uti
2258 1197 2540 1255 Ἐκκλησίαι
2564 1204 2655 1252 τοῦ
2690 1205 2816 1251 Θεοῦ
2846 1199 3075 1270 μεγάλως
3098 1201 3475 1269 συνταράσσον-

1896 1310 2001 1354 ται,
2018 1292 2149 1345 ὦστε
2171 1296 2294 1360 μήτε
2317 1292 2476 1365 φέρειν
2489 1293 2620 1361 ἡμᾶς
2632 1290 2875 1345 δύνασθαι
2895 1293 2983 1350 τὰς
3004 1298 3101 1346 τῶν
3112 1298 3473 1365 Χριστιανικῶν

1894 1379 2027 1434 λαῶν
2039 1384 2261 1453 οἰμωγάς
2273 1385 2356 1435 καί
2368 1384 2482 1440 τοὺς
2498 1384 2810 1451 στεναγμοὺς
2824 1380 3027 1436 πάντων
3037 1389 3138 1460 τῶν
3156 1381 3471 1443 έπισκὸπων,

1898 1472 2236 1542 έγκαλοῦντων
2267 1474 2348 1525 καί
2368 1472 2749 1536 καταϐοώντων,
2766 1470 2847 1527 διά
2866 1493 2919 1527 τε
2933 1475 3023 1531 τάς
3040 1474 3376 1541 καινοτομίας,
3391 1475 3473 1525 καί

1893 1569 1993 1617 τῶν
2015 1583 2067 1617 τε
2074 1563 2389 1631 χνασμάτων
2410 1564 2475 1616 τά
2502 1562 2799 1629 πλάσματα,
2820 1564 2884 1616 τά
2908 1563 3050 1637 παρά
3068 1562 3283 1624 Παύλου,
3310 1565 3472 1621 καθώς

1896 1674 2037 1723 φασι,
2062 1658 2153 1706 τοῦ
2180 1652 2430 1724 θεοφιλοῦς
2455 1654 2594 1723 ἡμῶν
2617 1653 3001 1724 συλλειτουργοῦ
3032 1652 3315 1728 κυρωθέντα
3340 1654 3472 1706 κατά

1895 1754 1985 1805 τῆς
2012 1746 2222 1804 ἀληθοῦς
2269 1747 2407 1813 ἡμῶν
2449 1746 2691 1803 πίστεως.
2723 1746 2836 1798 Δέον
2864 1745 3009 1797 αὑτὸν
3049 1744 3258 1814 ὑπῆρχε
3303 1749 3473 1797 ταῦτα

216 1848 350 1887 cere.
395 1832 654 1899 lnquiunt
688 1834 853 1898 enim,
882 1833 1126 1901 quadam
1171 1833 1287 1887 vice
1326 1833 1789 1901 epigrammatum,

1898 1834 2177 1890 διώσασθαι
2202 1838 2288 1888 καί
2317 1834 2587 1889 ἀποϐαλεῖν
2610 1875 2623 1897 ,
2654 1829 2777 1887 ἀλλά
2815 1838 2883 1902 μὴ
2911 1834 3071 1906 μέχρι
3099 1838 3190 1886 τοῦ
3216 1838 3301 1885 νῦν
3335 1830 3468 1885 ὶκδι-

217 1924 519 1977 ehartarum
570 1922 836 1976 volumina
881 1923 932 1976 in
982 1923 1150 1977 sacris
1179 1921 1384 1976 aedibus
1427 1920 1566 1988 apud
1599 1920 1793 1987 regiam

218 2011 487 2066 civitatem
518 2027 695 2081 nuper
716 2027 836 2068 esse
866 2026 1144 2081 suspensa,
1170 2013 1414 2081 religioni
1444 2010 1719 2065 catholica:
1743 2019 1797 2063 et

219 2103 315 2170 ipsi
345 2118 486 2158 vera:
518 2104 644 2159 ﬁdei
676 2120 739 2160 ac
764 2104 983 2159 Patrum
1014 2104 1392 2159 traditionibus
1421 2104 1636 2158 omnino
1664 2118 1795 2155 con-

216 2197 389 2251 traria.
417 2197 549 2264 Quis
579 2198 722 2251 enim
755 2212 942 2252 vecors
969 2198 1225 2264 sacrilega
1269 2212 1402 2251 voce
1438 2196 1629 2249 audeat
1661 2209 1797 2261 pra:-

214 2286 391 2343 dicare
418 2289 471 2342 in
496 2288 729 2342 Domino
758 2297 942 2343 nostro
968 2287 1092 2343 Jesu
1116 2288 1330 2342 Christo
1355 2297 1448 2341 aut
1486 2301 1639 2339 unam
1672 2294 1791 2339 tan-

218 2379 486 2433 tummodo
534 2380 889 2444 voluntatem,
946 2388 1037 2434 aut
1081 2394 1241 2433 unam
1286 2379 1650 2447 Operatiouem
1680 2375 1796 2432 exi-

215 2479 388 2534 stere,
441 2470 570 2523 dum
622 2469 1075 2524 manifestissimis
1128 2468 1344 2524 Patrum
1398 2466 1794 2523 deﬁnitionibus

218 2558 461 2623 liquidius
489 2560 694 2614 clareat
721 2560 773 2613 in
802 2562 1027 2614 Domino
1056 2568 1239 2614 nostro
1277 2558 1400 2613 les"
1428 2557 1641 2613 Christo
1663 2556 1794 2611 duas

219 2656 448 2710 naturas,
481 2655 541 2701 et
569 2663 753 2702 earum
795 2648 929 2702 duas
957 2649 1281 2716 voluntates,
1321 2649 1561 2715 duasque
1590 2661 1794 2715 opera-

220 2732 383 2789 tiones
406 2736 488 2790 vel
519 2738 879 2806 proprietates
916 2738 1187 2792 naturales
1236 2737 1408 2790 modis
1438 2738 1684 2792 omnibus
1715 2737 1795 2789 iu-

219 2827 417 2880 veniri?
467 2828 534 2882 Et
594 2842 879 2896 possumus
931 2828 1310 2897 multiplicibus
1366 2828 1577 2882 Patrum
1630 2827 1791 2881 docu-

224 2919 411 2973 mentis
459 2928 665 2973 nostra:
718 2919 991 2987 parvitatis
1036 2920 1383 2974 intentionem
1426 2921 1659 2983 ﬁrmare,
1691 2919 1790 2972 nisi

216 3016 443 3059 vestram
461 3007 857 3060 sanctissimam
880 3006 1265 3062 fraternitatent
1290 3010 1341 3061 in
1365 3008 1612 3062 omnibus
1632 3007 1794 3062 corde

216 3110 275 3149 ea
304 3096 545 3151 retinere
593 3096 897 3151 ﬁrmissime
946 3108 1238 3152 teneamus.
1290 3098 1359 3153 Ut
1405 3107 1581 3151 autem
1626 3097 1792 3165 ipsius

1897 1933 2015 1979 κεῖν.
2041 1922 2204 1995 Ἠμεῖς
2230 1922 2282 1978 δέ
2310 1932 2414 1983 τοῖς
2440 1920 2711 1998 πράγμασι
2734 1928 2823 1980 τήν
2849 1924 3207 1995 προσήκουσαν
3231 1920 3471 1973 ἐπιτιθέν-

1896 2040 1976 2077 τες
1991 2015 2253 2091 διάκρισιν,
2272 2018 2526 2089 συμφέρον
2541 2016 2830 2085 ἡγησάμεθα
2849 2012 3043 2072 δικαίας
3061 2010 3239 2074 οὔσας,
3254 2014 3471 2083 πρώτως

1895 2112 1983 2180 μέν
2006 2110 2292 2179 ὑπενεγκεῖν
2311 2148 2327 2173 ,
2349 2110 2442 2168 τάς
2468 2116 2566 2161 τῶν
2596 2107 2889 2181 ἁγιωτάτων
2911 2109 3047 2177 ἡμῶν
3075 2105 3469 2177 συλλειτουργῶν

1896 2208 2060 2263 αἰτίας
2092 2206 2396 2273 ἀνακομίσαι
2424 2204 2615 2260 ταὺτας
2636 2202 2683 2253 ίν
2711 2200 2952 2272 ἀγρύπνῳ
2980 2193 3203 2270 φροδτίδι
3229 2196 3355 2269 πρὸς
3376 2194 3470 2253 τάς

1896 2297 2211 2365 σεϐασμίους
2252 2304 2343 2354 τῆς
2378 2294 2624 2363 ὑμετέρας
2670 2288 2996 2359 ἀδελφότητος
3038 2287 3212 2347 ἀκοὰς.
3248 2286 3470 2355 Λέγουσι

1896 2388 1995 2457 γάρ
2028 2388 2095 2446 ὡς
2123 2384 2346 2456 ἔναγχος
2378 2383 2426 2437 έν
2454 2376 2963 2435 κωνσταντινουπόλει
2990 2376 3187 2450 χάρται
3212 2374 3340 2431 τινές
3361 2372 3470 2425 έπε-

1892 2478 2205 2549 γραμμάτων
2232 2473 2368 2531 δίκην
2392 2473 2444 2525 έν
2464 2478 2571 2531 τοῖς
2596 2478 2688 2529 τῆς
2718 2469 2978 2525 ἐκκλησίας
3005 2466 3164 2539 ίεροῖς
3190 2460 3470 2535 προπὺλοις

1893 2568 2194 2624 ἀνετέθησαν
2220 2572 2283 2638 τῇ
2320 2584 2374 2617 τε
2414 2560 2660 2632 ὀρθοδόξῳ
2690 2562 2863 2614 πίστει
2886 2598 2901 2621 ,
2927 2558 3011 2609 καί
3046 2561 3109 2625 τῇ
3146 2552 3348 2607 εὑσεϐεῖ
3368 2556 3470 2605 τῶν

1893 2663 2095 2729 πατρῶν
2115 2636 2415 2724 διδασκαλίᾳ
2434 2650 2688 2708 παντελῶς
2708 2644 3049 2714 ἀντικείμενοι.
3073 2643 3161 2701 Τίς
3181 2642 3280 2713 γάρ
3302 2636 3469 2715 ἄφρων

1893 2744 2056 2803 οὕτως
2084 2746 2197 2797 ἐστὶ
2224 2746 2305 2797 καὶ
2337 2742 2546 2799 ἀνόητος
2568 2778 2581 2801 ,
2610 2739 2747 2796 ὥστε,
3050 2731 3311 2807 κηραὲττειν
3332 2729 3469 2803 ἶιρο-

1895 2835 2063 2903 στὺλῳ
2087 2840 2241 2905 φωνῇ,
2265 2834 2380 2901 μίαν
2401 2830 2619 2895 θέλησιν,
2641 2827 2670 2885 ἦ
2691 2829 2812 2896 μίαν
2833 2827 3075 2899 ἐνέργειαν
3096 2820 3351 2894 ὑπάρχειν
3371 2820 3466 2871 τοῦ

1894 2926 2072 2999 κυρίου
2094 2924 2233 2990 ἡμῶν
2259 2922 2426 2977 Ἰησοῦ
2448 2924 2706 2989 Χριστοῦ;
2732 2918 2893 2969 Καίτοι
2920 2921 3019 2969 τῶν
3046 2917 3303 2985 πατρικῶν
3334 2907 3467 2985 ὅρων

1892 3014 2155 3083 τηλαυγῶς
2180 3013 2297 3083 ημῖν
2326 3014 2409 3063 καί
2437 3007 2650 3065 ἐκδήλως
2675 3001 3121 3079 παραδηλοὺντων,
3144 2998 3235 3055 δύο
3254 3004 3344 3052 τοῦ
3372 3000 3464 3051 αὑ-

1893 3113 1983 3159 τοῦ
2014 3108 2093 3158 καί
2124 3104 2231 3163 ένός
2260 3104 2439 3175 κυρίου
2476 3103 2614 3172 ἡμῶν
2653 3100 2739 3151 καί
2773 3102 2900 3151 Θεοῦ
2928 3093 3095 3151 Ἰησοῦ
3121 3094 3341 3167 Χριστοῦ
3372 3091 3464 3147 τάς

214 3190 351 3242 sedis
395 3190 712 3257 apostolicae
762 3190 995 3245 decretis
1042 3206 1135 3257 per
1179 3190 1355 3243 omnia
1388 3188 1788 3255 conﬁrmemur,

1894 3198 2070 3267 φὺσεις
2098 3194 2377 3265 ὑπάρχειν,
2393 3194 2479 3244 καί
2505 3188 2596 3243 δύο
2613 3189 2852 3247 θελήσεις,
2876 3187 2960 3237 καί
2984 3180 3074 3236 δὺο
3097 3183 3364 3252 ἐνεργείας,
3385 3181 3466 3231 καί

213 3277 402 3332 Leonis
466 3279 761 3333 beatissimi
814 3280 1226 3347 praedecessoris
1277 3280 1437 3334 vestri
1484 3280 1791 3348 apostolica:

216 3372 482 3424 memoria:
537 3371 902 3425 deﬁnitionem
952 3370 1115 3425 inseri
1163 3370 1507 3437 pervidimus,
1538 3379 1591 3423 et
1620 3369 1790 3423 conti-

213 3474 294 3515 net
342 3462 546 3533 (Epist.
599 3462 688 3528 10)
720 3481 733 3515 :
765 3463 887 3529 Agit
932 3463 1073 3516 enim
1124 3474 1345 3531 utraque
1392 3470 1578 3516 natura
1610 3469 1637 3499 ι
1666 3476 1787 3515 cum

212 3553 430 3607 alterius
456 3555 843 3608 communione
871 3552 1012 3621 quod
1043 3555 1313 3622 proprium
1340 3564 1441 3608 est.
1476 3552 1583 3606 Nos
1614 3553 1789 3620 itaque

213 3644 422 3698 Patrum
466 3645 521 3698 in
575 3646 823 3699 omnibus
874 3645 1087 3699 decreta
1132 3653 1437 3711 sequentes,
1488 3636 1539 3697 in
1579 3641 1790 3697 Christo

209 3736 431 3790 Domino
456 3746 647 3789 nostro
687 3736 820 3789 duas
858 3745 1097 3797 naturas,
1128 3750 1417 3804 earumque
1445 3735 1575 3787 duas
1605 3733 1788 3786 volun-

211 3834 365 3891 lates,
391 3826 640 3893 duasque
680 3827 1021 3893 operationes
1069 3824 1374 3879 ﬁrmissime
1416 3824 1785 3893 prmdicamus,

210 3912 367 3967 Deum
396 3930 587 3969 verum
634 3925 794 3982 atque
820 3915 1088 3968 hominem
1121 3928 1305 3967 vermn
1337 3914 1539 3980 absque
1581 3912 1788 3970 delictis

210 4006 450 4057 humanis
492 4004 757 4057 veraciter
801 4005 1139 4068 conﬁtemur,
1191 4002 1530 4071 repudiautes
1574 4011 1787 4055 cuncta-

210 4108 319 4146 rum
368 4096 634 4148 haeresum
686 4094 1153 4156 subsannationes,
1187 4094 1443 4146 vanitates
1470 4101 1524 4146 et
1553 4091 1787 4145 insanias

211 4181 511 4236 mendaces.
563 4180 812 4236 Vestrum
870 4193 953 4237 est
1001 4184 1195 4251 itaque.
1230 4182 1391 4236 frater
1428 4181 1785 4243 sanctissime,

207 4273 457 4327 manica
484 4272 823 4328 discretione
852 4274 1007 4329 solite
1031 4275 1313 4329 contrariis
1348 4273 1623 4328 catholicae
1661 4272 1783 4326 ﬁdei

206 4364 438 4428 obviare,
490 4380 591 4420 nec
642 4366 951 4434 permittere
994 4366 1200 4420 noviter
1243 4364 1348 4419 dici
1387 4364 1527 4433 quod
1569 4363 1783 4418 Patrum

206 4454 585 4508 venerabilium
636 4455 928 4509 auctoritas
975 4455 1194 4509 omnino
1246 4470 1351 4507 non
1406 4454 1631 4508 censuit.
1680 4452 1784 4506 Nos

1890 3284 2145 3344 ἰδιότητας
2166 3284 2401 3355 φυσικάς,
2420 3279 2548 3355 ὅπερ
2577 3277 2903 3350 πολυτρόπως
2928 3274 2979 3339 έξ
3003 3275 3167 3328 αὑτῶν
3192 3279 3290 3327 τῶν
3314 3270 3465 3341 ἀγιῶν

1890 3383 2097 3450 πατρῶν
2110 3372 2371 3437 ἀποδεῖξαι
2385 3371 2638 3443 δυνάμεθα
2654 3370 2779 3423 κατά
2793 3372 2880 3425 τήν
2890 3367 3130 3442 ἡμετέραν
3142 3362 3367 3428 δύναμιν,
3384 3364 3465 3415 καί

1887 3469 1971 3522 τὸν
1993 3468 2143 3523 ἀληθῆ
2164 3486 2225 3519 πε
2230 3468 2281 3538 ρί
2298 3464 2481 3518 τούτου
2497 3460 2875 3533 βεϐαιώσασθαι
2888 3458 3052 3528 λόγον,
3066 3457 3191 3523 είμή
3205 3452 3465 3519 ὅτισαφῶς

1888 3557 2203 3627 πεπείσμεθα
2232 3561 2400 3609 ταῦτα
2428 3560 2490 3626 τῇ
2517 3549 2696 3625 καρδίᾳ
2722 3553 2968 3622 κραταιῶς
2998 3546 3048 3599 έν
3071 3549 3205 3598 πᾶσι
3227 3552 3462 3611 κατέχειν

1889 3651 1973 3702 καί
1999 3652 2256 3718 παριστᾷν
2282 3650 2371 3703 τήν
2397 3644 2647 3717 ὑμετέραν
2674 3638 2934 3711 ἀδελφικὴν
2971 3635 3276 3705 ἀγιωσὺνην.
3312 3630 3460 3686 Ὀθεν

1887 3742 1972 3793 καί
2016 3742 2158 3810 ἡμεῖς
2198 3744 2305 3796 τοῖς
2341 3741 2430 3790 τοῦ
2478 3732 2582 3788 καθ’
2603 3734 2739 3802 ὑμᾶς
2787 3729 3123 3785 ἀποστολικοῦ
3152 3726 3327 3800 θρόνου
3356 3723 3457 3794 ψη-

1888 3832 2107 3899 φίσμασι
2133 3826 2217 3880 τὸν
2246 3825 2481 3899 ὑμέτερον
2510 3823 2821 3895 ὀχυροῦντες
2845 3818 2981 3890 λόγον
3004 3855 3019 3880 ,
3056 3817 3263 3873 Λέοντος
3289 3820 3379 3868 τοῦ
3408 3813 3457 3865 έν

1889 3918 2109 3987 μακαρίᾳ
2150 3923 2212 3988 τῇ
2259 3918 2424 3986 μνήμῃ
2469 3910 2888 3987 προηγησαμένου
2934 3909 3071 3976 ὑμᾶς
3120 3912 3193 3977 τῷ
3232 3904 3460 3976 ἡμετέρῳ

1886 4008 2145 4079 γράμματι
2186 4003 2269 4058 τὸν
2314 3999 2431 4071 ὅρον
2469 3998 2795 4067 συνεμϐαλεῖν
2829 3992 3240 4067 ἐσπουδάσαμεν,
3267 3988 3461 4058 ἔχοντα

1886 4096 2064 4154 οὑτως·
2091 4100 2311 4167 Ἐιεργεῖ
2346 4091 2556 4167 ἑκατέρᾳ
2585 4094 2749 4162 μορφῇ
2780 4087 2907 4155 μετά
2927 4091 3019 4143 τῆς
3048 4084 3258 4156 θατέρου
3289 4100 3460 4132 κοινω-

1887 4195 1989 4246 νίας
2028 4193 2178 4241 τοῦτο
2215 4183 2339 4257 ὅπερ
2368 4181 2493 4238 ἴδιον
2525 4180 2783 4250 ἕσχησεν.
2814 4184 2979 4247 Ἦμεῖς
3018 4178 3108 4247 μέν
3149 4169 3240 4227 οὖν
3268 4176 3332 4226 τά
3360 4179 3460 4227 τῶν

1886 4276 2038 4349 ἀγίων
2058 4277 2378 4344 θεσπίσματα
2400 4269 2810 4340 μεταδιώκοντες,
2824 4265 2916 4321 δύο
2936 4267 3132 4337 φύσεις,
3149 4266 3216 4323 ὡς
3241 4261 3456 4337 εἴρηται⁹

1887 4370 1971 4421 καί
2005 4366 2097 4420 δύο
2136 4366 2390 4433 θελήματα
2416 4401 2432 4426 ,
2462 4367 2539 4415 καί
2566 4361 2657 4415 δύο
2688 4357 2935 4433 ένεργείας
2967 4358 3122 4411 αὑτοῦ
3150 4362 3241 4409 τοῦ
3270 4355 3457 4425 Κυρίου

1886 4459 2022 4525 ἡμῶν
2057 4457 2219 4510 Ἰησοῦ
2249 4456 2469 4524 Χριστοῦ
2510 4450 2727 4523 βεϐαίως
2757 4449 3084 4521 κηρύττοντες
3114 4442 3456 4513 ὁμολογοῦμεν

206 4542 337 4594 enim
387 4544 622 4598 humiles
670 4545 852 4609 corde,
892 4559 1012 4611 quae
1056 4553 1201 4598 recta
1247 4553 1369 4598 sunt
1406 4542 1649 4611 adiutore
1681 4543 1781 4595 Do—

1890 4546 2033 4598 αὑτόν
2060 4545 2182 4596 Θεὸν
2204 4542 2446 4602 ἀληθινὸν,
2462 4543 2545 4593 καί
2567 4536 2827 4611 ἄνθρωπον
2850 4535 3070 4591 ἀληθινὸν
3098 4535 3261 4603 χωρίς
3288 4530 3457 4601 ἀμαρ-

208 4640 343 4693 mino
370 4636 667 4703 sapientes,
699 4651 807 4689 uno
837 4635 1047 4688 vinculo
1085 4634 1363 4688 charitatis
1394 4633 1662 4687 vobiscum
1691 4648 1781 4686 su-

205 4743 313 4781 tnus
336 4726 644 4790 constricti,
669 4739 846 4779 veram
873 4723 1032 4778 ﬁdem
1055 4739 1115 4778 ac
1133 4723 1441 4792 religionem
1464 4723 1778 4776 catholicam

206 4817 251 4869 in
291 4817 551 4870 omnibus
597 4814 805 4868 fortiter
857 4813 1213 4868 defensantes.
1263 4812 1560 4867 Studiosius
1600 4812 1778 4879 itaque

203 4922 227 4955 a
252 4905 537 4959 catholicis
574 4903 831 4973 improbis
875 4917 1033 4971 posse
1078 4901 1350 4966 resistere,
1394 4901 1776 4955 imminendum

204 5008 296 5063 est,
330 5011 399 5050 ne
429 5006 650 5063 torpore
675 4995 893 5049 desidia:
914 4994 1179 5061 oppressi,
1204 4993 1374 5059 culpa:
1409 4993 1779 5046 taciturnitatis

207 5096 472 5143 teneamur
521 5088 778 5153 obnoxii,
831 5096 884 5140 et
938 5087 1087 5154 quasi
1131 5086 1366 5140 favorem
1411 5086 1779 5155 impendentes

206 5178 518 5248 iudicemur,
550 5179 676 5232 dum
709 5178 928 5231 adversa
973 5176 1248 5231 catholica
1299 5176 1421 5230 ﬁdei
1473 5176 1780 5244 propulsare

208 5271 536 5341 negligimus.
572 5274 612 5322 Α
658 5270 816 5323 beato
864 5282 1092 5336 namque
1136 5267 1311 5321 Felice
1349 5267 1593 5335 apostolo
1622 5264 1648 5301 ι)
1687 5282 1778 5322 ve-

207 5371 322 5415 strae
349 5360 650 5415 sanctitatis
687 5359 1086 5427 praedecessore
1111 5358 1309 5410 dictum
1341 5365 1423 5411 est
1454 5373 1467 5408 :
1504 5355 1775 5425 Negligere

207 5454 417 5520 quippe,
469 5469 588 5505 cum
638 5452 803 5519 possis
830 5490 844 5508 .
891 5449 1162 5501 deturbare
1209 5464 1499 5517 perversos,
1541 5448 1669 5500 nihil
1706 5458 1777 5501 est

209 5543 339 5595 aliud
363 5558 518 5611 quam
544 5542 750 5612 ferae;
778 5554 869 5592 nec
896 5546 1034 5592 caret
1060 5539 1304 5608 scrupulo
1330 5538 1582 5592 societatis
1603 5539 1777 5592 occul-

1880 4640 2013 4696 τίας,
2043 4633 2439 4703 ἀποϐάλλομενοι
2464 4632 2633 4688 πάσης
2653 4629 2900 4702 αἱρέσεως
2926 4627 3047 4683 τοὺς
3069 4625 3455 4695 μυηηρισμοὺς

1880 4728 2050 4781 καίτά
2076 4723 2239 4796 ψεύδη
2265 4766 2279 4788 ,
2310 4727 2403 4784 τάς
2433 4743 2485 4776 τε
2526 4721 2872 4790 ματαιότητας
2912 4721 2995 4772 καί
3018 4718 3113 4777 τάς
3139 4718 3451 4791 ἀφροσύνας.

1882 4822 2144 4890 ’Υῴτερον
2190 4816 2242 4870 δέ
2282 4819 2453 4877 ἐστιν,
2487 4815 2733 4886 ἀγιώτατε
2783 4810 2996 4882 ἀδελφέ,
3027 4812 3190 4886 κρίσει
3234 4819 3455 4885 κανονικῇ

1884 4909 2111 4967 συνήθως
2137 4904 2581 4959 ἀντικαθίστασθαι
2614 4910 2725 4961 τοῖς
2754 4902 3108 4972 ἀντικειμένοις
3133 4908 3196 4976 τῇ
3225 4901 3454 4973 καθολικῇ

1879 5000 2168 5072 Ἐκκλησία,
2196 5000 2279 5051 καί
2305 5003 2372 5067 μή
2400 5002 2694 5069 συγχωρεῖν
2718 4993 2845 5054 ὅλως
2865 4996 2971 5047 νέον
2996 5016 3047 5048 τι
3066 4994 3297 5065 λέγεσθαι
3325 4994 3454 5046 κατά

1878 5097 1969 5148 τῆς
1995 5089 2240 5153 ἀληθείας,
2256 5093 2379 5157 μήτε
2403 5090 2490 5157 μέν
2506 5087 2711 5158 ὁμολογε
2722 5087 2860 5140 ῖσθαέ
2878 5108 2927 5139 τι
2947 5086 3173 5147 καθάπαξ
3200 5082 3326 5158 ὅπερ
3350 5086 3450 5153 οὑχ

1879 5182 2064 5253 ὥρισεν
2089 5181 2119 5237 ἡ
2148 5178 2267 5251 ἁγία
2310 5186 2411 5231 τῶν
2449 5174 2688 5248 έγκρίτων
2716 5184 2920 5249 πατρῶν
2948 5174 3452 5248 παράδοσις.’“ιῐμεῖς

1872 5272 1976 5345 γὰρ
2000 5272 2046 5324 οί
2076 5271 2341 5339 ἐλάχιστοι
2363 5276 2452 5322 τοῦ
2468 5272 2648 5343 ιυρίον
2666 5265 3088 5340 διακυϐερνῶντος
3108 5267 3173 5321 τά
3192 5266 3311 5340 ὀρθὰ
3336 5282 3451 5335 φρο-

1878 5368 2075 5421 νοῦντες
2110 5363 2181 5415 ένί
2219 5368 2291 5431 τῷ
2316 5362 2518 5432 ἀγάπης
2545 5356 2717 5429 δεσμῷ
2757 5358 2861 5430 μεθ’
2879 5360 3017 5427 ὑμῶν
3057 5353 3447 5426 συνεσφίγμεθα,

1878 5456 1967 5509 τὴν
2009 5453 2280 5523 ἀμώμητον
2325 5453 2521 5514 πίστιν,
2562 5448 2709 5521 ἤγουν
2758 5453 2847 5506 την
2896 5446 3151 5521 ὀρθόδοξον
3187 5443 3447 5512 ὁμολογίαν

1882 5541 2120 5611 ίσχυρῶς
2146 5540 2196 5591 ὲν
2230 5543 2362 5594 πᾶσι
2389 5536 2772 5598 διεκδικοῦντες.
2817 5538 2930 5591 Δέον
2969 5532 3055 5590 οὖν
3092 5537 3228 5589 ἐστιν
3265 5533 3443 5601 έπιμε-

278 5686 297 5748 ἐ
337 5678 408 5732 Fls
457 5679 645 5732 Graeco
693 5677 782 5731 hic
833 5691 1039 5748 rursum
1068 5686 1283 5748 utraque
1310 5686 1497 5731 natura
1535 5678 1587 5733 in
1614 5685 1766 5734 sexto
1792 5690 1935 5733 casu.
1971 5675 2139 5730 llattp.

278 5747 299 5781 δ’
340 5749 488 5817 Lege,
521 5750 828 5819 apostolico.
862 5746 1029 5800 llsnu.
