4002 6350
508 290 572 347 οι
1298 331 1315 337 -
1678 287 1767 340 AD
1808 284 1867 343 S.
1909 284 2333 343 'IllEODORUM
2380 288 2605 343 PAPAM
3694 302 3767 356 92

501 405 727 479 λέστερον
752 407 869 465 τούς
889 403 1202 480 ὸρθοδόξους,
1227 402 1481 473 ἀδοκίμοις
1506 404 1959 458 ἀντικαθίστασθαι.
1985 408 2066 457 καί

2201 415 2268 465 ω,
2300 401 2388 467 qui
2435 402 2704 469 manifesto
2749 402 2964 470 facinori
3009 404 3189 479 desiuit
3240 407 3438 461 obviare
3465 409 3764 482 ⁸.1.ῐ(ιυθι,

504 495 751 566 μηδαμῶς
794 500 1017 571 ἠρεμεῖν.
1059 493 1170 550 Ἰνα
1202 500 1271 567 μὴ
1314 503 1375 569 τῇ
1422 498 1668 569 ναρκὼσει
1711 504 1800 554 τῆς
1840 498 2073 564 ἀμελείας

509 586 914 657 συνενεχθέντες.
957 594 1028 656 τῷ
1053 596 1143 647 τῆς
1171 594 1368 645 σιωπῆς
1396 588 1770 659 παραπέσωμει
1799 592 2074 661 παραπτώ-

508 699 652 748 ματι,
681 680 767 731 καί
793 675 987 731 εὔνοιαν
1041 678 1217 751 ὥσπερ
1247 682 1358 734 τινὰ
1402 681 1641 755 κριθῶμεν
1692 674 2078 747 ἐπιδεικνύμενα

507 769 635 842 πρὸς
655 769 721 823 τά
740 775 802 839 τῇ
816 768 1048 841 καθολικῇ
1069 765 1334 843 Ἐκκλησία
1358 770 1725 838 ἐναντιούμενα,
1748 768 2077 824 διαναϐαλλὸ-

507 882 645 930 μενοι
672 857 837 915 ταῦτα
866 862 1174 937 κατακρίνειν
1201 863 1286 914 καί
1314 861 1523 923 ἐξωθεῖν.
1551 857 1754 934 εἴρηται
1781 862 1879 932 γὰρ
1916 870 2077 932 σοφῶς

506 946 579 1021 τῷ
608 950 1014 1024 προηγησαμένῳ
1058 955 1149 1009 τήν
1184 950 1433 1021 ὑμετέραν
1478 949 1814 1007 ἀποστολικὴν
1856 949 2084 1020 ἁγιωσύ-

505 1065 591 1099 νην
630 1044 793 1101 Φίληκι
828 1040 898 1115 τῷ
936 1044 1250 1115 ἀποστολικῷ
1295 1045 1474 1115 πάπα,
1506 1039 1583 1096 ὄτι
1614 1043 1673 1096 τὸ
1707 1043 1954 1112 ἀμελῆσαι
1999 1046 2083 1097 τὸν

507 1136 635 1193 τέως
665 1132 937 1205 δυνάμενον
977 1134 1286 1208 συν-ταράξαι
1315 1134 1435 1193 τούς
1463 1130 1912 1208 διεστραμμένους.
1938 1132 2082 1187 οῦδὲν

507 1222 676 1298 ἔτερόν
705 1225 862 1288 ἐστιν,
894 1225 935 1276 εἰ
956 1229 1022 1293 μὴ
1050 1224 1475 1296 περιποιήσασθαι
1495 1229 1581 1282 τήν
1605 1225 1796 1279 τούτων
1826 1224 2076 1277 ἀσέϐειαν·

508 1316 567 1367 οὑ
587 1318 686 1389 γάρ
714 1316 981 1388 ἐστέρηται
1022 1323 1111 1374 τῆς
1136 1316 1266 1387 πρὸς
1307 1317 1489 1375 αὑτούς
1539 1318 1881 1389 κεκρυμμένης
1914 1317 2085 1388 ἐγκλή-

509 1408 640 1465 σεώς
666 1426 720 1459 τε
744 1408 822 1458 καί
848 1406 1072 1478 ἑταιρίας
1092 1444 1106 1468 ,
1136 1404 1161 1458 ὁ
1186 1405 1627 1479 περιστελλόμενος
1653 1414 1725 1477 τῷ
1754 1414 1942 1480 φανερῷ
1966 1408 2085 1462 τού-

508 1516 609 1549 των
638 1497 949 1550 ἀντιπίπτειν
968 1495 1275 1567 μολύσματι.
1305 1500 1394 1549 Καὶ
1422 1495 1644 1566 μάλιστα
1672 1493 1924 1566 προδήλου
1958 1518 2084 1569 τυγ-

511 1590 777 1658 χάνοντος,
811 1586 1058 1658 ἀγιὼτατε
1089 1585 1336 1649 δέσποτα,
1374 1590 1455 1640 καί
1480 1593 1571 1646 τῆς
1592 1587 1799 1640 οίασοῦν
1825 1586 2086 1660 ἑρμηνείας

512 1682 676 1753 χωρίς
704 1686 793 1736 τῆς
821 1687 920 1733 τῶν
947 1678 1153 1733 ἰοϐόλων
1178 1675 1332 1749 ὄφεων
1354 1679 1684 1752 πανουργίας,
1701 1678 1853 1749 ἤγουν
1872 1688 1961 1738 τῆς
1988 1686 2087 1734 τῶν

2180 494 2367 546 «luctor
2411 493 2767 558 sanctissime,
2821 508 3085 548 venenosa
3137 508 3441 564 serpentum
3472 500 3587 556 sine
3624 503 3757 558 sim-

2183 584 2413 649 plicitate
2452 583 2661 647 astutia,
2713 583 2989 637 manifesta
3031 594 3111 638 est
3159 584 3341 640 dolosa
3384 586 3759 645 lttereticorum

2183 674 2411 726 fallacia.
2438 673 2570 740 Quid
2595 685 2674 727 est
2706 673 2847 726 enim
2880 682 3185 728 naturarum
3210 675 3262 729 in
3289 674 3503 732 Christo
3532 681 3767 735 Domino

2185 776 2365 817 nostro
2384 765 2647 833 pr0prieta
2657 772 2736 818 tes
2757 765 2985 829 auferre,
3004 766 3105 820 nisi
3120 768 3426 822 earumdem
3452 781 3766 825 naturarum

2182 856 2545 912 confusionem
2577 857 2873 911 inducere?
2902 857 3041 926 quod
3089 859 3370 914 catholicas
3402 861 3677 926 Ecclesiae,
3710 862 3769 916 itl

2183 958 2285 1012 est,
2314 950 2523 1003 statutis
2552 965 2708 1018 quam
2743 950 2970 1005 maxime
3017 951 3229 1005 Patrum
3258 953 3426 1007 sancti
3467 952 3775 1009 Chalcedol

2186 1041 2365 1095 nensis
2389 1040 2597 1094 concilii
2626 1049 2797 1093 exstat
2826 1041 3175 1108 contrarium,
3210 1056 3275 1095 ex
3317 1056 3423 1110 quo
3450 1044 3678 1111 amplius
3710 1055 3775 1097 et

2185 1128 2585 1183 fundamentum
2618 1127 2737 1183 fidei
2772 1139 2823 1183 et
2874 1128 3132 1198 perfectio
3162 1129 3455 1185 indubitate
3494 1134 3770 1186 conSistit.

2185 1220 2213 1259 δ
2243 1220 2526 1274 Possemus
2572 1236 2699 1275 vero
2729 1222 2890 1275 etiam
2937 1222 3111 1276 eidem
3151 1222 3299 1275 fratri
3346 1232 3402 1277 et
3439 1223 3773 1293 coepiscopo

2188 1320 2373 1366 nostro
2423 1312 2587 1365 Paulo
2634 1312 2939 1366 beatissimo
2978 1312 3137 1381 regite
3179 1312 3407 1366 Civitatis
3445 1314 3661 1367 antistiti
3694 1316 3777 1369 si-

2188 1404 2333 1458 milia
2362 1404 2558 1456 nostris
2600 1405 2813 1472 scriptis
2842 1404 3092 1473 dirigere,
3126 1406 3225 1459 nisi
3265 1405 3525 1459 malorutn
3566 1421 3775 1472 cogno-

2188 1509 2461 1549 sceremus
2492 1493 2639 1548 falsis
2665 1494 3019 1549 locutionibus
3048 1496 3245 1549 dictum
3295 1493 3459 1549 fuisse
3480 1536 3493 1559 ,
3527 1507 3772 1550 nostram

2188 1587 2339 1655 quasi
2390 1585 2693 1641 Africanam
2744 1585 3067 1652 provinciam
3114 1600 3270 1654 posse
3317 1586 3515 1655 aliqua,
3549 1602 3666 1655 qua:
3714 1587 3787 1639 in:

2191 1694 2317 1734 vero
2344 1693 2449 1732 non
2479 1677 2798 1743 consistunt,
2829 1680 2966 1731 mala
3001 1692 3275 1748 peragere.
3307 1678 3412 1733 Sed
3461 1689 3512 1733 et
3541 1678 3641 1733 hoc
3672 1695 3776 1732 no-

509 1770 765 1845 αίρετικῶν
792 1769 1112 1847 κακουργίας.
1146 1779 1229 1829 Ὧς
1249 1777 1310 1841 τῇ
1331 1771 1591 1843 ἀναιρέσει
1616 1777 1711 1823 τῶν
1737 1778 1960 1842 Χριστοῦ
1993 1769 2084 1825 τοῦ

2199 1780 2325 1825 stra:
2356 1770 2701 1839 postulationi
2732 1771 3120 1840 subiungimus,
3154 1781 3211 1824 ut
3238 1785 3299 1825 ea
3328 1784 3446 1839 qua:
3471 1769 3777 1837 epistolari—

506 1864 628 1912 Θεοῦ
658 1867 882 1930 φυσικῶν
906 1857 1216 1929 ἰδιωμάτων,
1247 1861 1410 1921 αὑτὰς
1436 1861 1609 1914 ἐκεῖνοι
1632 1863 1723 1920 τὰς
1744 1869 1833 1916 τοῦ
1865 1870 2084 1935 Χριστοῦ

508 1958 683 2026 φύσεις
731 1956 1079 2027 συγχέουσιν,
1112 1954 1239 2027 ὅπερ
1269 1958 1487 2010 ἐναντίον
1522 1957 1763 2031 ὑπάρχει.
1799 1963 1973 2028 σαφῶς
2017 1962 2089 2027 τῷ

513 2042 617 2115 ὅρῳ
665 2053 765 2099 τῶν
792 2048 840 2098 ἐν
874 2044 1137 2103 Καλχηδόνι
1182 2048 1568 2118 συνειλεγμένων
1592 2054 1821 2121 πατρῶν,
1854 2048 1902 2099 έν
2000 2054 2090 2107 τῆς

508 2136 735 2194 πίστεως
757 2137 893 2206 ἡμῶν
921 2136 1124 2198 ἐντελῶς
1152 2138 1289 2191 ἐστιν
1317 2136 1341 2192 ὁ
1368 2138 1704 2208 θεμέλιος-,καί
1728 2140 1785 2191 οὑ
1834 2146 1940 2197 τοῖς
1970 2148 2093 2189 Ῥω·

2197 1870 2275 1914 ter
2317 1874 2347 1912 a
2393 1860 2725 1927 coepiscopis
2768 1860 2961 1913 nostris
3004 1860 3170 1913 sancti
3226 1860 3439 1913 concilii
3487 1859 3654 1911 nostri
3704 1858 3776 1910 ad

2200 1951 2561 2007 beatissimum
2608 1950 2828 2004 Paulum
2881 1951 3228 2018 patriarcham
3270 1951 3463 2016 scripta
3501 1958 3641 2011 sunt,
3676 1963 3780 2018 per

2198 2050 2391 2099 vestra:
2421 2041 2763 2097 beatitudinis
2800 2042 3166 2109 responsarios
3194 2041 3369 2095 eidem
3403 2040 3549 2093 fratri
3592 2051 3799 2093 uoStro,

2203 2133 2370 2189 Paulo
2398 2134 2628 2204 dirigere
2651 2132 2905 2204 jubeatis.

510 2229 672 2293 μαίοις
704 2227 876 2294 μόνον,
902 2227 1023 2281 ἀλλὰ
1041 2230 1119 2281 καὶ
1137 2230 1279 2303 πάσῃ
1308 2235 1401 2284 τοῦ
1428 2234 1552 2283 Θεοῦ
1603 2228 1832 2303 καθολικῇ
1863 2231 1948 2281 καί
1969 2229 2100 2282 ἀπο-

512 2316 717 2389 στολικῇ
747 2319 1032 2394 Ἐκκλησία.
1080 2321 1160 2374 Διὸ
1188 2322 1372 2375 τούτου
1419 2323 1578 2395 χάριν
1605 2320 1866 2391 ἐμέλλομεν
1896 2322 1979 2373 καὶ
2009 2321 2145 2391 αὑτῷ
2183 2328 2255 2389 τῷ
2284 2319 2474 2392 ἀδελφῷ
2510 2324 2591 2374 καὶ
2628 2320 2995 2393 συλλειτουργῷ
3024 2320 3161 2389 ἡμῶν
3200 2315 3377 2386 Παύλῳ
3405 2314 3475 2388 τῷ
3512 2316 3789 2387 ἁγιωτάτῳ

511 2407 765 2479 ἕπισκόπῳ
795 2412 1369 2471 Κωνσταντινουπόλεως
1393 2414 1460 2466 τά
1485 2414 1611 2470 αὑτά
1636 2408 1833 2485 γράψαι
1856 2415 1934 2463 καί
1958 2411 2237 2467 ὑπονοῆσαι
2265 2409 2471 2469 δεόντως
2500 2411 2669 2468 αὑτὸν.
2702 2408 3059 2462 ἀλλ’έκὼλυσεν
3082 2411 3216 2479 ἡμᾶς
3236 2408 3293 2461 τὸ
3316 2408 3505 2476 μαθεῖν,
3531 2407 3671 2458 ὥσπε
3678 2427 3709 2478 ρ
3737 2406 3786 2458 οἱ

513 2502 654 2551 κακοί
695 2520 824 2559 τινες
868 2498 1043 2577 ἄνδρες
1084 2500 1423 2575 ψευδηγορίνς
1470 2505 1609 2559 τινὰς
1659 2502 1821 2554 ἐκεῖσε
1854 2502 1983 2554 κατά
2010 2508 2101 2559 m";
2129 2503 2377 2575 ἡμετέρας
2407 2509 2504 2555 τῶν
2530 2497 2727 2575 ’Δφρων
2757 2504 2932 2577 χώρας
2960 2503 3244 2570 ἀνήνεγκαν.
3270 2496 3413 2552 Ὀθεν
3445 2494 3789 2565 auem-roum»

510 2590 591 2641 ἵνα
631 2590 695 2643 τά
724 2591 849 2666 πρὶς
875 2592 958 2647 τὸν
990 2592 1180 2646 Παῦλον
1226 2596 1311 2647 τὸν
1344 2592 1620 2663 ἁγιώτατον
1649 2593 1979 2665 πατιάρρχην
2021 2592 2072 2644 έκ
2106 2598 2206 2644 τῶν
2240 2590 2405 2645 ἐνθάδε
2440 2592 2727 2647 ἐπισκόπων
2770 2594 2907 2661 ἡμῶν
2954 2593 3209 2666 γραφέντα
3242 2589 3520 2651 συνοδικῶς
3557 2590 3639 2646 διὰ
3681 2600 3791 2645 τῶν

513 2691 603 2741 τῆς
625 2683 872 2759 ὑμετέρας
900 2686 1270 2758 μακαριότητος
1296 2684 1699 2760 ἀποκρισιαρίων
1727 2682 2057 2753 ικπεμφθῆναι
2092 2689 2167 2751 τῷ
2194 2678 2333 2754 αὑτῷ
2377 2680 2569 2752 ἀδελφῷ
2613 2685 2749 2752 ἡμῶν
2796 2683 2972 2752 Παύλῳ
3014 2680 3302 2739 κελεύσητε.
3350 2681 3652 2754 Ἐῥρωμένον
3698 2688 3792 2738 καὶ

512 2776 819 2845 μεμνημένον
864 2777 1002 2845 ἡμῶν
1031 2777 1315 2849 χαρίσηταί
1344 2796 1401 2829 σε
1434 2777 1573 2844 ἡμῖν,
1607 2772 1857 2836 δέσποτα,
1890 2772 1914 2827 ὁ
1940 2770 2330 2843 παντοδύναμος
2357 2774 2502 2835 Θεὸς,
2532 2772 2779 2842 ἀγιὼτατε
2810 2770 3000 2843 ἀδελφέ.

1625 3027 2494 3161 EPISTOLA
2549 3033 2729 3178 V,

558 3235 789 3299 PAULI
834 3233 1776 3299 CONSTANTINOPOLITANI
1816 3234 2169 3294 EPISCOPI
2213 3236 2319 3293 Al)
2365 3237 2735 3301 SANCTUM
2788 3238 3291 3304 THEODORUM
3341 3245 3745 3306 ROMANUM

1864 3334 2098 3394 PONT]
2110 3334 2376 3396 FICEM.

542 2925 3803 2949 Ἦ

580 3526 660 3601 Τῷ
695 3526 1068 3598 παναγιωτάτῳ
1102 3526 1186 3578 καὶ
1209 3521 1611 3594 μακραριωτάτῳ
1652 3515 1844 3591 ἀδελφῷ
1865 3519 1950 3571 καί
1974 3516 2090 3571 συλ-

2277 3517 2633 3575 Sanctissimo
2659 3528 2713 3575 et
2739 3520 3050 3577 beatissimo
3107 3526 3257 3579 fratri
3297 3535 3353 3581 et
3388 3531 3793 3601 consacerdoti,

512 3623 806 3696 λειτουργῷ,
837 3623 993 3695 κυρίῳ
1026 3618 1295 3692 Θεοδώρῳ,
1324 3616 1514 3676 Παῦλος
1541 3615 1735 3677 ἀνάξιος
1783 3613 2083 3673 ἐπίσκοπος,

515 3716 736 3789 χαίρειν.

583 3801 711 3857 Ἰδοὺ
729 3801 788 3859 δὴ
807 3800 1011 3856 ¹ι’ίκαλὸν
1024 3805 1051 3858 ἢ
1069 3801 1355 3872 τίτερπνὸν,
1368 3796 1503 3856 ἀλλ’ἢ
1516 3798 1573 3851 τὸ
1593 3801 1838 3849 κατοικεῖν
1854 3792 2093 3864 ἀδελφούς

514 3897 598 3949 ἐπὶ
612 3896 668 3948 τὸ
680 3895 830 3957 αὑτὸ,
842 3895 891 3946 ἒν
902 3900 963 3965 τῇ
980 3898 1291 3961 πνευματικῇ
1309 3890 1434 3959 λέγω
1448 3891 1691 3959 κατοικία,
1705 3894 1764 3958 τῇ
1783 3885 2096 3958 ὁμοφροσύνη

514 3992 605 4043 τῆς
632 3984 758 4059 πρὸς
795 3984 917 4036 Θεὸν
960 3982 1187 4038 ἑνὼσεὼς
1214 3998 1269 4033 τε
1313 3980 1395 4030 καὶ
1440 3979 1685 4041 πίστεως,
1738 3982 1828 4034 τῆς
1857 3975 2095 4031 τοιαύτης

515 4076 815 4146 ἐπιτερποῦς
849 4074 916 4131 ὡς
964 4072 1156 4130 ἀληθῶς
1199 4070 1662 4128 κατασκηνώσεως,
1693 4074 1764 4137 τῷ
1794 4070 1981 4139 Ἀαρὼν
2011 4066 2097 4135 έμ⁴

515 4165 815 4237 πρεπούσης
841 4161 1081 4232 μάλιστα.
1113 4162 1196 4212 καί
1228 4166 1330 4217 τοῖς
1361 4159 1617 4229 ἱερατικὴν
1657 4156 2099 4229 περιϐεϐλημένοις

515 4255 741 4318 ἀξίωσιν,
775 4256 841 4312 ὡς
858 4253 1013 4322 μύρον
1044 4251 1128 4302 ἐπὶ
1148 4249 1354 4320 κεφαλῆς
1383 4249 1475 4305 τὰς
1513 4248 1810 4317 ἡγεμονικὰς
1832 4244 2099 4309 εὐωδιάζον

517 4347 721 4407 ἐννοίας,
754 4344 1015 4417 καὶμέχρι
1039 4350 1131 4401 τῆς
1159 4341 1261 4413 ᾤας
1292 4341 1469 4400 αὐτῆς,
1503 4336 1668 4392 εἴτουν
1698 4337 1933 4407 ἐσχάτης
1960 4343 2097 4397 κινή-

504 4456 667 4495 σεως.
719 4432 800 4488 Ἐν
868 4436 1084 4505 τοιούτῳ
1119 4436 1220 4507 γὰρ
1280 4430 1647 4503 ἐνδιαιτηματι,
1702 4435 1785 4485 καί
1837 4437 1928 4491 την
1962 4434 2098 4485 εὑλοο

517 4531 649 4599 γίαν,
681 4529 765 4581 καὶ
802 4533 893 4585 τὴν
921 4528 1116 4580 αἰώνιον
1165 4529 1293 4589 ζωήν
1327 4524 1598 4577 ἐνετείλατο
1637 4525 1841 4598 Κύριος.
1898 4525 2099 4583 Ταύτης

518 4614 605 4671 οὖν
650 4620 792 4690 ἡμεῖς
836 4626 928 4678 τῆς
964 4625 1278 4692 προφητικῆς
1327 4617 1694 4687 ὑποφωνήσεως
1738 4615 2096 4686 ἀντεχόμενοι,

516 4714 606 4766 τήν
653 4716 924 4783 παροῦσαν
970 4707 1231 4782 ἀδελφικὴν
1277 4708 1624 4779 ἐποιησάμεθα
1674 4708 1958 4771 συλλαϐήν,
2016 4707 2100 4765 διά

519 4808 609 4860 τὴν
679 4804 881 4872 ἀγάπην
935 4804 1000 4856 τά
1052 4803 1246 4856 ἑαυτῶν
1302 4806 1376 4871 μὴ
1430 4804 1740 4863 ζητήσαντες
1806 4800 1836 4859 ἧ
1888 4802 2097 4865 ἀξιοῦν-

2201 3611 2420 3664 dontino
2453 3614 2736 3669 Theodoro
2770 3616 2964 3673 Paulus
3004 3618 3249 3687 indignus
3291 3622 3570 3689 episcopus
3593 3624 3645 3678 in
3672 3624 3793 3681 Do—

2200 3704 2344 3756 tuino
2372 3704 2619 3758 salutem.

2273 3794 2404 3849 Ecce
2431 3813 2585 3865 quam
2615 3798 2802 3850 bonum
2831 3811 2876 3850 et
2901 3814 3056 3867 quam
3072 3800 3383 3869 jucundum,
3421 3802 3649 3857 habitare
3675 3806 3795 3873 fma

2200 3894 2301 3939 tres
2328 3887 2378 3937 iu
2400 3902 2556 3939 unum
2589 3886 2767 3958 (Psal.
2798 3887 3002 3957 cum)
3022 3906 3034 3941 :
3054 3890 3280 3958 Spiritali
3312 3890 3434 3945 dico
3458 3892 3795 3963 habitaculo,

2198 3988 2249 4031 et
2284 3980 2563 4033 concordia
2605 3996 2722 4048 quae
2753 3982 2805 4033 in
2836 3981 2943 4035 Deo
2982 3990 3084 4048 est,
3116 3992 3171 4036 et
3200 3984 3401 4038 unitate
3443 3985 3586 4049 fidei,
3625 3985 3796 4056 hujus

2198 4069 2528 4126 delectabilis
2573 4073 2868 4127 secundum
2921 4076 3202 4129 veritatem
3254 4076 3625 4142 inliabitaculi,
3664 4092 3797 4146 quae

2201 4162 2449 4218 videlicet
2480 4165 2531 4218 in
2559 4164 2737 4219 Aaron
2777 4166 2947 4234 magis
2971 4166 3346 4233 decorabatur,
3402 4176 3562 4237 atque
3607 4184 3789 4224 sacer-

2200 4253 2430 4308 dotalem
2480 4254 2824 4309 induentibus
2876 4255 3215 4325 dignitatem,
3269 4256 3409 4309 sicut
3456 4269 3795 4326 unguentum

2200 4359 2360 4413 super
2410 4355 2585 4413 caput,
2642 4345 2990 4413 principalem
3047 4345 3373 4399 intellectum
3433 4345 3681 4413 irrigans,
3733 4357 3801 4402 et

2205 4451 2373 4505 usque
2399 4437 2464 4489 ad
2498 4438 2667 4506 ipsam
2716 4448 3012 4492 extremam
3062 4437 3341 4492 scientiam
3395 4437 3686 4493 deducens.
3730 4441 3797 4494 In

2202 4529 2302 4583 hoc
2347 4529 2489 4583 enim
2537 4528 2841 4584 babitaculo
2890 4527 3316 4583 benedictionem
3346 4537 3401 4582 et
3427 4537 3683 4582 aeternam
3712 4530 3800 4583 vi-

2206 4626 2314 4671 tam
2369 4619 2614 4687 promisit
2670 4618 2947 4673 Dominus.
3013 4619 3181 4687 Hujus
3242 4618 3402 4688 igitur
3460 4621 3801 4687 prophetica:

2204 4708 2600 4762 vaticinationis
2627 4711 2874 4764 meritum
2907 4711 3312 4775 atnplectentes,
3337 4720 3653 4778 praesentem
3682 4711 3802 4766 fra-

2203 4806 2408 4853 ternam
2437 4800 2695 4869 syllabam
2737 4802 3106 4870 exposuimus,
3141 4813 3319 4856 nostra
3362 4813 3578 4871 propter
3613 4803 3801 4857 chari-

520 4912 624 4951 τες.
674 4894 745 4945 Οὑ
772 4894 871 4966 γὰρ
911 4899 1018 4951 τοῖς
1060 4889 1373 4965 λοιδοροῦσιν
1395 4930 1409 4952 .
1441 4889 1886 4961 ἀντιλοιδορεῐσθκι
1914 4891 2090 4957 καλὸν¹

2206 4899 2366 4945 tatem
2417 4892 2635 4947 minime
2680 4903 2981 4961 qttmrentes
3024 4902 3117 4946 aut
3163 4895 3462 4962 quaesituri.
3506 4894 3616 4949 Nec
3643 4895 3798 4950 enim

520 4980 637 5035 οὐδὲ
682 4981 956 5049 παττάλῳ,
988 4983 1119 5035 κατά
1164 4986 1254 5039 τὴν
1280 4982 1503 5055 Θύραθεν
1532 4986 1839 5053 παροιμίαν,
1886 4982 2095 5057 ἐκκρού-

521 5077 669 5129 εσθαι
695 5074 972 5130 πάτταλον.
998 5071 1221 5144 .”Δπαγε.
1267 5075 1338 5126 Οὐ
1366 5075 1496 5146 πρὸς
1523 5074 1663 5143 ὑμῶν
1691 5077 1757 5128 τὰ
1786 5081 2005 5130 τοιαῦτα
2028 5079 2100 5145 μὴ

521 5168 712 5239 γένοιτο
730 5205 744 5230 ,
776 5163 883 5237 οὺχ
925 5165 1058 5221 οὕτω
1085 5172 1255 5237 νικᾷν,
1286 5166 1372 5219 οὑκ
1417 5160 1508 5219 τοῦ
1538 5165 1640 5220 καθ’
1670 5168 1806 5236 ἡμᾶς
1835 5164 2101 5237 ἐδιδάχθη-

2203 4983 2609 5053 detrahentibus
2640 4985 2836 5041 bonum
2867 4996 2950 5039 est
2970 4984 3279 5049 detrahere,
3303 4993 3396 5038 aut
3425 4986 3566 5052 palo,
3590 4998 3799 5040 secun-

2202 5076 2326 5131 dum
2358 5077 2630 5145 vulgarem
2661 5076 2914 5140 fabulam,
2940 5085 3195 5131 excutere
3226 5074 3425 5145 palum.
3466 5076 3640 5131 Absit.
3667 5074 3801 5131 Non

2203 5178 2329 5223 sunt
2357 5181 2537 5225 nostra
2573 5169 2704 5223 haec.
2738 5171 2960 5223 Avertat
2995 5168 3273 5229 Divinitas,
3302 5182 3409 5221 non
3439 5174 3566 5221 sunt
3605 5164 3797 5221 edocti

524 5278 613 5327 μεν
640 5261 936 5328 σχήματος.
977 5257 1081 5311 ἀλλ’
1108 5259 1155 5310 έν
1193 5258 1538 5331 μακροθυμίας
1569 5257 1796 5331 ὑπομονῇ
1826 5261 1913 5310 καί
1940 5258 2090 5332 πρᾳό·

2202 5261 2418 5316 habitns
2446 5262 2615 5314 nostri
2646 5260 2717 5314 ita
2745 5260 2986 5325 vincere,
3004 5258 3096 5313 sed
3120 5257 3173 5313 in
3193 5259 3453 5327 patientia
3466 5254 3803 5325 longanimi—

522 5370 638 5409 τητι
666 5352 971 5420 πνεύματος.
999 5346 1197 5422 Ὥσπερ
1222 5351 1321 5421 γὰρ
1341 5348 1399 5401 οὑ
1427 5347 1751 5420 σκληρότητι,
1781 5355 2103 5422 προφητικῶς

525 5442 709 5506 εἰπεῖν,
732 5442 1021 5517 καθαίρεται
1076 5441 1135 5494 τὸ
1182 5438 1479 5509 μελάνθιον,
1528 5435 1641 5491 οὐδὲ
1694 5445 1785 5496 τῆς
1826 5439 2023 5510 εἰρήνης
2075 5436 2102 5491 ὁ

525 5530 762 5603 νόστιμος
788 5540 900 5593 ταῖς
929 5529 1194 5591 διακονίαις
1220 5531 1436 5603 καρπὸς,
1466 5527 1553 5584 διὰ
1576 5526 1912 5599 τραχύτητος
1947 5530 2104 5602 ἐμφα-

598 5654 623 5681 ¹¹
667 5646 737 5699 Ex
768 5647 923 5709 epist.
957 5648 976 5699 i
1017 5646 1203 5700 Felicis
1231 5644 1291 5698 Ill
1319 5643 1382 5696 ad
1416 5641 1662 5696 Acacium
1692 5640 1793 5697 (ΣΡ.

2209 5355 2351 5417 tatis,
2381 5363 2436 5407 et
2464 5354 2654 5422 spiritu
2700 5353 3042 5417 humilitatis,
3087 5353 3208 5422 quia
3249 5352 3389 5407 sicut
3433 5352 3655 5405 minime
3692 5364 3803 5419 per

2209 5442 2481 5508 duritiam,
2513 5451 2571 5498 ut
2594 5442 2904 5512 prophetice
2958 5443 3220 5507 dicamus,
3266 5450 3524 5512 purgatur
3568 5440 3795 5510 nigella,

2210 5531 2281 5584 ita
2334 5546 2433 5587 nec
2482 5533 2628 5601 pacis
2680 5541 2962 5603 saporatus
3013 5531 3217 5589 fructus
3273 5532 3642 5603 intelligentia:
3694 5547 3803 5601 per.

600 5713 626 5751 ιι
666 5713 939 5784 Significat
980 5726 1152 5772 motus
1195 5716 1565 5783 Gregortanos,
1595 5714 1660 5768 de
1689 5712 1877 5782 quibus
1916 5713 2270 5787 Theophanes
2297 5727 2436 5769 anno
2524 5712 2800 5769 ConStant.
2830 5712 3049 5781 Baron.,
3076 5726 3202 5769 anu.
3236 5710 3357 5768 6i6.
