4002 6350
247 320 304 374 93
1273 306 1479 366 PAULI
1519 296 1899 364 CONSTANT.
1943 299 2153 356 EPISC.
2199 299 2554 356 EPlSTOLA.

3433 295 3505 350 9‘

247 430 567 499 asperitatem
618 422 965 493 exprimitur.
1022 420 1250 490 Propter
1310 419 1415 475 hoc
1452 418 1595 473 enim
1627 425 1682 473 et
1704 429 1826 470 ver-

1943 415 2142 478 νίζεται.
2215 413 2306 466 Διά
2355 432 2436 466 τοι
2477 416 2626 466 τοῦτο
2674 412 2755 464 καί
2794 417 2889 464 τῶν
2926 410 2975 462 ἐν
3009 406 3169 478 λόγοις
3217 407 3506 477 ήνεχόμεθα

248 525 415 579 borum
438 515 891 587 supportavimus
943 510 1224 580 colaphos,
1250 518 1310 587 ut
1338 510 1419 562 vel
1453 508 1704 576 paulatim
1734 519 1824 557 va-

248 617 433 669 leamus
478 624 609 665 eum
665 603 889 667 imitari,
940 604 1031 672 qui
1084 582 1303 671 propter
1334 616 1428 653 nos
1456 616 1515 654 se
1547 598 1826 651 ltutniliare

247 706 477 774 dignatus
528 705 635 761 est,
681 704 739 747 ut
782 704 1038 746 extremae
1089 689 1236 744 illius
1284 688 1508 742 ultionis
1557 700 1650 754 per
1689 684 1826 738 hanc

248 797 437 865 plagam
463 788 701 846 verbera
727 786 1079 840 declinemus.
1112 782 1402 836 Audiamus
1434 779 1593 848 igitur
1616 788 1669 832 et
1698 792 1826 831 con-

246 888 528 942 sentiamus
558 881 815 936 Ecclesite
844 877 1068 940 oratori,
1098 875 1187 945 qui
1214 890 1306 943 per
1332 875 1564 942 linguam
1592 870 1826 939 Spiritus

245 979 378 1029 clara
404 987 542 1027 voce
572 971 865 1032 exclamat,
911 965 1094 1020 dicens
1125 979 1141 1016 :
1176 964 1365 1016 Omnia
1395 979 1427 1015 a
1447 961 1587 1015 vobis
1617 962 1671 1014 in
1701 960 1825 1013 cha—

243 1069 379 1121 ritate
428 1066 561 1130 fiant
613 1059 698 1129 (Il
735 1061 854 1113 Cor.
891 1056 1024 1124 an).
1068 1056 1206 1125 Ergo
1237 1054 1352 1109 sive
1377 1053 1687 1122 qurerimus,
1717 1051 1830 1103 sive

244 1154 613 1211 tantummodo
638 1150 885 1214 dicimus,
909 1159 963 1202 et
986 1146 1351 1201 tantummodo
1378 1143 1644 1209 audimus,
1693 1141 1835 1194 cha-

241 1252 365 1305 ritas
381 1245 709 1308 intercedat,
725 1259 813 1297 ars
826 1244 1004 1310 aliqua
1031 1239 1277 1296 existens
1300 1237 1365 1291 ad
1383 1235 1830 1302 compositionem

242 1341 543 1398 concordiae
568 1337 694 1393 boni
718 1347 772 1391 et
800 1334 1260 1404 coniunctionem.
1308 1331 1525 1397 Oportet
1578 1328 1717 1381 enim
1765 1326 1832 1380 de

243 1436 349 1488 Deo
385 1431 758 1502 quaerentibus
796 1428 973 1491 nobis,
1021 1434 1203 1494 sparto
1259 1421 1592 1477 rectitudinis
1642 1420 1833 1472 mentis

241 1535 436 1580 nostra:
481 1524 903 1577 denumerantes
950 1516 1236 1584 templum,
1286 1513 1507 1583 paciﬁce
1534 1510 1833 1565 inhabitare

241 1620 293 1670 in
317 1630 382 1670 eo
404 1623 625 1682 propter
655 1611 965 1671 Dominum,
1012 1606 1098 1673 qui
1134 1620 1230 1672 per
1264 1603 1578 1670 prophetam
1627 1600 1834 1654 locutus

240 1713 322 1759 est
351 1721 366 1755 :
399 1703 648 1768 Querens
696 1712 867 1768 qurere
888 1737 902 1760 ,
942 1704 990 1746 et
1020 1693 1159 1759 apud
1189 1707 1268 1744 me
1299 1690 1469 1743 habita
1516 1685 1674 1755 (Isai.
1721 1702 1829 1751 χχι,

1926 510 2076 581 τάχα
2118 532 2214 565 που
2268 510 2643 581 ραπισμάτων,
2694 508 2776 560 ἶνα
2826 508 2907 559 καί
2960 506 3011 557 ἐν
3059 504 3380 573 ἐλαχίστοις,
3421 504 3507 559 τὸν

1926 602 1988 658 δι’
2014 606 2147 672 ἡμᾶς
2175 602 2348 657 ἑαυτὸν
2376 602 2757 656 ταπεινώσαντα
2783 600 3138 668 μιμησὼμεθα,
3184 598 3266 650 καί
3289 603 3381 655 τῆς
3420 596 3509 649 ἕσ-

1919 694 2098 762 .χάτης
2114 696 2272 746 ἐκεῖσε
2285 692 2532 750 κολάσεως
2554 689 2639 745 διά
2657 697 2747 748 τῆς
2766 689 2977 742 ἐνταῦθα
2997 690 3192 759 πληγῆς
3212 690 3304 749 τάς
3318 688 3509 758 πληγὰς

1930 783 2266 857 διαφύγωμεν.
2284 781 2600 852 ’Δκούσωμεν
2613 786 2880 851 τοιγαροῦν
2892 784 2975 832 καὶ
2985 782 3267 849 πεισθῶμεν
3277 786 3350 851 τῷ
3365 780 3511 855 ῥήτο-

1930 898 1981 935 ρι
1995 886 2086 935 τῆς
2104 875 2416 937 Ἐκκλησίας,
2438 881 2499 947 τῇ
2510 873 2707 944 γλώττῃ
2734 866 2823 925 τοῦ
2846 872 3136 938 πνεύματος
3149 870 3512 941 μεγαλοφώνως

1929 968 2175 1037 ἕκϐοὼση·
2198 962 2447 1031 ι’ᾼπάντα
2472 963 2613 1033 ὑμῶν
2632 965 2681 1016 ἐν
2702 964 2877 1035 ἀγάπῃ
2892 962 3123 1032 γινέσθω.
3139 978 3156 1012 ι
3184 960 3293 1015 Εἴτε
3317 956 3404 1014 οὖν
3424 966 3513 1025 ζη-

1928 1064 2135 1126 τοῦμεν,
2159 1054 2255 1110 εἴτε
2269 1058 2348 1109 καὶ
2360 1056 2507 1125 μόνον
2523 1054 2728 1125 λέγομεν
2748 1054 2776 1111 ἦ
2790 1056 2872 1107 καί
2884 1053 3033 1123 μόνον
3053 1054 3322 1121 ἀκούομεν,
3338 1052 3512 1121 ἀγάπη

1931 1146 2245 1221 βραϐευέτω,
2274 1145 2435 1213 τέχνη
2473 1163 2551 1202 τις
2584 1136 2718 1195 οὖσα
2746 1142 2875 1215 πρὸς
2904 1139 3215 1200 summa»
3254 1139 3513 1211 συμφυΐας

1933 1242 2120 1311 ἀγαθῆς
2163 1239 2248 1291 καὶ
2292 1234 2652 1294 συνειδήσεως.
2709 1242 2792 1287 Δεῖ
2828 1236 2928 1307 γὰρ
2966 1238 3086 1308 περὶ
3130 1240 3258 1288 Θεοῦ
3306 1236 3514 1296 ζητοῦν-

1932 1352 2019 1391 τας
2077 1332 2231 1400 ἡμᾶς,
2280 1334 2353 1399 τῷ
2402 1328 2637 1400 σπαρτίῳ
2686 1334 2776 1383 τῆς
2828 1325 3096 1383 εὐθύτητος
3129 1329 3216 1377 τοῦ
3270 1323 3513 1394 λογισμοῦ

1934 1420 2325 1495 διαμετροῦντας
2363 1420 2422 1474 τὸ
2445 1421 2666 1491 τέμενος.
2701 1420 2953 1490 εἰρηνικῶς
2976 1418 3027 1469 ἓν
3057 1418 3194 1488 αύτῷ
3223 1416 3513 1488 προσαυλί-

1937 1515 2104 1576 ζεσθαι
2133 1511 2215 1566 διὰ
2238 1510 2323 1565 τὸν
2350 1510 2397 1563 ἐν
2423 1516 2494 1578 τῷ
2511 1512 2736 1584 προφήτῃ
2751 1506 3042 1563 λαλήσαντα
3075 1506 3269 1577 κύριον
3304 1521 3324 1555 ε
3344 1510 3513 1561 Ζητῶν

1938 1608 2094 1667 ζήτει,
2122 1605 2205 1655 καὶ
2230 1601 2351 1678 παρ’
2391 1602 2502 1668 ἐμοὶ
2526 1597 2665 1652 οἴκει.
2695 1615 2713 1647 ι
2749 1598 2931 1650 Σκοπὸν
2953 1597 3051 1671 γάρ
3097 1593 3123 1648 ὁ
3152 1597 3274 1654 Θεὸς
3301 1594 3513 1648 τέθεικεν

1940 1697 2073 1766 ἡμᾶς
2112 1703 2184 1764 τῷ
2208 1694 2332 1765 λαῷ,
2354 1696 2437 1745 καὶ
2456 1693 2652 1765 πρέπον
2672 1690 2783 1743 ἐστί
2803 1689 2918 1746 τούς
2953 1688 3228 1761 ἱερατεύειν
3251 1685 3352 1766 ὑπὸ
3384 1690 3513 1738 Θεοῦ

248 1756 332 1859 [2,
352 1756 511 1864 ἀπίξεαι
539 1756 757 1857 Graeci).
790 1756 1077 1853 Speculum
1109 1781 1253 1836 enim
1284 1779 1430 1834 dedit
1464 1779 1603 1832 Deus
1637 1777 1833 1846 populo

1943 1783 2270 1854 τεταγμένους
2299 1781 2462 1841 οὕτως
2511 1781 2558 1832 ἐν
2608 1777 2947 1854 πρξνότητιτά
2990 1779 3118 1849 πρὸς
3160 1756 3394 1834 ἀλλήλους
3423 1780 3514 1827 τοῦ

244 1899 362 1948 suo,
387 1895 442 1937 et
470 1888 682 1950 oportet
709 1893 801 1932 eos
830 1876 920 1945 qui
951 1889 981 1927 a
1009 1874 1115 1928 Deo
1139 1880 1266 1925 sunt
1288 1869 1527 1939 deputati
1577 1868 1829 1921 sacerdo-

245 1977 375 2030 tium
420 1972 667 2041 adipisci,
702 1971 774 2023 ita
804 1969 856 2021 itt
900 1966 1197 2020 humilitate
1224 1976 1466 2033 gressum
1514 1957 1709 2013 mentis
1739 1955 1831 2009 ad-

246 2067 477 2122 invicem
503 2062 753 2126 tendere,
783 2068 841 2114 ut
878 2058 931 2112 in
962 2056 1150 2110 melius
1179 2053 1511 2109 aediﬁcentur
1542 2050 1594 2103 hi
1625 2047 1717 2117 qui
1769 2047 1836 2100 ad

246 2174 351 2212 nos
393 2155 705 2224 reSpiciunt,
755 2164 937 2220 quam,
994 2146 1135 2215 quod
1185 2146 1364 2200 dicere
1410 2143 1574 2213 piget,
1619 2156 1713 2209 per
1735 2149 1838 2191 ἠο-

245 2257 413 2299 stram
443 2241 792 2303 discordiam,
823 2236 1068 2292 semitam
1096 2236 1285 2304 pedum
1320 2247 1505 2287 eorum
1528 2239 1832 2284 concutere.

250 2334 334 2388 Ad
390 2330 737 2387 concordiam
788 2327 1110 2382 inclinemus
1145 2338 1243 2377 nos
1275 2322 1444 2391 ipsos,
1477 2330 1530 2375 et
1561 2334 1723 2373 unum
1772 2318 1836 2371 ad

248 2425 560 2480 charitatem
609 2421 902 2491 sapiamus.
956 2416 1320 2471 Humilitatem
1376 2426 1714 2474 veneremur,
1744 2420 1838 2478 per

252 2530 411 2583 quam
440 2509 770 2582 apprehendi
820 2509 958 2563 solet
987 2505 1210 2560 altitudo
1240 2504 1491 2574 Spiritus.
1520 2502 1576 2557 Si
1599 2500 1741 2555 enim
1785 2507 1839 2555 et

251 2606 420 2659 verbo
469 2604 697 2671 amplius
730 2615 901 2668 usque
934 2600 1035 2653 huc
1065 2598 1476 2651 taciturnitatem
1528 2595 1835 2660 dileximus,

254 2696 366 2751 hoc
392 2697 601 2765 quidem
635 2695 775 2750 bene
807 2693 1006 2747 habere
1032 2689 1278 2744 arbitrati
1310 2703 1517 2753 sumus,
1536 2703 1602 2741 ne
1625 2686 1838 2754 scriptis

256 2790 453 2841 vestris
474 2786 808 2854 reciprocam
838 2781 1306 2852 respondentibus,
1339 2780 1557 2849 injuriae
1601 2780 1836 2833 fomitem

247 2880 628 2941 exhortemur,
664 2887 721 2932 ct
749 2875 1190 2946 pusillanintitate
1238 2872 1591 2942 dijudicemur
1641 2871 1710 2925 ab
1747 2886 1835 2937 eo,

246 2974 374 3042 quia
434 2969 652 3042 |Forte,
718 2966 829 3038 qui]
892 2967 1068 3020 omnia
1121 2965 1188 3019 ad
1240 2948 1553 3019 charitatem
1618 2961 1839 3030 diligere

245 3061 456 3136 [Forte,
491 3058 753 3130 dirigere]
784 3056 1159 3127 promulgavit.
1200 3054 1478 3110 Oravimns
1500 3067 1625 3108 vero
1642 3062 1694 3107 et
1717 3063 1840 3106 tunc

244 3159 441 3211 ostium
483 3152 901 3208 circumstantia:
952 3149 1104 3203 labiis
1159 3146 1357 3201 nostris
1410 3145 1614 3216 impetti
1663 3143 1836 3215 (Pal.

240 3246 403 3314 an),
428 3254 484 3298 et
513 3244 738 3298 verbum
788 3238 1079 3294 insonitum
1127 3234 1415 3306 concipere
1463 3237 1637 3303 potius
1684 3250 1840 3301 quam

246 3337 470 3392 serbum
520 3334 777 3403 invigile;
831 3341 883 3384 et
934 3338 1108 3383 tamen
1155 3327 1255 3381 hoc
1298 3328 1426 3380 mihi
1468 3326 1665 3379 donum
1699 3335 1783 3379 est
1812 3340 1842 3378 a

246 3426 502 3489 Domino,
536 3436 582 3477 et
616 3425 785 3493 factus
810 3438 920 3475 sum
950 3421 1079 3474 sicut
1105 3421 1256 3473 homo
1282 3435 1384 3472 non
1411 3420 1649 3483 audiens,
1673 3428 1721 3471 et
1744 3432 1846 3471 non

248 3518 440 3571 urbem
470 3516 526 3567 in
558 3530 647 3567 ore
696 3512 816 3580 ejus
863 3509 1352 3579 argumentationes
1381 3507 1557 3578 (Psal.
1604 3508 1843 3573 xxxvul;

245 3608 345 3664 sed
362 3607 493 3677 quia
515 3617 715 3673 tempus
741 3612 810 3656 est
843 3601 1101 3670 loquendi,
1126 3608 1171 3652 et
1197 3608 1393 3667 tempus
1424 3599 1622 3652 tacendi
1645 3597 1843 3667 (Eccle.

234 3700 348 3767 In),
380 3698 575 3767 aperio
603 3694 843 3757 verbum,
875 3700 928 3745 et
955 3690 1147 3745 claudo
1181 3692 1376 3744 ostium
1426 3704 1518 3757 per
1569 3686 1844 3742 taciturni-

236 3797 441 3855 tatem,
500 3791 867 3852 competenter
922 3794 1195 3834 exorans:
1232 3778 1477 3844 Domine,
1539 3778 1678 3831 labia
1737 3795 1849 3833 mea

230 3878 457 3950 aperies
492 3872 665 3945 (Psal.
700 3875 778 3941 ι),
808 3881 865 3924 ιιι
894 3872 1250 3939 respondeam
1274 3869 1696 3937 exprobrantibus
1725 3870 1849 3921 mihi

234 3970 466 4025 εετοιιιη
525 3963 697 4035 (Paul.
753 3961 966 4030 cxvm).
1026 3961 1173 4015 Licet
1221 3960 1361 4013 enim
1412 3961 1693 4025 tacuintus,
1743 3976 1846 4013 non

230 4072 475 4126 semper
528 4052 840 4115 tacebimus,
901 4050 1242 4118 adaperiente
1302 4048 1457 4103 nobis
1511 4049 1620 4103 Deo
1674 4051 1850 4104 claves

234 4148 433 4205 verbi.
491 4144 652 4213 Igitur
702 4141 923 4196 directis
950 4139 1003 4191 in
1034 4139 1280 4209 praesenti
1312 4153 1341 4190 a
1369 4138 1698 4193 beatitudine
1746 4139 1851 4192 fra-

236 4236 537 4299 ternitatis
566 4241 757 4287 vestra:
782 4229 1148 4301 apocrisariis,
1181 4230 1272 4298 qui
1306 4239 1425 4298 post
1455 4231 1652 4284 multas
1682 4231 1852 4287 tactas

234 4338 403 4391 inter
442 4342 544 4382 nos
583 4325 649 4379 de
695 4323 1058 4379 ecclesiastica
1107 4322 1460 4391 requisitione
1510 4322 1848 4378 dissonantes

1938 1866 2190 1945 λογισμοῦ
2231 1874 2415 1928 τιθέναι
2458 1870 2775 1940 διαδήματα,
2808 1869 2981 1943 ὥσπερ
3016 1869 3075 1922 τὸ
3102 1874 3321 1940 κρεῖττον
3378 1868 3517 1918 οἰκοι

1938 1968 2200 2037 δομεῖσθαι
2226 1969 2345 2028 τούς
2372 1968 2441 2026 εἰς
2467 1968 2602 2035 ἡμᾶς
2635 1967 2971 2027 ἀτενίζοντας,
2991 1962 3122 2035 ἥπερ
3149 1960 3232 2015 διὰ
3268 1970 3358 2020 τῆς
3388 1962 3514 2029 ἡμε-

1937 2058 2110 2129 τέρας,
2141 2056 2264 2108 ὀκνῶ
2301 2054 2474 2125 λέγειν,
2507 2054 2720 2127 ἐριθείας
2758 2057 2849 2110 τήν
2891 2051 3065 2126 τρίϐον
3092 2057 3191 2106 τῶν
3237 2047 3405 2103 ποδῶν
3432 2051 3518 2102 ao.

1938 2157 2036 2204 τῶν
2085 2148 2450 2221 ταράττεσθαι.
2492 2148 2574 2205 Εἰς
2624 2143 2924 2216 ὁμοψυχίαν
2970 2146 3321 2212 συνεύσωμεν,
3364 2141 3423 2194 τὸ
3464 2139 3515 2192 ἓν

1942 2244 2069 2316 πρὸς
2112 2241 2313 2311 ἀγάπην
2344 2243 2691 2312 φροντίσωμεν,
2738 2242 2826 2296 τήν
2873 2238 3331 2310 ταπεινοφροσύνην
3368 2236 3519 2303 τιμή·

1941 2354 2109 2395 σωμεν
2148 2332 2215 2387 δι’
2237 2331 2295 2393 ἧς
2322 2330 2805 2402 καταλαμϐάνεσθαι
2832 2330 2961 2401 φιλεῖ
2982 2331 3041 2383 τὸ
3071 2327 3202 2398 ὕψος
3246 2331 3343 2382 τοῦ
3369 2326 3515 2381 πνεύ-

1938 2445 2122 2495 ματος.
2163 2426 2218 2477 Ei
2243 2426 2343 2497 γὰρ
2374 2425 2459 2477 καί
2505 2430 2595 2476 τοῦ
2641 2422 2791 2492 λόγου
2840 2420 3008 2479 πλέον.
3040 2420 3202 2494 μέχρι
3246 2416 3393 2472 τοῦδε
3432 2420 3523 2475 τὴν

1942 2521 2141 2573 σιωπήν
2184 2514 2511 2584 ἐτιμησαμεν.
2542 2518 2697 2568 τοῦτο
2735 2520 2894 2567 ποιεῖν
2936 2506 2992 2565 εὖ
3040 2509 3250 2580 ἔχοντος
3280 2507 3520 2579 ἐδοκιμά-

1940 2629 2123 2679 σαμεν,
2154 2608 2239 2663 ἵνα
2281 2613 2351 2678 μη
2399 2614 2505 2666 τοῖς
2548 2614 2815 2681 γραφεῖσιν
2868 2604 3270 2675 ἀντεξαγόμενοι,
3316 2598 3523 2671 ἅμιλλα)

1941 2699 2139 2775 ὕϐρεως
2194 2699 2522 2766 ποιησώμεθα
2556 2736 2572 2759 ,
2630 2700 2714 2750 καί
2772 2694 3126 2768 μικροψυχίαν
3198 2692 3523 2763 κατακριθῶ-

1941 2811 2031 2860 μεν
2081 2791 2226 2863 παρά
2280 2794 2373 2843 τοῦ
2441 2790 2639 2860 στέγειν
2686 2790 2857 2842 πάντα
2911 2786 3040 2859 πρὸς
3080 2785 3279 2854 ἀγαπὴν
3318 2782 3525 2851 νομοθε-

1940 2886 2206 2941 τήσαντος.
2262 2878 2521 2949 Ηύξάμεθα
2563 2881 2663 2954 γάρ
2707 2884 2987 2937 τηνικαῦτα
3030 2880 3113 2931 καὶ
3145 2877 3299 2946 θύραν
3348 2894 3522 2949 περιο-

1946 2984 2049 3045 χῆς
2101 2975 2503 3050 προσεπιθέσθαι
2536 2981 2609 3043 τῷ
2667 2971 2924 3041 στόματι,
2971 2973 3059 3023 καί
3121 2968 3262 3040 λόγον
3307 2969 3527 3041 ἀφθονίας

1865 3104 1914 3168 C
1944 3065 2357 3139 ἐνστερνίσασθαι
2408 3064 2629 3134 μᾶλλον,
2678 3062 2708 3121 ἢ
2775 3063 2921 3135 λόγον
2961 3062 3280 3130 ἀμύσσοντα·
3323 3061 3406 3113 καί
3466 3077 3524 3131 γε

2009 3164 2029 3168 _
2124 3155 2146 3168 Α
2220 3157 2228 3168 l
2524 3158 2533 3168 ε
2681 3158 2689 3168 ι
2878 3157 2888 3168 I
2927 3155 2938 3168 ι
3041 3154 3049 3168 Ι
3199 3155 3209 3168 Ι
3295 3156 3303 3168 ι
3348 3149 3369 3168 υ
3402 3152 3425 3168 Λ

1943 3164 2093 3211 τοῦτο
2120 3155 2259 3212 δοτόν
2286 3176 2374 3225 μοι
2398 3158 2543 3232 παρά
2571 3158 2777 3229 κυρίου,
2807 3157 2891 3209 καί
2919 3154 3155 3226 ἐγενόμην
3181 3155 3307 3205 ὡσεὶ
3338 3149 3525 3226 ἀνθρω-

1945 3270 2040 3309 πος
2073 3250 2162 3301 οὐκ
2192 3245 2420 3312 ἀκούων,
2451 3249 2536 3300 καί
2552 3248 2642 3301 ούκ
2659 3244 2805 3316 ἔχων
2823 3247 2873 3299 ὲν
2903 3252 2976 3317 τῷ
2992 3246 3209 3313 στόματι
3228 3244 3385 3300 αὐτοῦ
3403 3241 3528 3311 ἕλιγ-

1944 3341 2094 3410 μούς.
2111 3336 2234 3391 Δ’Λλ’
2251 3339 2361 3391 ἐπεὶ
2378 3339 2550 3411 καιρὸς
2570 3343 2662 3391 τοῦ
2683 3336 2847 3389 λαλεῖν
2857 3337 2940 3389 καί
2951 3334 3122 3408 καιρὸς
3136 3340 3226 3387 τοῦ
3239 3337 3525 3394 σιωπῆσαι,

1946 3426 2131 3497 άνοίγω
2173 3432 2244 3494 τῷ
2287 3425 2439 3497 λόγῳ,
2469 3428 2557 3479 καί
2595 3425 2737 3476 κλείω
2765 3428 2852 3481 τὴν
2885 3420 3040 3495 θύραν
3069 3430 3129 3495 τῇ
3161 3428 3331 3491 σιωπῇ
3361 3437 3527 3492 προσ·

1946 3516 2111 3593 φόρως
2155 3513 2468 3586 αἰτούμενος·
2505 3534 2525 3566 ι
2558 3519 2725 3589 κύριε,
2760 3517 2827 3568 τά
2868 3514 3014 3583 χείλη
3058 3534 3155 3581 μου
3185 3512 3412 3573 ἀνοίξεις,
3446 3513 3531 3564 καί

1947 3608 2356 3681 ἀποκριθήσομαι
2382 3614 2494 3665 τοῖς
2522 3604 2823 3669 ὀνειδίζουσί
2850 3626 2937 3673 μοι
2973 3604 3133 3675 λόγον.
3165 3621 3186 3653 ι
3222 3606 3281 3656 Ei
3319 3604 3421 3677 γὰρ
3442 3605 3532 3657 καί

1948 3699 2271 3769 ἐσιγήσαμεν,
2297 3696 2398 3749 ἀλλ’
2429 3698 2516 3750 ούκ
2538 3698 2619 3752 ἀεὶ
2643 3700 2986 3766 σιωπήσωμεν
3013 3696 3374 3759 ύπανοίξαντος
3404 3696 3529 3763 ἡμῖν

1948 3798 2037 3846 τοῦ
2056 3796 2181 3844 Θεοῦ
2204 3791 2267 3844 τά
2288 3791 2491 3865 κλεῖθρα
2514 3796 2605 3844 τοῦ
2621 3789 2790 3861 λόγου.
2807 3788 3158 3863 Τῇοπαρουσίᾳ
3172 3795 3272 3843 τῶν
3285 3788 3429 3861 παρὰ
3440 3791 3535 3845 τῆς

1949 3881 2212 3951 ἀδελφικῆς
2227 3882 2368 3950 ὑμῶν
2381 3880 3058 3955 μακαριότητος,σταλίντων
3070 3878 3467 3952 ἀποκρισιαρίων
3486 3875 3534 3930 οἶ

1949 3993 2077 4031 τινες
2107 3972 2239 4042 μετά
2250 3971 2438 4030 πολλὰς
2459 3970 2583 4031 ὅσας
2602 3971 2693 4031 τὰς
2709 3970 2839 4044 πρὸς
2860 3971 2995 4040 ἡμᾶς
3005 3972 3124 4042 περὶ
3143 3976 3234 4027 τῆς
3273 3966 3527 4023 ἔκκλησια-

1950 4072 2127 4124 στικῆς
2140 4068 2399 4129 ζητήσεως
2411 4064 2749 4133 ἀσυμϐάτους
2761 4061 3103 4127 διαλέξεις.είς
3119 4066 3270 4115 τοῦτο
3279 4060 3418 4118 τέλος
3426 4057 3534 4117 ἠνέ-

1952 4152 2570 4226 χθησαν,είσηγησάμενοί
2580 4173 2634 4207 τε
2648 4155 2734 4205 καί
2747 4150 3127 4225 προτρέψαντες
3143 4149 3537 4223 ἡμᾶς.ἒρμηνευο

1950 4244 2092 4301 θῆναι
2112 4248 2202 4301 τήν
2224 4243 2307 4296 ἐπὶ
2320 4249 2546 4317 Χριστοῦ
2564 4248 2654 4296 τοῦ
2670 4243 2908 4299 ἀληθινοῦ
2923 4246 3050 4296 Θεοῦ
3062 4243 3221 4310 ἡμῶν,
3236 4245 3326 4294 τοῦ
3344 4238 3452 4297 ἑνὸς
3464 4238 3538 4289 θε-

1954 4334 2179 4403 λήματος
2200 4331 2413 4400 ἴννοιαν,
2442 4336 2527 4388 καί
2552 4339 2641 4392 τήν
2661 4334 2901 4390 τοιαύτην
2923 4333 3185 4405 ἑρμηνείαν
3215 4338 3278 4402 τῇ
3306 4330 3535 4401 ύμετίρα

236 4423 763 4487 sermocinationes,
798 4422 848 4474 in
883 4422 1041 4475 ﬁnem
1068 4420 1136 4473 ad
1168 4423 1269 4473 hoc
1310 4431 1692 4489 pervenerunt,
1748 4420 1842 4474 ad-

1954 4428 2201 4485 σταλῆναι
2230 4430 2452 4499 πανιέρῳ
2479 4426 2937 4497 τιμιότητι.“ι1μεῖς
2952 4420 3037 4478 οὖν
3058 4422 3420 4492 ἀποδεξάμενοι
3450 4425 3539 4477 την

238 4524 555 4575 monentes
604 4528 701 4568 nos
747 4523 906 4581 atque
945 4510 1290 4564 adhortantes
1323 4510 1663 4576 interpretari
1696 4511 1851 4565 unius

240 4603 465 4663 Christi
500 4603 609 4655 veri
638 4601 728 4657 Dei
756 4601 925 4655 nostri
953 4599 1240 4653 voluntatis
1282 4599 1641 4665 intellectum,
1692 4610 1853 4670 atque

244 4690 581 4765 huiusmodi
611 4693 1102 4759 interpretationem
1130 4691 1389 4745 destinari
1428 4701 1622 4745 vestra:
1671 4706 1854 4747 sacra-

246 4785 496 4839 tissima:
521 4779 867 4835 venerationi.
908 4780 1016 4833 Nos
1042 4791 1222 4834 autem
1264 4790 1542 4851 acceptam
1593 4784 1853 4839 habentes

249 4880 419 4931 bona:
473 4871 819 4925 Conscientiae
872 4871 1248 4939 praedictorum
1280 4874 1662 4926 V8ltel‘8llilium
1708 4875 1857 4928 viro-

250 4986 377 5026 rum
440 4966 904 5029 admonitionem,
969 4976 1357 5034 cognoscentes
1413 4976 1595 5021 autem
1644 4981 1696 5022 et
1739 4986 1857 5037 qua:

255 5062 605 5135 principatus
660 5060 1022 5127 apostolorum
1074 5061 1358 5113 summitas
1412 5062 1589 5125 docet,
1647 5072 1859 5129 paratos

256 5172 385 5213 esse
413 5156 487 5209 ad
516 5151 919 5220 satisfactionem
965 5153 1103 5205 omni
1135 5153 1361 5221 poscenti
1403 5168 1496 5206 nos
1543 5155 1748 5207 verbum
1798 5158 1861 5209 de

254 5263 355 5315 ape
370 5243 552 5314 quein
566 5242 708 5295 nobis
725 5250 795 5295 est
810 5239 861 5311 (1
888 5240 1002 5295 Pet.
1028 5243 1110 5312 ιιι)
1124 5283 1136 5305 ,
1155 5243 1447 5296 secundum
1467 5243 1558 5297 Dei
1586 5246 1857 5309 timorem,

258 5334 730 5394 mansuetudinem
744 5333 809 5387 ad
836 5334 1034 5387 bonam
1055 5334 1332 5389 scientiam
1366 5343 1751 5404 temperantes,
1776 5351 1862 5391 su-

260 5443 356 5497 per
375 5426 472 5481 tali
486 5421 862 5479 tantummodo
878 5423 1226 5490 requisitione
1241 5433 1475 5479 mentem
1499 5434 1740 5479 nostram
1764 5441 1861 5495 per

263 5520 359 5571 has
390 5514 626 5586 syllabas
655 5512 1010 5583 exponimus,
1044 5513 1371 5581 superﬂuam
1398 5515 1782 5572 excitationem
1806 5527 1860 5573 et

259 5605 674 5661 altercationem
726 5603 1022 5658 verborum
1071 5614 1289 5673 propter
1312 5606 1613 5663 satietatem
1644 5617 1699 5664 et
1725 5624 1862 5679 pra:-

261 5698 434 5754 aentis
483 5695 738 5768 temporis
783 5691 1237 5762 incongruitatem
1273 5696 1605 5755 declinantes
1635 5714 1697 5756 ac
1727 5715 1859 5770 prae-

1956 4516 2303 4577 εύσυνείδητον
2312 4525 2412 4572 τῶν
2423 4519 2694 4591 εἰρημένων
2706 4518 2935 4588 θεοφιλῶν
2947 4513 3139 4589 ἀνδρῶν
3149 4513 3541 4584 εἰσήγησιν,ἒπι-

1956 4612 2195 4679 στάμενοι
2206 4608 2258 4664 δὲ
2274 4612 2358 4663 καὶ
2377 4608 2508 4683 ᾇπερ
2522 4611 2551 4666 ἡ
2564 4611 2815 4682 κορυφαία
2826 4614 2923 4661 τῶν
2938 4605 3233 4659 ἀποστόλων
3245 4606 3460 4680 ἀκρότης
3473 4603 3543 4659 δι-

1957 4695 2156 4763 δάσκει,
2182 4698 2410 4766 ἑτοίμους
2432 4695 2555 4752 εῗναι
2575 4699 2703 4774 πρὸς
2746 4697 3013 4768 ἀπολογίαν
3040 4698 3287 4769 παντὶτῷ
3316 4701 3543 4754 αἰτοῦντι

1962 4789 2095 4856 ἡμὰς
2124 4784 2269 4859 λόγον
2318 4790 2555 4860 περὶτῆς
2586 4786 2634 4838 ἐν
2663 4788 2780 4856 ἡμῖν
2829 4784 3027 4847 ἐλπίδος
3074 4789 3207 4860 πρὸς
3255 4788 3544 4848 συνείδησιν

1958 4880 2168 4949 ἀγαθήν,
2192 4883 2281 4936 τήν
2311 4878 2583 4951 πρᾳότητα
2600 4886 2673 4951 τῷ
2700 4884 2789 4933 τοῦ
2814 4885 2941 4933 Θεοῦ
2960 4878 3096 4949 φόϐῳ
3115 4882 3445 4952 κεράσαντες,
3487 4883 3545 4934 τὸ

1968 4971 2208 5041 ἡμέτερον
2242 4974 2359 5041 περὶ
2388 4975 2479 5023 τοῦ
2500 4971 2756 5025 ,τοιούτου
2786 4972 2871 5025 καί
2916 4970 3066 5043 μόνου
3097 4974 3403 5042 ζητήματος,
3458 4971 3544 5029 διά

1959 5056 2114 5113 τῶνδε
2167 5067 2266 5113 τῶν
2309 5060 2573 5114 συλλαϐῶν
2620 5061 2906 5131 ἐκτιθέμεθα
2955 5062 3201 5137 φρόνημα,
3231 5068 3321 5121 τήν
3366 5083 3546 5137 περιτ-

1961 5158 2052 5210 τήν
2081 5151 2391 5224 ἀδολεσχίαν
2419 5157 2502 5207 ναὶ
2520 5155 2815 5225 παλιλογίαν
2844 5153 2927 5211 διά
2954 5157 3013 5210 τὸ
3039 5158 3328 5231 προσκορές
3363 5157 3542 5222 καὶτῷ

1961 5243 2171 5321 παρόντι
2199 5244 2533 5320 προσαπᾷδο)
2561 5254 2739 5320 καιρῷ,
2761 5248 3166 5321 παρεκκλίναντές
3193 5268 3248 5303 τε
3274 5250 3361 5301 καὶ
3383 5246 3542 5317 φυλα-

1960 5337 2180 5407 ξάμενοι,
2198 5338 2285 5390 ούκ
2312 5338 2554 5411 ἡμέτερον
2577 5340 2629 5391 ἓν
2657 5336 2820 5408 τούτῳ
2844 5360 2894 5392 τι
2916 5345 3143 5398 νοοῦντες
3173 5338 3202 5397 ἦ
3225 5337 3538 5401 δοξάζοντες,

1961 5426 1992 5486 ἣ
2014 5430 2089 5481 καί
2119 5428 2368 5500 λέγοντες,
2418 5427 2522 5482 ἀλλ’
2551 5428 2685 5501 άπερ
2711 5426 2999 5499 ἠκούσαμεν
3028 5432 3114 5484 καὶ
3144 5428 3369 5499 ἔγνωμεν
3396 5427 3541 5496 παρὰ

1962 5526 2063 5573 τῶν
2092 5520 2245 5590 ἁγίων
2291 5523 2642 5591 οἰκουμενικῶδ
2670 5522 2898 5592 μεγάλων
2926 5520 3169 5588 συνόδων,
3201 5524 3282 5575 καὶ
3308 5522 3354 5572 οί
3378 5519 3538 5574 πατί-

1963 5629 2051 5683 ρες
2079 5611 2216 5677 ἡμῶν
2260 5608 2563 5682 διηγήσαντο
2588 5612 2722 5682 ἡμῖν’
2755 5608 2860 5665 ὁδοί
2901 5610 3000 5683 γὰρ
3030 5615 3183 5679 ζωῆς,
3224 5608 3541 5680 διανοήματα
3588 5656 3597 5661 κ

1971 5706 2220 5766 συνετῶν,
2249 5702 2316 5761 ὡς
2344 5708 2414 5771 τῷ
2436 5708 2779 5777 παροιμιαστῇ
2829 5700 2983 5763 καλῶς·
3014 5703 3097 5754 καὶ
3124 5709 3186 5758 τῆ
3225 5701 3426 5762 ἀληθεία
3453 5698 3537 5757 ὃοο
