4002 6350
524 341 596 399 95
1718 334 1808 388 AD
1847 335 1903 389 S.
1948 328 2367 385 TIIEODORUM
2409 330 2637 386 PAPAM
3718 339 3790 393 96

521 462 619 510 κεῖ.
650 452 773 510 A'Dt'
798 451 972 512 ἐπειδὴ
998 451 1168 509 λοιπὸν
1191 449 1217 506 ὸ
1248 450 1419 528 καιρὸς
1444 452 1578 519 ἡμᾶς
1603 448 1735 503 ἕλκει
1759 454 1850 506 τῆς
1870 445 2105 514 ὑποσχέ-

2223 452 2474 511 mventes,
2510 444 2639 499 nihil
2669 454 2905 499 nostrum
2928 446 3791 527 intelligentes,autprolerentes,

522 566 676 609 σεως,
732 550 811 602 καί
854 547 987 621 πρὸς
1032 549 1122 603 τήν
1152 544 1428 607 ἀνάπτυξιν
1464 547 1558 598 τοῦ
1607 539 1911 611 ζητουμένου
1946 537 2102 598 καλεῖ,

520 642 636 716 φέρε
666 649 759 700 τῆς
790 640 939 712 ὸρθῆς
967 640 1107 708 ἡμῶν
1136 634 1284 700 δόξης
1328 639 1418 694 τήν
1447 634 1704 708 μόρφωσιν
1746 637 1863 689 ταῖς
1886 627 1970 683 διὰ
2013 624 2105 682 τοῦ

521 731 822 805 γράμματος
852 728 1040 783 εἰκόσιν
1088 728 1512 796 ἕντυῖτωσώμεθα,
1561 725 1737 797 ὥσπερ
1786 719 2115 779 δευσοποιοῖς»

526 843 631 875 τισι
660 822 912 896 χρώμασι
934 826 1054 878 ταῖς
1074 825 1347 892 πατρικαῖς
1378 816 1684 891 μαρτυρίαις
1704 812 1931 887 ἀκριϐῶς
1953 811 2107 887 ὠραῖὲ

523 914 692 972 ζοντες
718 910 783 964 τά
830 908 1090 979 λεγόμενα.
1138 914 1303 976 Ἡμεῖς
1350 901 1458 968 οὖν,
1505 905 1659 975 ἤγουν
1698 910 1790 963 τῆς
1837 902 2108 971 καθ’ἡμᾶς

522 995 815 1059 Ἐκκλησίας
844 1001 874 1056 ἡ
918 996 1230 1053 δικαιοδοσία
1274 998 1358 1050 καὶ
1397 992 1627 1059 σύνοδος,
1661 992 1995 1066 ὁμολογοῦμεν
2023 992 2107 1047 τὸν

523 1089 611 1142 ἕνα
640 1098 731 1149 τῆς
786 1090 1105 1163 ύπερουσίου
1153 1091 1240 1141 καὶ
1291 1091 1590 1159 ζωαρχικῆς
1627 1082 1844 1159 Τριάδος
1889 1084 1975 1138 τὸν
2014 1090 2106 1139 τοῦ

524 1181 758 1256 ἀνάρχου
789 1184 1084 1255 Γεννήτορος
1111 1179 1217 1233 Υἶόν
1239 1197 1292 1231 τε
1326 1180 1406 1230 καὶ
1426 1176 1582 1248 Λόγον
1609 1177 1693 1232 τὸν
1712 1178 1899 1253 Κύριον
1916 1182 2109 1233 Ἰησοῦν

531 1273 750 1345 Χριστὸν
779 1273 1003 1330 ἀληθινὸν
1032 1272 1153 1325 Θεὸν
1180 1271 1319 1341 ἡμῶν
1349 1268 1401 1321 ἐκ
1433 1270 1724 1336 Πνεύματος
1746 1267 1893 1341 ἁγίου
1921 1272 2109 1327 καὶτῆς

524 1363 792 1437 ἀχράντου
846 1362 1073 1418 θεοτόκου
1122 1363 1204 1414 καί
1232 1360 1564 1431 ἀειπαρθένου
1604 1360 1813 1433 Μαρίας
1842 1358 2112 1432 ἀτρέπτως

526 1459 869 1532 σαρκωθέντα,
898 1458 1079 1511 τέλειον
1107 1451 1231 1508 εἶναι
1258 1455 1343 1509 τὸν
1374 1454 1527 1508 αὺτὸν
1555 1455 1606 1508 έν
1636 1453 1853 1515 θεότητι,
1901 1458 1985 1507 καί
2024 1455 2109 1508 τέ-

524 1550 653 1604 λειον
708 1551 757 1603 ἐν
807 1546 1177 1619 ἀνθρωπότητι,
1212 1544 1264 1599 ἓν
1308 1545 1626 1620 πρόσωπον,
1673 1546 1795 1614 μίαν
1827 1544 2114 1600 ὑπόστασιν

525 1638 759 1693 σύνθετον
778 1638 829 1690 έν
845 1635 935 1690 δύο
962 1639 1047 1690 καί
1066 1637 1199 1705 μετά
1219 1639 1311 1693 τήν
1328 1636 1509 1689 ἕνωσιν
1533 1636 1868 1707 κηρύττοντες
1895 1636 2110 1706 φύσεσι,

522 1735 612 1789 τήν
640 1727 874 1805 διαφορὰν
922 1728 1171 1803 ἑκατέρας
1222 1729 1553 1800 γνωρίζοντες
1596 1726 1798 1797 φύσεως
1842 1726 1974 1779 κατά
2019 1730 2111 1783 τήν

2211 534 2291 588 vel
2340 534 2602 595 dicentes,
2651 534 2912 602 sedqua:
2957 538 3258 595 audivimus
3285 550 3339 597 et
3367 544 3713 615 cognovimus
3760 562 3795 601 ι

2209 625 2409 677 sanctis
2437 634 2490 678 et
2518 625 2911 682 universalibus
2961 630 3165 700 magnis
3210 633 3470 702 conciliis,
3511 648 3565 693 et
3603 638 3795 696 Patres

2210 717 2375 770 nostri
2429 728 2819 773 enarraverunt
2867 720 3043 789 nobis,
3096 726 3349 793 quoniam
3396 729 3505 793 vite.
3545 735 3797 791 veritatis

2211 807 2515 863 intellectus
2544 818 2628 864 est
2653 810 2976 879 sapientum,
3025 816 3163 869 sicut
3207 808 3594 886 proverbiatori
3640 824 3797 881 Salo-

2211 901 2351 954 moni
2402 911 2562 971 atque
2609 904 2825 958 veritati
2870 906 3007 962 bene
3050 908 3263 977 placere
3303 911 3651 982 dignoscitur.
3682 918 3796 974 Sed

2210 990 2331 1057 quia
2364 998 2574 1061 tempus
2600 992 2706 1059 iam
2741 994 2903 1050 trahit
2932 1011 3030 1053 nos
3058 1000 3447 1069 promissionis,
3479 1014 3536 1059 et
3560 1006 3625 1061 ad
3663 1021 3797 1078 ape-

2212 1080 2451 1135 riendam
2497 1084 2897 1153 requisitionem
2949 1100 3223 1158 provocat,
3270 1092 3582 1164 incipiamus
3628 1109 3800 1156 recte

2214 1182 2410 1227 nostrae
2444 1174 2563 1229 tidei
2594 1176 2816 1231 formam
2848 1178 3137 1249 Scriptura:
3160 1185 3475 1253 imaginibus
3519 1204 3797 1260 enarrare,

2212 1264 2367 1318 sicuti
2418 1265 2659 1320 tinctitiis
2700 1268 2962 1338 aliquibus
2991 1272 3257 1329 coloribus
3286 1277 3523 1344 paternis
3554 1281 3801 1334 testimo-

2215 1354 2317 1409 niis
2364 1358 2559 1410 ccrtins
2611 1358 2927 1415 decorantes
2965 1378 3085 1431 qua:
3113 1379 3141 1417 a
3174 1366 3326 1421 nobis
3369 1367 3637 1424 dicuntur.
3687 1370 3801 1427 Nos

2215 1445 2390 1513 igitur,
2428 1448 2476 1501 id
2506 1458 2610 1515 est,
2638 1448 2938 1519 iurisdictio
2970 1454 3219 1511 Ecclesia:
3249 1469 3444 1513 nostra:
3462 1470 3517 1515 et
3537 1462 3800 1532 synodus,

2214 1539 2531 1591 contitemur
2588 1556 2749 1594 unum
2804 1545 3274 1601 consubstantialis
3304 1558 3357 1603 et
3384 1553 3617 1608 auctoris
3673 1554 3803 1612 vita

2215 1629 2491 1683 Trinitatis
2541 1629 2731 1686 Filium
2780 1648 2843 1689 ac
2879 1635 3113 1691 Verbum
3162 1640 3279 1694 sine
3332 1640 3487 1697 initio
3529 1642 3805 1701 Genitoris

2221 1723 2499 1803 Dominum
2526 1725 2707 1781 Jesum
2734 1725 3004 1784 Christum
3035 1746 3218 1785 verum
3254 1733 3419 1788 Deum
3460 1743 3700 1792 nostrum
3732 1754 3806 1794 ex

520 1822 683 1875 αὐτῶν
709 1818 956 1878 ἰδιότητα.
987 1821 1057 1870 Οὐ
1100 1820 1199 1889 γὰρ
1228 1823 1317 1876 τήν
1346 1820 1515 1873 αὐτῶν
1545 1820 1794 1893 ὼαμέρος
1838 1816 2107 1891 διαίρεσιν,

2223 1813 2416 1880 Spiritui
2440 1824 2625 1868 sancto
2648 1827 2700 1871 et
2725 1818 3060 1873 immaculata
3082 1821 3172 1876 Dei
3200 1823 3457 1891 genitrice
3482 1840 3813 1898 semperque

519 1912 550 1970 ἦ
580 1917 669 1970 τήν
699 1914 769 1971 εἰς
790 1908 975 1969 ἄλληλα
1003 1914 1197 1979 τροπὴν
1221 1908 1251 1968 ἦ
1281 1909 1470 1986 φυρμὸν
1496 1911 1580 1963 καί
1606 1910 1894 1979 ἀνάχυσιν,
1921 1905 2109 1980 ἄπαγε,

519 2007 731 2071 νοοῦμεν
748 1998 894 2061 ὅλως,
918 1997 947 2056 ἦ
964 1999 1294 2073 προσιέμεθα·
1308 1998 1473 2053 ἀλλ’ἐν
1484 2007 1555 2067 τῷ
1573 2000 1864 2073 ἐνὶΧριστῷ
1889 1998 2116 2067 σωζομέ-

519 2111 617 2147 νων
629 2094 871 2167 ἑκατέρων
895 2099 994 2146 τῶν
1015 2096 1231 2162 φύσεων,
1260 2092 1496 2151 θεότητός
1522 2112 1575 2145 τε
1600 2094 1686 2145 καί
1702 2090 2112 2165 ὼθρωπότητος,

521 2185 607 2236 καί
621 2183 669 2235 έν
684 2190 756 2252 τῷ
774 2181 883 2253 ἰδίῳ
894 2191 983 2243 τῆς
996 2184 1174 2243 οὐσίας
1185 2180 1285 2256 ὅρῳ
1296 2184 1346 2236 ἄν
1436 2183 1541 2236 καθ’
1556 2183 1850 2237 ὑπόστασιν
1867 2183 2113 2257 ἀφράστῳ

523 2282 615 2332 τῆς
627 2270 787 2348 ἄκρας
802 2274 1026 2334 ένώσεως
1041 2271 1238 2345 συνόδῳ
1260 2275 1637 2345 φυλαττομένων
1650 2294 1705 2329 τε
1728 2276 1806 2327 καί
1828 2280 2107 2332 μενουσῶν.

522 2361 719 2434 ἐμεινε
748 2366 845 2440 γάρ
871 2365 897 2421 ὸ
923 2366 1067 2438 λόγος
1096 2362 1122 2419 ὸ
1150 2362 1228 2427 ἧν,
1253 2368 1333 2419 καὶ
1360 2368 1557 2437 γέγονεν
1601 2362 1730 2439 ὅπερ
1775 2365 1866 2418 οὐκ
1892 2362 1971 2423 ἧν.
2002 2365 2113 2417 τΔιά

520 2462 674 2512 τοῦτο
700 2460 783 2511 καί
807 2464 983 2513 πᾶσαν
1011 2459 1267 2530 θεοπρεπῆ
1298 2460 1383 2512 καί
1411 2456 1820 2528 ὼθρωποπρεπῆ
1865 2459 2114 2532 ἐνέργειαν

523 2548 573 2612 ἐξ
604 2548 709 2609 ένὸς
730 2556 820 2603 τοῦ
851 2551 1003 2603 αὐτοῦ
1048 2549 1319 2623 προσιέναι
1364 2550 1747 2622 σεσαρκωμένου
1795 2555 1922 2603 Θεοῦ
1949 2548 2111 2621 Λόγου

524 2645 704 2713 φαμέν,
735 2645 822 2696 καί
850 2645 921 2703 είς
945 2644 1030 2696 ἕνα
1058 2646 1145 2696 καὶ
1172 2642 1259 2696 τὸν
1289 2642 1439 2696 αύτὸν
1465 2642 1816 2715 ἀναφέρεσθαι.
1846 2639 1998 2695 Ὀθεν
2027 2643 2114 2696 καί

521 2732 580 2786 τὸ
617 2731 866 2806 διαιρετὸν
896 2734 982 2786 οῦκ
1013 2734 1293 2805 εἰσάγεται.
1325 2735 1405 2787 καί
1432 2732 1489 2786 τὸ
1519 2733 1825 2804 ἀσύγχυτον
1853 2735 2094 2795 σώζεται.

525 2826 806 2879 Παυσὸωθω
827 2832 928 2879 τῶν
969 2824 1173 2879 ἀσεϐῶν
1203 2825 1469 2896 σίρετικῶν
1496 2825 1525 2881 ἦ
1554 2824 1766 2886 πληθύς,
1796 2825 2114 2892 ἐπιστομιζέ-

524 2919 730 2971 σθωσαν
753 2916 861 2985 ἅμα
889 2916 1164 2990 Νεστορίῳ,
1196 2914 1430 2990 Διοδώρῳ
1458 2936 1511 2969 τε
1544 2918 1630 2968 καί
1659 2912 1928 2988 Θεοδώρῳ,
1965 2915 2117 2973 2:61}-

525 3025 632 3071 ρος,
662 3007 920 3075 Βύτυχής,
951 3008 1037 3060 καί
1058 3004 1445 3079 ’Δπολλινάριος,
1474 3006 1519 3059 οἱ
1542 3006 1868 3081 κακόφρονες,
1892 3007 1944 3070 ἐξ
1973 3007 2115 3061 ἀντι-

526 3096 671 3149 θέτου
722 3094 994 3167 διαφωνίας
1040 3102 1427 3167 συμφωνοῦντες
1477 3096 1608 3171 πρὸς
1648 3101 1738 3154 τήν
1776 3096 2033 3161 ἀσέϐειαν,
2065 3097 2112 3149 οί

528 3188 617 3254 μέν
652 3191 741 3243 τήν
779 3188 1069 3257 σύγχυσιν,
1117 3187 1161 3239 οί
1199 3184 1254 3239 δέ
1295 3191 1386 3245 τὴν
1443 3183 1691 3260 διαίρεσιν
1748 3194 1913 3246 κακῶς
1953 3184 2119 3240 ένόυό-
2144 3160 2191 3222 c

527 3296 686 3345 μενοι,
722 3280 804 3331 καί
841 3284 1004 3337 καλῶς
1038 3278 1139 3331 ύπὸ
1186 3285 1279 3337 τῆς
1313 3279 1545 3338 ἀληθείας
1580 3279 1929 3350 γυμνούμενοι.
1982 3274 2120 3336 Ἐνὸς

527 3363 582 3419 δέ
610 3370 695 3420 καί
741 3365 901 3421 αἰτοῦ
952 3373 1085 3423 Θεοῦ
1113 3365 1300 3441 Λόγου,
1342 3369 1753 3441 σεσαρκωμένου,
1800 3369 1866 3423 τά
1916 3388 1971 3422 τε
2000 3368 2123 3421 θαύ-

526 3477 665 3527 ματα
712 3459 1023 3531 κηρύττομεν
1054 3460 1140 3513 καί
1186 3461 1253 3513 τὰ
1289 3459 1418 3516 πάθη
1465 3460 1771 3532 γνωρίζομεν
1801 3458 1933 3531 ἅπερ
1964 3459 2121 3531 σαρκί

527 3546 591 3603 δι’
669 3552 803 3619 ἡμᾶς
852 3548 1099 3611 ἑκουσίως
1152 3551 1437 3619 ὑπέμεινεν.
1502 3547 1649 3603 Ὀθεν
1710 3552 1796 3602 καί
1854 3548 1980 3607 Θεὸς
2041 3548 2121 3602 λέ-

522 3658 673 3708 γεται
698 3640 904 3705 παθεῖν,
932 3643 1012 3694 καί
1041 3640 1149 3701 υίὸς
1175 3642 1438 3714 ἀνθρώπου
1468 3639 1522 3692 έκ
1549 3644 1643 3694 τοῦ
1668 3640 1884 3714 ούρανοῦ
1915 3638 2126 3697 κατελη-

529 3730 748 3795 λυθέναι,
782 3727 865 3784 διά
908 3735 998 3789 τήν
1028 3733 1162 3803 ὑπὲρ
1195 3729 1313 3784 ιθοῦν
1360 3734 1444 3785 καὶ
1485 3729 1838 3785 ἀδιάσπαστον
1865 3728 1975 3784 καθ’
1996 3730 2123 3785 ὑπὸ·

529 3841 711 3875 στασιν
738 3827 837 3875 τῶν
860 3818 952 3875 δύο
973 3822 1168 3893 φύσεων
1210 3821 1409 3875 ἕνωσιν·
1440 3825 1526 3875 καί
1554 3820 1636 3876 διὰ
1662 3828 1813 3876 τοῦτο
1855 3820 1905 3874 ἓν
1934 3822 2123 3893 θέλημα

529 3919 626 3968 τοῦ
660 3915 843 3987 κυρίου
875 3917 959 3969 καὶ
982 3912 1235 3967 δεσπότου
1264 3914 1405 3982 ἡμῶν
1429 3909 1589 3971 Ἰησοῦ
1633 3919 1859 3988 Χριστοῦ
1887 3918 2117 3983 νοοῦμεν,

527 4009 615 4062 ἶνα
642 4014 713 4078 μὴ
763 4008 1055 4063 ἐναντίωσιν
1104 4006 1133 4066 ἧ
1184 4006 1421 4080 διαφορὰν
1454 4008 1761 4078 θελημάτων,
1796 4009 1865 4062 ένί
1910 4013 1997 4063 καί
2052 4016 2123 4082 τῷ

531 4102 675 4171 αὐτῷ
712 4103 977 4170 προσώπῳ
1008 4096 1099 4154 τοῦ
1128 4101 1310 4167 Κυρίου
1340 4100 1479 4170 ἡμῶν
1502 4105 1668 4157 Ἰησοῦ
1698 4106 1923 4173 Χριστοῦ
1947 4100 2125 4173 περιά-

543 4192 730 4264 ψωμεν,
762 4191 792 4250 ἦ
837 4192 987 4246 αὐτὸν
1034 4190 1201 4262 ἐαυτῷ
1243 4189 1620 4263 διαμαχόμενον
1649 4188 2061 4261 δογματίζωμεν,
2092 4187 2123 4247 ἦ

532 4281 626 4336 δύο
679 4286 793 4343 τοὺς
843 4267 1075 4340 θέλοντας
1124 4282 1494 4352 εἰσαγάγωμεν.
1555 4284 1657 4334 Οὐκ
1719 4282 1805 4335 ἐπὶ
1852 4280 2123 4355 συναλοιφῇ

534 4379 787 4436 παντοίως
814 4376 843 4435 ἢ
875 4374 1140 4449 συγχύσει
1168 4383 1265 4430 τῶν
1294 4374 1384 4430 δύο
1413 4378 1631 4450 φύσεων,
1652 4383 1749 4429 τῶν
1769 4375 1818 4429 έν
1843 4377 1976 4445 αὐτῷ
2002 4376 2124 4429 θεω-

534 4471 809 4543 ρουμένων,
841 4473 932 4527 τήν
959 4469 1199 4524 τοιαύτην
1229 4473 1319 4523 τοῦ
1349 4468 1453 4528 ένὸς
1483 4468 1762 4537 θελήματος
1789 4469 2125 4544 προφέροντες

534 4565 718 4633 φωνην,
745 4558 775 4617 ἦ
811 4559 889 4611 ἐπ’
921 4560 1177 4633 ἀναιρέσει
1203 4560 1450 4629 θατέρας,
1479 4556 1629 4628 μόνην
1657 4564 1747 4616 τήν
1795 4558 1969 4633 ἑτέραν
2000 4554 2125 4614 εἶναι

536 4650 932 4722 πρεσϐεύοντες⁸
965 4650 1090 4703 ἀλλά
1122 4656 1275 4704 τοῦτο
1321 4646 1407 4704 διά
1445 4657 1537 4708 τῆς
1580 4651 1819 4710 τοιαύτης
1853 4652 2126 4718 σημαίνον-

536 4759 621 4797 τες
650 4746 812 4809 φωνῆς
839 4743 905 4799 ὡς
930 4741 960 4798 ἡ
990 4743 1150 4794 αὐτοῦ
1178 4741 1388 4811 λογικῶς
1415 4762 1469 4796 τε
1495 4743 1575 4795 καί
1604 4748 1784 4817 νοερῶς
1814 4740 2125 4811 έψυχωμένη

536 4830 668 4900 σὰρξ
696 4828 749 4892 έξ
778 4829 936 4889 αὐτῆς
964 4826 1125 4906 ἄκρας
1152 4830 1378 4891 ένώσεως
1404 4832 1468 4885 τά
1486 4833 1591 4885 θεῖα
1636 4831 2126 4896 καταπλωτήσασα,

537 4914 611 4988 τῷ
648 4914 740 4972 τοῦ
789 4920 1068 4981 ένώσαντος
1113 4924 1271 4979 αὐτὴν
1310 4923 1477 4993 ἐαυτῷ
1504 4921 1613 4977 καθ’
1634 4923 1928 4977 ὑπόστασιν
1958 4923 2133 4996 Λόγου-

535 5015 669 5066 θείον
693 5013 929 5071 ἐκέκτητο
959 5018 1040 5070 καὶ
1067 5013 1338 5091 ἀδιάφορον
1374 5018 1558 5090 θέλημα
1578 5017 1677 5070 ὑπ’
1704 5020 1857 5073 αὐτοῦ
1894 5015 1978 5072 διά
1997 5041 2129 5073 παν-

542 5106 629 5163 τὸς
662 5105 879 5174 ἀγομένη
906 5125 959 5160 τε
986 5110 1072 5160 καί
1099 5109 1382 5177 κινουμένη,
1414 5110 1482 5167 ὡς
1512 5110 1667 5168 αὐτῆς
1694 5110 1744 5162 έν
1769 5108 1945 5180 μηδενί
1966 5119 2128 5186 καιρῷ

540 5196 934 5268 κεχωρισμένως
952 5199 1034 5250 καί
1058 5198 1301 5261 έξοίκείας
1332 5198 1491 5270 ὁρμῆς
1511 5200 1743 5258 ἐναντίως
1771 5206 1843 5267 τῷ
1875 5198 2127 5271 πνεύματι

540 5290 641 5361 τοῦ.
651 5280 904 5355 ἡνῶμένου
925 5287 1051 5361 αὐτῇ
1080 5289 1189 5341 καθ’
1207 5289 1493 5344 ὑπόστασιν
1526 5293 1656 5341 Θεοῦ
1676 5286 1842 5359 Λόγου
1865 5294 1954 5347 τήν
1977 5310 2125 5361 φυσι-

543 5356 815 5436 κήνδειύτῆς
858 5381 1200 5449 ποιησαμένης
1225 5384 1438 5443 κίνησιν,
1472 5378 1575 5432 ἀλλ’
1604 5378 1753 5434 ὁπότε
1784 5384 1869 5435 καὶ
1898 5383 2007 5435 οἷαν
2026 5386 2129 5450 {uti

546 5466 673 5527 ὅσην
701 5470 853 5529 αὐτὸς
878 5468 903 5524 ὸ
929 5473 1051 5532 Θεὸς
1066 5472 1220 5545 Λόγοι.
1254 5470 1524 5533 ἠϐούλετο,
1567 5470 1650 5525 ἵνα
1690 5476 1761 5541 μή
1803 5472 2128 5545 βλασφημίαν

545 5561 943 5633 κατακριθῶμεν,
976 5559 1103 5634 ὅπερ
1132 5560 1315 5632 φυκτόν
1343 5580 1397 5615 τε
1430 5563 1513 5613 καί
1540 5559 1783 5633 φρικῶδες
1812 5564 1997 5618 εἰπεῖν.
2039 5564 2128 5619 Οἵ-

545 5674 632 5723 μοι
660 5663 752 5714 τῆς
780 5655 1015 5722 ἀτοπίας,
1038 5658 1224 5730 ἀνάγκη
1259 5660 1461 5725 φύσεως
1501 5658 1807 5729 βιαζομένην
1839 5659 2130 5731 εἰσάγοντες

547 5745 632 5801 καί
678 5752 1006 5802 κοινωνοῦσαν
1055 5745 1126 5818 τῷ
1154 5749 1322 5821 Πέτρῳ
1356 5757 1446 5809 τῆς
1495 5750 1639 5816 ἀξίας
1676 5752 1858 5813 ἐκείνης
1900 5752 2129 5823 έπιτιμή·

2151 4514 2203 4575 D

2224 1904 2428 1972 virgine
2478 1906 2641 1959 Maria
2692 1907 3165 1964 inconvertibiliter
3220 1912 3575 1984 incarnatutn,
3619 1917 3804 1985 perfe-

2221 2006 2363 2049 ctnm
2392 2012 2514 2050 esse
2540 1997 2785 2051 eumdem
2808 1998 3024 2068 deitate,
3050 2013 3101 2055 et
3126 2002 3417 2070 perfectum
3444 2005 3803 2075 humanitate,

2222 2101 2378 2139 unam
2432 2102 2736 2154 personam,
2786 2106 2944 2144 unam
2983 2093 3335 2148 substantiam
3365 2098 3717 2166 compositam
3746 2100 3805 2155 in

2220 2178 2425 2232 duabus
2448 2188 2503 2232 et
2528 2189 2649 2248 post
2694 2181 2948 2237 unitatem
2998 2183 3349 2251 praedicantes
3394 2190 3615 2258 naturis,
3648 2189 3807 2246 αισα-

2220 2270 2442 2324 rentiam
2475 2280 2819 2343 utrarumque
2852 2283 3156 2331 naturarum
3182 2288 3567 2350 cognoscentes
3609 2297 3809 2339 secun-

2219 2359 2344 2437 dum
2384 2376 2567 2416 earum
2602 2366 3001 2433 proprietatem.
3034 2367 3140 2422 Nec
3167 2368 3307 2425 enim
3337 2386 3520 2427 earum
3551 2388 3647 2444 per
3678 2391 3806 2445 par-

2224 2458 2327 2504 tem
2375 2452 2715 2519 divisionetn,
2748 2464 2838 2509 aut
2868 2457 2921 2510 in
2950 2458 3265 2514 alterutram
3310 2464 3681 2531 mutationem,
3713 2476 3810 2522 aut

2221 2544 2668 2612 commistionem,
2694 2547 2807 2602 sive
2830 2550 3196 2606 confusionem
3223 2554 3430 2622 penitus
3454 2556 3819 2626 intelligimus.

2220 2646 2312 2689 aut
2360 2637 2708 2707 suscipimus;
2760 2640 2936 2695 absit:
2970 2644 3063 2696 sed
3104 2643 3157 2696 in
3196 2659 3303 2698 tino
3342 2646 3556 2699 Christo
3604 2650 3808 2702 salvata

2198 2736 2447 2796 .utraque
2496 2738 2682 2782 natura
2731 2730 3025 2785 divinitatis
3052 2740 3106 2786 et
3138 2731 3503 2800 humanitatis,
3556 2737 3684 2789 etin
3715 2751 3809 2792 es-

2222 2823 2408 2875 sentia:
2441 2822 2655 2891 proprio
2681 2824 2908 2878 termino
2953 2823 3249 2878 secundum
3295 2825 3645 2880 substantiam
3691 2828 3809 2882 ine-

2226 2913 2505 2967 narrabilis
2545 2928 2770 2968 summae
2821 2914 3037 2968 unitatis
3067 2916 3438 2970 convenientia
3470 2920 3811 2974 censervatis

2226 3014 2279 3059 et
2308 3006 2764 3075 pertnanentibus.
2798 3006 3011 3073 (Mansit
3041 3010 3182 3060 enim
3216 3006 3448 3062 Verbum
3483 3009 3621 3076 quod
3665 3017 3809 3074 erat,

2226 3110 2276 3154 et
2321 3100 2515 3153 factum
2548 3109 2630 3153 est
2657 3099 2797 3167 quod
2830 3114 2934 3153 non
2965 3102 3126 3167 erat.)
3182 3099 3468 3171 Propterea
3496 3109 3551 3156 et
3588 3116 3807 3157 omnem

2224 3204 2509 3260 congruam
2564 3189 2829 3244 divinitati
2860 3200 2914 3244 et
2944 3189 3261 3245 humanitati
3315 3195 3683 3260 operationem
3733 3196 3805 3249 ab

2223 3295 2330 3334 uno
2375 3281 2670 3347 eodemque
2722 3279 3094 3348 procedentem
3145 3281 3419 3335 incantato
3469 3284 3576 3338 Deo
3631 3283 3810 3340 Verbo

2223 3372 2466 3437 dit-imus,
2496 3381 2550 3425 et
2578 3373 2628 3424 in
2662 3387 2823 3425 unum
2853 3370 3208 3440 eumdemque
3247 3372 3448 3427 reduci.
3500 3374 3725 3445 Ideoque
3753 3387 3812 3433 et

2223 3462 2410 3516 divisio
2438 3477 2541 3515 non
2573 3462 2924 3517 introducitur
2945 3471 3000 3516 et
3028 3461 3333 3519 inconlusio
3387 3466 3644 3520 salvatur.
3698 3466 3809 3522 Re-

2224 3554 2443 3622 sipiscat
2460 3556 2607 3621 plebs
2629 3554 2911 3621 impiorum
2938 3554 3334 3619 haereticorum,
3352 3557 3545 3611 sileant
3566 3573 3685 3612 cum
3703 3557 3815 3613 Ne-

2223 3651 2411 3712 storio,
2433 3647 2754 3715 Diodoro,et
2774 3646 3081 3712 Theodoro,
3112 3647 3345 3703 Severus
3367 3657 3419 3702 et
3438 3649 3728 3719 Entyches,
3751 3661 3813 3706 et

2226 3735 2549 3805 Apollinaris
2568 3735 2943 3801 exsecrabiles,
2969 3750 3033 3790 ex
3058 3736 3307 3791 alterutra
3327 3737 3654 3792 dissonantia
3677 3754 3814 3795 con-

2224 3835 2476 3881 sonantes
2500 3826 2567 3880 ad
2599 3827 2950 3892 impietatem,
2980 3826 3099 3882 aliis
3120 3827 3510 3892 confusionem,
3558 3829 3677 3882 aliis
3726 3829 3815 3883 di-

2226 3918 2481 3972 visionem
2507 3918 2643 3972 male
2665 3917 3027 3983 induentibus,
3053 3928 3105 3972 et
3130 3920 3263 3973 bene
3288 3933 3315 3970 a
3346 3921 3584 3974 veritatis
3611 3922 3817 3989 regulis

2226 4008 2523 4063 denudatis.
2557 4008 2723 4063 Unius
2753 4018 2933 4063 autem
2964 4019 3018 4063 et
3045 4009 3283 4079 ejusdem
3328 4012 3419 4065 Dei
3457 4011 3611 4066 Verbi
3641 4014 3819 4066 incar-

2226 4098 2333 4151 nati
2362 4098 2617 4151 miracula
2650 4098 3023 4166 prmdicamus,
3043 4102 3384 4167 etpassiones
3408 4105 3815 4173 cognoscimus,

2227 4204 2361 4258 quas
2389 4188 2683 4247 secundum
2715 4203 2933 4243 carnem
2963 4201 3178 4260 propter
3209 4207 3304 4245 nos
3328 4204 3516 4257 sponte
3539 4194 3818 4251 sustinuit.

2228 4281 2457 4351 Ideoque
2482 4291 2534 4335 et
2567 4282 2707 4337 Deus
2764 4282 2959 4337 dicitur
3014 4285 3142 4351 pati,
3193 4293 3247 4338 et
3296 4284 3461 4338 Filius
3503 4285 3736 4339 hominis
3782 4301 3818 4340 a

2228 4377 2366 4431 crelo
2394 4375 2739 4430 descendisse
2770 4385 2987 4443 prapter
3014 4389 3273 4429 summam
3304 4385 3359 4430 et
3390 4376 3821 4445 indissipabilent

2234 4467 2524 4521 secundum
2557 4467 2912 4521 substantiam
2942 4466 3165 4521 duarum
3196 4477 3503 4522 naturarum
3529 4468 3818 4525 unitatem.

2234 4558 2382 4613 Unde
2413 4568 2466 4611 et
2495 4574 2651 4612 unam
2683 4559 3012 4612 voluntatem
3044 4559 3250 4612 DOmini
3283 4560 3447 4613 nostri
3474 4560 3597 4615 Jesn
3618 4559 3821 4617 Christi

2231 4651 2596 4720 intelligimus.
2633 4665 2699 4704 ne
2726 4651 3163 4705 contrarietatem
3194 4659 3287 4704 ant
3311 4650 3664 4705 dill'erentiam
3718 4669 3822 4705 vn-

2229 4742 2489 4795 luntatum
2519 4739 2609 4793 uni
2641 4741 2924 4810 eidemque
2954 4755 3197 4808 persona:
3230 4741 3439 4795 Domini
3482 4741 3647 4795 nostri
3688 4741 3823 4796 Jesu

2233 4833 2430 4887 Christi
2464 4833 2819 4901 applicemus,
2862 4840 2951 4883 aut
2980 4832 3151 4899 ipsum
3179 4846 3238 4885 se
3267 4818 3656 4899 expugnantem
3687 4830 3823 4900 dog-

2232 4925 2568 4988 matizemus,
2610 4931 2703 4976 aut
2755 4922 2890 4976 duos
2932 4922 3177 4977 volentes
3223 4923 3641 4975 introducamus.
3697 4922 3817 4976 Non

2234 5017 2376 5071 enim
2407 5014 2472 5068 ad
2502 5014 3052 5083 conglomerationem
3083 5014 3301 5068 omnino
3330 5022 3420 5066 aut
3447 5014 3820 5070 confusionem

2230 5107 2454 5161 duarum
2518 5116 2852 5171 naturarum,
2908 5121 3027 5175 qua:
3057 5106 3110 5159 in
3136 5105 3323 5159 eodem
3367 5104 3614 5159 videntur
3660 5106 3823 5161 unius

2233 5195 2537 5259 voluntatis,
2566 5195 2704 5250 hanc
2735 5194 3088 5264 producentes
3116 5210 3323 5261 vocem,
3355 5205 3444 5247 aut
3473 5195 3537 5247 ad
3564 5195 3827 5250 interem-

2232 5289 2471 5356 ptionem
2502 5286 2724 5341 alterius
2748 5296 2953 5340 tantum
2984 5287 3144 5340 aliam
3173 5299 3293 5340 esse
3324 5283 3694 5352 praedicantes,
3722 5284 3825 5339 sed

2233 5376 2334 5431 hnc
2381 5391 2478 5446 per
2522 5376 2830 5446 huiusmodi
2885 5376 3250 5445 signiﬁcantes
3304 5387 3512 5433 vocem.
3568 5372 3827 5441 quoniam

2230 5482 2357 5523 Caro
2397 5467 2513 5536 ejus
2562 5466 2949 5521 rationabiliter
2978 5474 3031 5519 et
3060 5462 3494 5519 intellectualiter
3558 5460 3821 5525 animata,

2233 5576 2301 5616 ex
2327 5560 2440 5629 ipsa
2460 5573 2667 5613 summa
2689 5556 2892 5611 unitate
2910 5552 3603 5621 inenarrabiliter_omnihus
3624 5548 3828 5605 divinis

2232 5653 2418 5717 ditata,
2444 5647 2674 5703 unientis
2701 5660 2818 5702 eam
2841 5646 2940 5701 sibi
2968 5645 3261 5701 secundum
3282 5643 3632 5698 substantiam
3654 5638 3827 5694 divini

2241 5747 2417 5815 Verhi,
2443 5746 2679 5802 divinam
2713 5743 2941 5800 habebat
2967 5742 3307 5799 indiscretam
3333 5739 3678 5806 voluntatem,
3701 5753 3827 5804 qua:
