  <div class='ocr_page' id='page_1' title='image "/cluster/home/n/w/nwhite01/storage/ocr_20150623/87/hvd.32044015469471/054.png"; bbox 0 0 4002 6350; ppageno 0'>
   <div class='ocr_carea' id='block_1_1' title="bbox 228 321 3492 397">
    <p class='ocr_par' dir='ltr' id='par_1_1' title="bbox 228 321 3492 397">
     <span class='ocr_line' id='line_1_1' title="bbox 228 321 3492 397; baseline -0.009 0"><span class='ocrx_word' id='word_1_1' title='bbox 228 344 293 397; x_wconf 80' lang='grc'><strong>97</strong></span> <span class='ocrx_word' id='word_1_2' title='bbox 1205 334 1209 338; x_wconf 76' lang='grc'><em>’</em></span> <span class='ocrx_word' id='word_1_3' title='bbox 1297 332 1503 389; x_wconf 76' lang='lat' dir='ltr'><strong>PAULI</strong></span> <span class='ocrx_word' id='word_1_4' title='bbox 1541 326 1782 386; x_wconf 83' lang='lat' dir='ltr'><strong>CONST.</strong></span> <span class='ocrx_word' id='word_1_5' title='bbox 1826 323 2033 381; x_wconf 82' lang='lat' dir='ltr'><strong>EPISC.</strong></span> <span class='ocrx_word' id='word_1_6' title='bbox 2082 325 2425 381; x_wconf 65' lang='lat' dir='ltr'><strong>EPISTULA.</strong></span> <span class='ocrx_word' id='word_1_7' title='bbox 3422 321 3492 380; x_wconf 78' lang='lat'><strong>98</strong></span> 
     </span>
    </p>
   </div>
   <div class='ocr_carea' id='block_1_2' title="bbox 223 435 1815 521">
    <p class='ocr_par' dir='ltr' id='par_1_2' title="bbox 223 440 1810 521">
     <span class='ocr_line' id='line_1_2' title="bbox 223 440 1810 521; baseline -0.009 -14"><span class='ocrx_word' id='word_1_8' title='bbox 223 454 291 508; x_wconf 89' lang='lat' dir='ltr'><strong>ab</strong></span> <span class='ocrx_word' id='word_1_9' title='bbox 319 453 427 519; x_wconf 86' lang='lat' dir='ltr'><strong>ipso</strong></span> <span class='ocrx_word' id='word_1_10' title='bbox 469 464 691 521; x_wconf 82' lang='lat' dir='ltr'><strong>semper</strong></span> <span class='ocrx_word' id='word_1_11' title='bbox 743 448 1040 504; x_wconf 70' lang='lat' dir='ltr'><strong>ducebatur</strong></span> <span class='ocrx_word' id='word_1_12' title='bbox 1063 461 1124 503; x_wconf 88' lang='lat' dir='ltr'><strong>ac</strong></span> <span class='ocrx_word' id='word_1_13' title='bbox 1153 447 1488 509; x_wconf 79' lang='lat' dir='ltr'><strong>movebatur,</strong></span> <span class='ocrx_word' id='word_1_14' title='bbox 1543 449 1724 509; x_wconf 89' lang='lat' dir='ltr'><strong>utpote</strong></span> <span class='ocrx_word' id='word_1_15' title='bbox 1755 440 1810 493; x_wconf 89' lang='lat' dir='ltr'><strong>in</strong></span> 
     </span>
    </p>
   </div>
   <div class='ocr_carea' id='block_1_3' title="bbox 1917 435 3491 521">
    <p class='ocr_par' dir='ltr' id='par_1_3' title="bbox 1917 435 3491 513">
     <span class='ocr_line' id='line_1_3' title="bbox 1917 435 3491 513; baseline 0.003 -23"><span class='ocrx_word' id='word_1_16' title='bbox 1917 457 2074 503; x_wconf 86' lang='grc' dir='ltr'>σεως,</span> <span class='ocrx_word' id='word_1_17' title='bbox 2102 435 2201 509; x_wconf 81' lang='grc' dir='ltr'>εἴγε</span> <span class='ocrx_word' id='word_1_18' title='bbox 2228 441 2425 498; x_wconf 80' lang='grc' dir='ltr'>καὶτῆς</span> <span class='ocrx_word' id='word_1_19' title='bbox 2455 437 2630 508; x_wconf 81' lang='grc' dir='ltr'>ὁμοίας</span> <span class='ocrx_word' id='word_1_20' title='bbox 2651 436 2792 512; x_wconf 83' lang='grc' dir='ltr'>αύτῷ</span> <span class='ocrx_word' id='word_1_21' title='bbox 2814 445 2903 495; x_wconf 80' lang='grc' dir='ltr'>τοῦ</span> <span class='ocrx_word' id='word_1_22' title='bbox 2934 441 3141 505; x_wconf 86' lang='grc' dir='ltr'>πάθους,</span> <span class='ocrx_word' id='word_1_23' title='bbox 3171 439 3253 495; x_wconf 83' lang='grc' dir='ltr'><strong>διά</strong></span> <span class='ocrx_word' id='word_1_24' title='bbox 3277 446 3376 496; x_wconf 83' lang='grc' dir='ltr'>τῶν</span> <span class='ocrx_word' id='word_1_25' title='bbox 3397 440 3491 513; x_wconf 77' lang='grc' dir='ltr'>ρη·</span> 
     </span>
    </p>
   </div>
   <div class='ocr_carea' id='block_1_4' title="bbox 227 537 1867 614">
    <p class='ocr_par' dir='ltr' id='par_1_4' title="bbox 227 537 1867 614">
     <span class='ocr_line' id='line_1_4' title="bbox 227 537 1867 614; baseline -0.007 -15"><span class='ocrx_word' id='word_1_26' title='bbox 227 550 367 602; x_wconf 84' lang='lat' dir='ltr'><strong>uullo</strong></span> <span class='ocrx_word' id='word_1_27' title='bbox 418 556 668 614; x_wconf 85' lang='lat' dir='ltr'><strong>tempore</strong></span> <span class='ocrx_word' id='word_1_28' title='bbox 713 544 905 599; x_wconf 87' lang='lat' dir='ltr'><strong>eadem</strong></span> <span class='ocrx_word' id='word_1_29' title='bbox 954 543 1144 607; x_wconf 78' lang='lat' dir='ltr'><strong>divise,</strong></span> <span class='ocrx_word' id='word_1_30' title='bbox 1172 549 1227 595; x_wconf 91' lang='lat' dir='ltr'><strong>et</strong></span> <span class='ocrx_word' id='word_1_31' title='bbox 1254 555 1318 594; x_wconf 82' lang='lat' dir='ltr'><strong>ex</strong></span> <span class='ocrx_word' id='word_1_32' title='bbox 1359 539 1573 608; x_wconf 88' lang='lat' dir='ltr'><strong>proprio</strong></span> <span class='ocrx_word' id='word_1_33' title='bbox 1615 537 1812 604; x_wconf 91' lang='lat' dir='ltr'><strong>impetu</strong></span> <span class='ocrx_word' id='word_1_34' title='bbox 1852 562 1867 577; x_wconf 77' lang='grc' dir='ltr'><strong>ο</strong></span> 
     </span>
    </p>
   </div>
   <div class='ocr_carea' id='block_1_5' title="bbox 230 628 1815 693">
    <p class='ocr_par' dir='ltr' id='par_1_5' title="bbox 230 628 1815 693">
     <span class='ocr_line' id='line_1_5' title="bbox 230 628 1815 693; baseline -0.007 0"><span class='ocrx_word' id='word_1_35' title='bbox 230 639 489 693; x_wconf 88' lang='lat' dir='ltr'><strong>contrarie</strong></span> <span class='ocrx_word' id='word_1_36' title='bbox 512 637 667 691; x_wconf 89' lang='lat' dir='ltr'><strong>nutui</strong></span> <span class='ocrx_word' id='word_1_37' title='bbox 694 636 831 691; x_wconf 87' lang='lat' dir='ltr'><strong>uniti</strong></span> <span class='ocrx_word' id='word_1_38' title='bbox 862 635 1149 689; x_wconf 88' lang='lat' dir='ltr'><strong>secundum</strong></span> <span class='ocrx_word' id='word_1_39' title='bbox 1204 633 1550 687; x_wconf 88' lang='lat' dir='ltr'><strong>substantiam</strong></span> <span class='ocrx_word' id='word_1_40' title='bbox 1570 630 1661 683; x_wconf 84' lang='lat' dir='ltr'><strong>Dei</strong></span> <span class='ocrx_word' id='word_1_41' title='bbox 1684 628 1815 683; x_wconf 80' lang='lat' dir='ltr'><strong>Ver-</strong></span> 
     </span>
    </p>
   </div>
   <div class='ocr_carea' id='block_1_6' title="bbox 218 719 1810 797">
    <p class='ocr_par' dir='ltr' id='par_1_6' title="bbox 218 719 1810 797">
     <span class='ocr_line' id='line_1_6' title="bbox 218 719 1810 797; baseline -0.008 -14"><span class='ocrx_word' id='word_1_42' title='bbox 218 730 299 792; x_wconf 87' lang='lat' dir='ltr'><strong>bi,</strong></span> <span class='ocrx_word' id='word_1_43' title='bbox 319 730 619 783; x_wconf 79' lang='lat' dir='ltr'><strong>naturalem</strong></span> <span class='ocrx_word' id='word_1_44' title='bbox 648 726 766 797; x_wconf 82' lang='lat' dir='ltr'><strong>ejus</strong></span> <span class='ocrx_word' id='word_1_45' title='bbox 797 727 996 780; x_wconf 79' lang='lat' dir='ltr'><strong>faciens</strong></span> <span class='ocrx_word' id='word_1_46' title='bbox 1016 725 1324 789; x_wconf 80' lang='lat' dir='ltr'><strong>motionem,</strong></span> <span class='ocrx_word' id='word_1_47' title='bbox 1351 723 1447 777; x_wconf 87' lang='lat' dir='ltr'><strong>sed</strong></span> <span class='ocrx_word' id='word_1_48' title='bbox 1494 719 1727 789; x_wconf 84' lang='lat' dir='ltr'><strong>quando,</strong></span> <span class='ocrx_word' id='word_1_49' title='bbox 1753 726 1810 773; x_wconf 87' lang='lat' dir='ltr'><strong>et</strong></span> 
     </span>
    </p>
   </div>
   <div class='ocr_carea' id='block_1_7' title="bbox 228 811 1815 888">
    <p class='ocr_par' dir='ltr' id='par_1_7' title="bbox 228 811 1815 888">
     <span class='ocr_line' id='line_1_7' title="bbox 228 811 1815 888; baseline -0.008 -15"><span class='ocrx_word' id='word_1_50' title='bbox 228 819 455 885; x_wconf 85' lang='lat' dir='ltr'><strong>qualem,</strong></span> <span class='ocrx_word' id='word_1_51' title='bbox 479 828 534 872; x_wconf 90' lang='lat' dir='ltr'><strong>et</strong></span> <span class='ocrx_word' id='word_1_52' title='bbox 562 830 813 888; x_wconf 84' lang='lat' dir='ltr'><strong>quantam</strong></span> <span class='ocrx_word' id='word_1_53' title='bbox 842 819 957 885; x_wconf 90' lang='lat' dir='ltr'><strong>ipse</strong></span> <span class='ocrx_word' id='word_1_54' title='bbox 1000 816 1138 870; x_wconf 84' lang='lat' dir='ltr'><strong>Deus</strong></span> <span class='ocrx_word' id='word_1_55' title='bbox 1183 814 1411 868; x_wconf 85' lang='lat' dir='ltr'><strong>Verbum</strong></span> <span class='ocrx_word' id='word_1_56' title='bbox 1465 811 1694 872; x_wconf 69' lang='lat' dir='ltr'><strong>volebat,</strong></span> <span class='ocrx_word' id='word_1_57' title='bbox 1748 823 1815 862; x_wconf 89' lang='lat' dir='ltr'><strong>ne</strong></span> 
     </span>
    </p>
   </div>
   <div class='ocr_carea' id='block_1_8' title="bbox 219 899 1819 979">
    <p class='ocr_par' dir='ltr' id='par_1_8' title="bbox 219 899 1819 979">
     <span class='ocr_line' id='line_1_8' title="bbox 219 899 1819 979; baseline -0.008 -15"><span class='ocrx_word' id='word_1_58' title='bbox 219 910 384 978; x_wconf 77' lang='lat' dir='ltr'><strong>‘(quod</strong></span> <span class='ocrx_word' id='word_1_59' title='bbox 442 908 607 979; x_wconf 86' lang='lat' dir='ltr'><strong>absit)</strong></span> <span class='ocrx_word' id='word_1_60' title='bbox 658 911 708 961; x_wconf 88' lang='lat' dir='ltr'><strong>in</strong></span> <span class='ocrx_word' id='word_1_61' title='bbox 754 907 1083 975; x_wconf 87' lang='lat' dir='ltr'><strong>blasphemia</strong></span> <span class='ocrx_word' id='word_1_62' title='bbox 1131 904 1498 973; x_wconf 84' lang='lat' dir='ltr'><strong>dijudicemur,</strong></span> <span class='ocrx_word' id='word_1_63' title='bbox 1548 900 1688 970; x_wconf 91' lang='lat' dir='ltr'><strong>quod</strong></span> <span class='ocrx_word' id='word_1_64' title='bbox 1717 899 1819 953; x_wconf 86' lang='lat' dir='ltr'><strong>uti-</strong></span> 
     </span>
    </p>
   </div>
   <div class='ocr_carea' id='block_1_9' title="bbox 228 988 1815 1065">
    <p class='ocr_par' dir='ltr' id='par_1_9' title="bbox 228 988 1815 1065">
     <span class='ocr_line' id='line_1_9' title="bbox 228 988 1815 1065; baseline -0.006 -15"><span class='ocrx_word' id='word_1_65' title='bbox 228 1013 324 1065; x_wconf 80' lang='lat' dir='ltr'><strong>que</strong></span> <span class='ocrx_word' id='word_1_66' title='bbox 366 995 1025 1060; x_wconf 77' lang='lat' dir='ltr'><strong>cavendum,ettcrribile</strong></span> <span class='ocrx_word' id='word_1_67' title='bbox 1069 992 1481 1049; x_wconf 77' lang='lat' dir='ltr'><strong>dicendum:v:e</strong></span> <span class='ocrx_word' id='word_1_68' title='bbox 1513 988 1815 1059; x_wconf 74' lang='lat' dir='ltr'><strong>huiusmodi</strong></span> 
     </span>
    </p>
   </div>
   <div class='ocr_carea' id='block_1_10' title="bbox 226 1084 1833 1156">
    <p class='ocr_par' dir='ltr' id='par_1_10' title="bbox 226 1084 1833 1156">
     <span class='ocr_line' id='line_1_10' title="bbox 226 1084 1833 1156; baseline -0.001 -19"><span class='ocrx_word' id='word_1_69' title='bbox 226 1087 490 1156; x_wconf 72' lang='lat' dir='ltr'><strong>pravitati,</strong></span> <span class='ocrx_word' id='word_1_70' title='bbox 524 1097 580 1141; x_wconf 92' lang='lat' dir='ltr'><strong>ut</strong></span> <span class='ocrx_word' id='word_1_71' title='bbox 610 1102 707 1154; x_wconf 88' lang='lat' dir='ltr'><strong>per</strong></span> <span class='ocrx_word' id='word_1_72' title='bbox 723 1089 1115 1151; x_wconf 82' lang='lat' dir='ltr'><strong>necessitatem,</strong></span> <span class='ocrx_word' id='word_1_73' title='bbox 1141 1095 1345 1140; x_wconf 73' lang='lat' dir='ltr'><strong>natura:</strong></span> <span class='ocrx_word' id='word_1_74' title='bbox 1365 1084 1672 1139; x_wconf 82' lang='lat' dir='ltr'><strong>violentiam</strong></span> <span class='ocrx_word' id='word_1_75' title='bbox 1696 1097 1833 1135; x_wconf 47' lang='lat' dir='ltr'><strong>sus»</strong></span> 
     </span>
    </p>
   </div>
   <div class='ocr_carea' id='block_1_11' title="bbox 229 1174 1815 1245">
    <p class='ocr_par' dir='ltr' id='par_1_11' title="bbox 229 1174 1815 1245">
     <span class='ocr_line' id='line_1_11' title="bbox 229 1174 1815 1245; baseline -0.002 -17"><span class='ocrx_word' id='word_1_76' title='bbox 229 1177 511 1241; x_wconf 85' lang='lat' dir='ltr'><strong>tinentem,</strong></span> <span class='ocrx_word' id='word_1_77' title='bbox 548 1177 957 1231; x_wconf 85' lang='lat' dir='ltr'><strong>introducamus</strong></span> <span class='ocrx_word' id='word_1_78' title='bbox 990 1176 1108 1245; x_wconf 88' lang='lat' dir='ltr'><strong>ejus</strong></span> <span class='ocrx_word' id='word_1_79' title='bbox 1145 1174 1551 1239; x_wconf 88' lang='lat' dir='ltr'><strong>humanitatem,</strong></span> <span class='ocrx_word' id='word_1_80' title='bbox 1582 1185 1632 1227; x_wconf 92' lang='lat' dir='ltr'><strong>et</strong></span> <span class='ocrx_word' id='word_1_81' title='bbox 1662 1188 1815 1226; x_wconf 88' lang='lat' dir='ltr'><strong>com-</strong></span> 
     </span>
    </p>
   </div>
   <div class='ocr_carea' id='block_1_12' title="bbox 230 1264 1813 1337">
    <p class='ocr_par' dir='ltr' id='par_1_12' title="bbox 230 1264 1813 1337">
     <span class='ocr_line' id='line_1_12' title="bbox 230 1264 1813 1337; baseline -0.003 -15"><span class='ocrx_word' id='word_1_82' title='bbox 230 1270 596 1323; x_wconf 80' lang='lat' dir='ltr'><strong>ruunieantem</strong></span> <span class='ocrx_word' id='word_1_83' title='bbox 642 1268 804 1323; x_wconf 89' lang='lat' dir='ltr'><strong>Petro</strong></span> <span class='ocrx_word' id='word_1_84' title='bbox 843 1268 1016 1337; x_wconf 61' lang='lat' dir='ltr'><strong>dignae</strong></span> <span class='ocrx_word' id='word_1_85' title='bbox 1059 1270 1177 1337; x_wconf 77' lang='lat' dir='ltr'><strong>ejus</strong></span> <span class='ocrx_word' id='word_1_86' title='bbox 1216 1266 1591 1335; x_wconf 85' lang='lat' dir='ltr'><strong>increpationi,</strong></span> <span class='ocrx_word' id='word_1_87' title='bbox 1626 1266 1672 1318; x_wconf 87' lang='lat' dir='ltr'><strong>si</strong></span> <span class='ocrx_word' id='word_1_88' title='bbox 1715 1264 1813 1318; x_wconf 82' lang='lat' dir='ltr'><strong>uti-</strong></span> 
     </span>
    </p>
   </div>
   <div class='ocr_carea' id='block_1_13' title="bbox 222 1356 1815 1427">
    <p class='ocr_par' dir='ltr' id='par_1_13' title="bbox 222 1356 1815 1427">
     <span class='ocr_line' id='line_1_13' title="bbox 222 1356 1815 1427; baseline -0.002 -15"><span class='ocrx_word' id='word_1_89' title='bbox 222 1376 322 1427; x_wconf 81' lang='lat' dir='ltr'><strong>que</strong></span> <span class='ocrx_word' id='word_1_90' title='bbox 354 1376 455 1427; x_wconf 83' lang='lat' dir='ltr'><strong>per</strong></span> <span class='ocrx_word' id='word_1_91' title='bbox 481 1361 717 1415; x_wconf 80' lang='lat' dir='ltr'><strong>similem</strong></span> <span class='ocrx_word' id='word_1_92' title='bbox 759 1361 1154 1414; x_wconf 83' lang='lat' dir='ltr'><strong>recusationem</strong></span> <span class='ocrx_word' id='word_1_93' title='bbox 1196 1374 1262 1414; x_wconf 81' lang='lat' dir='ltr'><strong>ex</strong></span> <span class='ocrx_word' id='word_1_94' title='bbox 1295 1358 1580 1414; x_wconf 83' lang='lat' dir='ltr'><strong>verborum</strong></span> <span class='ocrx_word' id='word_1_95' title='bbox 1611 1356 1815 1426; x_wconf 80' lang='lat' dir='ltr'><strong>signiﬁ-</strong></span> 
     </span>
    </p>
   </div>
   <div class='ocr_carea' id='block_1_14' title="bbox 222 1449 1810 1520">
    <p class='ocr_par' dir='ltr' id='par_1_14' title="bbox 222 1449 1810 1520">
     <span class='ocr_line' id='line_1_14' title="bbox 222 1449 1810 1520; baseline -0.001 -15"><span class='ocrx_word' id='word_1_96' title='bbox 222 1454 434 1506; x_wconf 85' lang='lat' dir='ltr'><strong>catione</strong></span> <span class='ocrx_word' id='word_1_97' title='bbox 466 1454 706 1519; x_wconf 83' lang='lat' dir='ltr'><strong>passioni</strong></span> <span class='ocrx_word' id='word_1_98' title='bbox 726 1452 844 1520; x_wconf 83' lang='lat' dir='ltr'><strong>ejus</strong></span> <span class='ocrx_word' id='word_1_99' title='bbox 866 1454 1246 1507; x_wconf 89' lang='lat' dir='ltr'><strong>communicat.</strong></span> <span class='ocrx_word' id='word_1_100' title='bbox 1266 1452 1354 1506; x_wconf 89' lang='lat' dir='ltr'><strong>Sic</strong></span> <span class='ocrx_word' id='word_1_101' title='bbox 1374 1459 1429 1506; x_wconf 92' lang='lat' dir='ltr'><strong>et</strong></span> <span class='ocrx_word' id='word_1_102' title='bbox 1448 1449 1810 1519; x_wconf 85' lang='lat' dir='ltr'><strong>evangelicam</strong></span> 
     </span>
    </p>
   </div>
   <div class='ocr_carea' id='block_1_15' title="bbox 228 1542 1810 1614">
    <p class='ocr_par' dir='ltr' id='par_1_15' title="bbox 228 1542 1810 1614">
     <span class='ocr_line' id='line_1_15' title="bbox 228 1542 1810 1614; baseline 0 -18"><span class='ocrx_word' id='word_1_103' title='bbox 228 1544 595 1613; x_wconf 74' lang='lat' dir='ltr'><strong>intelligamus</strong></span> <span class='ocrx_word' id='word_1_104' title='bbox 627 1545 937 1610; x_wconf 87' lang='lat' dir='ltr'><strong>lectionem,</strong></span> <span class='ocrx_word' id='word_1_105' title='bbox 960 1545 1046 1599; x_wconf 93' lang='lat' dir='ltr'><strong>ubi</strong></span> <span class='ocrx_word' id='word_1_106' title='bbox 1077 1544 1204 1598; x_wconf 89' lang='lat' dir='ltr'><strong>dicit</strong></span> <span class='ocrx_word' id='word_1_107' title='bbox 1233 1562 1246 1597; x_wconf 90' lang='lat'>:</span> <span class='ocrx_word' id='word_1_108' title='bbox 1277 1542 1400 1598; x_wconf 85' lang='lat' dir='ltr'><strong>Non</strong></span> <span class='ocrx_word' id='word_1_109' title='bbox 1428 1554 1494 1598; x_wconf 84' lang='lat' dir='ltr'><strong>ut.</strong></span> <span class='ocrx_word' id='word_1_110' title='bbox 1505 1544 1695 1614; x_wconf 78' lang='lat' dir='ltr'><strong>faciam</strong></span> <span class='ocrx_word' id='word_1_111' title='bbox 1721 1558 1810 1596; x_wconf 82' lang='lat' dir='ltr'><strong>vo-</strong></span> 
     </span>
    </p>
   </div>
   <div class='ocr_carea' id='block_1_16' title="bbox 224 1631 1811 1705">
    <p class='ocr_par' dir='ltr' id='par_1_16' title="bbox 224 1631 1811 1705">
     <span class='ocr_line' id='line_1_16' title="bbox 224 1631 1811 1705; baseline 0.001 -21"><span class='ocrx_word' id='word_1_112' title='bbox 224 1634 473 1685; x_wconf 63' lang='lat' dir='ltr'><strong>luntatem</strong></span> <span class='ocrx_word' id='word_1_113' title='bbox 502 1650 696 1697; x_wconf 72' lang='grc' dir='ltr'>νιιαηι,</span> <span class='ocrx_word' id='word_1_114' title='bbox 724 1636 811 1689; x_wconf 82' lang='lat' dir='ltr'><strong>sed</strong></span> <span class='ocrx_word' id='word_1_115' title='bbox 840 1636 953 1705; x_wconf 83' lang='lat' dir='ltr'><strong>ejus</strong></span> <span class='ocrx_word' id='word_1_116' title='bbox 974 1635 1059 1702; x_wconf 86' lang='lat' dir='ltr'><strong>qui</strong></span> <span class='ocrx_word' id='word_1_117' title='bbox 1085 1635 1225 1688; x_wconf 83' lang='lat' dir='ltr'><strong>misit</strong></span> <span class='ocrx_word' id='word_1_118' title='bbox 1251 1650 1330 1687; x_wconf 84' lang='lat' dir='ltr'><strong>me</strong></span> <span class='ocrx_word' id='word_1_119' title='bbox 1371 1633 1532 1705; x_wconf 82' lang='lat' dir='ltr'><strong>(Joan</strong></span> <span class='ocrx_word' id='word_1_120' title='bbox 1564 1634 1664 1702; x_wconf 90' lang='lat' dir='ltr'><strong>vt).</strong></span> <span class='ocrx_word' id='word_1_121' title='bbox 1704 1631 1811 1688; x_wconf 87' lang='lat' dir='ltr'><strong>Sed</strong></span> 
     </span>
    </p>
   </div>
   <div class='ocr_carea' id='block_1_17' title="bbox 226 1723 1808 1793">
    <p class='ocr_par' dir='ltr' id='par_1_17' title="bbox 226 1723 1808 1793">
     <span class='ocr_line' id='line_1_17' title="bbox 226 1723 1808 1793; baseline 0 -18"><span class='ocrx_word' id='word_1_122' title='bbox 226 1733 277 1775; x_wconf 89' lang='lat' dir='ltr'><strong>et</strong></span> <span class='ocrx_word' id='word_1_123' title='bbox 314 1724 367 1775; x_wconf 89' lang='lat' dir='ltr'><strong>in</strong></span> <span class='ocrx_word' id='word_1_124' title='bbox 402 1725 751 1778; x_wconf 77' lang='lat' dir='ltr'><strong>recusatione</strong></span> <span class='ocrx_word' id='word_1_125' title='bbox 796 1725 1063 1793; x_wconf 86' lang='lat' dir='ltr'><strong>passionis</strong></span> <span class='ocrx_word' id='word_1_126' title='bbox 1107 1738 1217 1778; x_wconf 90' lang='lat' dir='ltr'><strong>non</strong></span> <span class='ocrx_word' id='word_1_127' title='bbox 1245 1723 1516 1778; x_wconf 83' lang='lat' dir='ltr'><strong>diversam</strong></span> <span class='ocrx_word' id='word_1_128' title='bbox 1564 1723 1615 1775; x_wconf 88' lang='lat' dir='ltr'><strong>in</strong></span> <span class='ocrx_word' id='word_1_129' title='bbox 1646 1736 1808 1776; x_wconf 90' lang='lat' dir='ltr'><strong>unum</strong></span> 
     </span>
    </p>
   </div>
   <div class='ocr_carea' id='block_1_18' title="bbox 1922 531 3483 607">
    <p class='ocr_par' dir='ltr' id='par_1_18' title="bbox 1922 531 3483 607">
     <span class='ocr_line' id='line_1_18' title="bbox 1922 531 3483 607; baseline 0.002 -24"><span class='ocrx_word' id='word_1_130' title='bbox 1922 532 2126 598; x_wconf 84' lang='grc' dir='ltr'>μάτων,</span> <span class='ocrx_word' id='word_1_131' title='bbox 2155 538 2378 585; x_wconf 86' lang='grc' dir='ltr'>κοινωνεῖ</span> <span class='ocrx_word' id='word_1_132' title='bbox 2405 536 2784 607; x_wconf 79' lang='grc' dir='ltr'><strong>παραιτήσεως·</strong></span> <span class='ocrx_word' id='word_1_133' title='bbox 2812 532 2943 587; x_wconf 78' lang='grc' dir='ltr'>οὕτω</span> <span class='ocrx_word' id='word_1_134' title='bbox 2969 531 3022 586; x_wconf 86' lang='grc' dir='ltr'><em>δέ</em></span> <span class='ocrx_word' id='word_1_135' title='bbox 3050 534 3131 587; x_wconf 79' lang='grc' dir='ltr'>καὶ</span> <span class='ocrx_word' id='word_1_136' title='bbox 3157 537 3246 591; x_wconf 71' lang='grc' dir='ltr'>τὸν</span> <span class='ocrx_word' id='word_1_137' title='bbox 3284 534 3483 604; x_wconf 72' lang='grc' dir='ltr'>εὐαγγε-</span> 
     </span>
    </p>
   </div>
   <div class='ocr_carea' id='block_1_19' title="bbox 1922 617 3494 695">
    <p class='ocr_par' dir='ltr' id='par_1_19' title="bbox 1922 617 3494 695">
     <span class='ocr_line' id='line_1_19' title="bbox 1922 617 3494 695; baseline 0.004 -24"><span class='ocrx_word' id='word_1_138' title='bbox 1922 617 2060 675; x_wconf 77' lang='grc' dir='ltr'>λικην</span> <span class='ocrx_word' id='word_1_139' title='bbox 2109 622 2364 690; x_wconf 77' lang='grc' dir='ltr'>νοήσωμεν</span> <span class='ocrx_word' id='word_1_140' title='bbox 2410 621 2576 695; x_wconf 78' lang='grc' dir='ltr'>ῥῆσιν·</span> <span class='ocrx_word' id='word_1_141' title='bbox 2614 637 2633 670; x_wconf 88' lang='lat' dir='ltr'><strong>t</strong></span> <span class='ocrx_word' id='word_1_142' title='bbox 2663 623 2781 691; x_wconf 81' lang='grc' dir='ltr'><strong>Οὐχ</strong></span> <span class='ocrx_word' id='word_1_143' title='bbox 2805 623 2889 675; x_wconf 88' lang='grc' dir='ltr'>ἶνα</span> <span class='ocrx_word' id='word_1_144' title='bbox 2932 629 3060 677; x_wconf 86' lang='grc' dir='ltr'>ποιῶ</span> <span class='ocrx_word' id='word_1_145' title='bbox 3105 624 3163 677; x_wconf 89' lang='grc' dir='ltr'>τὸ</span> <span class='ocrx_word' id='word_1_146' title='bbox 3197 623 3386 691; x_wconf 78' lang='grc' dir='ltr'>θέλημα</span> <span class='ocrx_word' id='word_1_147' title='bbox 3434 624 3494 677; x_wconf 80' lang='grc' dir='ltr'><strong>τό</strong></span> 
     </span>
    </p>
   </div>
   <div class='ocr_carea' id='block_1_20' title="bbox 1922 707 3496 780">
    <p class='ocr_par' dir='ltr' id='par_1_20' title="bbox 1922 707 3496 780">
     <span class='ocr_line' id='line_1_20' title="bbox 1922 707 3496 780; baseline 0.005 -21"><span class='ocrx_word' id='word_1_148' title='bbox 1922 707 2062 776; x_wconf 69' lang='grc' dir='ltr'>ἐμόν,</span> <span class='ocrx_word' id='word_1_149' title='bbox 2091 708 2214 762; x_wconf 85' lang='grc' dir='ltr'><strong>ἀλλά</strong></span> <span class='ocrx_word' id='word_1_150' title='bbox 2242 715 2331 763; x_wconf 81' lang='grc' dir='ltr'>τοῦ</span> <span class='ocrx_word' id='word_1_151' title='bbox 2360 710 2655 780; x_wconf 68' lang='grc' dir='ltr'>πέμψαντός</span> <span class='ocrx_word' id='word_1_152' title='bbox 2675 732 2760 778; x_wconf 89' lang='grc' dir='ltr'>με.</span> <span class='ocrx_word' id='word_1_153' title='bbox 2798 730 2816 762; x_wconf 78' lang='grc' dir='ltr'><strong>ε</strong></span> <span class='ocrx_word' id='word_1_154' title='bbox 2852 716 2948 766; x_wconf 78' lang='grc' dir='ltr'><strong>Καὶ</strong></span> <span class='ocrx_word' id='word_1_155' title='bbox 2975 717 3064 770; x_wconf 74' lang='grc' dir='ltr'><strong>την</strong></span> <span class='ocrx_word' id='word_1_156' title='bbox 3083 715 3165 766; x_wconf 74' lang='grc' dir='ltr'>ἐπί</span> <span class='ocrx_word' id='word_1_157' title='bbox 3192 718 3278 765; x_wconf 83' lang='grc' dir='ltr'>τοῦ</span> <span class='ocrx_word' id='word_1_158' title='bbox 3300 714 3496 774; x_wconf 82' lang='grc' dir='ltr'>πάθους</span> 
     </span>
    </p>
   </div>
   <div class='ocr_carea' id='block_1_21' title="bbox 1920 797 3493 874">
    <p class='ocr_par' dir='ltr' id='par_1_21' title="bbox 1920 797 3493 874">
     <span class='ocr_line' id='line_1_21' title="bbox 1920 797 3493 874; baseline 0.004 -24"><span class='ocrx_word' id='word_1_159' title='bbox 1920 799 2245 871; x_wconf 78' lang='grc' dir='ltr'><strong>παραίτησιν,</strong></span> <span class='ocrx_word' id='word_1_160' title='bbox 2276 800 2329 850; x_wconf 80' lang='grc' dir='ltr'>οὐ</span> <span class='ocrx_word' id='word_1_161' title='bbox 2357 797 2586 874; x_wconf 83' lang='grc' dir='ltr'>διάφορον</span> <span class='ocrx_word' id='word_1_162' title='bbox 2610 801 2688 854; x_wconf 71' lang='grc' dir='ltr'><strong>ἔπ’</strong></span> <span class='ocrx_word' id='word_1_163' title='bbox 2714 803 2873 856; x_wconf 81' lang='grc' dir='ltr'>αὐτοῦ</span> <span class='ocrx_word' id='word_1_164' title='bbox 2903 799 2995 856; x_wconf 75' lang='grc' dir='ltr'>τοῦ</span> <span class='ocrx_word' id='word_1_165' title='bbox 3022 803 3127 861; x_wconf 88' lang='grc' dir='ltr'>ένὸς</span> <span class='ocrx_word' id='word_1_166' title='bbox 3158 809 3376 873; x_wconf 81' lang='grc' dir='ltr'><strong>Χριστοῦ</strong></span> <span class='ocrx_word' id='word_1_167' title='bbox 3411 807 3493 858; x_wconf 85' lang='grc' dir='ltr'><strong>καί</strong></span> 
     </span>
    </p>
   </div>
   <div class='ocr_carea' id='block_1_22' title="bbox 1920 887 3493 965">
    <p class='ocr_par' dir='ltr' id='par_1_22' title="bbox 1920 887 3493 965">
     <span class='ocr_line' id='line_1_22' title="bbox 1920 887 3493 965; baseline 0.006 -25"><span class='ocrx_word' id='word_1_168' title='bbox 1920 887 2213 941; x_wconf 77' lang='grc' dir='ltr'>ἀντιπίπτον</span> <span class='ocrx_word' id='word_1_169' title='bbox 2254 889 2650 965; x_wconf 82' lang='grc' dir='ltr'>ἀντεισφίροντες</span> <span class='ocrx_word' id='word_1_170' title='bbox 2690 893 2898 965; x_wconf 77' lang='grc' dir='ltr'>θέλημα,</span> <span class='ocrx_word' id='word_1_171' title='bbox 2929 891 3209 965; x_wconf 61' lang='grc' dir='ltr'>ἀρνητικῶς</span> <span class='ocrx_word' id='word_1_172' title='bbox 3237 893 3289 949; x_wconf 79' lang='grc' dir='ltr'>δὲ</span> <span class='ocrx_word' id='word_1_173' title='bbox 3312 895 3493 964; x_wconf 81' lang='grc' dir='ltr'>μᾶλλον</span> 
     </span>
    </p>
   </div>
   <div class='ocr_carea' id='block_1_23' title="bbox 1920 979 3491 1059">
    <p class='ocr_par' dir='ltr' id='par_1_23' title="bbox 1920 979 3491 1059">
     <span class='ocr_line' id='line_1_23' title="bbox 1920 979 3491 1059; baseline 0.007 -31"><span class='ocrx_word' id='word_1_174' title='bbox 1920 979 2003 1030; x_wconf 81' lang='grc' dir='ltr'>καὶ</span> <span class='ocrx_word' id='word_1_175' title='bbox 2054 979 2113 1031; x_wconf 85' lang='grc' dir='ltr'><strong>ού</strong></span> <span class='ocrx_word' id='word_1_176' title='bbox 2162 979 2396 1045; x_wconf 81' lang='grc' dir='ltr'><strong>θετικῶς,</strong></span> <span class='ocrx_word' id='word_1_177' title='bbox 2453 986 2544 1040; x_wconf 68' lang='grc' dir='ltr'>τήν</span> <span class='ocrx_word' id='word_1_178' title='bbox 2597 985 2832 1042; x_wconf 77' lang='grc' dir='ltr'><strong>τοιαύτην</strong></span> <span class='ocrx_word' id='word_1_179' title='bbox 2869 984 3269 1059; x_wconf 76' lang='grc' dir='ltr'>παραδεξὼμεθα</span> <span class='ocrx_word' id='word_1_180' title='bbox 3309 992 3491 1059; x_wconf 78' lang='grc' dir='ltr'>φωνήν.</span> 
     </span>
    </p>
   </div>
   <div class='ocr_carea' id='block_1_24' title="bbox 1918 1066 3496 1143">
    <p class='ocr_par' dir='ltr' id='par_1_24' title="bbox 1918 1066 3496 1143">
     <span class='ocr_line' id='line_1_24' title="bbox 1918 1066 3496 1143; baseline 0.01 -26"><span class='ocrx_word' id='word_1_181' title='bbox 1918 1067 1989 1118; x_wconf 83' lang='grc' dir='ltr'><strong>Οὐ</strong></span> <span class='ocrx_word' id='word_1_182' title='bbox 2032 1068 2129 1143; x_wconf 82' lang='grc' dir='ltr'>γὰρ</span> <span class='ocrx_word' id='word_1_183' title='bbox 2168 1070 2255 1128; x_wconf 78' lang='grc' dir='ltr'><strong>,ὡς</strong></span> <span class='ocrx_word' id='word_1_184' title='bbox 2305 1066 2461 1139; x_wconf 80' lang='grc' dir='ltr'>ὅντως</span> <span class='ocrx_word' id='word_1_185' title='bbox 2516 1070 2542 1125; x_wconf 91' lang='grc' dir='ltr'><strong>ό</strong></span> <span class='ocrx_word' id='word_1_186' title='bbox 2595 1072 2772 1141; x_wconf 81' lang='grc' dir='ltr'>λόγος,</span> <span class='ocrx_word' id='word_1_187' title='bbox 2815 1074 2917 1128; x_wconf 79' lang='grc' dir='ltr'>ἀλλ’</span> <span class='ocrx_word' id='word_1_188' title='bbox 2967 1077 3035 1135; x_wconf 87' lang='grc' dir='ltr'>ὡς</span> <span class='ocrx_word' id='word_1_189' title='bbox 3091 1077 3181 1129; x_wconf 85' lang='grc' dir='ltr'><strong>ούκ</strong></span> <span class='ocrx_word' id='word_1_190' title='bbox 3223 1072 3379 1136; x_wconf 82' lang='grc' dir='ltr'>ὅντως</span> <span class='ocrx_word' id='word_1_191' title='bbox 3428 1080 3496 1138; x_wconf 85' lang='grc' dir='ltr'>ὡς</span> 
     </span>
    </p>
   </div>
   <div class='ocr_carea' id='block_1_25' title="bbox 1916 1155 3487 1241">
    <p class='ocr_par' dir='ltr' id='par_1_25' title="bbox 1916 1155 3487 1241">
     <span class='ocr_line' id='line_1_25' title="bbox 1916 1155 3487 1241; baseline 0.009 -32"><span class='ocrx_word' id='word_1_192' title='bbox 1916 1158 1997 1211; x_wconf 80' lang='grc' dir='ltr'><strong>τό⁶</strong></span> <span class='ocrx_word' id='word_1_193' title='bbox 2048 1174 2066 1207; x_wconf 80' lang='grc' dir='ltr'><strong>ι</strong></span> <span class='ocrx_word' id='word_1_194' title='bbox 2113 1155 2241 1213; x_wconf 64' lang='grc' dir='ltr'>οὔτε</span> <span class='ocrx_word' id='word_1_195' title='bbox 2295 1162 2325 1218; x_wconf 77' lang='grc' dir='ltr'>ἡ</span> <span class='ocrx_word' id='word_1_196' title='bbox 2376 1161 2604 1237; x_wconf 82' lang='grc' dir='ltr'>ἁμαρτία</span> <span class='ocrx_word' id='word_1_197' title='bbox 2659 1186 2757 1234; x_wconf 90' lang='grc' dir='ltr'><strong>μου</strong></span> <span class='ocrx_word' id='word_1_198' title='bbox 2808 1164 2922 1221; x_wconf 75' lang='grc' dir='ltr'>οὔτε</span> <span class='ocrx_word' id='word_1_199' title='bbox 2979 1170 3009 1225; x_wconf 83' lang='grc' dir='ltr'>ἡ</span> <span class='ocrx_word' id='word_1_200' title='bbox 3064 1170 3244 1240; x_wconf 83' lang='grc' dir='ltr'>ἀνομία</span> <span class='ocrx_word' id='word_1_201' title='bbox 3292 1190 3389 1241; x_wconf 87' lang='grc' dir='ltr'><strong>μου</strong></span> <span class='ocrx_word' id='word_1_202' title='bbox 3417 1214 3431 1235; x_wconf 90' lang='grc'><strong>,</strong></span> <span class='ocrx_word' id='word_1_203' title='bbox 3468 1190 3487 1223; x_wconf 76' lang='grc' dir='ltr'><strong>ι</strong></span> 
     </span>
    </p>
   </div>
   <div class='ocr_carea' id='block_1_26' title="bbox 1918 1248 3493 1328">
    <p class='ocr_par' dir='ltr' id='par_1_26' title="bbox 1918 1248 3493 1328">
     <span class='ocr_line' id='line_1_26' title="bbox 1918 1248 3493 1328; baseline 0.011 -30"><span class='ocrx_word' id='word_1_204' title='bbox 1918 1248 2046 1303; x_wconf 84' lang='grc' dir='ltr'>κατά</span> <span class='ocrx_word' id='word_1_205' title='bbox 2089 1248 2173 1303; x_wconf 86' lang='grc' dir='ltr'>τὸν</span> <span class='ocrx_word' id='word_1_206' title='bbox 2232 1250 2412 1323; x_wconf 81' lang='grc' dir='ltr'>ἀκριϐῆ</span> <span class='ocrx_word' id='word_1_207' title='bbox 2456 1260 2554 1306; x_wconf 85' lang='grc' dir='ltr'><strong>τῶν</strong></span> <span class='ocrx_word' id='word_1_208' title='bbox 2593 1251 2855 1325; x_wconf 74' lang='grc' dir='ltr'><strong>δογμάτων</strong></span> <span class='ocrx_word' id='word_1_209' title='bbox 2907 1260 3136 1328; x_wconf 82' lang='grc' dir='ltr'>γνώμονα</span> <span class='ocrx_word' id='word_1_210' title='bbox 3193 1261 3275 1314; x_wconf 89' lang='grc' dir='ltr'><strong>τόν</strong></span> <span class='ocrx_word' id='word_1_211' title='bbox 3328 1258 3493 1315; x_wconf 81' lang='grc' dir='ltr'>θεολό-</span> 
     </span>
    </p>
   </div>
   <div class='ocr_carea' id='block_1_27' title="bbox 1913 1337 3495 1415">
    <p class='ocr_par' dir='ltr' id='par_1_27' title="bbox 1913 1337 3495 1415">
     <span class='ocr_line' id='line_1_27' title="bbox 1913 1337 3495 1415; baseline 0.009 -25"><span class='ocrx_word' id='word_1_212' title='bbox 1913 1356 2002 1409; x_wconf 91' lang='grc' dir='ltr'><strong>γον</strong></span> <span class='ocrx_word' id='word_1_213' title='bbox 2047 1337 2336 1415; x_wconf 88' lang='grc' dir='ltr'>Γρηγόριον.</span> <span class='ocrx_word' id='word_1_214' title='bbox 2391 1344 2479 1395; x_wconf 75' lang='grc' dir='ltr'>Καί</span> <span class='ocrx_word' id='word_1_215' title='bbox 2527 1340 2638 1396; x_wconf 82' lang='grc' dir='ltr'>ὅσοι</span> <span class='ocrx_word' id='word_1_216' title='bbox 2703 1342 2755 1400; x_wconf 82' lang='grc' dir='ltr'><strong>δέ</strong></span> <span class='ocrx_word' id='word_1_217' title='bbox 2804 1353 2901 1400; x_wconf 87' lang='grc' dir='ltr'>τῶν</span> <span class='ocrx_word' id='word_1_218' title='bbox 2949 1345 3264 1405; x_wconf 79' lang='grc' dir='ltr'><strong>διδασκάλων</strong></span> <span class='ocrx_word' id='word_1_219' title='bbox 3304 1359 3397 1412; x_wconf 80' lang='grc' dir='ltr'>τῆς</span> <span class='ocrx_word' id='word_1_220' title='bbox 3445 1354 3495 1405; x_wconf 82' lang='grc' dir='ltr'>ἐν</span> 
     </span>
    </p>
   </div>
   <div class='ocr_carea' id='block_1_28' title="bbox 1915 1425 3496 1504">
    <p class='ocr_par' dir='ltr' id='par_1_28' title="bbox 1915 1425 3496 1504">
     <span class='ocr_line' id='line_1_28' title="bbox 1915 1425 3496 1504; baseline 0.009 -21"><span class='ocrx_word' id='word_1_221' title='bbox 1915 1425 1988 1500; x_wconf 75' lang='grc' dir='ltr'>τῷ</span> <span class='ocrx_word' id='word_1_222' title='bbox 2028 1433 2174 1485; x_wconf 84' lang='grc' dir='ltr'>πάθει</span> <span class='ocrx_word' id='word_1_223' title='bbox 2200 1430 2408 1503; x_wconf 71' lang='grc' dir='ltr'>ίρήσεως</span> <span class='ocrx_word' id='word_1_224' title='bbox 2447 1434 2828 1504; x_wconf 72' lang='grc' dir='ltr'><strong>ἐπεμνήσθησαν</strong></span> <span class='ocrx_word' id='word_1_225' title='bbox 2878 1438 2987 1494; x_wconf 79' lang='grc' dir='ltr'>κατ’</span> <span class='ocrx_word' id='word_1_226' title='bbox 3021 1443 3262 1497; x_wconf 87' lang='grc' dir='ltr'>οίκείωσιν</span> <span class='ocrx_word' id='word_1_227' title='bbox 3304 1451 3496 1504; x_wconf 73' lang='grc' dir='ltr'>ταυτην</span> 
     </span>
    </p>
   </div>
   <div class='ocr_carea' id='block_1_29' title="bbox 1915 1519 3498 1604">
    <p class='ocr_par' dir='ltr' id='par_1_29' title="bbox 1915 1519 3498 1604">
     <span class='ocr_line' id='line_1_29' title="bbox 1915 1519 3498 1604; baseline 0.014 -34"><span class='ocrx_word' id='word_1_228' title='bbox 1915 1520 1996 1571; x_wconf 85' lang='grc' dir='ltr'><strong>καί</strong></span> <span class='ocrx_word' id='word_1_229' title='bbox 2022 1519 2272 1593; x_wconf 83' lang='grc' dir='ltr'>ἀναφοράν</span> <span class='ocrx_word' id='word_1_230' title='bbox 2296 1527 2385 1575; x_wconf 81' lang='grc' dir='ltr'>τοῦ</span> <span class='ocrx_word' id='word_1_231' title='bbox 2423 1524 2666 1599; x_wconf 73' lang='grc' dir='ltr'><strong>ἡμετέρου</strong></span> <span class='ocrx_word' id='word_1_232' title='bbox 2709 1529 3025 1599; x_wconf 76' lang='grc' dir='ltr'><strong>φυράματος,</strong></span> <span class='ocrx_word' id='word_1_233' title='bbox 3068 1532 3363 1604; x_wconf 75' lang='grc' dir='ltr'>ἐξειλήφασι.</span> <span class='ocrx_word' id='word_1_234' title='bbox 3405 1558 3498 1590; x_wconf 82' lang='grc' dir='ltr'>κα-</span> 
     </span>
    </p>
   </div>
   <div class='ocr_carea' id='block_1_30' title="bbox 1915 1610 3497 1703">
    <p class='ocr_par' dir='ltr' id='par_1_30' title="bbox 1915 1610 3497 1703">
     <span class='ocr_line' id='line_1_30' title="bbox 1915 1610 3497 1703; baseline 0.016 -43"><span class='ocrx_word' id='word_1_235' title='bbox 1915 1610 2013 1671; x_wconf 84' lang='grc' dir='ltr'>θὼς</span> <span class='ocrx_word' id='word_1_236' title='bbox 2036 1613 2117 1665; x_wconf 86' lang='grc' dir='ltr'><strong>καί</strong></span> <span class='ocrx_word' id='word_1_237' title='bbox 2141 1610 2167 1665; x_wconf 92' lang='grc' dir='ltr'><strong>ό</strong></span> <span class='ocrx_word' id='word_1_238' title='bbox 2197 1614 2353 1685; x_wconf 87' lang='grc' dir='ltr'>μέγας</span> <span class='ocrx_word' id='word_1_239' title='bbox 2383 1622 2474 1676; x_wconf 81' lang='grc' dir='ltr'>τῆς</span> <span class='ocrx_word' id='word_1_240' title='bbox 2494 1613 2781 1680; x_wconf 76' lang='grc' dir='ltr'>Ἐκκλησίας</span> <span class='ocrx_word' id='word_1_241' title='bbox 2803 1629 2979 1694; x_wconf 84' lang='grc' dir='ltr'>φωστή</span> <span class='ocrx_word' id='word_1_242' title='bbox 2993 1645 3023 1694; x_wconf 89' lang='grc' dir='ltr'><strong><em>ρ</em></strong></span> <span class='ocrx_word' id='word_1_243' title='bbox 3052 1624 3344 1691; x_wconf 81' lang='grc' dir='ltr'>’Δθανάσιος</span> <span class='ocrx_word' id='word_1_244' title='bbox 3364 1632 3497 1703; x_wconf 75' lang='grc' dir='ltr'>ἡμᾶς</span> 
     </span>
    </p>
   </div>
   <div class='ocr_carea' id='block_1_31' title="bbox 1914 1700 3499 1791">
    <p class='ocr_par' dir='ltr' id='par_1_31' title="bbox 1914 1700 3499 1791">
     <span class='ocr_line' id='line_1_31' title="bbox 1914 1700 3499 1791; baseline 0.015 -37"><span class='ocrx_word' id='word_1_245' title='bbox 1914 1700 2215 1767; x_wconf 73' lang='grc' dir='ltr'>ἐκδιδάσκει,</span> <span class='ocrx_word' id='word_1_246' title='bbox 2238 1710 2329 1763; x_wconf 76' lang='grc' dir='ltr'><strong>την</strong></span> <span class='ocrx_word' id='word_1_247' title='bbox 2351 1708 2597 1784; x_wconf 79' lang='grc' dir='ltr'><strong>ἡμετέραν</strong></span> <span class='ocrx_word' id='word_1_248' title='bbox 2619 1720 2880 1787; x_wconf 86' lang='grc' dir='ltr'>παριστῶν</span> <span class='ocrx_word' id='word_1_249' title='bbox 2906 1716 3143 1786; x_wconf 83' lang='grc' dir='ltr'>φιλόζωον</span> <span class='ocrx_word' id='word_1_250' title='bbox 3173 1722 3338 1791; x_wconf 83' lang='grc' dir='ltr'>φύσιν,</span> <span class='ocrx_word' id='word_1_251' title='bbox 3362 1726 3499 1778; x_wconf 72' lang='grc' dir='ltr'>ἀ-να·</span> 
     </span>
    </p>
   </div>
   <div class='ocr_carea' id='block_1_32' title="bbox 227 1793 1815 1883">
    <p class='ocr_par' dir='ltr' id='par_1_32' title="bbox 227 1814 1810 1883">
     <span class='ocr_line' id='line_1_32' title="bbox 227 1814 1810 1883; baseline 0.002 -16"><span class='ocrx_word' id='word_1_252' title='bbox 227 1814 586 1882; x_wconf 86' lang='lat' dir='ltr'><strong>eumdemque</strong></span> <span class='ocrx_word' id='word_1_253' title='bbox 616 1814 916 1883; x_wconf 89' lang='lat' dir='ltr'><strong>Christum,</strong></span> <span class='ocrx_word' id='word_1_254' title='bbox 951 1826 1005 1869; x_wconf 89' lang='lat' dir='ltr'><strong>et</strong></span> <span class='ocrx_word' id='word_1_255' title='bbox 1032 1816 1378 1871; x_wconf 87' lang='lat' dir='ltr'><strong>resultantem</strong></span> <span class='ocrx_word' id='word_1_256' title='bbox 1409 1815 1810 1870; x_wconf 89' lang='lat' dir='ltr'><strong>introducentes</strong></span> 
     </span>
    </p>
   </div>
   <div class='ocr_carea' id='block_1_33' title="bbox 1917 1793 3497 1883">
    <p class='ocr_par' dir='ltr' id='par_1_33' title="bbox 1917 1793 3497 1881">
     <span class='ocr_line' id='line_1_33' title="bbox 1917 1793 3497 1881; baseline 0.018 -37"><span class='ocrx_word' id='word_1_257' title='bbox 1917 1793 2011 1852; x_wconf 86' lang='grc' dir='ltr'>θῶς</span> <span class='ocrx_word' id='word_1_258' title='bbox 2039 1797 2108 1864; x_wconf 71' lang='grc' dir='ltr'>μή</span> <span class='ocrx_word' id='word_1_259' title='bbox 2146 1793 2449 1868; x_wconf 82' lang='grc' dir='ltr'>αἱρουμένην</span> <span class='ocrx_word' id='word_1_260' title='bbox 2500 1807 2593 1861; x_wconf 75' lang='grc' dir='ltr'>τῆς</span> <span class='ocrx_word' id='word_1_261' title='bbox 2635 1804 2908 1877; x_wconf 80' lang='grc' dir='ltr'>παρούσης</span> <span class='ocrx_word' id='word_1_262' title='bbox 2943 1807 3298 1881; x_wconf 79' lang='grc' dir='ltr'>ἀπορραγῆναι</span> <span class='ocrx_word' id='word_1_263' title='bbox 3342 1817 3497 1881; x_wconf 80' lang='grc' dir='ltr'>ζωῆς,</span> 
     </span>
    </p>
   </div>
   <div class='ocr_carea' id='block_1_34' title="bbox 230 1904 1809 1974">
    <p class='ocr_par' dir='ltr' id='par_1_34' title="bbox 230 1904 1809 1974">
     <span class='ocr_line' id='line_1_34' title="bbox 230 1904 1809 1974; baseline 0.004 -21"><span class='ocrx_word' id='word_1_264' title='bbox 230 1904 581 1969; x_wconf 84' lang='lat' dir='ltr'><strong>voluntatem,</strong></span> <span class='ocrx_word' id='word_1_265' title='bbox 618 1907 786 1974; x_wconf 86' lang='lat' dir='ltr'><strong>magis</strong></span> <span class='ocrx_word' id='word_1_266' title='bbox 828 1914 1005 1960; x_wconf 90' lang='lat' dir='ltr'><strong>autem</strong></span> <span class='ocrx_word' id='word_1_267' title='bbox 1038 1906 1334 1961; x_wconf 87' lang='lat' dir='ltr'><strong>recusative</strong></span> <span class='ocrx_word' id='word_1_268' title='bbox 1360 1914 1417 1960; x_wconf 88' lang='lat' dir='ltr'><strong>et</strong></span> <span class='ocrx_word' id='word_1_269' title='bbox 1445 1920 1551 1960; x_wconf 91' lang='lat' dir='ltr'><strong>non</strong></span> <span class='ocrx_word' id='word_1_270' title='bbox 1582 1904 1809 1973; x_wconf 87' lang='lat' dir='ltr'><strong>positive</strong></span> 
     </span>
    </p>
   </div>
   <div class='ocr_carea' id='block_1_35' title="bbox 231 1992 1806 2063">
    <p class='ocr_par' dir='ltr' id='par_1_35' title="bbox 231 1992 1806 2063">
     <span class='ocr_line' id='line_1_35' title="bbox 231 1992 1806 2063; baseline 0.002 -20"><span class='ocrx_word' id='word_1_271' title='bbox 231 1992 536 2059; x_wconf 73' lang='lat' dir='ltr'><strong>huiusmodi</strong></span> <span class='ocrx_word' id='word_1_272' title='bbox 596 1993 950 2062; x_wconf 80' lang='lat' dir='ltr'><strong>suscipiamus</strong></span> <span class='ocrx_word' id='word_1_273' title='bbox 1012 2008 1220 2049; x_wconf 90' lang='lat' dir='ltr'><strong>vocem.</strong></span> <span class='ocrx_word' id='word_1_274' title='bbox 1276 1994 1392 2048; x_wconf 86' lang='lat' dir='ltr'><strong>Non</strong></span> <span class='ocrx_word' id='word_1_275' title='bbox 1456 1994 1599 2048; x_wconf 91' lang='lat' dir='ltr'><strong>enim</strong></span> <span class='ocrx_word' id='word_1_276' title='bbox 1655 1993 1806 2063; x_wconf 86' lang='lat' dir='ltr'><strong>quasi</strong></span> 
     </span>
    </p>
   </div>
   <div class='ocr_carea' id='block_1_36' title="bbox 228 2083 1808 2150">
    <p class='ocr_par' dir='ltr' id='par_1_36' title="bbox 228 2083 1808 2150">
     <span class='ocr_line' id='line_1_36' title="bbox 228 2083 1808 2150; baseline 0.003 -16"><span class='ocrx_word' id='word_1_277' title='bbox 228 2083 470 2135; x_wconf 79' lang='lat' dir='ltr'><strong>existens</strong></span> <span class='ocrx_word' id='word_1_278' title='bbox 497 2083 601 2138; x_wconf 87' lang='lat' dir='ltr'><strong>hoc</strong></span> <span class='ocrx_word' id='word_1_279' title='bbox 634 2085 855 2138; x_wconf 89' lang='lat' dir='ltr'><strong>verbum</strong></span> <span class='ocrx_word' id='word_1_280' title='bbox 882 2086 1082 2139; x_wconf 89' lang='lat' dir='ltr'><strong>dictum</strong></span> <span class='ocrx_word' id='word_1_281' title='bbox 1114 2094 1218 2150; x_wconf 91' lang='lat' dir='ltr'><strong>est,</strong></span> <span class='ocrx_word' id='word_1_282' title='bbox 1249 2085 1343 2140; x_wconf 90' lang='lat' dir='ltr'><strong>sed</strong></span> <span class='ocrx_word' id='word_1_283' title='bbox 1382 2100 1445 2140; x_wconf 90' lang='lat' dir='ltr'><strong>ac</strong></span> <span class='ocrx_word' id='word_1_284' title='bbox 1471 2087 1515 2139; x_wconf 89' lang='lat' dir='ltr'><strong>si</strong></span> <span class='ocrx_word' id='word_1_285' title='bbox 1548 2099 1651 2139; x_wconf 91' lang='lat' dir='ltr'><strong>non</strong></span> <span class='ocrx_word' id='word_1_286' title='bbox 1689 2095 1808 2140; x_wconf 86' lang='lat' dir='ltr'><strong>est:</strong></span> 
     </span>
    </p>
   </div>
   <div class='ocr_carea' id='block_1_37' title="bbox 228 2172 1853 2246">
    <p class='ocr_par' dir='ltr' id='par_1_37' title="bbox 228 2172 1853 2246">
     <span class='ocr_line' id='line_1_37' title="bbox 228 2172 1853 2246; baseline 0.002 -21"><span class='ocrx_word' id='word_1_287' title='bbox 228 2174 382 2225; x_wconf 79' lang='lat' dir='ltr'><strong>sicuti</strong></span> <span class='ocrx_word' id='word_1_288' title='bbox 415 2189 431 2223; x_wconf 88' lang='lat'><strong>:</strong></span> <span class='ocrx_word' id='word_1_289' title='bbox 469 2172 655 2241; x_wconf 77' lang='lat' dir='ltr'><strong>Neque</strong></span> <span class='ocrx_word' id='word_1_290' title='bbox 698 2187 963 2242; x_wconf 81' lang='lat' dir='ltr'><strong>peccatum</strong></span> <span class='ocrx_word' id='word_1_291' title='bbox 993 2191 1180 2237; x_wconf 82' lang='lat' dir='ltr'><strong>meum,</strong></span> <span class='ocrx_word' id='word_1_292' title='bbox 1222 2192 1384 2246; x_wconf 80' lang='lat' dir='ltr'><strong>neque</strong></span> <span class='ocrx_word' id='word_1_293' title='bbox 1417 2175 1658 2245; x_wconf 81' lang='lat' dir='ltr'><strong>iniquitas</strong></span> <span class='ocrx_word' id='word_1_294' title='bbox 1701 2192 1811 2229; x_wconf 82' lang='lat' dir='ltr'><strong>mea</strong></span> <span class='ocrx_word' id='word_1_295' title='bbox 1850 2232 1853 2239; x_wconf 65' lang='grc'><strong>,</strong></span> 
     </span>
    </p>
   </div>
   <div class='ocr_carea' id='block_1_38' title="bbox 230 2261 1812 2337">
    <p class='ocr_par' dir='ltr' id='par_1_38' title="bbox 230 2261 1812 2337">
     <span class='ocr_line' id='line_1_38' title="bbox 230 2261 1812 2337; baseline 0.002 -22"><span class='ocrx_word' id='word_1_296' title='bbox 230 2261 400 2329; x_wconf 79' lang='lat' dir='ltr'><strong>(Psal.</strong></span> <span class='ocrx_word' id='word_1_297' title='bbox 439 2264 623 2331; x_wconf 76' lang='lat' dir='ltr'><strong>LVIII),</strong></span> <span class='ocrx_word' id='word_1_298' title='bbox 659 2274 715 2319; x_wconf 89' lang='lat' dir='ltr'><strong>ut</strong></span> <span class='ocrx_word' id='word_1_299' title='bbox 748 2266 1105 2333; x_wconf 81' lang='lat' dir='ltr'><strong>peritissimus</strong></span> <span class='ocrx_word' id='word_1_300' title='bbox 1141 2267 1192 2319; x_wconf 93' lang='lat' dir='ltr'><strong>in</strong></span> <span class='ocrx_word' id='word_1_301' title='bbox 1239 2265 1577 2337; x_wconf 76' lang='lat' dir='ltr'><strong>dogmatibus</strong></span> <span class='ocrx_word' id='word_1_302' title='bbox 1606 2265 1812 2320; x_wconf 67' lang='lat' dir='ltr'><strong>theolo«</strong></span> 
     </span>
    </p>
   </div>
   <div class='ocr_carea' id='block_1_39' title="bbox 232 2353 1812 2426">
    <p class='ocr_par' dir='ltr' id='par_1_39' title="bbox 232 2353 1812 2426">
     <span class='ocr_line' id='line_1_39' title="bbox 232 2353 1812 2426; baseline 0.003 -19"><span class='ocrx_word' id='word_1_303' title='bbox 232 2370 327 2423; x_wconf 80' lang='lat' dir='ltr'><strong>gus</strong></span> <span class='ocrx_word' id='word_1_304' title='bbox 349 2353 675 2423; x_wconf 77' lang='lat' dir='ltr'><strong>Gregorius.</strong></span> <span class='ocrx_word' id='word_1_305' title='bbox 704 2356 811 2410; x_wconf 88' lang='lat' dir='ltr'><strong>Sed</strong></span> <span class='ocrx_word' id='word_1_306' title='bbox 840 2366 893 2410; x_wconf 89' lang='lat' dir='ltr'><strong>et</strong></span> <span class='ocrx_word' id='word_1_307' title='bbox 916 2372 1101 2411; x_wconf 86' lang='lat' dir='ltr'><strong>omnes</strong></span> <span class='ocrx_word' id='word_1_308' title='bbox 1130 2357 1399 2420; x_wconf 86' lang='lat' dir='ltr'><strong>doctores,</strong></span> <span class='ocrx_word' id='word_1_309' title='bbox 1434 2357 1522 2426; x_wconf 91' lang='lat' dir='ltr'><strong>qui</strong></span> <span class='ocrx_word' id='word_1_310' title='bbox 1553 2355 1812 2426; x_wconf 89' lang='lat' dir='ltr'><strong>passionis</strong></span> 
     </span>
    </p>
   </div>
   <div class='ocr_carea' id='block_1_40' title="bbox 235 2446 1813 2512">
    <p class='ocr_par' dir='ltr' id='par_1_40' title="bbox 235 2446 1813 2512">
     <span class='ocr_line' id='line_1_40' title="bbox 235 2446 1813 2512; baseline 0.003 -15"><span class='ocrx_word' id='word_1_311' title='bbox 235 2446 393 2499; x_wconf 75' lang='lat' dir='ltr'><strong>verba</strong></span> <span class='ocrx_word' id='word_1_312' title='bbox 461 2456 939 2512; x_wconf 88' lang='lat' dir='ltr'><strong>memoraverunl,</strong></span> <span class='ocrx_word' id='word_1_313' title='bbox 995 2464 1062 2502; x_wconf 82' lang='lat' dir='ltr'><strong>ex</strong></span> <span class='ocrx_word' id='word_1_314' title='bbox 1115 2448 1394 2502; x_wconf 75' lang='lat' dir='ltr'><strong>allectione</strong></span> <span class='ocrx_word' id='word_1_315' title='bbox 1448 2457 1503 2502; x_wconf 88' lang='lat' dir='ltr'><strong>et</strong></span> <span class='ocrx_word' id='word_1_316' title='bbox 1552 2447 1813 2502; x_wconf 85' lang='lat' dir='ltr'><strong>relatione</strong></span> 
     </span>
    </p>
   </div>
   <div class='ocr_carea' id='block_1_41' title="bbox 236 2539 1811 2606">
    <p class='ocr_par' dir='ltr' id='par_1_41' title="bbox 236 2539 1811 2606">
     <span class='ocr_line' id='line_1_41' title="bbox 236 2539 1811 2606; baseline 0.001 -16"><span class='ocrx_word' id='word_1_317' title='bbox 236 2547 429 2590; x_wconf 69' lang='lat' dir='ltr'><strong>nostra:</strong></span> <span class='ocrx_word' id='word_1_318' title='bbox 472 2551 672 2591; x_wconf 68' lang='lat' dir='ltr'><strong>massa:</strong></span> <span class='ocrx_word' id='word_1_319' title='bbox 716 2539 853 2591; x_wconf 88' lang='lat' dir='ltr'><strong>hanc</strong></span> <span class='ocrx_word' id='word_1_320' title='bbox 894 2549 1285 2605; x_wconf 88' lang='lat' dir='ltr'><strong>susceperunt;</strong></span> <span class='ocrx_word' id='word_1_321' title='bbox 1313 2539 1450 2592; x_wconf 83' lang='lat' dir='ltr'><strong>sicut</strong></span> <span class='ocrx_word' id='word_1_322' title='bbox 1496 2550 1550 2592; x_wconf 90' lang='lat' dir='ltr'><strong>et</strong></span> <span class='ocrx_word' id='word_1_323' title='bbox 1590 2552 1811 2606; x_wconf 88' lang='lat' dir='ltr'><strong>magnus</strong></span> 
     </span>
    </p>
   </div>
   <div class='ocr_carea' id='block_1_42' title="bbox 240 2626 1807 2693">
    <p class='ocr_par' dir='ltr' id='par_1_42' title="bbox 240 2626 1807 2693">
     <span class='ocr_line' id='line_1_42' title="bbox 240 2626 1807 2693; baseline 0 -12"><span class='ocrx_word' id='word_1_324' title='bbox 240 2626 486 2681; x_wconf 57' lang='lat' dir='ltr'><strong>Ecclesiae</strong></span> <span class='ocrx_word' id='word_1_325' title='bbox 535 2626 726 2680; x_wconf 79' lang='lat' dir='ltr'><strong>lucifer</strong></span> <span class='ocrx_word' id='word_1_326' title='bbox 774 2627 1096 2683; x_wconf 86' lang='lat' dir='ltr'><strong>Athanasius</strong></span> <span class='ocrx_word' id='word_1_327' title='bbox 1136 2628 1351 2682; x_wconf 88' lang='lat' dir='ltr'><strong>edocuit</strong></span> <span class='ocrx_word' id='word_1_328' title='bbox 1402 2643 1524 2693; x_wconf 86' lang='lat' dir='ltr'><strong>nos,</strong></span> <span class='ocrx_word' id='word_1_329' title='bbox 1569 2638 1807 2682; x_wconf 84' lang='lat' dir='ltr'><strong>nostram</strong></span> 
     </span>
    </p>
   </div>
   <div class='ocr_carea' id='block_1_43' title="bbox 245 2719 1809 2788">
    <p class='ocr_par' dir='ltr' id='par_1_43' title="bbox 245 2719 1809 2788">
     <span class='ocr_line' id='line_1_43' title="bbox 245 2719 1809 2788; baseline 0 -16"><span class='ocrx_word' id='word_1_330' title='bbox 245 2719 526 2773; x_wconf 86' lang='lat' dir='ltr'><strong>ostendens</strong></span> <span class='ocrx_word' id='word_1_331' title='bbox 556 2734 780 2788; x_wconf 86' lang='lat' dir='ltr'><strong>pronam</strong></span> <span class='ocrx_word' id='word_1_332' title='bbox 813 2719 865 2773; x_wconf 92' lang='lat' dir='ltr'><strong>in</strong></span> <span class='ocrx_word' id='word_1_333' title='bbox 900 2721 1038 2775; x_wconf 88' lang='lat' dir='ltr'><strong>hanc</strong></span> <span class='ocrx_word' id='word_1_334' title='bbox 1067 2723 1229 2773; x_wconf 88' lang='lat' dir='ltr'><strong>vitam</strong></span> <span class='ocrx_word' id='word_1_335' title='bbox 1267 2730 1507 2774; x_wconf 89' lang='lat' dir='ltr'><strong>naturam</strong></span> <span class='ocrx_word' id='word_1_336' title='bbox 1540 2721 1659 2775; x_wconf 87' lang='lat' dir='ltr'><strong>sine</strong></span> <span class='ocrx_word' id='word_1_337' title='bbox 1686 2734 1809 2787; x_wconf 86' lang='lat' dir='ltr'><strong>pas-</strong></span> 
     </span>
    </p>
   </div>
   <div class='ocr_carea' id='block_1_44' title="bbox 241 2811 1817 2881">
    <p class='ocr_par' dir='ltr' id='par_1_44' title="bbox 241 2811 1817 2881">
     <span class='ocr_line' id='line_1_44' title="bbox 241 2811 1817 2881; baseline 0 -17"><span class='ocrx_word' id='word_1_338' title='bbox 241 2811 389 2866; x_wconf 88' lang='lat' dir='ltr'><strong>sione</strong></span> <span class='ocrx_word' id='word_1_339' title='bbox 416 2812 695 2866; x_wconf 88' lang='lat' dir='ltr'><strong>nolentem</strong></span> <span class='ocrx_word' id='word_1_340' title='bbox 725 2826 755 2865; x_wconf 91' lang='lat' dir='ltr'><strong>a</strong></span> <span class='ocrx_word' id='word_1_341' title='bbox 789 2826 1053 2881; x_wconf 71' lang='lat' dir='ltr'><strong>prresense</strong></span> <span class='ocrx_word' id='word_1_342' title='bbox 1080 2813 1182 2865; x_wconf 86' lang='lat' dir='ltr'><strong>vita</strong></span> <span class='ocrx_word' id='word_1_343' title='bbox 1213 2812 1468 2879; x_wconf 88' lang='lat' dir='ltr'><strong>disrumpi</strong></span> <span class='ocrx_word' id='word_1_344' title='bbox 1495 2829 1508 2873; x_wconf 85' lang='lat'>;</span> <span class='ocrx_word' id='word_1_345' title='bbox 1539 2821 1592 2866; x_wconf 90' lang='lat' dir='ltr'><strong>et</strong></span> <span class='ocrx_word' id='word_1_346' title='bbox 1624 2826 1727 2865; x_wconf 84' lang='lat' dir='ltr'><strong>non</strong></span> <span class='ocrx_word' id='word_1_347' title='bbox 1758 2822 1817 2865; x_wconf 84' lang='grc' dir='ltr'><strong>ιιι</strong></span> 
     </span>
    </p>
   </div>
   <div class='ocr_carea' id='block_1_45' title="bbox 237 2901 1809 2971">
    <p class='ocr_par' dir='ltr' id='par_1_45' title="bbox 237 2901 1809 2971">
     <span class='ocr_line' id='line_1_45' title="bbox 237 2901 1809 2971; baseline 0.001 -18"><span class='ocrx_word' id='word_1_348' title='bbox 237 2901 528 2955; x_wconf 87' lang='lat' dir='ltr'><strong>animatam</strong></span> <span class='ocrx_word' id='word_1_349' title='bbox 574 2902 1008 2957; x_wconf 84' lang='lat' dir='ltr'><strong>intellectualiter</strong></span> <span class='ocrx_word' id='word_1_350' title='bbox 1037 2904 1213 2957; x_wconf 89' lang='lat' dir='ltr'><strong>carnis</strong></span> <span class='ocrx_word' id='word_1_351' title='bbox 1244 2903 1401 2958; x_wconf 82' lang='lat' dir='ltr'><strong>Verbi</strong></span> <span class='ocrx_word' id='word_1_352' title='bbox 1435 2905 1809 2971; x_wconf 79' lang='lat' dir='ltr'><strong>itnpromptam</strong></span> 
     </span>
    </p>
   </div>
   <div class='ocr_carea' id='block_1_46' title="bbox 236 2992 1811 3062">
    <p class='ocr_par' dir='ltr' id='par_1_46' title="bbox 236 2992 1811 3062">
     <span class='ocr_line' id='line_1_46' title="bbox 236 2992 1811 3062; baseline 0.002 -19"><span class='ocrx_word' id='word_1_353' title='bbox 236 2992 556 3046; x_wconf 79' lang='lat' dir='ltr'><strong>existentem</strong></span> <span class='ocrx_word' id='word_1_354' title='bbox 608 2992 677 3046; x_wconf 89' lang='lat' dir='ltr'><strong>ad</strong></span> <span class='ocrx_word' id='word_1_355' title='bbox 709 2997 871 3046; x_wconf 87' lang='lat' dir='ltr'><strong>totius</strong></span> <span class='ocrx_word' id='word_1_356' title='bbox 900 2994 1081 3047; x_wconf 87' lang='lat' dir='ltr'><strong>mundi</strong></span> <span class='ocrx_word' id='word_1_357' title='bbox 1110 2993 1441 3049; x_wconf 74' lang='lat' dir='ltr'><strong>salutiferam</strong></span> <span class='ocrx_word' id='word_1_358' title='bbox 1490 2994 1811 3062; x_wconf 86' lang='lat' dir='ltr'><strong>passionem,</strong></span> 
     </span>
    </p>
   </div>
   <div class='ocr_carea' id='block_1_47' title="bbox 238 3084 1815 3141">
    <p class='ocr_par' dir='ltr' id='par_1_47' title="bbox 238 3084 1815 3141">
     <span class='ocr_line' id='line_1_47' title="bbox 238 3084 1815 3141; baseline 0.003 -6"><span class='ocrx_word' id='word_1_359' title='bbox 238 3091 328 3136; x_wconf 84' lang='lat' dir='ltr'><strong>aut</strong></span> <span class='ocrx_word' id='word_1_360' title='bbox 354 3084 762 3139; x_wconf 84' lang='lat' dir='ltr'><strong>discordantem</strong></span> <span class='ocrx_word' id='word_1_361' title='bbox 802 3084 945 3139; x_wconf 88' lang='lat' dir='ltr'><strong>Patri</strong></span> <span class='ocrx_word' id='word_1_362' title='bbox 974 3094 1028 3139; x_wconf 91' lang='lat' dir='ltr'><strong>et</strong></span> <span class='ocrx_word' id='word_1_363' title='bbox 1057 3085 1373 3141; x_wconf 88' lang='lat' dir='ltr'><strong>inhabitanti</strong></span> <span class='ocrx_word' id='word_1_364' title='bbox 1403 3086 1597 3140; x_wconf 83' lang='lat' dir='ltr'><strong>Verbo.</strong></span> <span class='ocrx_word' id='word_1_365' title='bbox 1630 3086 1736 3141; x_wconf 91' lang='lat' dir='ltr'><strong>Sed</strong></span> <span class='ocrx_word' id='word_1_366' title='bbox 1761 3094 1815 3139; x_wconf 91' lang='lat' dir='ltr'><strong>et</strong></span> 
     </span>
    </p>
   </div>
   <div class='ocr_carea' id='block_1_48' title="bbox 1912 1882 3495 1977">
    <p class='ocr_par' dir='ltr' id='par_1_48' title="bbox 1912 1882 3495 1977">
     <span class='ocr_line' id='line_1_48' title="bbox 1912 1882 3495 1977; baseline 0.015 -43"><span class='ocrx_word' id='word_1_367' title='bbox 1912 1882 2019 1952; x_wconf 77' lang='grc' dir='ltr'><strong>οὐχ</strong></span> <span class='ocrx_word' id='word_1_368' title='bbox 2048 1885 2117 1944; x_wconf 82' lang='grc' dir='ltr'>ὡς</span> <span class='ocrx_word' id='word_1_369' title='bbox 2159 1892 2249 1945; x_wconf 79' lang='grc' dir='ltr'>τῆς</span> <span class='ocrx_word' id='word_1_370' title='bbox 2289 1895 2469 1963; x_wconf 81' lang='grc' dir='ltr'>νοερῶς</span> <span class='ocrx_word' id='word_1_371' title='bbox 2495 1890 2837 1965; x_wconf 66' lang='grc' dir='ltr'>ἔψυχωμένης</span> <span class='ocrx_word' id='word_1_372' title='bbox 2876 1902 2966 1949; x_wconf 85' lang='grc' dir='ltr'>τοῦ</span> <span class='ocrx_word' id='word_1_373' title='bbox 2997 1904 3125 1955; x_wconf 84' lang='grc' dir='ltr'>Θεοῦ</span> <span class='ocrx_word' id='word_1_374' title='bbox 3155 1900 3319 1973; x_wconf 84' lang='grc' dir='ltr'>Λόγου</span> <span class='ocrx_word' id='word_1_375' title='bbox 3360 1923 3495 1977; x_wconf 88' lang='grc' dir='ltr'>σαρ-</span> 
     </span>
    </p>
   </div>
   <div class='ocr_carea' id='block_1_49' title="bbox 1911 1975 3495 2061">
    <p class='ocr_par' dir='ltr' id='par_1_49' title="bbox 1911 1975 3495 2061">
     <span class='ocr_line' id='line_1_49' title="bbox 1911 1975 3495 2061; baseline 0.014 -34"><span class='ocrx_word' id='word_1_376' title='bbox 1911 1975 2024 2038; x_wconf 85' lang='grc' dir='ltr'>κός,</span> <span class='ocrx_word' id='word_1_377' title='bbox 2051 1977 2349 2048; x_wconf 83' lang='grc' dir='ltr'>ἀπροθύμου</span> <span class='ocrx_word' id='word_1_378' title='bbox 2390 1984 2718 2043; x_wconf 76' lang='grc' dir='ltr'>καθεστώσης</span> <span class='ocrx_word' id='word_1_379' title='bbox 2752 1984 2878 2059; x_wconf 84' lang='grc' dir='ltr'>πρὸς</span> <span class='ocrx_word' id='word_1_380' title='bbox 2916 1987 2973 2039; x_wconf 88' lang='grc' dir='ltr'>τὸ</span> <span class='ocrx_word' id='word_1_381' title='bbox 3014 1984 3085 2057; x_wconf 77' lang='grc' dir='ltr'><em>τῷ</em></span> <span class='ocrx_word' id='word_1_382' title='bbox 3109 1990 3284 2061; x_wconf 82' lang='grc' dir='ltr'>κόσμῳ</span> <span class='ocrx_word' id='word_1_383' title='bbox 3315 1996 3495 2052; x_wconf 81' lang='grc' dir='ltr'>σωτή-</span> 
     </span>
    </p>
   </div>
   <div class='ocr_carea' id='block_1_50' title="bbox 1912 2068 3498 2160">
    <p class='ocr_par' dir='ltr' id='par_1_50' title="bbox 1912 2068 3498 2160">
     <span class='ocr_line' id='line_1_50' title="bbox 1912 2068 3498 2160; baseline 0.013 -41"><span class='ocrx_word' id='word_1_384' title='bbox 1912 2086 2018 2141; x_wconf 87' lang='grc' dir='ltr'>ριον</span> <span class='ocrx_word' id='word_1_385' title='bbox 2040 2068 2288 2141; x_wconf 80' lang='grc' dir='ltr'>πάθημα,</span> <span class='ocrx_word' id='word_1_386' title='bbox 2326 2070 2358 2130; x_wconf 74' lang='grc' dir='ltr'><em>ἢ</em></span> <span class='ocrx_word' id='word_1_387' title='bbox 2395 2070 2737 2143; x_wconf 85' lang='grc' dir='ltr'>διχονοούσης</span> <span class='ocrx_word' id='word_1_388' title='bbox 2774 2080 2906 2151; x_wconf 85' lang='grc' dir='ltr'>πρὸς</span> <span class='ocrx_word' id='word_1_389' title='bbox 2925 2080 3009 2134; x_wconf 87' lang='grc' dir='ltr'><strong>τόν</strong></span> <span class='ocrx_word' id='word_1_390' title='bbox 3032 2083 3232 2154; x_wconf 82' lang='grc' dir='ltr'>Πατέρα</span> <span class='ocrx_word' id='word_1_391' title='bbox 3260 2085 3344 2138; x_wconf 76' lang='grc' dir='ltr'><strong>καί</strong></span> <span class='ocrx_word' id='word_1_392' title='bbox 3372 2086 3498 2160; x_wconf 87' lang='grc' dir='ltr'>πρὸς</span> 
     </span>
    </p>
   </div>
   <div class='ocr_carea' id='block_1_51' title="bbox 1914 2158 3501 2247">
    <p class='ocr_par' dir='ltr' id='par_1_51' title="bbox 1914 2158 3501 2247">
     <span class='ocr_line' id='line_1_51' title="bbox 1914 2158 3501 2247; baseline 0.013 -36"><span class='ocrx_word' id='word_1_393' title='bbox 1914 2158 2059 2212; x_wconf 85' lang='grc' dir='ltr'>αὐτόν</span> <span class='ocrx_word' id='word_1_394' title='bbox 2105 2158 2157 2215; x_wconf 76' lang='grc' dir='ltr'><strong>δέ</strong></span> <span class='ocrx_word' id='word_1_395' title='bbox 2186 2162 2274 2216; x_wconf 87' lang='grc' dir='ltr'>τὸν</span> <span class='ocrx_word' id='word_1_396' title='bbox 2310 2163 2633 2224; x_wconf 70' lang='grc' dir='ltr'>ἐνοικήσαντα</span> <span class='ocrx_word' id='word_1_397' title='bbox 2669 2164 2847 2240; x_wconf 85' lang='grc' dir='ltr'>Λόγον.</span> <span class='ocrx_word' id='word_1_398' title='bbox 2890 2170 3029 2224; x_wconf 84' lang='grc' dir='ltr'>Ἀλλά</span> <span class='ocrx_word' id='word_1_399' title='bbox 3068 2174 3170 2247; x_wconf 88' lang='grc' dir='ltr'><strong>γάρ</strong></span> <span class='ocrx_word' id='word_1_400' title='bbox 3196 2182 3288 2234; x_wconf 79' lang='grc' dir='ltr'>τῆς</span> <span class='ocrx_word' id='word_1_401' title='bbox 3324 2158 3501 2231; x_wconf 81' lang='grc' dir='ltr'>τοιαύ-</span> 
     </span>
    </p>
   </div>
   <div class='ocr_carea' id='block_1_52' title="bbox 1912 2248 3497 2335">
    <p class='ocr_par' dir='ltr' id='par_1_52' title="bbox 1912 2248 3497 2335">
     <span class='ocr_line' id='line_1_52' title="bbox 1912 2248 3497 2335; baseline 0.01 -34"><span class='ocrx_word' id='word_1_402' title='bbox 1912 2269 2001 2308; x_wconf 90' lang='grc' dir='ltr'><strong>της</strong></span> <span class='ocrx_word' id='word_1_403' title='bbox 2030 2248 2213 2311; x_wconf 72' lang='grc' dir='ltr'>ἐννοίας</span> <span class='ocrx_word' id='word_1_404' title='bbox 2247 2254 2611 2327; x_wconf 86' lang='grc' dir='ltr'>ἀκριϐέστατον</span> <span class='ocrx_word' id='word_1_405' title='bbox 2636 2257 2877 2329; x_wconf 80' lang='grc' dir='ltr'>ἐξηγητήν</span> <span class='ocrx_word' id='word_1_406' title='bbox 2904 2281 2954 2315; x_wconf 84' lang='grc' dir='ltr'><strong>τε</strong></span> <span class='ocrx_word' id='word_1_407' title='bbox 2988 2263 3073 2314; x_wconf 85' lang='grc' dir='ltr'>καὶ</span> <span class='ocrx_word' id='word_1_408' title='bbox 3102 2261 3318 2335; x_wconf 72' lang='grc' dir='ltr'>ἑρμηνέα</span> <span class='ocrx_word' id='word_1_409' title='bbox 3346 2263 3497 2328; x_wconf 83' lang='grc' dir='ltr'>δεξὼ·</span> 
     </span>
    </p>
   </div>
   <div class='ocr_carea' id='block_1_53' title="bbox 1914 2342 3502 2426">
    <p class='ocr_par' dir='ltr' id='par_1_53' title="bbox 1914 2342 3502 2426">
     <span class='ocr_line' id='line_1_53' title="bbox 1914 2342 3502 2426; baseline 0.012 -34"><span class='ocrx_word' id='word_1_410' title='bbox 1914 2342 2042 2411; x_wconf 83' lang='grc' dir='ltr'>μεθα</span> <span class='ocrx_word' id='word_1_411' title='bbox 2088 2344 2172 2397; x_wconf 89' lang='grc' dir='ltr'><strong>τόν</strong></span> <span class='ocrx_word' id='word_1_412' title='bbox 2218 2345 2533 2417; x_wconf 79' lang='grc' dir='ltr'>ἀμφίστομον</span> <span class='ocrx_word' id='word_1_413' title='bbox 2560 2349 2907 2421; x_wconf 80' lang='grc' dir='ltr'>σειρομάστην</span> <span class='ocrx_word' id='word_1_414' title='bbox 2943 2357 3035 2407; x_wconf 83' lang='grc' dir='ltr'>τοῦ</span> <span class='ocrx_word' id='word_1_415' title='bbox 3077 2356 3366 2426; x_wconf 88' lang='grc' dir='ltr'>πνεύματος</span> <span class='ocrx_word' id='word_1_416' title='bbox 3406 2360 3502 2410; x_wconf 65' lang='lat' dir='ltr'><strong>ttu-</strong></span> 
     </span>
    </p>
   </div>
   <div class='ocr_carea' id='block_1_54' title="bbox 1913 2433 3502 2524">
    <p class='ocr_par' dir='ltr' id='par_1_54' title="bbox 1913 2433 3502 2524">
     <span class='ocr_line' id='line_1_54' title="bbox 1913 2433 3502 2524; baseline 0.012 -38"><span class='ocrx_word' id='word_1_417' title='bbox 1913 2433 2098 2506; x_wconf 83' lang='grc' dir='ltr'>ριλλον,</span> <span class='ocrx_word' id='word_1_418' title='bbox 2126 2435 2290 2515; x_wconf 14' lang='grc' dir='ltr'>τόνῗέν</span> <span class='ocrx_word' id='word_1_419' title='bbox 2321 2437 2515 2510; x_wconf 82' lang='grc' dir='ltr'>ἱερεῦσι</span> <span class='ocrx_word' id='word_1_420' title='bbox 2564 2436 2799 2518; x_wconf 87' lang='grc' dir='ltr'>δεύτερον</span> <span class='ocrx_word' id='word_1_421' title='bbox 2826 2444 3045 2507; x_wconf 79' lang='grc' dir='ltr'>ζηλωτὴν</span> <span class='ocrx_word' id='word_1_422' title='bbox 3093 2450 3279 2514; x_wconf 71' lang='grc' dir='ltr'>Φινεές,</span> <span class='ocrx_word' id='word_1_423' title='bbox 3311 2452 3396 2504; x_wconf 68' lang='grc' dir='ltr'><strong>τόν</strong></span> <span class='ocrx_word' id='word_1_424' title='bbox 3438 2459 3502 2524; x_wconf 72' lang='grc' dir='ltr'>τῇ</span> 
     </span>
    </p>
   </div>
   <div class='ocr_carea' id='block_1_55' title="bbox 1914 2524 3502 2618">
    <p class='ocr_par' dir='ltr' id='par_1_55' title="bbox 1914 2524 3502 2618">
     <span class='ocr_line' id='line_1_55' title="bbox 1914 2524 3502 2618; baseline 0.012 -40"><span class='ocrx_word' id='word_1_425' title='bbox 1914 2524 2110 2594; x_wconf 80' lang='grc' dir='ltr'>ἀλκίμῳ</span> <span class='ocrx_word' id='word_1_426' title='bbox 2152 2536 2243 2587; x_wconf 80' lang='grc' dir='ltr'>τῆς</span> <span class='ocrx_word' id='word_1_427' title='bbox 2263 2528 2500 2598; x_wconf 82' lang='grc' dir='ltr'>γλώσσης</span> <span class='ocrx_word' id='word_1_428' title='bbox 2531 2532 2696 2607; x_wconf 83' lang='grc' dir='ltr'>πληγῇ</span> <span class='ocrx_word' id='word_1_429' title='bbox 2739 2541 3201 2595; x_wconf 80' lang='grc' dir='ltr'>συνεκκεντὴσαντα</span> <span class='ocrx_word' id='word_1_430' title='bbox 3227 2541 3393 2603; x_wconf 84' lang='grc' dir='ltr'>καλῶς</span> <span class='ocrx_word' id='word_1_431' title='bbox 3438 2552 3502 2618; x_wconf 74' lang='grc' dir='ltr'>τῇ</span> 
     </span>
    </p>
   </div>
   <div class='ocr_carea' id='block_1_56' title="bbox 1912 2614 3502 2703">
    <p class='ocr_par' dir='ltr' id='par_1_56' title="bbox 1912 2614 3502 2703">
     <span class='ocr_line' id='line_1_56' title="bbox 1912 2614 3502 2703; baseline 0.013 -38"><span class='ocrx_word' id='word_1_432' title='bbox 1912 2614 2071 2687; x_wconf 78' lang='grc' dir='ltr'>πόρνη</span> <span class='ocrx_word' id='word_1_433' title='bbox 2097 2615 2388 2689; x_wconf 74' lang='grc' dir='ltr'>συγχύσει,</span> <span class='ocrx_word' id='word_1_434' title='bbox 2433 2621 2518 2675; x_wconf 88' lang='grc' dir='ltr'><strong>τόν</strong></span> <span class='ocrx_word' id='word_1_435' title='bbox 2543 2630 2634 2683; x_wconf 79' lang='grc' dir='ltr'>τῆς</span> <span class='ocrx_word' id='word_1_436' title='bbox 2663 2622 2964 2699; x_wconf 70' lang='grc' dir='ltr'>δταιρέσεως</span> <span class='ocrx_word' id='word_1_437' title='bbox 2993 2629 3110 2682; x_wconf 84' lang='grc' dir='ltr'>νοῦν</span> <span class='ocrx_word' id='word_1_438' title='bbox 3145 2651 3198 2683; x_wconf 90' lang='grc' dir='ltr'><strong>τε</strong></span> <span class='ocrx_word' id='word_1_439' title='bbox 3246 2634 3331 2685; x_wconf 85' lang='grc' dir='ltr'>καὶ</span> <span class='ocrx_word' id='word_1_440' title='bbox 3360 2630 3502 2703; x_wconf 77' lang='grc' dir='ltr'>λόγον</span> 
     </span>
    </p>
   </div>
   <div class='ocr_carea' id='block_1_57' title="bbox 1915 2705 3503 2792">
    <p class='ocr_par' dir='ltr' id='par_1_57' title="bbox 1915 2705 3503 2792">
     <span class='ocr_line' id='line_1_57' title="bbox 1915 2705 3503 2792; baseline 0.015 -35"><span class='ocrx_word' id='word_1_441' title='bbox 1915 2705 2207 2773; x_wconf 75' lang='grc' dir='ltr'>ἀκόλαστον,</span> <span class='ocrx_word' id='word_1_442' title='bbox 2235 2711 2283 2763; x_wconf 81' lang='grc' dir='ltr'>ἐν</span> <span class='ocrx_word' id='word_1_443' title='bbox 2308 2707 2379 2781; x_wconf 80' lang='grc' dir='ltr'>τῷ</span> <span class='ocrx_word' id='word_1_444' title='bbox 2401 2710 2635 2788; x_wconf 79' lang='grc' dir='ltr'>τετάρτῳ</span> <span class='ocrx_word' id='word_1_445' title='bbox 2657 2723 2755 2770; x_wconf 86' lang='grc' dir='ltr'><strong>τῶν</strong></span> <span class='ocrx_word' id='word_1_446' title='bbox 2791 2720 3215 2792; x_wconf 82' lang='grc' dir='ltr'>άναθεματισμῶν</span> <span class='ocrx_word' id='word_1_447' title='bbox 3235 2733 3332 2779; x_wconf 85' lang='grc' dir='ltr'><strong>τῶν</strong></span> <span class='ocrx_word' id='word_1_448' title='bbox 3372 2731 3503 2781; x_wconf 79' lang='grc' dir='ltr'>κατά</span> 
     </span>
    </p>
   </div>
   <div class='ocr_carea' id='block_1_58' title="bbox 1914 2797 3503 2892">
    <p class='ocr_par' dir='ltr' id='par_1_58' title="bbox 1914 2797 3503 2892">
     <span class='ocr_line' id='line_1_58' title="bbox 1914 2797 3503 2892; baseline 0.014 -41"><span class='ocrx_word' id='word_1_449' title='bbox 1914 2806 2012 2852; x_wconf 88' lang='grc' dir='ltr'><strong>τῶν</strong></span> <span class='ocrx_word' id='word_1_450' title='bbox 2027 2797 2216 2855; x_wconf 66' lang='grc' dir='ltr'>δώδεκα</span> <span class='ocrx_word' id='word_1_451' title='bbox 2233 2805 2508 2875; x_wconf 78' lang='grc' dir='ltr'>κεφαλαίων</span> <span class='ocrx_word' id='word_1_452' title='bbox 2522 2808 3034 2889; x_wconf 62' lang='grc' dir='ltr'>ἀπιρῤητικῶξπαρά</span> <span class='ocrx_word' id='word_1_453' title='bbox 3050 2813 3361 2892; x_wconf 89' lang='grc' dir='ltr'>Θεοδωρίτου</span> <span class='ocrx_word' id='word_1_454' title='bbox 3376 2822 3503 2892; x_wconf 72' lang='grc' dir='ltr'>πρός</span> 
     </span>
    </p>
   </div>
   <div class='ocr_carea' id='block_1_59' title="bbox 1917 2892 3504 2986">
    <p class='ocr_par' dir='ltr' id='par_1_59' title="bbox 1917 2892 3504 2986">
     <span class='ocr_line' id='line_1_59' title="bbox 1917 2892 3504 2986; baseline 0.014 -42"><span class='ocrx_word' id='word_1_455' title='bbox 1917 2892 2044 2945; x_wconf 87' lang='grc' dir='ltr'><strong>αύτά</strong></span> <span class='ocrx_word' id='word_1_456' title='bbox 2084 2897 2498 2969; x_wconf 80' lang='grc' dir='ltr'>συγγραφέντων,</span> <span class='ocrx_word' id='word_1_457' title='bbox 2548 2899 2872 2975; x_wconf 80' lang='grc' dir='ltr'>ἐγκριθέντων</span> <span class='ocrx_word' id='word_1_458' title='bbox 2915 2926 2969 2959; x_wconf 87' lang='grc' dir='ltr'><strong>τε</strong></span> <span class='ocrx_word' id='word_1_459' title='bbox 3011 2909 3154 2981; x_wconf 86' lang='grc' dir='ltr'>παρά</span> <span class='ocrx_word' id='word_1_460' title='bbox 3196 2930 3251 2963; x_wconf 87' lang='grc' dir='ltr'><strong>τε</strong></span> <span class='ocrx_word' id='word_1_461' title='bbox 3382 2910 3504 2986; x_wconf 52' lang='grc' dir='ltr'>ἁγία</span> 
     </span>
    </p>
   </div>
   <div class='ocr_carea' id='block_1_60' title="bbox 1923 2984 3500 3073">
    <p class='ocr_par' dir='ltr' id='par_1_60' title="bbox 1923 2984 3500 3073">
     <span class='ocr_line' id='line_1_60' title="bbox 1923 2984 3500 3073; baseline 0.013 -38"><span class='ocrx_word' id='word_1_462' title='bbox 1923 2984 2009 3036; x_wconf 83' lang='grc' dir='ltr'><strong>καί</strong></span> <span class='ocrx_word' id='word_1_463' title='bbox 2044 2985 2355 3059; x_wconf 79' lang='grc' dir='ltr'>οἱκουμενικῇ</span> <span class='ocrx_word' id='word_1_464' title='bbox 2382 2989 2432 3041; x_wconf 83' lang='grc' dir='ltr'>ἐν</span> <span class='ocrx_word' id='word_1_465' title='bbox 2455 2989 2753 3053; x_wconf 78' lang='grc' dir='ltr'>Χαλκηδόνι.</span> <span class='ocrx_word' id='word_1_466' title='bbox 2780 2997 2866 3047; x_wconf 84' lang='grc' dir='ltr'><strong>καί</strong></span> <span class='ocrx_word' id='word_1_467' title='bbox 2887 2995 2935 3048; x_wconf 79' lang='grc' dir='ltr'>ἓν</span> <span class='ocrx_word' id='word_1_468' title='bbox 2956 3003 3018 3071; x_wconf 73' lang='grc' dir='ltr'><strong>τῇ</strong></span> <span class='ocrx_word' id='word_1_469' title='bbox 3046 2999 3254 3070; x_wconf 81' lang='grc' dir='ltr'>πέμπτῃ</span> <span class='ocrx_word' id='word_1_470' title='bbox 3284 3000 3500 3073; x_wconf 78' lang='grc' dir='ltr'>συνόδῳ,</span> 
     </span>
    </p>
   </div>
   <div class='ocr_carea' id='block_1_61' title="bbox 1918 3073 3504 3154">
    <p class='ocr_par' dir='ltr' id='par_1_61' title="bbox 1918 3073 3504 3154">
     <span class='ocr_line' id='line_1_61' title="bbox 1918 3073 3504 3154; baseline 0.012 -29"><span class='ocrx_word' id='word_1_471' title='bbox 1918 3073 2218 3149; x_wconf 70' lang='grc' dir='ltr'>τρανότερον</span> <span class='ocrx_word' id='word_1_472' title='bbox 2228 3080 2316 3134; x_wconf 78' lang='grc' dir='ltr'>τὴν</span> <span class='ocrx_word' id='word_1_473' title='bbox 2330 3079 2649 3151; x_wconf 80' lang='grc' dir='ltr'>εὐαγγελικην</span> <span class='ocrx_word' id='word_1_474' title='bbox 2670 3079 2753 3136; x_wconf 85' lang='grc' dir='ltr'><strong>διά</strong></span> <span class='ocrx_word' id='word_1_475' title='bbox 2778 3084 3000 3154; x_wconf 82' lang='grc' dir='ltr'>σχόντος</span> <span class='ocrx_word' id='word_1_476' title='bbox 3013 3106 3066 3141; x_wconf 90' lang='grc' dir='ltr'><strong>τε</strong></span> <span class='ocrx_word' id='word_1_477' title='bbox 3088 3090 3171 3141; x_wconf 86' lang='grc' dir='ltr'>καὶ</span> <span class='ocrx_word' id='word_1_478' title='bbox 3185 3090 3504 3154; x_wconf 77' lang='grc' dir='ltr'>ἀναπτύξαν‹</span> 
     </span>
    </p>
   </div>
   <div class='ocr_carea' id='block_1_62' title="bbox 238 3163 1815 3249">
    <p class='ocr_par' dir='ltr' id='par_1_62' title="bbox 238 3176 1812 3249">
     <span class='ocr_line' id='line_1_62' title="bbox 238 3176 1812 3249; baseline 0.001 -19"><span class='ocrx_word' id='word_1_479' title='bbox 238 3176 393 3245; x_wconf 82' lang='lat' dir='ltr'><strong>hujus</strong></span> <span class='ocrx_word' id='word_1_480' title='bbox 423 3178 729 3231; x_wconf 88' lang='lat' dir='ltr'><strong>intellectui</strong></span> <span class='ocrx_word' id='word_1_481' title='bbox 771 3178 1245 3233; x_wconf 82' lang='lat' dir='ltr'><strong>acribiosissimum</strong></span> <span class='ocrx_word' id='word_1_482' title='bbox 1285 3176 1375 3249; x_wconf 86' lang='lat' dir='ltr'><strong>[Id</strong></span> <span class='ocrx_word' id='word_1_483' title='bbox 1401 3188 1494 3243; x_wconf 85' lang='lat' dir='ltr'><strong>est,</strong></span> <span class='ocrx_word' id='word_1_484' title='bbox 1523 3177 1812 3248; x_wconf 54' lang='lat' dir='ltr'><strong>diligentis.</strong></span> 
     </span>
    </p>
   </div>
   <div class='ocr_carea' id='block_1_63' title="bbox 1917 3163 3504 3249">
    <p class='ocr_par' dir='ltr' id='par_1_63' title="bbox 1920 3163 3504 3236">
     <span class='ocr_line' id='line_1_63' title="bbox 1920 3163 3504 3236; baseline 0.013 -21"><span class='ocrx_word' id='word_1_485' title='bbox 1920 3181 2007 3223; x_wconf 80' lang='grc' dir='ltr'><strong>τος</strong></span> <span class='ocrx_word' id='word_1_486' title='bbox 2026 3163 2196 3234; x_wconf 78' lang='grc' dir='ltr'>ῥῆσιν.</span> <span class='ocrx_word' id='word_1_487' title='bbox 2221 3169 2307 3220; x_wconf 67' lang='grc' dir='ltr'><strong>Καὶ</strong></span> <span class='ocrx_word' id='word_1_488' title='bbox 2323 3169 2508 3229; x_wconf 85' lang='grc' dir='ltr'>πάντες</span> <span class='ocrx_word' id='word_1_489' title='bbox 2529 3168 2581 3224; x_wconf 87' lang='grc' dir='ltr'><em>δέ</em></span> <span class='ocrx_word' id='word_1_490' title='bbox 2602 3180 2693 3231; x_wconf 80' lang='grc' dir='ltr'><strong>τῆς</strong></span> <span class='ocrx_word' id='word_1_491' title='bbox 2708 3174 2962 3236; x_wconf 77' lang='grc' dir='ltr'>εὐσεϐείας</span> <span class='ocrx_word' id='word_1_492' title='bbox 2977 3177 3020 3230; x_wconf 79' lang='grc' dir='ltr'>οἱ</span> <span class='ocrx_word' id='word_1_493' title='bbox 3041 3175 3332 3235; x_wconf 85' lang='grc' dir='ltr'>διδάσκαλοί</span> <span class='ocrx_word' id='word_1_494' title='bbox 3351 3201 3405 3235; x_wconf 88' lang='grc' dir='ltr'><strong>τε</strong></span> <span class='ocrx_word' id='word_1_495' title='bbox 3423 3178 3504 3235; x_wconf 86' lang='grc' dir='ltr'><strong>καί</strong></span> 
     </span>
    </p>
   </div>
   <div class='ocr_carea' id='block_1_64' title="bbox 233 3263 1810 3338">
    <p class='ocr_par' dir='ltr' id='par_1_64' title="bbox 233 3263 1810 3338">
     <span class='ocr_line' id='line_1_64' title="bbox 233 3263 1810 3338; baseline 0.003 -18"><span class='ocrx_word' id='word_1_496' title='bbox 233 3263 448 3335; x_wconf 72' lang='lat' dir='ltr'><strong>simum]</strong></span> <span class='ocrx_word' id='word_1_497' title='bbox 474 3267 842 3335; x_wconf 71' lang='lat' dir='ltr'><strong>expositorem</strong></span> <span class='ocrx_word' id='word_1_498' title='bbox 864 3279 917 3321; x_wconf 91' lang='lat' dir='ltr'><strong>et</strong></span> <span class='ocrx_word' id='word_1_499' title='bbox 946 3267 1411 3337; x_wconf 88' lang='lat' dir='ltr'><strong>interpretatorem</strong></span> <span class='ocrx_word' id='word_1_500' title='bbox 1435 3270 1810 3338; x_wconf 86' lang='lat' dir='ltr'><strong>suscipiamus,</strong></span> 
     </span>
    </p>
   </div>
   <div class='ocr_carea' id='block_1_65' title="bbox 235 3357 1808 3431">
    <p class='ocr_par' dir='ltr' id='par_1_65' title="bbox 235 3357 1808 3431">
     <span class='ocr_line' id='line_1_65' title="bbox 235 3357 1808 3431; baseline 0.004 -23"><span class='ocrx_word' id='word_1_501' title='bbox 235 3357 283 3410; x_wconf 87' lang='lat' dir='ltr'><strong>id</strong></span> <span class='ocrx_word' id='word_1_502' title='bbox 308 3369 415 3423; x_wconf 86' lang='lat' dir='ltr'><strong>est,</strong></span> <span class='ocrx_word' id='word_1_503' title='bbox 445 3359 529 3412; x_wconf 91' lang='lat' dir='ltr'><strong>bis</strong></span> <span class='ocrx_word' id='word_1_504' title='bbox 556 3368 769 3413; x_wconf 91' lang='lat' dir='ltr'><strong>acutum</strong></span> <span class='ocrx_word' id='word_1_505' title='bbox 800 3361 1086 3430; x_wconf 82' lang='lat' dir='ltr'><strong>pugionem</strong></span> <span class='ocrx_word' id='word_1_506' title='bbox 1129 3361 1420 3428; x_wconf 86' lang='lat' dir='ltr'><strong>spiritalem</strong></span> <span class='ocrx_word' id='word_1_507' title='bbox 1449 3360 1729 3431; x_wconf 88' lang='lat' dir='ltr'><strong>Cyrillum,</strong></span> <span class='ocrx_word' id='word_1_508' title='bbox 1758 3362 1808 3415; x_wconf 94' lang='lat' dir='ltr'><strong>in</strong></span> 
     </span>
    </p>
   </div>
   <div class='ocr_carea' id='block_1_66' title="bbox 233 3449 1814 3521">
    <p class='ocr_par' dir='ltr' id='par_1_66' title="bbox 233 3449 1814 3521">
     <span class='ocr_line' id='line_1_66' title="bbox 233 3449 1814 3521; baseline 0.001 -18"><span class='ocrx_word' id='word_1_509' title='bbox 233 3449 601 3503; x_wconf 80' lang='lat' dir='ltr'><strong>sacerdotibus</strong></span> <span class='ocrx_word' id='word_1_510' title='bbox 630 3449 926 3504; x_wconf 82' lang='lat' dir='ltr'><strong>secundum</strong></span> <span class='ocrx_word' id='word_1_511' title='bbox 958 3451 1183 3506; x_wconf 84' lang='lat' dir='ltr'><strong>zelotem</strong></span> <span class='ocrx_word' id='word_1_512' title='bbox 1215 3451 1463 3516; x_wconf 84' lang='lat' dir='ltr'><strong>Phinees,</strong></span> <span class='ocrx_word' id='word_1_513' title='bbox 1494 3453 1581 3521; x_wconf 88' lang='lat' dir='ltr'><strong>qui</strong></span> <span class='ocrx_word' id='word_1_514' title='bbox 1607 3452 1814 3504; x_wconf 85' lang='lat' dir='ltr'><strong>validis-</strong></span> 
     </span>
    </p>
   </div>
   <div class='ocr_carea' id='block_1_67' title="bbox 234 3539 1813 3611">
    <p class='ocr_par' dir='ltr' id='par_1_67' title="bbox 234 3539 1813 3611">
     <span class='ocr_line' id='line_1_67' title="bbox 234 3539 1813 3611; baseline 0.004 -22"><span class='ocrx_word' id='word_1_515' title='bbox 234 3539 364 3592; x_wconf 85' lang='lat' dir='ltr'><strong>simo</strong></span> <span class='ocrx_word' id='word_1_516' title='bbox 396 3540 595 3607; x_wconf 77' lang='lat' dir='ltr'><strong>linguae</strong></span> <span class='ocrx_word' id='word_1_517' title='bbox 646 3540 750 3593; x_wconf 88' lang='lat' dir='ltr'><strong>ictu</strong></span> <span class='ocrx_word' id='word_1_518' title='bbox 780 3541 1047 3609; x_wconf 88' lang='lat' dir='ltr'><strong>percussit</strong></span> <span class='ocrx_word' id='word_1_519' title='bbox 1075 3540 1279 3611; x_wconf 90' lang='lat' dir='ltr'><strong>optime</strong></span> <span class='ocrx_word' id='word_1_520' title='bbox 1323 3545 1657 3597; x_wconf 72' lang='lat' dir='ltr'><strong>meretricem</strong></span> <span class='ocrx_word' id='word_1_521' title='bbox 1688 3558 1813 3597; x_wconf 83' lang='lat' dir='ltr'><strong>con-</strong></span> 
     </span>
    </p>
   </div>
   <div class='ocr_carea' id='block_1_68' title="bbox 236 3627 1810 3700">
    <p class='ocr_par' dir='ltr' id='par_1_68' title="bbox 236 3627 1810 3700">
     <span class='ocr_line' id='line_1_68' title="bbox 236 3627 1810 3700; baseline 0.006 -20"><span class='ocrx_word' id='word_1_522' title='bbox 236 3627 499 3683; x_wconf 72' lang='lat' dir='ltr'><strong>fusionem</strong></span> <span class='ocrx_word' id='word_1_523' title='bbox 525 3628 717 3698; x_wconf 81' lang='lat' dir='ltr'><strong>(Num.</strong></span> <span class='ocrx_word' id='word_1_524' title='bbox 761 3629 915 3700; x_wconf 79' lang='lat' dir='ltr'><strong>xxv).</strong></span> <span class='ocrx_word' id='word_1_525' title='bbox 942 3632 1220 3687; x_wconf 82' lang='lat' dir='ltr'><strong>divisionis</strong></span> <span class='ocrx_word' id='word_1_526' title='bbox 1252 3633 1580 3689; x_wconf 86' lang='lat' dir='ltr'><strong>intellectum</strong></span> <span class='ocrx_word' id='word_1_527' title='bbox 1608 3646 1659 3689; x_wconf 90' lang='lat' dir='ltr'><strong>et</strong></span> <span class='ocrx_word' id='word_1_528' title='bbox 1690 3651 1810 3689; x_wconf 85' lang='lat' dir='ltr'><strong>ver-</strong></span> 
     </span>
    </p>
   </div>
   <div class='ocr_carea' id='block_1_69' title="bbox 234 3719 1815 3794">
    <p class='ocr_par' dir='ltr' id='par_1_69' title="bbox 234 3719 1815 3794">
     <span class='ocr_line' id='line_1_69' title="bbox 234 3719 1815 3794; baseline 0.004 -23"><span class='ocrx_word' id='word_1_529' title='bbox 234 3719 354 3771; x_wconf 88' lang='lat' dir='ltr'><strong>bum</strong></span> <span class='ocrx_word' id='word_1_530' title='bbox 408 3721 710 3788; x_wconf 85' lang='lat' dir='ltr'><strong>pravitatis,</strong></span> <span class='ocrx_word' id='word_1_531' title='bbox 761 3723 813 3775; x_wconf 92' lang='lat' dir='ltr'><strong>in</strong></span> <span class='ocrx_word' id='word_1_532' title='bbox 842 3733 1035 3791; x_wconf 88' lang='lat' dir='ltr'><strong>quarto</strong></span> <span class='ocrx_word' id='word_1_533' title='bbox 1083 3722 1152 3777; x_wconf 90' lang='lat' dir='ltr'><strong>de</strong></span> <span class='ocrx_word' id='word_1_534' title='bbox 1198 3724 1627 3781; x_wconf 88' lang='lat' dir='ltr'><strong>anathematihus</strong></span> <span class='ocrx_word' id='word_1_535' title='bbox 1668 3725 1815 3794; x_wconf 87' lang='lat' dir='ltr'><strong>capi-</strong></span> 
     </span>
    </p>
   </div>
   <div class='ocr_carea' id='block_1_70' title="bbox 234 3812 1810 3876">
    <p class='ocr_par' dir='ltr' id='par_1_70' title="bbox 234 3812 1810 3876">
     <span class='ocr_line' id='line_1_70' title="bbox 234 3812 1810 3876; baseline 0.006 -14"><span class='ocrx_word' id='word_1_536' title='bbox 234 3812 382 3876; x_wconf 79' lang='lat' dir='ltr'><strong>tulo,</strong></span> <span class='ocrx_word' id='word_1_537' title='bbox 438 3812 599 3865; x_wconf 89' lang='lat' dir='ltr'><strong>dictis</strong></span> <span class='ocrx_word' id='word_1_538' title='bbox 663 3813 950 3867; x_wconf 90' lang='lat' dir='ltr'><strong>adversum</strong></span> <span class='ocrx_word' id='word_1_539' title='bbox 1013 3815 1465 3870; x_wconf 87' lang='lat' dir='ltr'><strong>contradictiones</strong></span> <span class='ocrx_word' id='word_1_540' title='bbox 1528 3817 1810 3871; x_wconf 89' lang='lat' dir='ltr'><strong>duodecim</strong></span> 
     </span>
    </p>
   </div>
   <div class='ocr_carea' id='block_1_71' title="bbox 234 3902 1814 3975">
    <p class='ocr_par' dir='ltr' id='par_1_71' title="bbox 234 3902 1814 3975">
     <span class='ocr_line' id='line_1_71' title="bbox 234 3902 1814 3975; baseline 0.005 -21"><span class='ocrx_word' id='word_1_541' title='bbox 234 3903 610 3970; x_wconf 76' lang='lat' dir='ltr'><strong>capitulorum,</strong></span> <span class='ocrx_word' id='word_1_542' title='bbox 658 3902 824 3958; x_wconf 79' lang='lat' dir='ltr'><strong>factas</strong></span> <span class='ocrx_word' id='word_1_543' title='bbox 853 3919 882 3958; x_wconf 91' lang='lat' dir='ltr'><strong>a</strong></span> <span class='ocrx_word' id='word_1_544' title='bbox 925 3904 1276 3972; x_wconf 88' lang='lat' dir='ltr'><strong>Theodorito,</strong></span> <span class='ocrx_word' id='word_1_545' title='bbox 1309 3914 1468 3975; x_wconf 85' lang='lat' dir='ltr'><strong>atque</strong></span> <span class='ocrx_word' id='word_1_546' title='bbox 1522 3908 1756 3975; x_wconf 84' lang='lat' dir='ltr'><strong>probatis</strong></span> <span class='ocrx_word' id='word_1_547' title='bbox 1787 3923 1814 3962; x_wconf 92' lang='lat' dir='ltr'><strong>a</strong></span> 
     </span>
    </p>
   </div>
   <div class='ocr_carea' id='block_1_72' title="bbox 236 3994 1813 4071">
    <p class='ocr_par' dir='ltr' id='par_1_72' title="bbox 236 3994 1813 4071">
     <span class='ocr_line' id='line_1_72' title="bbox 236 3994 1813 4071; baseline 0.006 -26"><span class='ocrx_word' id='word_1_548' title='bbox 236 4004 414 4049; x_wconf 82' lang='lat' dir='ltr'><strong>sancta</strong></span> <span class='ocrx_word' id='word_1_549' title='bbox 446 3996 742 4049; x_wconf 85' lang='lat' dir='ltr'><strong>universali</strong></span> <span class='ocrx_word' id='word_1_550' title='bbox 789 3994 1219 4053; x_wconf 89' lang='lat' dir='ltr'><strong>Chalcedonensi</strong></span> <span class='ocrx_word' id='word_1_551' title='bbox 1269 4007 1322 4053; x_wconf 88' lang='lat' dir='ltr'><strong>et</strong></span> <span class='ocrx_word' id='word_1_552' title='bbox 1354 4000 1536 4068; x_wconf 86' lang='lat' dir='ltr'><strong>quinta</strong></span> <span class='ocrx_word' id='word_1_553' title='bbox 1585 4001 1813 4071; x_wconf 89' lang='lat' dir='ltr'><strong>synodo,</strong></span> 
     </span>
    </p>
   </div>
   <div class='ocr_carea' id='block_1_73' title="bbox 236 4082 1817 4161">
    <p class='ocr_par' dir='ltr' id='par_1_73' title="bbox 236 4082 1817 4161">
     <span class='ocr_line' id='line_1_73' title="bbox 236 4082 1817 4161; baseline 0.007 -26"><span class='ocrx_word' id='word_1_554' title='bbox 236 4082 564 4139; x_wconf 87' lang='lat' dir='ltr'><strong>luculentius</strong></span> <span class='ocrx_word' id='word_1_555' title='bbox 596 4087 962 4156; x_wconf 86' lang='lat' dir='ltr'><strong>cvangelicam</strong></span> <span class='ocrx_word' id='word_1_556' title='bbox 994 4090 1277 4159; x_wconf 81' lang='lat' dir='ltr'><strong>proferens</strong></span> <span class='ocrx_word' id='word_1_557' title='bbox 1306 4100 1467 4160; x_wconf 89' lang='lat' dir='ltr'><strong>atque</strong></span> <span class='ocrx_word' id='word_1_558' title='bbox 1498 4092 1817 4161; x_wconf 79' lang='lat' dir='ltr'><strong>adaperiens</strong></span> 
     </span>
    </p>
   </div>
   <div class='ocr_carea' id='block_1_74' title="bbox 238 4177 1817 4250">
    <p class='ocr_par' dir='ltr' id='par_1_74' title="bbox 238 4177 1817 4250">
     <span class='ocr_line' id='line_1_74' title="bbox 238 4177 1817 4250; baseline 0.011 -29"><span class='ocrx_word' id='word_1_559' title='bbox 238 4188 439 4228; x_wconf 70' lang='lat' dir='ltr'><strong>vocem.</strong></span> <span class='ocrx_word' id='word_1_560' title='bbox 474 4177 582 4231; x_wconf 84' lang='lat' dir='ltr'><strong>Sed</strong></span> <span class='ocrx_word' id='word_1_561' title='bbox 626 4189 676 4230; x_wconf 89' lang='lat' dir='ltr'><strong>et</strong></span> <span class='ocrx_word' id='word_1_562' title='bbox 716 4192 906 4233; x_wconf 91' lang='lat' dir='ltr'><strong>omnes</strong></span> <span class='ocrx_word' id='word_1_563' title='bbox 952 4181 1166 4248; x_wconf 91' lang='lat' dir='ltr'><strong>pietatis</strong></span> <span class='ocrx_word' id='word_1_564' title='bbox 1206 4181 1453 4236; x_wconf 86' lang='lat' dir='ltr'><strong>doctores</strong></span> <span class='ocrx_word' id='word_1_565' title='bbox 1482 4196 1535 4237; x_wconf 90' lang='lat' dir='ltr'><strong>et</strong></span> <span class='ocrx_word' id='word_1_566' title='bbox 1565 4185 1817 4250; x_wconf 75' lang='lat' dir='ltr'><strong>praedica-</strong></span> 
     </span>
    </p>
   </div>
   <div class='ocr_carea' id='block_1_75' title="bbox 237 4267 1812 4334">
    <p class='ocr_par' dir='ltr' id='par_1_75' title="bbox 237 4267 1812 4334">
     <span class='ocr_line' id='line_1_75' title="bbox 237 4267 1812 4334; baseline 0.008 -17"><span class='ocrx_word' id='word_1_567' title='bbox 237 4272 372 4317; x_wconf 85' lang='lat' dir='ltr'><strong>tores</strong></span> <span class='ocrx_word' id='word_1_568' title='bbox 402 4267 713 4334; x_wconf 87' lang='lat' dir='ltr'><strong>hujusmodi</strong></span> <span class='ocrx_word' id='word_1_569' title='bbox 763 4271 921 4324; x_wconf 91' lang='lat' dir='ltr'><strong>unius</strong></span> <span class='ocrx_word' id='word_1_570' title='bbox 951 4271 1241 4327; x_wconf 88' lang='lat' dir='ltr'><strong>voluntatis</strong></span> <span class='ocrx_word' id='word_1_571' title='bbox 1272 4284 1448 4328; x_wconf 83' lang='lat' dir='ltr'><strong>mente</strong></span> <span class='ocrx_word' id='word_1_572' title='bbox 1478 4275 1812 4331; x_wconf 82' lang='lat' dir='ltr'><strong>detinentur.</strong></span> 
     </span>
    </p>
   </div>
   <div class='ocr_carea' id='block_1_76' title="bbox 238 4354 1817 4437">
    <p class='ocr_par' dir='ltr' id='par_1_76' title="bbox 238 4354 1817 4437">
     <span class='ocr_line' id='line_1_76' title="bbox 238 4354 1817 4437; baseline 0.011 -29"><span class='ocrx_word' id='word_1_573' title='bbox 238 4354 493 4421; x_wconf 84' lang='lat' dir='ltr'><strong>Quorum,</strong></span> <span class='ocrx_word' id='word_1_574' title='bbox 542 4361 586 4411; x_wconf 91' lang='lat' dir='ltr'><strong>si</strong></span> <span class='ocrx_word' id='word_1_575' title='bbox 639 4376 775 4428; x_wconf 88' lang='lat' dir='ltr'><strong>opus</strong></span> <span class='ocrx_word' id='word_1_576' title='bbox 820 4371 900 4414; x_wconf 87' lang='lat' dir='ltr'><strong>est</strong></span> <span class='ocrx_word' id='word_1_577' title='bbox 941 4364 1286 4433; x_wconf 82' lang='lat' dir='ltr'><strong>requisitione</strong></span> <span class='ocrx_word' id='word_1_578' title='bbox 1341 4368 1713 4437; x_wconf 87' lang='lat' dir='ltr'><strong>proveniente,</strong></span> <span class='ocrx_word' id='word_1_579' title='bbox 1763 4382 1817 4425; x_wconf 88' lang='lat' dir='ltr'><strong>et</strong></span> 
     </span>
    </p>
   </div>
   <div class='ocr_carea' id='block_1_77' title="bbox 241 4451 1813 4527">
    <p class='ocr_par' dir='ltr' id='par_1_77' title="bbox 241 4451 1813 4527">
     <span class='ocr_line' id='line_1_77' title="bbox 241 4451 1813 4527; baseline 0.013 -30"><span class='ocrx_word' id='word_1_580' title='bbox 241 4460 607 4515; x_wconf 69' lang='lat' dir='ltr'><strong>mrupeteutcr</strong></span> <span class='ocrx_word' id='word_1_581' title='bbox 648 4451 936 4521; x_wconf 79' lang='lat' dir='ltr'><strong>relegimhs</strong></span> <span class='ocrx_word' id='word_1_582' title='bbox 967 4457 1265 4509; x_wconf 76' lang='lat' dir='ltr'><strong>testimonia</strong></span> <span class='ocrx_word' id='word_1_583' title='bbox 1312 4474 1323 4509; x_wconf 91' lang='lat'><strong>:</strong></span> <span class='ocrx_word' id='word_1_584' title='bbox 1357 4460 1546 4527; x_wconf 85' lang='lat' dir='ltr'><strong>quibus</strong></span> <span class='ocrx_word' id='word_1_585' title='bbox 1588 4474 1813 4516; x_wconf 86' lang='lat' dir='ltr'><strong>concor-</strong></span> 
     </span>
    </p>
   </div>
   <div class='ocr_carea' id='block_1_78' title="bbox 1918 3255 3502 3345">
    <p class='ocr_par' dir='ltr' id='par_1_78' title="bbox 1918 3255 3502 3345">
     <span class='ocr_line' id='line_1_78' title="bbox 1918 3255 3502 3345; baseline 0.014 -41"><span class='ocrx_word' id='word_1_586' title='bbox 1918 3255 2135 3324; x_wconf 82' lang='grc' dir='ltr'>κήρυκες</span> <span class='ocrx_word' id='word_1_587' title='bbox 2269 3260 2480 3334; x_wconf 74' lang='grc' dir='ltr'>τοιαύτη</span> <span class='ocrx_word' id='word_1_588' title='bbox 2526 3256 2617 3314; x_wconf 61' lang='lat' dir='ltr'><strong>rei:</strong></span> <span class='ocrx_word' id='word_1_589' title='bbox 2654 3261 2757 3323; x_wconf 74' lang='grc' dir='ltr'>ἑνὸς</span> <span class='ocrx_word' id='word_1_590' title='bbox 2779 3265 3059 3336; x_wconf 76' lang='grc' dir='ltr'>θελήματος</span> <span class='ocrx_word' id='word_1_591' title='bbox 3084 3265 3198 3341; x_wconf 77' lang='grc' dir='ltr'>δόξῃ</span> <span class='ocrx_word' id='word_1_592' title='bbox 3224 3272 3502 3345; x_wconf 73' lang='grc' dir='ltr'>συμφέρον-</span> 
     </span>
    </p>
   </div>
   <div class='ocr_carea' id='block_1_79' title="bbox 1915 3343 3502 3435">
    <p class='ocr_par' dir='ltr' id='par_1_79' title="bbox 1915 3343 3502 3435">
     <span class='ocr_line' id='line_1_79' title="bbox 1915 3343 3502 3435; baseline 0.013 -38"><span class='ocrx_word' id='word_1_593' title='bbox 1915 3365 2022 3399; x_wconf 89' lang='grc' dir='ltr'>ται.</span> <span class='ocrx_word' id='word_1_594' title='bbox 2053 3343 2147 3398; x_wconf 82' lang='grc' dir='ltr'>Ὧν</span> <span class='ocrx_word' id='word_1_595' title='bbox 2193 3350 2239 3401; x_wconf 88' lang='grc' dir='ltr'><strong>εί</strong></span> <span class='ocrx_word' id='word_1_596' title='bbox 2278 3346 2449 3408; x_wconf 81' lang='grc' dir='ltr'>δεήσει</span> <span class='ocrx_word' id='word_1_597' title='bbox 2471 3356 2730 3416; x_wconf 76' lang='grc' dir='ltr'>ζητήσεως</span> <span class='ocrx_word' id='word_1_598' title='bbox 2754 3358 2919 3427; x_wconf 87' lang='grc' dir='ltr'>τυχόν</span> <span class='ocrx_word' id='word_1_599' title='bbox 2946 3362 3254 3435; x_wconf 81' lang='grc' dir='ltr'>προϊούσης,</span> <span class='ocrx_word' id='word_1_600' title='bbox 3287 3365 3372 3419; x_wconf 83' lang='grc' dir='ltr'><strong>καί</strong></span> <span class='ocrx_word' id='word_1_601' title='bbox 3408 3366 3502 3422; x_wconf 88' lang='grc' dir='ltr'><strong>τάς</strong></span> 
     </span>
    </p>
   </div>
   <div class='ocr_carea' id='block_1_80' title="bbox 1916 3439 3499 3525">
    <p class='ocr_par' dir='ltr' id='par_1_80' title="bbox 1916 3439 3499 3525">
     <span class='ocr_line' id='line_1_80' title="bbox 1916 3439 3499 3525; baseline 0.009 -32"><span class='ocrx_word' id='word_1_602' title='bbox 1916 3439 2234 3513; x_wconf 71' lang='grc' dir='ltr'>προσφόρους</span> <span class='ocrx_word' id='word_1_603' title='bbox 2274 3442 2744 3518; x_wconf 85' lang='grc' dir='ltr'>ύπαναγνωσόμεθα</span> <span class='ocrx_word' id='word_1_604' title='bbox 2794 3454 3038 3525; x_wconf 78' lang='grc' dir='ltr'>χρήσεις.</span> <span class='ocrx_word' id='word_1_605' title='bbox 3081 3449 3168 3510; x_wconf 83' lang='grc' dir='ltr'><strong>Οἷς</strong></span> <span class='ocrx_word' id='word_1_606' title='bbox 3210 3476 3316 3508; x_wconf 94' lang='grc' dir='ltr'>τισι</span> <span class='ocrx_word' id='word_1_607' title='bbox 3361 3457 3499 3525; x_wconf 78' lang='grc' dir='ltr'>σύμο</span> 
     </span>
    </p>
   </div>
   <div class='ocr_carea' id='block_1_81' title="bbox 1914 3532 3502 3615">
    <p class='ocr_par' dir='ltr' id='par_1_81' title="bbox 1914 3532 3502 3615">
     <span class='ocr_line' id='line_1_81' title="bbox 1914 3532 3502 3615; baseline 0.014 -35"><span class='ocrx_word' id='word_1_608' title='bbox 1914 3550 2085 3602; x_wconf 81' lang='grc' dir='ltr'>φρονες</span> <span class='ocrx_word' id='word_1_609' title='bbox 2126 3532 2364 3603; x_wconf 88' lang='grc' dir='ltr'>γεγόνασι</span> <span class='ocrx_word' id='word_1_610' title='bbox 2404 3540 2484 3590; x_wconf 86' lang='grc' dir='ltr'><strong>καί</strong></span> <span class='ocrx_word' id='word_1_611' title='bbox 2510 3536 2779 3613; x_wconf 72' lang='grc' dir='ltr'>ὁμόφρονες</span> <span class='ocrx_word' id='word_1_612' title='bbox 2801 3542 2843 3593; x_wconf 77' lang='grc' dir='ltr'>οἷ</span> <span class='ocrx_word' id='word_1_613' title='bbox 2870 3547 2959 3600; x_wconf 76' lang='grc' dir='ltr'><strong>την</strong></span> <span class='ocrx_word' id='word_1_614' title='bbox 3003 3536 3196 3615; x_wconf 77' lang='grc' dir='ltr'>μνήμην</span> <span class='ocrx_word' id='word_1_615' title='bbox 3223 3554 3316 3606; x_wconf 80' lang='grc' dir='ltr'>τῆς</span> <span class='ocrx_word' id='word_1_616' title='bbox 3360 3548 3502 3602; x_wconf 82' lang='grc' dir='ltr'>εύσε·</span> 
     </span>
    </p>
   </div>
   <div class='ocr_carea' id='block_1_82' title="bbox 1919 3617 3500 3706">
    <p class='ocr_par' dir='ltr' id='par_1_82' title="bbox 1919 3617 3500 3706">
     <span class='ocr_line' id='line_1_82' title="bbox 1919 3617 3500 3706; baseline 0.015 -36"><span class='ocrx_word' id='word_1_617' title='bbox 1919 3617 2058 3677; x_wconf 77' lang='grc' dir='ltr'>ϐείας</span> <span class='ocrx_word' id='word_1_618' title='bbox 2088 3617 2307 3690; x_wconf 81' lang='grc' dir='ltr'>ἀοίδιμοι</span> <span class='ocrx_word' id='word_1_619' title='bbox 2346 3625 2545 3697; x_wconf 84' lang='grc' dir='ltr'>Σέργιος</span> <span class='ocrx_word' id='word_1_620' title='bbox 2585 3629 2667 3682; x_wconf 88' lang='grc' dir='ltr'><strong>καί</strong></span> <span class='ocrx_word' id='word_1_621' title='bbox 2705 3626 2966 3703; x_wconf 82' lang='grc' dir='ltr'>Ὀνώριος,</span> <span class='ocrx_word' id='word_1_622' title='bbox 2997 3631 3024 3687; x_wconf 89' lang='grc' dir='ltr'><strong>ό</strong></span> <span class='ocrx_word' id='word_1_623' title='bbox 3052 3636 3142 3706; x_wconf 83' lang='grc' dir='ltr'><strong>μέν</strong></span> <span class='ocrx_word' id='word_1_624' title='bbox 3166 3643 3258 3697; x_wconf 81' lang='grc' dir='ltr'>τῆς</span> <span class='ocrx_word' id='word_1_625' title='bbox 3296 3638 3430 3703; x_wconf 82' lang='grc' dir='ltr'>νέας,</span> <span class='ocrx_word' id='word_1_626' title='bbox 3474 3638 3500 3692; x_wconf 92' lang='grc' dir='ltr'><strong>ό</strong></span> 
     </span>
    </p>
   </div>
   <div class='ocr_carea' id='block_1_83' title="bbox 1918 3705 3504 3802">
    <p class='ocr_par' dir='ltr' id='par_1_83' title="bbox 1918 3705 3504 3802">
     <span class='ocr_line' id='line_1_83' title="bbox 1918 3705 3504 3802; baseline 0.016 -42"><span class='ocrx_word' id='word_1_627' title='bbox 1918 3705 1971 3760; x_wconf 80' lang='grc' dir='ltr'><strong>δέ</strong></span> <span class='ocrx_word' id='word_1_628' title='bbox 1988 3716 2078 3768; x_wconf 81' lang='grc' dir='ltr'>τῆς</span> <span class='ocrx_word' id='word_1_629' title='bbox 2099 3712 2458 3787; x_wconf 84' lang='grc' dir='ltr'>πρεσϐυτέρας</span> <span class='ocrx_word' id='word_1_630' title='bbox 2483 3719 2673 3790; x_wconf 78' lang='grc' dir='ltr'>Ῥώμης</span> <span class='ocrx_word' id='word_1_631' title='bbox 2693 3720 2776 3774; x_wconf 87' lang='grc' dir='ltr'>τὸν</span> <span class='ocrx_word' id='word_1_632' title='bbox 2800 3722 3165 3797; x_wconf 82' lang='grc' dir='ltr'>ἀρχιερατικόν</span> <span class='ocrx_word' id='word_1_633' title='bbox 3193 3726 3366 3802; x_wconf 83' lang='grc' dir='ltr'>θρόνον</span> <span class='ocrx_word' id='word_1_634' title='bbox 3387 3751 3504 3785; x_wconf 78' lang='grc' dir='ltr'>κισ·</span> 
     </span>
    </p>
   </div>
   <div class='ocr_carea' id='block_1_84' title="bbox 1918 3800 3503 3889">
    <p class='ocr_par' dir='ltr' id='par_1_84' title="bbox 1918 3800 3503 3889">
     <span class='ocr_line' id='line_1_84' title="bbox 1918 3800 3503 3889; baseline 0.016 -39"><span class='ocrx_word' id='word_1_635' title='bbox 1918 3800 2217 3865; x_wconf 81' lang='grc' dir='ltr'>μήσαντες.’</span> <span class='ocrx_word' id='word_1_636' title='bbox 2245 3802 2421 3865; x_wconf 62' lang='grc' dir='ltr'>Οὕτως</span> <span class='ocrx_word' id='word_1_637' title='bbox 2475 3808 2624 3878; x_wconf 79' lang='grc' dir='ltr'>ἡμεῖς</span> <span class='ocrx_word' id='word_1_638' title='bbox 2679 3810 3033 3885; x_wconf 79' lang='grc' dir='ltr'>περὶτούτων</span> <span class='ocrx_word' id='word_1_639' title='bbox 3082 3812 3319 3889; x_wconf 77' lang='grc' dir='ltr'>ἔχομεν,</span> <span class='ocrx_word' id='word_1_640' title='bbox 3369 3819 3503 3875; x_wconf 64' lang='grc' dir='ltr'>οὕτω</span> 
     </span>
    </p>
   </div>
   <div class='ocr_carea' id='block_1_85' title="bbox 1919 3894 3502 3986">
    <p class='ocr_par' dir='ltr' id='par_1_85' title="bbox 1919 3894 3502 3986">
     <span class='ocr_line' id='line_1_85' title="bbox 1919 3894 3502 3986; baseline 0.017 -45"><span class='ocrx_word' id='word_1_641' title='bbox 1919 3894 2219 3962; x_wconf 55' lang='grc' dir='ltr'>φρονοῦμεν,</span> <span class='ocrx_word' id='word_1_642' title='bbox 2262 3894 2395 3950; x_wconf 77' lang='grc' dir='ltr'>οὕτω</span> <span class='ocrx_word' id='word_1_643' title='bbox 2426 3900 2761 3973; x_wconf 85' lang='grc' dir='ltr'>κηρύττομεν.</span> <span class='ocrx_word' id='word_1_644' title='bbox 2811 3902 2889 3957; x_wconf 86' lang='grc' dir='ltr'>Ἐν</span> <span class='ocrx_word' id='word_1_645' title='bbox 2927 3909 3129 3967; x_wconf 81' lang='grc' dir='ltr'>τούτοις</span> <span class='ocrx_word' id='word_1_646' title='bbox 3166 3918 3259 3969; x_wconf 79' lang='grc' dir='ltr'>τῆς</span> <span class='ocrx_word' id='word_1_647' title='bbox 3305 3910 3502 3986; x_wconf 83' lang='grc' dir='ltr'>ὁρθοδο-</span> 
     </span>
    </p>
   </div>
   <div class='ocr_carea' id='block_1_86' title="bbox 1918 3982 3501 4075">
    <p class='ocr_par' dir='ltr' id='par_1_86' title="bbox 1918 3982 3501 4075">
     <span class='ocr_line' id='line_1_86' title="bbox 1918 3982 3501 4075; baseline 0.019 -43"><span class='ocrx_word' id='word_1_648' title='bbox 1918 3982 2027 4045; x_wconf 85' lang='grc' dir='ltr'>ξίας</span> <span class='ocrx_word' id='word_1_649' title='bbox 2073 3986 2102 4043; x_wconf 84' lang='grc' dir='ltr'><strong><em>ἠ</em></strong></span> <span class='ocrx_word' id='word_1_650' title='bbox 2132 3983 2367 4052; x_wconf 79' lang='grc' dir='ltr'>δήλωσις,</span> <span class='ocrx_word' id='word_1_651' title='bbox 2428 3990 2475 4042; x_wconf 83' lang='grc' dir='ltr'>ἐν</span> <span class='ocrx_word' id='word_1_652' title='bbox 2513 3994 2709 4054; x_wconf 88' lang='grc' dir='ltr'>τούτοις</span> <span class='ocrx_word' id='word_1_653' title='bbox 2761 4005 2847 4056; x_wconf 78' lang='grc' dir='ltr'>τῆς</span> <span class='ocrx_word' id='word_1_654' title='bbox 2884 3996 3174 4061; x_wconf 80' lang='grc' dir='ltr'>Ἐκκλησίας</span> <span class='ocrx_word' id='word_1_655' title='bbox 3217 4006 3247 4060; x_wconf 75' lang='grc' dir='ltr'>ἡ</span> <span class='ocrx_word' id='word_1_656' title='bbox 3294 4007 3501 4075; x_wconf 87' lang='grc' dir='ltr'>καύχη-</span> 
     </span>
    </p>
   </div>
   <div class='ocr_carea' id='block_1_87' title="bbox 1920 4076 3500 4164">
    <p class='ocr_par' dir='ltr' id='par_1_87' title="bbox 1920 4076 3500 4164">
     <span class='ocr_line' id='line_1_87' title="bbox 1920 4076 3500 4164; baseline 0.016 -38"><span class='ocrx_word' id='word_1_657' title='bbox 1920 4095 2021 4136; x_wconf 88' lang='grc' dir='ltr'>σις,</span> <span class='ocrx_word' id='word_1_658' title='bbox 2054 4076 2103 4129; x_wconf 81' lang='grc' dir='ltr'>ἐν</span> <span class='ocrx_word' id='word_1_659' title='bbox 2149 4080 2351 4141; x_wconf 84' lang='grc' dir='ltr'>τούτοις</span> <span class='ocrx_word' id='word_1_660' title='bbox 2394 4083 2532 4150; x_wconf 81' lang='grc' dir='ltr'>ἡμῶν</span> <span class='ocrx_word' id='word_1_661' title='bbox 2559 4085 2588 4141; x_wconf 78' lang='grc' dir='ltr'>ἡ</span> <span class='ocrx_word' id='word_1_662' title='bbox 2627 4093 2718 4146; x_wconf 77' lang='grc' dir='ltr'>τῆς</span> <span class='ocrx_word' id='word_1_663' title='bbox 2747 4092 3003 4164; x_wconf 84' lang='grc' dir='ltr'>σωτηρίας</span> <span class='ocrx_word' id='word_1_664' title='bbox 3039 4092 3198 4153; x_wconf 71' lang='grc' dir='ltr'>ἐλπίς.</span> <span class='ocrx_word' id='word_1_665' title='bbox 3233 4095 3365 4154; x_wconf 79' lang='grc' dir='ltr'>Αὕτη</span> <span class='ocrx_word' id='word_1_666' title='bbox 3409 4105 3500 4152; x_wconf 84' lang='grc' dir='ltr'>τοῦ</span> 
     </span>
    </p>
   </div>
   <div class='ocr_carea' id='block_1_88' title="bbox 1918 4166 3504 4265">
    <p class='ocr_par' dir='ltr' id='par_1_88' title="bbox 1918 4166 3504 4265">
     <span class='ocr_line' id='line_1_88' title="bbox 1918 4166 3504 4265; baseline 0.017 -49"><span class='ocrx_word' id='word_1_667' title='bbox 1918 4166 2205 4234; x_wconf 86' lang='grc' dir='ltr'>πνεύματος</span> <span class='ocrx_word' id='word_1_668' title='bbox 2218 4171 2246 4226; x_wconf 82' lang='grc' dir='ltr'><em>ἠ</em></span> <span class='ocrx_word' id='word_1_669' title='bbox 2268 4171 2512 4243; x_wconf 73' lang='grc' dir='ltr'>τρόφιμος</span> <span class='ocrx_word' id='word_1_670' title='bbox 2531 4175 2654 4241; x_wconf 89' lang='grc' dir='ltr'>πόα,</span> <span class='ocrx_word' id='word_1_671' title='bbox 2676 4183 2827 4231; x_wconf 77' lang='grc' dir='ltr'>τοῦτο</span> <span class='ocrx_word' id='word_1_672' title='bbox 2843 4187 2941 4233; x_wconf 85' lang='grc' dir='ltr'>τῶν</span> <span class='ocrx_word' id='word_1_673' title='bbox 2959 4191 3169 4257; x_wconf 83' lang='grc' dir='ltr'>πατρῶν</span> <span class='ocrx_word' id='word_1_674' title='bbox 3189 4188 3242 4238; x_wconf 72' lang='grc' dir='ltr'>τὸ</span> <span class='ocrx_word' id='word_1_675' title='bbox 3261 4192 3504 4265; x_wconf 74' lang='grc' dir='ltr'>σωτήριον</span> 
     </span>
    </p>
   </div>
   <div class='ocr_carea' id='block_1_89' title="bbox 1919 4252 3504 4346">
    <p class='ocr_par' dir='ltr' id='par_1_89' title="bbox 1919 4252 3504 4346">
     <span class='ocr_line' id='line_1_89' title="bbox 1919 4252 3504 4346; baseline 0.018 -39"><span class='ocrx_word' id='word_1_676' title='bbox 1919 4252 2080 4321; x_wconf 78' lang='grc' dir='ltr'>ἄνθος,</span> <span class='ocrx_word' id='word_1_677' title='bbox 2114 4257 2261 4321; x_wconf 76' lang='grc' dir='ltr'>οὗτος</span> <span class='ocrx_word' id='word_1_678' title='bbox 2289 4270 2387 4317; x_wconf 84' lang='grc' dir='ltr'>τῶν</span> <span class='ocrx_word' id='word_1_679' title='bbox 2415 4265 2623 4337; x_wconf 82' lang='grc' dir='ltr'>λογικῶν</span> <span class='ocrx_word' id='word_1_680' title='bbox 2654 4270 2924 4343; x_wconf 81' lang='grc' dir='ltr'>προϐάτων</span> <span class='ocrx_word' id='word_1_681' title='bbox 2960 4271 2985 4326; x_wconf 88' lang='grc' dir='ltr'><strong>ό</strong></span> <span class='ocrx_word' id='word_1_682' title='bbox 3017 4276 3261 4346; x_wconf 83' lang='grc' dir='ltr'>ζωογόνος</span> <span class='ocrx_word' id='word_1_683' title='bbox 3283 4287 3370 4338; x_wconf 80' lang='grc' dir='ltr'>τῆς</span> <span class='ocrx_word' id='word_1_684' title='bbox 3391 4279 3504 4338; x_wconf 84' lang='grc' dir='ltr'>άλη-</span> 
     </span>
    </p>
   </div>
   <div class='ocr_carea' id='block_1_90' title="bbox 1917 4349 3502 4436">
    <p class='ocr_par' dir='ltr' id='par_1_90' title="bbox 1917 4349 3502 4436">
     <span class='ocr_line' id='line_1_90' title="bbox 1917 4349 3502 4436; baseline 0.017 -37"><span class='ocrx_word' id='word_1_685' title='bbox 1917 4349 2050 4409; x_wconf 88' lang='grc' dir='ltr'>θείας</span> <span class='ocrx_word' id='word_1_686' title='bbox 2091 4350 2425 4425; x_wconf 80' lang='grc' dir='ltr'>παράδεισος·</span> <span class='ocrx_word' id='word_1_687' title='bbox 2473 4363 2637 4413; x_wconf 85' lang='grc' dir='ltr'>ταῦτα</span> <span class='ocrx_word' id='word_1_688' title='bbox 2666 4361 2896 4433; x_wconf 81' lang='grc' dir='ltr'>μελετᾷν,</span> <span class='ocrx_word' id='word_1_689' title='bbox 2928 4366 2976 4416; x_wconf 83' lang='grc' dir='ltr'>ἐν</span> <span class='ocrx_word' id='word_1_690' title='bbox 3021 4369 3220 4428; x_wconf 87' lang='grc' dir='ltr'>τούτοις</span> <span class='ocrx_word' id='word_1_691' title='bbox 3243 4365 3387 4436; x_wconf 78' lang='grc' dir='ltr'>εἶναι,</span> <span class='ocrx_word' id='word_1_692' title='bbox 3421 4370 3502 4426; x_wconf 84' lang='grc' dir='ltr'><strong>διά</strong></span> 
     </span>
    </p>
   </div>
   <div class='ocr_carea' id='block_1_91' title="bbox 1922 4443 3501 4537">
    <p class='ocr_par' dir='ltr' id='par_1_91' title="bbox 1922 4443 3501 4537">
     <span class='ocr_line' id='line_1_91' title="bbox 1922 4443 3501 4537; baseline 0.013 -42"><span class='ocrx_word' id='word_1_693' title='bbox 1922 4443 2115 4496; x_wconf 89' lang='grc' dir='ltr'>τούτων</span> <span class='ocrx_word' id='word_1_694' title='bbox 2142 4448 2444 4513; x_wconf 68' lang='grc' dir='ltr'>φωτίζεσθαι</span> <span class='ocrx_word' id='word_1_695' title='bbox 2489 4452 2575 4503; x_wconf 86' lang='grc' dir='ltr'><strong>καί</strong></span> <span class='ocrx_word' id='word_1_696' title='bbox 2623 4457 2851 4521; x_wconf 80' lang='grc' dir='ltr'>φωτίζειν</span> <span class='ocrx_word' id='word_1_697' title='bbox 2902 4454 3172 4525; x_wconf 73' lang='grc' dir='ltr'>εύχόμεθγ.</span> <span class='ocrx_word' id='word_1_698' title='bbox 3213 4465 3373 4513; x_wconf 79' lang='grc' dir='ltr'>Τοῦτο</span> <span class='ocrx_word' id='word_1_699' title='bbox 3404 4464 3501 4537; x_wconf 84' lang='grc' dir='ltr'><strong>γάρ</strong></span> 
     </span>
    </p>
   </div>
   <div class='ocr_carea' id='block_1_92' title="bbox 240 4520 1815 4621">
    <p class='ocr_par' dir='ltr' id='par_1_92' title="bbox 240 4538 1815 4615">
     <span class='ocr_line' id='line_1_92' title="bbox 240 4538 1815 4615; baseline 0.01 -24"><span class='ocrx_word' id='word_1_700' title='bbox 240 4538 419 4593; x_wconf 52' lang='lat' dir='ltr'><strong>dantes</strong></span> <span class='ocrx_word' id='word_1_701' title='bbox 444 4549 502 4592; x_wconf 85' lang='lat' dir='ltr'><strong>ct</strong></span> <span class='ocrx_word' id='word_1_702' title='bbox 531 4555 893 4598; x_wconf 86' lang='lat' dir='ltr'><strong>consonantes</strong></span> <span class='ocrx_word' id='word_1_703' title='bbox 922 4545 1044 4599; x_wconf 81' lang='lat' dir='ltr'><strong>facti</strong></span> <span class='ocrx_word' id='word_1_704' title='bbox 1075 4559 1197 4601; x_wconf 89' lang='lat' dir='ltr'><strong>sunt</strong></span> <span class='ocrx_word' id='word_1_705' title='bbox 1221 4552 1315 4615; x_wconf 75' lang='lat' dir='ltr'><strong>pia:</strong></span> <span class='ocrx_word' id='word_1_706' title='bbox 1349 4552 1625 4605; x_wconf 71' lang='lat' dir='ltr'><strong>memoriae</strong></span> <span class='ocrx_word' id='word_1_707' title='bbox 1649 4561 1673 4587; x_wconf 83' lang='grc' dir='ltr'>ι</span> <span class='ocrx_word' id='word_1_708' title='bbox 1697 4552 1815 4606; x_wconf 84' lang='lat' dir='ltr'><strong>Ser-</strong></span> 
     </span>
    </p>
   </div>
   <div class='ocr_carea' id='block_1_93' title="bbox 1917 4520 3505 4621">
    <p class='ocr_par' dir='ltr' id='par_1_93' title="bbox 1918 4520 3505 4621">
     <span class='ocr_line' id='line_1_93' title="bbox 2634 4520 3482 4537; baseline 0.015 -16"><span class='ocrx_word' id='word_1_709' title='bbox 2634 4520 2637 4521; x_wconf 65' lang='lat'>,</span> <span class='ocrx_word' id='word_1_710' title='bbox 2958 4520 2998 4525; x_wconf 83' lang='lat'><strong>--</strong></span> <span class='ocrx_word' id='word_1_711' title='bbox 3032 4520 3038 4524; x_wconf 87' lang='lat'><strong>.</strong></span> <span class='ocrx_word' id='word_1_712' title='bbox 3411 4520 3424 4533; x_wconf 90' lang='lat'><strong>.</strong></span> <span class='ocrx_word' id='word_1_713' title='bbox 3470 4520 3482 4537; x_wconf 91' lang='lat'><strong>.</strong></span> 
     </span>
     <span class='ocr_line' id='line_1_94' title="bbox 1918 4536 3505 4621; baseline 0.012 -35"><span class='ocrx_word' id='word_1_714' title='bbox 1918 4538 2175 4593; x_wconf 77' lang='grc' dir='ltr'>ποιοῦντες</span> <span class='ocrx_word' id='word_1_715' title='bbox 2196 4537 2282 4589; x_wconf 83' lang='grc' dir='ltr'><strong>καί</strong></span> <span class='ocrx_word' id='word_1_716' title='bbox 2308 4536 2520 4597; x_wconf 75' lang='grc' dir='ltr'>ἑαυτούς</span> <span class='ocrx_word' id='word_1_717' title='bbox 2552 4543 2799 4612; x_wconf 80' lang='grc' dir='ltr'>σώζομεν,</span> <span class='ocrx_word' id='word_1_718' title='bbox 2819 4548 2901 4596; x_wconf 84' lang='grc' dir='ltr'><strong>καί</strong></span> <span class='ocrx_word' id='word_1_719' title='bbox 2927 4548 3045 4604; x_wconf 78' lang='grc' dir='ltr'>τοὺς</span> <span class='ocrx_word' id='word_1_720' title='bbox 3071 4548 3343 4607; x_wconf 86' lang='grc' dir='ltr'>ἀκούοντας</span> <span class='ocrx_word' id='word_1_721' title='bbox 3377 4553 3505 4621; x_wconf 84' lang='grc' dir='ltr'>ὠφε-</span> 
     </span>
    </p>
   </div>
   <div class='ocr_carea' id='block_1_94' title="bbox 240 4631 1811 4708">
    <p class='ocr_par' dir='ltr' id='par_1_94' title="bbox 240 4631 1811 4708">
     <span class='ocr_line' id='line_1_95' title="bbox 240 4631 1811 4708; baseline 0.012 -28"><span class='ocrx_word' id='word_1_722' title='bbox 240 4631 348 4698; x_wconf 87' lang='lat' dir='ltr'><strong>gius</strong></span> <span class='ocrx_word' id='word_1_723' title='bbox 379 4643 431 4686; x_wconf 87' lang='lat' dir='ltr'><strong>et</strong></span> <span class='ocrx_word' id='word_1_724' title='bbox 476 4632 769 4700; x_wconf 78' lang='lat' dir='ltr'><strong>lloiiorius,</strong></span> <span class='ocrx_word' id='word_1_725' title='bbox 807 4652 942 4691; x_wconf 90' lang='lat' dir='ltr'><strong>unus</strong></span> <span class='ocrx_word' id='word_1_726' title='bbox 988 4639 1201 4708; x_wconf 64' lang='lat' dir='ltr'><strong>quidvm</strong></span> <span class='ocrx_word' id='word_1_727' title='bbox 1243 4657 1415 4707; x_wconf 71' lang='lat' dir='ltr'><strong>novm,</strong></span> <span class='ocrx_word' id='word_1_728' title='bbox 1464 4644 1597 4699; x_wconf 88' lang='lat' dir='ltr'><strong>alter</strong></span> <span class='ocrx_word' id='word_1_729' title='bbox 1636 4654 1811 4699; x_wconf 88' lang='lat' dir='ltr'><strong>autem</strong></span> 
     </span>
    </p>
   </div>
   <div class='ocr_carea' id='block_1_95' title="bbox 240 4723 1811 4791">
    <p class='ocr_par' dir='ltr' id='par_1_95' title="bbox 240 4723 1811 4791">
     <span class='ocr_line' id='line_1_96' title="bbox 240 4723 1811 4791; baseline 0.012 -19"><span class='ocrx_word' id='word_1_730' title='bbox 240 4727 462 4791; x_wconf 72' lang='lat' dir='ltr'><strong>antiqua:</strong></span> <span class='ocrx_word' id='word_1_731' title='bbox 496 4723 681 4778; x_wconf 75' lang='lat' dir='ltr'><strong>Roma:</strong></span> <span class='ocrx_word' id='word_1_732' title='bbox 710 4729 904 4781; x_wconf 87' lang='lat' dir='ltr'><strong>summi</strong></span> <span class='ocrx_word' id='word_1_733' title='bbox 934 4731 1215 4783; x_wconf 84' lang='lat' dir='ltr'><strong>sacerdotii</strong></span> <span class='ocrx_word' id='word_1_734' title='bbox 1240 4733 1425 4786; x_wconf 84' lang='lat' dir='ltr'><strong>sedem</strong></span> <span class='ocrx_word' id='word_1_735' title='bbox 1468 4735 1811 4791; x_wconf 83' lang='lat' dir='ltr'><strong>decorantes.</strong></span> 
     </span>
    </p>
   </div>
   <div class='ocr_carea' id='block_1_96' title="bbox 243 4810 1817 4893">
    <p class='ocr_par' dir='ltr' id='par_1_96' title="bbox 243 4810 1817 4893">
     <span class='ocr_line' id='line_1_97' title="bbox 243 4810 1817 4893; baseline 0.011 -31"><span class='ocrx_word' id='word_1_736' title='bbox 243 4810 393 4880; x_wconf 82' lang='lat' dir='ltr'><strong>Igitur</strong></span> <span class='ocrx_word' id='word_1_737' title='bbox 422 4815 498 4868; x_wconf 90' lang='lat' dir='ltr'><strong>de</strong></span> <span class='ocrx_word' id='word_1_738' title='bbox 527 4816 613 4868; x_wconf 87' lang='lat' dir='ltr'><strong>his</strong></span> <span class='ocrx_word' id='word_1_739' title='bbox 642 4814 713 4868; x_wconf 88' lang='lat' dir='ltr'><strong>ita</strong></span> <span class='ocrx_word' id='word_1_740' title='bbox 748 4832 843 4870; x_wconf 91' lang='lat' dir='ltr'><strong>nos</strong></span> <span class='ocrx_word' id='word_1_741' title='bbox 878 4818 1156 4886; x_wconf 80' lang='lat' dir='ltr'><strong>habemus,</strong></span> <span class='ocrx_word' id='word_1_742' title='bbox 1208 4821 1285 4875; x_wconf 90' lang='lat' dir='ltr'><strong>sic</strong></span> <span class='ocrx_word' id='word_1_743' title='bbox 1328 4822 1692 4893; x_wconf 85' lang='lat' dir='ltr'><strong>intelligimus,</strong></span> <span class='ocrx_word' id='word_1_744' title='bbox 1739 4829 1817 4881; x_wconf 91' lang='lat' dir='ltr'><strong>sic</strong></span> 
     </span>
    </p>
   </div>
   <div class='ocr_carea' id='block_1_97' title="bbox 246 4906 1817 4985">
    <p class='ocr_par' dir='ltr' id='par_1_97' title="bbox 246 4906 1817 4985">
     <span class='ocr_line' id='line_1_98' title="bbox 246 4906 1817 4985; baseline 0.011 -30"><span class='ocrx_word' id='word_1_745' title='bbox 246 4906 586 4968; x_wconf 69' lang='lat' dir='ltr'><strong>praedicamus</strong></span> <span class='ocrx_word' id='word_1_746' title='bbox 614 4948 627 4971; x_wconf 93' lang='lat'><strong>,</strong></span> <span class='ocrx_word' id='word_1_747' title='bbox 668 4906 723 4960; x_wconf 88' lang='lat' dir='ltr'><strong>in</strong></span> <span class='ocrx_word' id='word_1_748' title='bbox 752 4907 834 4961; x_wconf 91' lang='lat' dir='ltr'><strong>his</strong></span> <span class='ocrx_word' id='word_1_749' title='bbox 862 4911 1194 4965; x_wconf 70' lang='lat' dir='ltr'><strong>orthodoxim</strong></span> <span class='ocrx_word' id='word_1_750' title='bbox 1239 4914 1619 4985; x_wconf 79' lang='lat' dir='ltr'><strong>manifestatio,</strong></span> <span class='ocrx_word' id='word_1_751' title='bbox 1654 4919 1708 4972; x_wconf 90' lang='lat' dir='ltr'><strong>iu</strong></span> <span class='ocrx_word' id='word_1_752' title='bbox 1736 4919 1817 4973; x_wconf 90' lang='lat' dir='ltr'><strong>his</strong></span> 
     </span>
    </p>
   </div>
   <div class='ocr_carea' id='block_1_98' title="bbox 246 4993 1816 5077">
    <p class='ocr_par' dir='ltr' id='par_1_98' title="bbox 246 4993 1816 5077">
     <span class='ocr_line' id='line_1_99' title="bbox 246 4993 1816 5077; baseline 0.011 -29"><span class='ocrx_word' id='word_1_753' title='bbox 246 4993 491 5051; x_wconf 65' lang='lat' dir='ltr'><strong>Ecclesia:</strong></span> <span class='ocrx_word' id='word_1_754' title='bbox 518 4999 656 5063; x_wconf 84' lang='lat' dir='ltr'><strong>laus,</strong></span> <span class='ocrx_word' id='word_1_755' title='bbox 685 4998 736 5053; x_wconf 92' lang='lat' dir='ltr'><strong>in</strong></span> <span class='ocrx_word' id='word_1_756' title='bbox 776 4999 858 5055; x_wconf 87' lang='lat' dir='ltr'><strong>his</strong></span> <span class='ocrx_word' id='word_1_757' title='bbox 913 5002 1098 5057; x_wconf 85' lang='lat' dir='ltr'><strong>salutis</strong></span> <span class='ocrx_word' id='word_1_758' title='bbox 1142 5016 1341 5061; x_wconf 80' lang='lat' dir='ltr'><strong>nostrae</strong></span> <span class='ocrx_word' id='word_1_759' title='bbox 1364 5022 1511 5077; x_wconf 89' lang='lat' dir='ltr'><strong>spes.</strong></span> <span class='ocrx_word' id='word_1_760' title='bbox 1563 5009 1689 5065; x_wconf 61' lang='lat' dir='ltr'><strong>Haec</strong></span> <span class='ocrx_word' id='word_1_761' title='bbox 1737 5024 1816 5065; x_wconf 66' lang='lat' dir='ltr'><strong>est</strong></span> 
     </span>
    </p>
   </div>
   <div class='ocr_carea' id='block_1_99' title="bbox 246 5087 1812 5167">
    <p class='ocr_par' dir='ltr' id='par_1_99' title="bbox 246 5087 1812 5167">
     <span class='ocr_line' id='line_1_100' title="bbox 246 5087 1812 5167; baseline 0.011 -28"><span class='ocrx_word' id='word_1_762' title='bbox 246 5087 433 5152; x_wconf 83' lang='lat' dir='ltr'><strong>spiritui</strong></span> <span class='ocrx_word' id='word_1_763' title='bbox 454 5090 1031 5157; x_wconf 69' lang='lat' dir='ltr'><strong>gerrnenfnntrilcrum,</strong></span> <span class='ocrx_word' id='word_1_764' title='bbox 1052 5092 1165 5148; x_wconf 73' lang='lat' dir='ltr'><strong>hcce</strong></span> <span class='ocrx_word' id='word_1_765' title='bbox 1189 5094 1404 5151; x_wconf 86' lang='lat' dir='ltr'><strong>Patrum</strong></span> <span class='ocrx_word' id='word_1_766' title='bbox 1422 5098 1669 5153; x_wconf 82' lang='lat' dir='ltr'><strong>salutaris</strong></span> <span class='ocrx_word' id='word_1_767' title='bbox 1692 5100 1812 5167; x_wconf 86' lang='lat' dir='ltr'><strong>llos,</strong></span> 
     </span>
    </p>
   </div>
   <div class='ocr_carea' id='block_1_100' title="bbox 252 5174 1820 5265">
    <p class='ocr_par' dir='ltr' id='par_1_100' title="bbox 252 5174 1820 5265">
     <span class='ocr_line' id='line_1_101' title="bbox 252 5174 1820 5265; baseline 0.013 -40"><span class='ocrx_word' id='word_1_768' title='bbox 252 5174 324 5229; x_wconf 86' lang='lat' dir='ltr'><strong>hic</strong></span> <span class='ocrx_word' id='word_1_769' title='bbox 345 5191 424 5232; x_wconf 81' lang='lat' dir='ltr'><strong>est</strong></span> <span class='ocrx_word' id='word_1_770' title='bbox 444 5179 842 5234; x_wconf 84' lang='lat' dir='ltr'><strong>rationabilium</strong></span> <span class='ocrx_word' id='word_1_771' title='bbox 875 5182 1050 5237; x_wconf 82' lang='lat' dir='ltr'><strong>ovium</strong></span> <span class='ocrx_word' id='word_1_772' title='bbox 1078 5186 1316 5265; x_wconf 79' lang='lat' dir='ltr'><strong>vivilicus</strong></span> <span class='ocrx_word' id='word_1_773' title='bbox 1348 5189 1584 5243; x_wconf 85' lang='lat' dir='ltr'><strong>veritatis</strong></span> <span class='ocrx_word' id='word_1_774' title='bbox 1609 5194 1820 5258; x_wconf 85' lang='lat' dir='ltr'><strong>paradi-</strong></span> 
     </span>
    </p>
   </div>
   <div class='ocr_carea' id='block_1_101' title="bbox 250 5269 1820 5347">
    <p class='ocr_par' dir='ltr' id='par_1_101' title="bbox 250 5269 1820 5347">
     <span class='ocr_line' id='line_1_102' title="bbox 250 5269 1820 5347; baseline 0.01 -28"><span class='ocrx_word' id='word_1_775' title='bbox 250 5280 347 5323; x_wconf 80' lang='lat' dir='ltr'><strong>sus.</strong></span> <span class='ocrx_word' id='word_1_776' title='bbox 376 5269 504 5324; x_wconf 64' lang='lat' dir='ltr'><strong>Haec</strong></span> <span class='ocrx_word' id='word_1_777' title='bbox 532 5270 803 5338; x_wconf 84' lang='lat' dir='ltr'><strong>meditari,</strong></span> <span class='ocrx_word' id='word_1_778' title='bbox 829 5274 880 5327; x_wconf 91' lang='lat' dir='ltr'><strong>in</strong></span> <span class='ocrx_word' id='word_1_779' title='bbox 908 5275 988 5328; x_wconf 90' lang='lat' dir='ltr'><strong>his</strong></span> <span class='ocrx_word' id='word_1_780' title='bbox 1009 5292 1153 5342; x_wconf 91' lang='lat' dir='ltr'><strong>esse,</strong></span> <span class='ocrx_word' id='word_1_781' title='bbox 1186 5294 1279 5347; x_wconf 87' lang='lat' dir='ltr'><strong>per</strong></span> <span class='ocrx_word' id='word_1_782' title='bbox 1306 5281 1421 5334; x_wconf 75' lang='lat' dir='ltr'><strong>haec</strong></span> <span class='ocrx_word' id='word_1_783' title='bbox 1458 5282 1743 5337; x_wconf 82' lang='lat' dir='ltr'><strong>illuminari</strong></span> <span class='ocrx_word' id='word_1_784' title='bbox 1767 5295 1820 5338; x_wconf 87' lang='lat' dir='ltr'><strong>et</strong></span> 
     </span>
    </p>
   </div>
   <div class='ocr_carea' id='block_1_102' title="bbox 250 5356 1819 5436">
    <p class='ocr_par' dir='ltr' id='par_1_102' title="bbox 250 5356 1819 5436">
     <span class='ocr_line' id='line_1_103' title="bbox 250 5356 1819 5436; baseline 0.01 -25"><span class='ocrx_word' id='word_1_785' title='bbox 250 5356 537 5416; x_wconf 85' lang='lat' dir='ltr'><strong>illuminare</strong></span> <span class='ocrx_word' id='word_1_786' title='bbox 553 5376 797 5427; x_wconf 89' lang='lat' dir='ltr'><strong>oramus,</strong></span> <span class='ocrx_word' id='word_1_787' title='bbox 819 5367 1070 5433; x_wconf 83' lang='lat' dir='ltr'><strong>quoniam</strong></span> <span class='ocrx_word' id='word_1_788' title='bbox 1099 5366 1198 5421; x_wconf 85' lang='lat' dir='ltr'><strong>hoc</strong></span> <span class='ocrx_word' id='word_1_789' title='bbox 1222 5368 1497 5436; x_wconf 78' lang='lat' dir='ltr'><strong>facientes,</strong></span> <span class='ocrx_word' id='word_1_790' title='bbox 1520 5381 1575 5425; x_wconf 89' lang='lat' dir='ltr'><strong>et</strong></span> <span class='ocrx_word' id='word_1_791' title='bbox 1595 5388 1692 5427; x_wconf 91' lang='lat' dir='ltr'><strong>nos</strong></span> <span class='ocrx_word' id='word_1_792' title='bbox 1716 5376 1819 5428; x_wconf 84' lang='lat' dir='ltr'><strong>sal-</strong></span> 
     </span>
    </p>
   </div>
   <div class='ocr_carea' id='block_1_103' title="bbox 252 5450 1817 5533">
    <p class='ocr_par' dir='ltr' id='par_1_103' title="bbox 252 5450 1817 5533">
     <span class='ocr_line' id='line_1_104' title="bbox 252 5450 1817 5533; baseline 0.009 -30"><span class='ocrx_word' id='word_1_793' title='bbox 252 5460 422 5505; x_wconf 76' lang='lat' dir='ltr'><strong>Vatnur</strong></span> <span class='ocrx_word' id='word_1_794' title='bbox 450 5450 554 5506; x_wconf 78' lang='lat' dir='ltr'><strong>etb</strong></span> <span class='ocrx_word' id='word_1_795' title='bbox 600 5452 886 5508; x_wconf 86' lang='lat' dir='ltr'><strong>audientes</strong></span> <span class='ocrx_word' id='word_1_796' title='bbox 940 5459 1381 5524; x_wconf 68' lang='lat' dir='ltr'><strong>praedicat/imus:</strong></span> <span class='ocrx_word' id='word_1_797' title='bbox 1429 5462 1493 5514; x_wconf 89' lang='lat' dir='ltr'><strong>ad</strong></span> <span class='ocrx_word' id='word_1_798' title='bbox 1537 5477 1817 5533; x_wconf 72' lang='lat' dir='ltr'><strong>supernam</strong></span> 
     </span>
    </p>
   </div>
   <div class='ocr_carea' id='block_1_104' title="bbox 253 5542 1816 5625">
    <p class='ocr_par' dir='ltr' id='par_1_104' title="bbox 253 5542 1816 5625">
     <span class='ocr_line' id='line_1_105' title="bbox 253 5542 1816 5625; baseline 0.01 -31"><span class='ocrx_word' id='word_1_799' title='bbox 253 5542 567 5599; x_wconf 74' lang='lat' dir='ltr'><strong>vocationem</strong></span> <span class='ocrx_word' id='word_1_800' title='bbox 599 5553 846 5599; x_wconf 87' lang='lat' dir='ltr'><strong>nostrum</strong></span> <span class='ocrx_word' id='word_1_801' title='bbox 881 5555 964 5600; x_wconf 90' lang='lat' dir='ltr'><strong>est</strong></span> <span class='ocrx_word' id='word_1_802' title='bbox 990 5549 1247 5616; x_wconf 87' lang='lat' dir='ltr'><strong>studium,</strong></span> <span class='ocrx_word' id='word_1_803' title='bbox 1294 5551 1383 5606; x_wconf 89' lang='lat' dir='ltr'><strong>ubi</strong></span> <span class='ocrx_word' id='word_1_804' title='bbox 1418 5553 1562 5620; x_wconf 86' lang='lat' dir='ltr'><strong>pacis</strong></span> <span class='ocrx_word' id='word_1_805' title='bbox 1592 5568 1816 5625; x_wconf 83' lang='lat' dir='ltr'><strong>compo-</strong></span> 
     </span>
    </p>
   </div>
   <div class='ocr_carea' id='block_1_105' title="bbox 316 5703 1816 5781">
    <p class='ocr_par' dir='ltr' id='par_1_105' title="bbox 316 5703 1816 5781">
     <span class='ocr_line' id='line_1_106' title="bbox 316 5703 1816 5781; baseline 0.006 -24"><span class='ocrx_word' id='word_1_806' title='bbox 316 5710 341 5737; x_wconf 72' lang='grc'><strong><em>⁸</em></strong></span> <span class='ocrx_word' id='word_1_807' title='bbox 366 5703 577 5777; x_wconf 80' lang='lat' dir='ltr'><strong>Sergius</strong></span> <span class='ocrx_word' id='word_1_808' title='bbox 593 5717 650 5781; x_wconf 85' lang='lat' dir='ltr'><strong>et</strong></span> <span class='ocrx_word' id='word_1_809' title='bbox 670 5706 944 5781; x_wconf 75' lang='lat' dir='ltr'><strong>Honorius</strong></span> <span class='ocrx_word' id='word_1_810' title='bbox 964 5710 1109 5781; x_wconf 77' lang='lat' dir='ltr'><strong>quasi</strong></span> <span class='ocrx_word' id='word_1_811' title='bbox 1132 5709 1367 5777; x_wconf 77' lang='lat' dir='ltr'><strong>ejusdem</strong></span> <span class='ocrx_word' id='word_1_812' title='bbox 1396 5713 1673 5765; x_wconf 65' lang='lat' dir='ltr'><strong>sententiae</strong></span> <span class='ocrx_word' id='word_1_813' title='bbox 1691 5729 1816 5781; x_wconf 79' lang='lat' dir='ltr'><strong>pro-</strong></span> 
     </span>
    </p>
   </div>
   <div class='ocr_carea' id='block_1_106' title="bbox 260 5769 1814 5851">
    <p class='ocr_par' dir='ltr' id='par_1_106' title="bbox 260 5769 1814 5851">
     <span class='ocr_line' id='line_1_107' title="bbox 260 5769 1814 5851; baseline 0.011 -28"><span class='ocrx_word' id='word_1_814' title='bbox 260 5769 497 5841; x_wconf 55' lang='lat' dir='ltr'><strong>lertmturv;</strong></span> <span class='ocrx_word' id='word_1_815' title='bbox 522 5780 614 5833; x_wconf 68' lang='lat' dir='ltr'><strong>sed</strong></span> <span class='ocrx_word' id='word_1_816' title='bbox 634 5776 935 5832; x_wconf 90' lang='lat' dir='ltr'><strong>notandum</strong></span> <span class='ocrx_word' id='word_1_817' title='bbox 954 5769 1029 5833; x_wconf 66' lang='lat' dir='ltr'><strong>est</strong></span> <span class='ocrx_word' id='word_1_818' title='bbox 1054 5769 1352 5835; x_wconf 58' lang='lat' dir='ltr'><strong>Interclicum</strong></span> <span class='ocrx_word' id='word_1_819' title='bbox 1372 5797 1491 5836; x_wconf 85' lang='lat' dir='ltr'><strong>esse</strong></span> <span class='ocrx_word' id='word_1_820' title='bbox 1514 5784 1595 5851; x_wconf 82' lang='grc' dir='ltr'>ιιιιὶ</span> <span class='ocrx_word' id='word_1_821' title='bbox 1611 5769 1814 5840; x_wconf 45' lang='lat' dir='ltr'><strong>scr-ibit.</strong></span> 
     </span>
    </p>
   </div>
   <div class='ocr_carea' id='block_1_107' title="bbox 1921 4623 3502 4705">
    <p class='ocr_par' dir='ltr' id='par_1_107' title="bbox 1921 4623 3502 4705">
     <span class='ocr_line' id='line_1_108' title="bbox 1921 4623 3502 4705; baseline 0.013 -30"><span class='ocrx_word' id='word_1_822' title='bbox 1921 4623 2154 4694; x_wconf 58' lang='grc' dir='ltr'>λήσομεν</span> <span class='ocrx_word' id='word_1_823' title='bbox 2188 4628 2255 4686; x_wconf 84' lang='grc' dir='ltr'>ὡς</span> <span class='ocrx_word' id='word_1_824' title='bbox 2282 4630 2408 4703; x_wconf 80' lang='grc' dir='ltr'>πρὸς</span> <span class='ocrx_word' id='word_1_825' title='bbox 2437 4635 2524 4687; x_wconf 74' lang='grc' dir='ltr'><strong>την</strong></span> <span class='ocrx_word' id='word_1_826' title='bbox 2573 4626 2674 4685; x_wconf 77' lang='grc' dir='ltr'>ἅνω</span> <span class='ocrx_word' id='word_1_827' title='bbox 2705 4632 2878 4690; x_wconf 82' lang='grc' dir='ltr'>κλῆσιν</span> <span class='ocrx_word' id='word_1_828' title='bbox 2905 4636 3020 4705; x_wconf 81' lang='grc' dir='ltr'>ἡμῖν</span> <span class='ocrx_word' id='word_1_829' title='bbox 3050 4637 3079 4693; x_wconf 81' lang='grc' dir='ltr'>ἡ</span> <span class='ocrx_word' id='word_1_830' title='bbox 3110 4636 3331 4701; x_wconf 78' lang='grc' dir='ltr'>σπουδὴ,</span> <span class='ocrx_word' id='word_1_831' title='bbox 3382 4638 3502 4697; x_wconf 74' lang='grc' dir='ltr'>ἔνθα</span> 
     </span>
    </p>
   </div>
   <div class='ocr_carea' id='block_1_108' title="bbox 1920 4720 3501 4801">
    <p class='ocr_par' dir='ltr' id='par_1_108' title="bbox 1920 4720 3501 4801">
     <span class='ocr_line' id='line_1_109' title="bbox 1920 4720 3501 4801; baseline 0.016 -36"><span class='ocrx_word' id='word_1_832' title='bbox 1920 4721 2011 4773; x_wconf 78' lang='grc' dir='ltr'>τῆς</span> <span class='ocrx_word' id='word_1_833' title='bbox 2040 4720 2237 4785; x_wconf 80' lang='grc' dir='ltr'>εἰρήνης</span> <span class='ocrx_word' id='word_1_834' title='bbox 2265 4721 2323 4772; x_wconf 90' lang='grc' dir='ltr'><strong>τό</strong></span> <span class='ocrx_word' id='word_1_835' title='bbox 2369 4722 2630 4790; x_wconf 87' lang='grc' dir='ltr'>σύνθημα,</span> <span class='ocrx_word' id='word_1_836' title='bbox 2680 4732 2790 4786; x_wconf 87' lang='grc' dir='ltr'>τοῖς</span> <span class='ocrx_word' id='word_1_837' title='bbox 2825 4725 2873 4778; x_wconf 84' lang='grc' dir='ltr'><strong>έν</strong></span> <span class='ocrx_word' id='word_1_838' title='bbox 2902 4735 2975 4798; x_wconf 84' lang='grc' dir='ltr'>τῷ</span> <span class='ocrx_word' id='word_1_839' title='bbox 3008 4728 3204 4801; x_wconf 84' lang='grc' dir='ltr'>σταδίῳ</span> <span class='ocrx_word' id='word_1_840' title='bbox 3244 4741 3334 4792; x_wconf 76' lang='grc' dir='ltr'>τῆς</span> <span class='ocrx_word' id='word_1_841' title='bbox 3362 4736 3501 4790; x_wconf 77' lang='grc' dir='ltr'>εὐσε-</span> 
     </span>
    </p>
   </div>
   <div class='ocr_carea' id='block_1_109' title="bbox 1923 4804 3499 4900">
    <p class='ocr_par' dir='ltr' id='par_1_109' title="bbox 1923 4804 3499 4900">
     <span class='ocr_line' id='line_1_110' title="bbox 1923 4804 3499 4900; baseline 0.016 -44"><span class='ocrx_word' id='word_1_842' title='bbox 1923 4804 2056 4864; x_wconf 82' lang='grc' dir='ltr'>ϐείας</span> <span class='ocrx_word' id='word_1_843' title='bbox 2079 4808 2234 4866; x_wconf 83' lang='grc' dir='ltr'>καλῶς</span> <span class='ocrx_word' id='word_1_844' title='bbox 2274 4809 2648 4883; x_wconf 80' lang='grc' dir='ltr'>βραϐευόμενον</span> <span class='ocrx_word' id='word_1_845' title='bbox 2684 4817 2766 4868; x_wconf 81' lang='grc' dir='ltr'><strong>τόν</strong></span> <span class='ocrx_word' id='word_1_846' title='bbox 2797 4818 3005 4872; x_wconf 72' lang='grc' dir='ltr'>ένὼπιον</span> <span class='ocrx_word' id='word_1_847' title='bbox 3043 4830 3134 4881; x_wconf 79' lang='grc' dir='ltr'>τῆς</span> <span class='ocrx_word' id='word_1_848' title='bbox 3156 4819 3304 4886; x_wconf 82' lang='grc' dir='ltr'>δόξης</span> <span class='ocrx_word' id='word_1_849' title='bbox 3340 4826 3499 4900; x_wconf 81' lang='grc' dir='ltr'>παρέ·</span> 
     </span>
    </p>
   </div>
   <div class='ocr_carea' id='block_1_110' title="bbox 1922 4900 3503 4986">
    <p class='ocr_par' dir='ltr' id='par_1_110' title="bbox 1922 4900 3503 4986">
     <span class='ocr_line' id='line_1_111' title="bbox 1922 4900 3503 4986; baseline 0.016 -41"><span class='ocrx_word' id='word_1_850' title='bbox 1922 4916 2074 4966; x_wconf 83' lang='grc' dir='ltr'>χεται</span> <span class='ocrx_word' id='word_1_851' title='bbox 2106 4900 2363 4969; x_wconf 59' lang='grc' dir='ltr'>στέφανον·</span> <span class='ocrx_word' id='word_1_852' title='bbox 2400 4909 2508 4972; x_wconf 84' lang='grc' dir='ltr'><strong>Θεῷ</strong></span> <span class='ocrx_word' id='word_1_853' title='bbox 2536 4909 2945 4983; x_wconf 84' lang='grc' dir='ltr'>πεφανερώμεθα,</span> <span class='ocrx_word' id='word_1_854' title='bbox 2976 4907 3050 4984; x_wconf 83' lang='grc' dir='ltr'><em>τῷ</em></span> <span class='ocrx_word' id='word_1_855' title='bbox 3093 4914 3305 4986; x_wconf 87' lang='grc' dir='ltr'>κρίνοντι</span> <span class='ocrx_word' id='word_1_856' title='bbox 3334 4916 3503 4972; x_wconf 81' lang='grc' dir='ltr'>πάντα</span> 
     </span>
    </p>
   </div>
   <div class='ocr_carea' id='block_1_111' title="bbox 1921 4986 3503 5082">
    <p class='ocr_par' dir='ltr' id='par_1_111' title="bbox 1921 4986 3503 5082">
     <span class='ocr_line' id='line_1_112' title="bbox 1921 4986 3503 5082; baseline 0.015 -43"><span class='ocrx_word' id='word_1_857' title='bbox 1921 4991 2002 5039; x_wconf 84' lang='grc' dir='ltr'>καὶ</span> <span class='ocrx_word' id='word_1_858' title='bbox 2040 4986 2372 5059; x_wconf 75' lang='grc' dir='ltr'>δοκιμάζοντι.</span> <span class='ocrx_word' id='word_1_859' title='bbox 2416 4996 2486 5045; x_wconf 64' lang='lat' dir='ltr'><strong>Od</strong></span> <span class='ocrx_word' id='word_1_860' title='bbox 2525 4997 2808 5069; x_wconf 80' lang='grc' dir='ltr'>φιλονείκως</span> <span class='ocrx_word' id='word_1_861' title='bbox 2847 5002 3124 5073; x_wconf 85' lang='grc' dir='ltr'>ίστάμεθα,</span> <span class='ocrx_word' id='word_1_862' title='bbox 3162 5006 3219 5059; x_wconf 81' lang='grc' dir='ltr'>οὐ</span> <span class='ocrx_word' id='word_1_863' title='bbox 3245 5007 3373 5082; x_wconf 86' lang='grc' dir='ltr'>πρὸς</span> <span class='ocrx_word' id='word_1_864' title='bbox 3399 5009 3503 5082; x_wconf 79' lang='grc' dir='ltr'>έρί-</span> 
     </span>
    </p>
   </div>
   <div class='ocr_carea' id='block_1_112' title="bbox 1920 5076 3498 5167">
    <p class='ocr_par' dir='ltr' id='par_1_112' title="bbox 1920 5076 3498 5167">
     <span class='ocr_line' id='line_1_113' title="bbox 1920 5076 3498 5167; baseline 0.016 -39"><span class='ocrx_word' id='word_1_865' title='bbox 1920 5076 2053 5132; x_wconf 88' lang='grc' dir='ltr'>θειαν</span> <span class='ocrx_word' id='word_1_866' title='bbox 2099 5078 2369 5152; x_wconf 80' lang='grc' dir='ltr'>βλέπομεν,</span> <span class='ocrx_word' id='word_1_867' title='bbox 2416 5084 2474 5137; x_wconf 88' lang='grc' dir='ltr'><strong>ού</strong></span> <span class='ocrx_word' id='word_1_868' title='bbox 2523 5090 2880 5161; x_wconf 82' lang='grc' dir='ltr'>προσπάθειαν</span> <span class='ocrx_word' id='word_1_869' title='bbox 2928 5098 3094 5152; x_wconf 75' lang='grc' dir='ltr'>καινήν</span> <span class='ocrx_word' id='word_1_870' title='bbox 3143 5095 3498 5167; x_wconf 80' lang='grc' dir='ltr'>ἀσπαζόμεθα-</span> 
     </span>
    </p>
   </div>
   <div class='ocr_carea' id='block_1_113' title="bbox 1921 5164 3502 5262">
    <p class='ocr_par' dir='ltr' id='par_1_113' title="bbox 1921 5164 3502 5262">
     <span class='ocr_line' id='line_1_114' title="bbox 1921 5164 3502 5262; baseline 0.02 -44"><span class='ocrx_word' id='word_1_871' title='bbox 1921 5164 2043 5219; x_wconf 83' lang='grc' dir='ltr'>’Δλλ’</span> <span class='ocrx_word' id='word_1_872' title='bbox 2086 5171 2137 5222; x_wconf 74' lang='grc' dir='ltr'>ἐν</span> <span class='ocrx_word' id='word_1_873' title='bbox 2163 5169 2289 5243; x_wconf 86' lang='grc' dir='ltr'>λόγῳ</span> <span class='ocrx_word' id='word_1_874' title='bbox 2320 5180 2469 5239; x_wconf 85' lang='grc' dir='ltr'>Θεοῦ,</span> <span class='ocrx_word' id='word_1_875' title='bbox 2519 5182 2608 5235; x_wconf 72' lang='grc' dir='ltr'>τὴν</span> <span class='ocrx_word' id='word_1_876' title='bbox 2646 5186 2737 5233; x_wconf 82' lang='grc' dir='ltr'>τοῦ</span> <span class='ocrx_word' id='word_1_877' title='bbox 2788 5186 3092 5253; x_wconf 81' lang='grc' dir='ltr'>ζητουμένου</span> <span class='ocrx_word' id='word_1_878' title='bbox 3142 5164 3502 5262; x_wconf 76' lang='grc' dir='ltr'>προϐλήματος</span> 
     </span>
    </p>
   </div>
   <div class='ocr_carea' id='block_1_114' title="bbox 1921 5261 3497 5353">
    <p class='ocr_par' dir='ltr' id='par_1_114' title="bbox 1921 5261 3497 5353">
     <span class='ocr_line' id='line_1_115' title="bbox 1921 5261 3497 5353; baseline 0.017 -41"><span class='ocrx_word' id='word_1_879' title='bbox 1921 5261 2194 5325; x_wconf 81' lang='grc' dir='ltr'>ἀνάπτυξιν</span> <span class='ocrx_word' id='word_1_880' title='bbox 2238 5266 2605 5338; x_wconf 75' lang='grc' dir='ltr'>ἐποιησάμεθα,</span> <span class='ocrx_word' id='word_1_881' title='bbox 2660 5273 2958 5345; x_wconf 72' lang='grc' dir='ltr'>θαρροῦντες</span> <span class='ocrx_word' id='word_1_882' title='bbox 2988 5279 3055 5338; x_wconf 82' lang='grc' dir='ltr'>ὡς</span> <span class='ocrx_word' id='word_1_883' title='bbox 3091 5276 3117 5330; x_wconf 89' lang='grc' dir='ltr'><strong>ό</strong></span> <span class='ocrx_word' id='word_1_884' title='bbox 3163 5286 3254 5338; x_wconf 80' lang='grc' dir='ltr'>τῆς</span> <span class='ocrx_word' id='word_1_885' title='bbox 3302 5280 3497 5353; x_wconf 68' lang='grc' dir='ltr'>εἱρὰνης</span> 
     </span>
    </p>
   </div>
   <div class='ocr_carea' id='block_1_115' title="bbox 1922 5348 3498 5439">
    <p class='ocr_par' dir='ltr' id='par_1_115' title="bbox 1922 5348 3498 5439">
     <span class='ocr_line' id='line_1_116' title="bbox 1922 5348 3498 5439; baseline 0.011 -36"><span class='ocrx_word' id='word_1_886' title='bbox 1922 5348 2176 5415; x_wconf 81' lang='grc' dir='ltr'>δεσπότης</span> <span class='ocrx_word' id='word_1_887' title='bbox 2205 5358 2328 5416; x_wconf 87' lang='grc' dir='ltr'>Θεὸς</span> <span class='ocrx_word' id='word_1_888' title='bbox 2356 5363 2446 5417; x_wconf 73' lang='grc' dir='ltr'><strong>τήν</strong></span> <span class='ocrx_word' id='word_1_889' title='bbox 2494 5362 2622 5435; x_wconf 85' lang='grc' dir='ltr'>πρός</span> <span class='ocrx_word' id='word_1_890' title='bbox 2650 5362 2887 5425; x_wconf 77' lang='grc' dir='ltr'>ἀλλήλους</span> <span class='ocrx_word' id='word_1_891' title='bbox 2916 5368 3055 5439; x_wconf 80' lang='grc' dir='ltr'>ἡμῶν</span> <span class='ocrx_word' id='word_1_892' title='bbox 3093 5367 3268 5420; x_wconf 79' lang='grc' dir='ltr'>ἕνωσίν</span> <span class='ocrx_word' id='word_1_893' title='bbox 3317 5387 3370 5420; x_wconf 87' lang='grc' dir='ltr'><strong>τε</strong></span> <span class='ocrx_word' id='word_1_894' title='bbox 3415 5370 3498 5421; x_wconf 80' lang='grc' dir='ltr'><strong>καί</strong></span> 
     </span>
    </p>
   </div>
   <div class='ocr_carea' id='block_1_116' title="bbox 1920 5443 3496 5528">
    <p class='ocr_par' dir='ltr' id='par_1_116' title="bbox 1920 5443 3496 5528">
     <span class='ocr_line' id='line_1_117' title="bbox 1920 5443 3496 5528; baseline 0.01 -32"><span class='ocrx_word' id='word_1_895' title='bbox 1920 5443 2176 5514; x_wconf 83' lang='grc' dir='ltr'>ἀγάπησιν</span> <span class='ocrx_word' id='word_1_896' title='bbox 2216 5452 2537 5525; x_wconf 80' lang='grc' dir='ltr'>συντηρήσοι,</span> <span class='ocrx_word' id='word_1_897' title='bbox 2586 5454 2656 5514; x_wconf 87' lang='grc' dir='ltr'><strong>είς</strong></span> <span class='ocrx_word' id='word_1_898' title='bbox 2694 5452 2839 5518; x_wconf 80' lang='grc' dir='ltr'>δόξαν</span> <span class='ocrx_word' id='word_1_899' title='bbox 2870 5464 2962 5517; x_wconf 79' lang='grc' dir='ltr'>τῆς</span> <span class='ocrx_word' id='word_1_900' title='bbox 2999 5452 3157 5510; x_wconf 68' lang='grc' dir='ltr'>αἱ)τοῦ</span> <span class='ocrx_word' id='word_1_901' title='bbox 3202 5457 3496 5528; x_wconf 83' lang='grc' dir='ltr'>παναγάθ.υ</span> 
     </span>
    </p>
   </div>
   <div class='ocr_carea' id='block_1_117' title="bbox 1921 5536 3497 5622">
    <p class='ocr_par' dir='ltr' id='par_1_117' title="bbox 1921 5536 3497 5622">
     <span class='ocr_line' id='line_1_118' title="bbox 1921 5536 3497 5622; baseline 0.011 -36"><span class='ocrx_word' id='word_1_902' title='bbox 1921 5536 2327 5607; x_wconf 76' lang='grc' dir='ltr'>Μεγαλιιότητος.</span> <span class='ocrx_word' id='word_1_903' title='bbox 2372 5545 2543 5597; x_wconf 58' lang='lat' dir='ltr'><strong>[liras</strong></span> <span class='ocrx_word' id='word_1_904' title='bbox 2574 5548 2663 5602; x_wconf 76' lang='grc' dir='ltr'>τὴν</span> <span class='ocrx_word' id='word_1_905' title='bbox 2694 5546 2789 5599; x_wconf 82' lang='grc' dir='ltr'><strong>σύν</strong></span> <span class='ocrx_word' id='word_1_906' title='bbox 2824 5553 2887 5618; x_wconf 76' lang='grc' dir='ltr'>τῇ</span> <span class='ocrx_word' id='word_1_907' title='bbox 2915 5545 3136 5619; x_wconf 76' lang='grc' dir='ltr'>ὑμετέρᾳ</span> <span class='ocrx_word' id='word_1_908' title='bbox 3159 5549 3497 5622; x_wconf 85' lang='grc' dir='ltr'>μακαριότητι</span> 
     </span>
    </p>
   </div>
   <div class='ocr_carea' id='block_1_118' title="bbox 1990 5713 3313 5793">
    <p class='ocr_par' dir='ltr' id='par_1_118' title="bbox 1990 5713 3313 5793">
     <span class='ocr_line' id='line_1_119' title="bbox 1990 5713 3313 5793; baseline 0.011 -25"><span class='ocrx_word' id='word_1_909' title='bbox 1990 5713 2016 5750; x_wconf 65' lang='grc' dir='ltr'><strong>ιτ</strong></span> <span class='ocrx_word' id='word_1_910' title='bbox 2051 5717 2225 5785; x_wconf 74' lang='lat' dir='ltr'><strong>Forte,</strong></span> <span class='ocrx_word' id='word_1_911' title='bbox 2257 5721 2578 5776; x_wconf 81' lang='lat' dir='ltr'><strong>audientibus</strong></span> <span class='ocrx_word' id='word_1_912' title='bbox 2610 5723 2950 5793; x_wconf 77' lang='lat' dir='ltr'><strong>proderimus.</strong></span> <span class='ocrx_word' id='word_1_913' title='bbox 2979 5723 3313 5783; x_wconf 63' lang='lat' dir='ltr'><strong>llannutxus.</strong></span> 
     </span>
    </p>
   </div>
  </div>
