4002 6350
498 341 565 394 99
1775 332 1829 387 S.
1872 328 2081 385 TllEOl

2188 328 2216 379 ιι
2258 326 2455 383 ΡΑΡιΕ
3653 315 3758 371 NO

498 452 555 506 ιν
569 457 771 526 Χριστῷ
798 447 1104 520 ἀδιλφότητα
1129 445 1292 518 ημεῖς’
1316 468 1368 502 τε
1397 452 1480 504 καὶ
1507 449 1553 503 οἱ
1579 450 1673 503 σὺν
1697 450 1819 517 ἡμῖν
1861 447 2081 500 πλιίστα

2188 436 2327 503 sitio,
2358 441 2439 495 his
2463 440 2554 511 qui
2580 438 2632 493 in
2662 436 2832 493 stadio
2856 432 3071 505 pietatis
3105 430 3244 486 bene
3269 429 3425 485 unica
3451 427 3633 499 gloriae
3662 429 3756 483 in-

498 520 1287 620 npoeayops.6opsv.'8p'ﬁwpt'voc
1316 542 1367 594 ἐν
1392 544 1567 611 Κυρίῳ
1594 541 1888 614 ύπιριύχον
1910 540 2070 607 ἡμῶν,

2188 545 2438 586 :ercessor
2465 532 2723 586 tribuitur
2762 541 2979 583 corona.
3013 525 3124 578 Deo
3170 520 3495 577 manifestati
3540 534 3755 584 sumus,

498 614 769 704 ἆίγιώτατι,
786 614 888 684 γκαί
914 632 1271 703 μακαριώτατα
1301 629 1501 702 ἀδελφέ.

2188 623 2258 689 ιιιὶ
2278 622 2480 689 judicat
2519 621 2696 677 omnia
2734 631 2787 676 et
2812 618 3141 686 comprobat.
3174 615 3286 670 Non
3313 614 3611 683 jurgialiter
3631 621 3749 665 sta-

2177 728 2320 777 mus,
2366 728 2471 768 non
2513 714 2577 767 ad
2617 712 3090 767 contradictionem
3132 708 3471 776 respicimus,
3522 720 3623 757 non
3675 703 3760 755 fa-

499 816 684 857 vorem
737 802 950 857 inauem
1008 800 1398 870 amplectimur,
1446 798 1537 853 sed
1584 812 1638 850 tn
1688 795 1857 852 verbo
1900 795 1994 851 Dei
2037 812 2081 866 pi

2188 802 2335 855 ositai
2379 803 2680 872 hujusmodi
2725 802 3083 870 requisitionis
3131 798 3510 853 resolutionem
3563 794 3762 849 fecisse

497 895 881 962 dignoscimor,
932 895 1261 951 confidentes
1311 893 1557 964 quoniam
1605 888 1749 958 pacis
1796 890 2053 945 Dominus
2082 892 2224 948 Deus
2258 895 2325 949 ad
2362 898 2672 952 alterutrum
2707 907 3006 952 nostrorum
3047 896 3305 948 unitatem
3330 902 3385 947 et
3411 888 3758 945 dilectionem

501 990 849 1042 conservabit
890 989 945 1043 in
992 986 1158 1059 gloria
1202 986 1316 1055 ejus
1348 981 1746 1051 benignissimae
1786 981 2097 1050 Maiestatis.
2138 983 2360 1040 Omnem
2389 1002 2510 1042 cum
2538 997 2714 1043 vestra
2740 986 3066 1042 beatitudine
3102 986 3154 1039 in
3194 984 3407 1037 Christo
3434 982 3756 1036 existentem

500 1076 911 1145 fraternitatem,
947 1090 1051 1135 tam
1096 1093 1192 1132 nos
1221 1087 1273 1131 et
1301 1076 1392 1141 qui
1439 1074 1713 1129 nobiscum
1754 1084 1897 1137 sunt,
1932 1074 2156 1128 multum
2206 1076 2521 1133 salutamus.
2574 1078 2642 1133 Et
2687 1075 3011 1145 subscriptio
3046 1093 3058 1127 :
3092 1074 3390 1129 Incolumes
3437 1072 3487 1126 in
3532 1071 3763 1125 domino

498 1184 651 1228 orate
693 1189 789 1243 pro
831 1175 1010 1242 nobis,
1056 1170 1389 1227 sanctissime
1430 1177 1485 1223 et
1510 1169 1815 1223 beatissime
1842 1167 2027 1223 frater.

522 1339 3722 1371 _____________________________________

1530 1489 2391 1615 EPISTULA
2488 1493 2716 1634 .VI,

737 1724 1015 1788 SANCTI
1065 1717 1473 1781 THEODORI
1523 1713 1962 1777 PONTIFICIS
2008 1711 2317 1772 ROMANI
2367 1714 2470 1773 AD
2510 1712 2893 1773 BOBlENSE
2939 1705 3515 1771 MONASTERIUM

1865 1810 2413 1872 PRIVILEGIUM.

1767 2014 1859 2063 lEx
1890 2015 2118 2080 Ughello,
2159 2020 2296 2069 Italia
2330 2021 2510 2083 sacra.)

573 2237 904 2304 Theodorus,
929 2237 1207 2304 episcopus
1228 2245 1415 2287 servus
1436 2245 1711 2284 servorum
1736 2228 1852 2296 Dei,
1889 2245 2075 2285 vener.
2110 2227 2157 2286 B
2186 2232 2307 2285 liliis
2352 2230 2686 2301 specialiorls
2736 2231 3105 2302 prmrogativae
3150 2229 3373 2299 gratiam
3414 2230 3649 2299 elargiri,
3704 2237 3763 2283 ut

504 2330 770 2383 Dobuleno
822 2327 1131 2396 presbytero
1177 2334 1233 2378 et
1282 2323 1461 2376 abbati
1526 2337 1706 2374 vencr.
1767 2323 2079 2375 monasterii

503 2420 641 2472 beati
669 2417 809 2472 Petri
837 2415 1196 2486 apostolorum
1220 2414 1492 2483 principis,
1514 2427 1544 2465 e
1573 2412 1735 2465 Bobio
1759 2412 2079 2475 constituto,

500 2509 726 2579 ejusque
750 2506 1176 2577 congregrationi
1204 2505 1256 2559 in
1282 2512 1621 2573 perpetuum.

568 2600 879 2670 Quanquam
931 2600 1116 2667 prisca:
1165 2598 1365 2668 regula:
1409 2598 1626 2650 decreta
1680 2612 1778 2651 nos
1833 2598 2080 2662 doceant,

497 2709 615 2763 qua:
644 2702 848 2761 oportet
873 2691 1175 2761 perenniter
1209 2689 1488 2756 custodiri,
1526 2702 1581 2742 et
1617 2688 1834 2742 Patrum
1875 2688 2081 2741 consti-

499 2795 611 2839 tuta
645 2784 959 2838 indiminuta
998 2784 1219 2848 servari,
1252 2792 1507 2846 attamen,
1539 2789 1593 2834 et
1636 2794 1736 2833 nos
1781 2795 1941 2848 supra
1981 2780 2082 2831 hoc

500 2879 817 2947 regulariter
862 2877 1221 2932 decernentes
1260 2884 1379 2928 vota
1410 2873 1724 2943 supplicum,
1754 2880 1809 2925 et
1850 2870 2082 2925 maxime

502 2971 799 3025 orthodoxa
834 2970 935 3024 lide
974 2967 1308 3039 fulgentium,
1342 2967 1491 3037 justo
1530 2969 1581 3020 in
1610 2964 1857 3018 omnibus
1886 2965 2084 3017 debent

503 3061 714 3115 clfestui
743 3060 1057 3129 mancipari,
1085 3068 1348 3128 quatenus
1378 3072 1562 3111 eorum
1594 3056 1679 3125 pia
1709 3053 1924 3108 devotio
1959 3068 2085 3120 apo-

501 3154 703 3209 stolicis
730 3153 977 3208 inviolata
1000 3161 1305 3220 permaneat
1333 3151 1610 3213 institutis,
1638 3158 1798 3216 atque
1821 3145 2078 3199 decretis.

505 3246 639 3300 Dum
672 3247 830 3315 igitur
874 3244 1137 3297 excellent
1180 3240 1321 3294 filius
1364 3249 1546 3294 noster
1589 3237 1838 3292 ltotharis
1881 3250 1996 3299 rex,
2029 3241 2085 3288 et

508 3336 892 3407 gloriosissima
926 3333 1032 3387 lilia
1079 3344 1255 3386 nostra
1301 3331 1664 3400 Gundiberga,
1699 3329 1878 3397 regina
1908 3326 2084 3395 gentis

508 3426 1002 3495 Longobardorum,
1038 3426 1121 3492 pia
1174 3434 1223 3479 el
1271 3422 1514 3492 religiosa
1544 3421 1828 3475 devotione
1869 3421 2082 3487 prospi-

506 3521 611 3582 cui,
645 3533 742 3571 nos
773 3518 984 3587 scriptis
1014 3516 1311 3587 postulasse
1342 3522 1655 3576 noscuntur,
1687 3523 1743 3566 ut
1768 3510 2077 3580 apostolica:

444 3620 453 3625 ί
505 3609 651 3664 sedis
701 3608 1030 3677 privilegium
1074 3604 1399 3659 monasterio
1453 3602 1884 3657 beatissimorum
1940 3597 2080 3652 Petri

507 3709 563 3753 et
593 3698 758 3764 Pauli,
792 3699 991 3774 inloco
1021 3699 1108 3765 qui
1138 3697 1330 3751 dicitur
1366 3711 1395 3749 e
1457 3695 1619 3749 Bobio
1664 3694 1977 3757 constituto,
2031 3692 2082 3746 in

509 3806 617 3860 quo
647 3794 729 3843 vir
756 3806 940 3845 vener.
971 3790 1353 3853 Columbanus,
1386 3803 1453 3842 ex
1505 3789 1743 3856 partibus
1795 3787 2078 3850 Hiberniae,

510 3882 564 3934 in
596 3880 787 3947 quibus
817 3888 964 3932 ortus
983 3878 1189 3940 fuerat,
1224 3878 1425 3951 sanctis
1462 3875 1656 3930 studiis
1699 3876 1929 3941 fervens,
1963 3890 2081 3928 cum

512 3970 751 4038 largitate
775 3968 920 4038 regia
945 3969 997 4022 itt
1030 3983 1194 4037 regno
1215 3968 1389 4035 gentis
1417 3965 1910 4035 Longobardorum,
1940 3974 2082 4034 post-

509 4074 666 4128 quam
697 4058 800 4111 alia
848 4058 1084 4112 fundavit
1112 4058 1458 4117 monasteria,
1489 4054 1775 4121 accedens,
1812 4064 2081 4111 monaste-

512 4150 650 4202 rium
684 4149 1046 4202 construxisse
1076 4148 1408 4216 perhibetur.
1439 4145 1538 4201 Ubi
1574 4161 1677 4198 non
1709 4161 1925 4214 parvam
1956 4160 2083 4201 con-

511 4239 871 4309 gregationem
917 4242 1299 4293 monachorum
1348 4239 1634 4293 instituens
1670 4242 1831 4293 etiam
1874 4254 1932 4295 se
1961 4254 2080 4295 cum

512 4330 591 4384 cis
644 4331 857 4397 paribus
900 4331 997 4397 pia:
1047 4330 1351 4384 devotionis
1404 4331 1592 4385 studiis
1643 4332 1983 4400 mancipavit.
2027 4333 2080 4386 In

511 4434 618 4489 quo
648 4434 786 4474 nunc
816 4420 896 4473 vir
928 4434 1111 4476 vener.
1158 4420 1465 4474 Bobulenus
1505 4420 1800 4491 presbyter,
1839 4431 1893 4474 et
1918 4422 2084 4475 abbas

513 4524 617 4562 una
649 4525 767 4563 cnm
800 4519 1013 4563 centum
1051 4510 1429 4579 quinquaginta
1465 4510 1738 4562 monachis
1780 4512 2082 4565 cenversari

515 4600 743 4666 videtur,
775 4610 828 4654 et
867 4603 918 4654 in
954 4598 1046 4653 Dei
1088 4600 1349 4663 laudibus,
1383 4616 1490 4653 uno
1530 4600 1723 4669 regula:
1752 4601 1953 4669 Spiritu
1988 4615 2085 4654 su-

514 4704 675 4758 perna
724 4689 1073 4757 inspiratione
1112 4699 1430 4748 commotus.
1464 4690 1529 4744 ad
1577 4691 1786 4746 laudem
1835 4693 2082 4761 omnipo-

518 4780 676 4833 tentis
709 4780 799 4832 Dei
833 4779 975 4847 pium
1007 4780 1225 4834 exhibet
1270 4780 1606 4848 famulatum,
1637 4784 1880 4836 conferre
1920 4782 2083 4837 debe-

2184 2326 2489 2378 bominibus
2535 2324 2938 2395 speetabiliores
2984 2332 3298 2393 appareant,
3348 2332 3401 2377 et
3444 2323 3765 2376 commissas

2183 2420 2283 2473 sibi
2310 2420 2577 2474 Ecclesias
2607 2418 2913 2487 apostolicae
2935 2418 3236 2473 dilectionis
3261 2416 3625 2471 familiaritate
3648 2416 3765 2469 suf-

2183 2507 2306 2563 fulti
2340 2512 2503 2564 tutius
2552 2518 2757 2578 regant,
2791 2517 2951 2577 atque
2996 2508 3228 2575 ipsorum
3272 2505 3466 2559 subditi
3498 2505 3762 2570 majorem

2188 2598 2266 2653 eis
2310 2600 2665 2653 reverentiam
2698 2608 2751 2651 et
2783 2599 3037 2651 honorem
3069 2596 3379 2661 exhibeant,
3410 2595 3509 2649 hoc
3538 2595 3756 2662 privile-

2186 2694 2352 2762 gium,
2390 2694 2609 2760 perenni
2661 2695 2976 2749 auctoritate
3031 2696 3376 2759 servandum,
3427 2694 3527 2762 ipsi
3569 2707 3763 2746 mona-

2184 2784 2352 2837 sterio
2383 2794 2435 2838 et
2477 2784 2593 2852 ejus
2621 2783 2866 2850 ecclesia:
2908 2784 3155 2838 alacriter
3182 2783 3538 2852 indulgemus,
3564 2788 3642 2845 ut,
3678 2780 3765 2834 vi-

2183 2873 2399 2936 delicet,
2433 2874 2591 2929 liceat
2637 2875 2813 2929 abbati
2857 2874 3095 2944 ejusdem
3138 2890 3322 2930 vener.
3368 2875 3467 2928 loci
3505 2873 3662 2929 mitra
3708 2884 3767 2928 et

2185 2964 2306 3017 aliis
2340 2965 2736 3030 pontificalibus
2768 2965 2864 3019 uti.
2894 2967 2954 3019 Et
2985 2967 3107 3033 quia
3130 2966 3289 3019 etiam
3319 2965 3386 3018 de
3418 2964 3563 3018 Beati
3590 2964 3760 3028 Petri,

2188 3066 2244 3109 ct
2276 3065 2471 3110 nostra:
2513 3056 2817 3111 dilectionis
2845 3058 3013 3127 gratia
3043 3057 3402 3123 disposuimus
3439 3054 3613 3123 ipsum
3644 3071 3761 3108 mo.

2185 3149 2501 3212 nasterium,
2532 3159 2587 3203 et
2627 3150 2743 3218 ejus
2772 3150 3059 3203 Ecclesiam
3108 3149 3434 3218 peramplius
3476 3150 3767 3215 honorare,

2180 3224 2251 3293 ex
2278 3240 2589 3309 apostolica:
2621 3239 2766 3295 sedis
2799 3241 3115 3295 liberalitate
3144 3241 3487 3296 concedimus
3518 3252 3573 3296 ut
3596 3240 3767 3296 abbas

2184 3332 2421 3395 ejusdem
2452 3334 2759 3387 monasterii
2792 3330 2930 3386 infra
2958 3348 3109 3388 sacra
3153 3328 3405 3404 mysteria
3439 3333 3765 3387 constitutus

2185 3421 2459 3490 signaculo
2501 3433 2701 3476 sanctae
2729 3424 2901 3478 crucis
2942 3425 3117 3478 valeat
3150 3424 3475 3492 prmmuniri.
3509 3423 3582 3476 lta
3624 3423 3767 3490 quod

2185 3516 2249 3566 ad
2286 3510 2544 3568 honorem
2573 3514 2687 3581 Dei,
2713 3522 2769 3568 et
2799 3514 2966 3583 ipsius
2998 3514 3336 3579 monasterii,
3364 3522 3418 3567 et
3446 3513 3562 3581 ejus
3585 3513 3769 3565 Eccle-

2190 3605 2282 3658 siae
2312 3606 2614 3672 supradicta
2652 3606 2827 3659 valeat
2848 3621 3117 3669 exercere,
3145 3607 3282 3659 sicut
3309 3619 3339 3657 a
3366 3606 3767 3671 praedecessore

2190 3706 2372 3751 nostro
2400 3696 2708 3764 apostolica:
2755 3696 3143 3753 recordationis
3186 3695 3423 3753 llonorio
3452 3695 3623 3750 eidem
3654 3710 3771 3749 mo-

2189 3788 2422 3841 nasterio
2451 3788 2711 3841 indultum
2751 3801 2871 3841 esse
2912 3788 3255 3854 conspicitur.
3301 3786 3424 3841 Haec
3450 3787 3590 3840 enim
3623 3802 3766 3840 nova

2190 3880 2592 3946 postulantium,
2626 3880 2707 3931 vel
2753 3878 3142 3948 indulgentium
3172 3888 3255 3934 est
3282 3878 3574 3933 auctoritas
3607 3879 3771 3946 privi-

2187 3969 2382 4037 legium
2434 3967 2724 4036 largiendi,
2754 3967 2883 4021 dnm
2930 3967 3169 4035 profecto
3219 3969 3422 4023 cunctis
3453 3969 3766 4037 apostolicae

2186 4062 2330 4114 sedis
2375 4074 2478 4113 non
2510 4061 2682 4114 solum
2731 4060 2832 4115 sub
2858 4060 3057 4115 ditione
3088 4070 3269 4115 nostra
3307 4062 3635 4127 constitutis,
3668 4064 3763 4117 sed

2186 4150 2345 4203 etiam
2378 4151 2429 4204 in
2462 4152 2676 4205 czeteris
2718 4152 2926 4219 longius
2968 4150 3272 4220 regionibus
3315 4152 3576 4220 postulata
3621 4168 3773 4207 sent-

2190 4257 2282 4310 per
2314 4242 2634 4310 indulgenda
2662 4251 2978 4307 sanxerunt,
3024 4242 3318 4309 prmsertim
3360 4243 3410 4295 in
3438 4242 3770 4297 vicinitatem

2187 4343 2450 4395 nostram,
2482 4333 2532 4385 id
2573 4342 2657 4386 est
2700 4333 2753 4386 in
2805 4348 2970 4397 regno
3017 4332 3510 4400 Longobardorutn,
3546 4346 3598 4386 et
3628 4347 3771 4401 prac-

2188 4424 2342 4491 cipue
2364 4422 2765 4491 gloriosissimm
2795 4424 2914 4476 lilia:
2940 4434 3135 4477 nostra:
3163 4421 3519 4490 Gondibergae
3546 4423 3767 4492 reginm,

2186 4526 2350 4578 super
2382 4511 2482 4563 hoc
2513 4512 2704 4566 litteris
2734 4512 2953 4579 expetiti
2986 4511 3248 4581 postulata
3280 4510 3646 4565 concedimus.
3685 4511 3773 4564 ln-

2190 4600 2518 4655 terdicentes
2541 4601 2787 4654 omnibus
2836 4601 3100 4669 episcopis
3129 4600 3340 4664 vicinis,
3368 4602 3445 4653 vel
3480 4599 3668 4667 procul
3702 4602 3776 4652 ab

2172 4690 2309 4759 ipso
2341 4692 2668 4743 monasterio
2695 4690 3025 4755 constitutis,
3054 4689 3187 4743 nihil
3236 4705 3495 4756 usurpare
3531 4690 3775 4757 nihilque

2194 4794 2523 4847 prmsumere
2567 4787 2756 4833 contra
2801 4780 2937 4843 Ιιιιιο,
2962 4795 3079 4848 qua:
3110 4790 3261 4833 tenor
3304 4780 3458 4847 hujus
3485 4780 3774 4847 privilegii,

510 4883 712 4923 remus.
743 4868 796 4920 In
830 4887 932 4935 quo
963 4871 1309 4936 monasterio,
1343 4874 1587 4925 monachi
1620 4873 1719 4927 sub
1748 4873 1929 4941 regula
1962 4889 2087 4928 san-
2119 4908 2171 4967 Β
2196 4880 2249 4924 et
2296 4884 2480 4924 norma
2527 4870 2793 4932 decernit,
2827 4879 2900 4933 nt,
2947 4868 3212 4933 videlicet,
3258 4870 3571 4937 episcopus.
3609 4884 3771 4936 quam

510 4971 610 5014 cla:
640 4961 916 5013 memoria:
951 4958 1241 5025 Benedicti,
1268 4964 1351 5038 vel
1383 4964 1625 5032 praedicti
1656 4965 2090 5018 reverendissimi

511 5050 829 5106 Cnlumbani
861 5051 1160 5105 fundatoris
1185 5052 1286 5105 loci
1320 5053 1457 5107 illius
1485 5055 1794 5108 conversari
1815 5056 2083 5108 videntur.

508 5141 615 5196 Pro
649 5156 750 5210 qua
781 5156 839 5195 re
873 5141 1100 5209 supplici
1128 5144 1462 5210 expetiernnt
1491 5144 1799 5210 deprecato,
1834 5155 1887 5196 ut
1919 5146 2083 5213 privt-

506 5233 707 5305 legium
758 5236 1069 5303 apostolicae
1120 5237 1263 5289 sedis
1295 5246 1489 5290 nostrae
1522 5238 1572 5289 in
1616 5237 1803 5289 eodem
1851 5239 2091 5293 mirifica:

508 5327 807 5380 sanctitatis
850 5329 1176 5381 monasterio
1225 5328 1523 5382 concedere
1561 5330 1904 5383 deberemus.
1938 5330 2088 5396 Quod

508 5418 795 5473 salubriter
824 5429 1143 5481 annuentes,
1177 5434 1382 5473 necnon
1415 5421 1571 5473 etiam
1622 5422 1746 5490 quia
1778 5433 1831 5474 et
1856 5422 2087 5476 charito-

511 5509 580 5562 tis
616 5509 795 5589 debito
824 5523 1203 5576 provocamur,
1247 5519 1301 5563 et
1330 5511 1637 5578 apostolicae
1668 5512 1811 5567 sedis
1840 5514 2088 5582 benigni-

511 5611 617 5657 tate
662 5618 724 5657 ac
777 5602 1145 5657 benevolentia
1191 5604 1476 5656 incitamur
1518 5604 1774 5660 honorem
1834 5606 2090 5659 fratribus

512 5692 788 5753 exhibere.
822 5704 875 5749 et
910 5695 1234 5755 specialibus
1283 5705 1481 5747 sanctm
1532 5695 1785 5751 Romana:
1835 5697 2089 5752 Ecclesia:

2200 4975 2351 5029 pater
2380 4962 2715 5027 monasterii,
2751 4961 2832 5013 vel
2863 4970 3051 5014 cuncta
3084 4958 3427 5028 congregatio
3458 4958 3677 5011 voluerit
3703 4957 3775 5011 ad

2197 5051 2580 5106 celebrandum
2624 5053 2907 5104 missarum
2960 5048 3238 5112 solemnia,
3281 5056 3371 5101 aut
3414 5049 3778 5101 consecratio-

2197 5156 2289 5192 nes
2317 5142 2748 5210 presbyterorum
2779 5156 2872 5194 seu
2917 5140 3291 5206 diaconorum,
3324 5140 3404 5193 vel
3436 5140 3596 5193 etiam
3625 5140 3781 5194 tubu-

2198 5232 2392 5298 larum,
2424 5232 2476 5285 in
2508 5235 2699 5300 quibus
2749 5234 2927 5285 missa:
2975 5232 3209 5287 debeant
3257 5231 3535 5292 celebrari,
3584 5230 3780 5284 habeat

2196 5324 2501 5378 facundiam
2533 5325 2582 5376 in
2616 5324 2803 5377 eodem
2836 5323 3162 5377 monasterio
3207 5322 3539 5393 ingrediendi
3568 5331 3780 5375 tantum

2195 5420 2259 5472 ad
2305 5422 2371 5488 pii
2417 5435 2550 5487 opus
2600 5419 2931 5473 monasterii.
2976 5420 3090 5487 Quo
3122 5429 3337 5488 peracto
3386 5419 3515 5473 nihil
3562 5418 3780 5472 contin-

2194 5531 2345 5585 gens,
2391 5516 2483 5568 sed
2535 5515 2700 5584 gratis
2748 5515 2925 5568 omnia
2970 5529 3248 5583 peragens.
3292 5515 3356 5569 ad
3392 5515 3599 5583 propria
3652 5528 3779 5565 mox

2198 5605 2399 5673 ingredi
2441 5620 2544 5657 non
2585 5614 2840 5669 moretur,
2876 5605 3027 5672 nihil,
3061 5606 3198 5657 sicut
3225 5604 3479 5666 diximus,
3513 5615 3780 5668 usurpans

2196 5698 2262 5751 de
2312 5696 2473 5750 rebus
2514 5693 2846 5753 monasterii.
2890 5714 2993 5752 non
3043 5698 3108 5751 de
3147 5696 3314 5750 sacris
3357 5694 3633 5756 altaribus,
3670 5706 3779 5743 non
