4002 6350
232 370 324 430 [Oi
1706 362 1809 415 El’l

1913 402 1915 411 ι
1962 360 2044 413 Ἡ.
3391 355 3493 413 102

232 484 300 543 de
323 481 674 553 paramentis,
724 496 901 550 neque
944 480 1011 535 de
1041 478 1280 541 vasibus,
1332 488 1508 544 neque
1551 472 1619 527 de
1654 473 1820 526 sacris
1852 478 1893 535 Α
1926 470 2066 539 quod
2110 484 2213 523 non
2257 476 2522 537 optamus,
2555 469 2797 524 monachi
2836 468 2889 522 in
2928 469 3116 523 eodem
3157 470 3492 526 monasterio

229 573 619 635 statuminibus,
643 586 745 626 nec
769 571 1056 639 quidquam
1087 566 1280 636 majus,
1308 566 1390 620 vel
1419 565 1693 633 exiguum,
1718 563 1813 617 sed
1916 559 2216 623 constituti,
2248 560 2409 628 tepidi
2441 560 2490 612 in
2534 559 2626 612 Dei
2656 573 2859 623 amore,
2902 569 2957 613 et
3000 560 3053 613 iu
3098 558 3353 615 institutis
3393 560 3499 615 Pa-

245 680 337 720 uec
378 663 771 730 concupiscere
802 669 1048 723 attentet,
1089 662 1210 729 quia
1239 659 1283 711 si
1319 658 1518 724 privata
1558 655 1816 723 concupi-
1920 659 2057 703 trum
2106 659 2400 717 torpentes,
2423 647 2741 716 quandoque
2793 648 3192 716 conspiciantur
3230 649 3490 717 existere,

232 771 383 815 scere
420 757 555 808 satis
584 764 670 808 est
701 752 941 814 noxium,
972 761 1171 820 quanto
1204 749 1370 816 magis
1407 761 1557 800 sacra
1585 746 1815 809 auferre,
1918 740 2207 794 secundqu
2238 741 2473 810 regulam
2498 740 2565 793 ab
2592 740 2802 804 abbate,
2848 740 2900 793 id
2943 750 3023 794 est
3060 756 3086 792 a
3121 750 3270 807 patre
3302 754 3494 794 mona—

248 848 327 903 νει
350 845 690 909 desiderare,
723 852 776 898 et
804 841 910 911 juri
939 856 1037 895 suo
1064 840 1370 905 mancipare
1404 838 1510 891 Deo
1539 846 1619 889 est
1642 834 1820 889 inimi-
1920 834 2094 899 sterii,
2141 833 2335 902 currigi
2367 834 2616 887 debeant.
2658 834 2713 887 Si
2764 842 2963 899 autem,
2998 845 3056 886 et
3103 833 3217 901 ipse
3247 833 3412 888 abbas
3442 833 3496 887 itt

233 938 395 992 cum!
428 936 822 991 lnterdicentes
865 934 1021 987 etiam
1053 934 1328 1001 episcOpo,
1376 931 1431 983 in
1473 928 1629 999 cujus
1666 943 1821 997 paro-
1922 926 2126 994 iguavia
2169 926 2347 993 aliqua
2390 937 2577 980 contra
2630 925 2867 978 instituta
2917 924 3153 988 Patrum,
3198 934 3251 979 ct
3298 925 3497 992 regulas

243 1030 351 1085 chia
378 1041 503 1081 esse
532 1025 752 1079 videtur
792 1023 1102 1093 prmdictum
1146 1021 1526 1076 monasterium
1563 1019 1822 1074 constitu-
1935 1028 2175 1071 tenorem
2208 1018 2366 1071 fuerit
2392 1016 2779 1084 deprehensus,
2809 1027 2863 1071 et
2891 1018 2942 1070 in
2967 1018 3193 1085 aliquam
3224 1018 3496 1070 sinistram

243 1131 369 1181 tum,
401 1128 458 1169 ut
491 1116 627 1170 nihil
674 1125 863 1169 contra
897 1124 1136 1166 tenorem
1179 1098 1460 1181 praesentis
1504 1107 1701 1163 decreti
1734 1109 1820 1177 pia
1925 1120 2126 1178 partem
2158 1111 2464 1177 inclinatus,
2496 1126 2525 1164 a
2556 1111 2686 1163 sede
2712 1110 3024 1178 apostolica,
3051 1110 3153 1164 sub
3190 1109 3341 1177 cujus
3364 1125 3498 1163 cou-

245 1207 604 1277 postulatione
633 1205 845 1269 indulti,
877 1202 1163 1271 quidquam
1211 1210 1452 1265 attentet,
1496 1216 1670 1269 neque
1710 1200 1821 1253 ullo
1922 1203 2119 1255 stitutis
2158 1202 2432 1264 consistit,
2464 1201 2780 1269 corrigatur.
2830 1199 2941 1254 Nec
2971 1202 3110 1253 enim
3153 1200 3361 1254 cuidam
3389 1202 3501 1268 epi-

245 1299 395 1353 modo
419 1298 541 1366 ejus
583 1296 931 1365 baptismales
974 1293 1265 1358 ecclesias,
1308 1307 1401 1346 seu
1444 1293 1679 1345 decimas
1720 1290 1821 1343 sibi
1923 1309 2086 1363 scopo
2107 1295 2297 1348 damus
2327 1294 2598 1349 licentiam
2638 1295 2738 1349 sub
2766 1294 3036 1362 obtemptu
3069 1296 3503 1362 reprehensionis

236 1383 505 1453 vindicet,
548 1405 651 1443 nec
700 1390 814 1455 ipse
862 1389 1049 1453 suique
1100 1398 1437 1439 successores
1493 1390 1823 1451 praesumant
1923 1385 2157 1452 aliquam
2186 1385 2239 1438 in
2271 1385 2631 1454 suprascripto
2682 1388 3006 1439 monasterio
3035 1402 3182 1439 suam
3211 1386 3501 1442 extendere

246 1483 509 1552 prohibita
553 1482 885 1548 contingere.
932 1477 1176 1532 Chrisma
1206 1476 1385 1545 igitur,
1441 1476 1519 1529 vel
1563 1472 1819 1542 quidquid
1927 1486 2265 1546 potestatem,
2296 1477 2389 1531 sed
2435 1478 2549 1544 ejus
2583 1476 2760 1545 capiti,
2812 1477 2995 1541 idest,
3027 1479 3333 1545 apostolici:
3364 1480 3502 1544 sedi,

242 1576 305 1629 ad
343 1590 497 1628 sacra
547 1570 842 1626 ministeria
880 1570 1127 1637 pertinet,
1170 1568 1271 1620 sia
1314 1576 1464 1635 parte
1516 1564 1819 1619 monasterii
1923 1571 1967 1623 si
1996 1578 2143 1623 certo
2187 1570 2303 1623 zelo
2334 1569 2427 1624 Dei
2459 1578 2511 1623 et
2546 1571 2796 1623 instinctu
2846 1570 3054 1638 pietatis
3102 1570 3363 1634 innititur,
3396 1574 3505 1626 suis

238 1664 395 1718 l‘uctit
427 1663 779 1730 posm!atnm,
804 1674 833 1711 a
859 1658 1263 1729 quibuscunque
1294 1655 1595 1724 praeviderit
1623 1669 1820 1709 conce-
1924 1659 2163 1727 epistolis
2194 1660 2407 1714 debebit
2450 1675 2756 1729 suggerere,
2793 1670 2848 1714 ut
2885 1661 3005 1728 quid
3042 1661 3275 1729 pontilici
3307 1662 3505 1715 [lonia-

241 1757 410 1810 dimus
461 1754 786 1825 przvsulibus
831 1750 1198 1813 tribuendum;
1230 1759 1303 1814 ειν
1339 1757 1394 1800 ¹¹ῑ
1443 1748 1689 1815 Superius
1738 1745 1818 1799 ἀί·
1852 1821 1887 1825 _
1926 1767 2005 1805 me
2037 1752 2179 1806 sedis
2210 1753 2514 1820 apostolica:
2565 1753 2820 1820 placuerit
2861 1752 3009 1821 juxta
3060 1769 3210 1807 suam
3258 1754 3493 1821 pruden-

241 1858 381 1900 clllm
410 1821 517 1910 etii.
549 1855 604 1899 el
630 1858 774 1914 δωρθ
813 1842 1093 1896 dicendum
1125 1851 1227 1906 es"
1258 1840 1457 1893 nullam
1504 1846 1818 1906 potestatem
1852 1821 1899 1881 θ
1928 1843 2050 1896 tiam
2082 1842 2372 1909 prtcvitleat
2402 1841 2851 1909 respondendum.
2876 1842 2991 1907 Quo
3034 1842 3172 1897 facto
3204 1852 3328 1897 tunc
3364 1844 3502 1898 irre-

239 1938 432 1990 habere
466 1935 834 2003 permittimus
874 1930 1156 2000 episcopos
1195 1930 1246 1981 in
1278 1928 1465 1982 eodem
1501 1926 1822 1979 monasterio
1926 1933 2394 2001 prehensibiliores
2439 1934 2682 1985 videntur
2721 1931 2973 1997 existere,
3026 1933 3312 1987 constituta
3356 1931 3501 1985 sedis

248 2007 424 2095 neque.
449 2028 504 2079 in
536 2024 721 2090 rebus,
748 2025 829 2077 Vel
860 2023 911 2076 in
938 2023 1249 2078 ordinandis
1277 2022 1538 2088 personis,
1564 2019 1656 2072 srd
1682 2018 1820 2086 quod
1929 2024 2234 2093 apostolica:
2283 2022 2665 2077 inviolabiliter
2719 2021 3071 2076 custodiendo
3123 2021 3170 2074 si
3222 2022 3504 2084 studuerit,

235 2130 422 2174 cuncta
452 2116 804 2187 congregatio
833 2114 1055 2180 elegerit
1085 2124 1202 2183 post
1246 2120 1475 2164 mortem
1510 2110 1676 2178 patris
1707 2125 1822 2162 mo-
1930 2131 2048 2185 qua;
2090 2125 2272 2169 contra
2318 2114 2459 2167 hunc
2505 2123 2744 2167 tenorem
2794 2112 2877 2182 agi
2911 2113 3238 2181 perspexerit,
3278 2112 3505 2168 ﬁdeliter

236 2211 483 2273 nasterii,
520 2210 639 2277 ipse
678 2207 841 2261 debet
871 2207 923 2259 in
970 2205 1158 2259 eodem
1204 2202 1530 2257 monasterio
1561 2200 1816 2253 ordinari.

1935 2208 2199 2272 nuntiare,
2232 2217 2287 2261 et
2326 2221 2428 2260 non
2460 2207 2797 2271 semetipsos,
2828 2213 2883 2258 et
2929 2204 2981 2257 in
3020 2218 3204 2258 eorum
3237 2205 3511 2257 machina-

238 2300 413 2367 Supcr
447 2298 552 2352 hoc
597 2312 773 2367 neque
814 2296 1172 2365 presbyteros,
1208 2307 1379 2359 neque
1418 2291 1694 2351 diaconus,
1731 2303 1818 2343 nec

1931 2301 2076 2352 tione
2104 2297 2423 2364 quandoque
2449 2309 2724 2361 emergere
2751 2312 2761 2346 :
2787 2286 2929 2362 quod
2962 2293 3009 2347 si
3049 2293 3275 2363 quidam
3306 2293 3510 2347 callidi-

230 2388 538 2459 quamlibet
581 2401 864 2457 personam
915 2386 966 2438 in
1013 2383 1204 2438 eodem
1248 2382 1577 2435 monasterio
1630 2380 1829 2434 habere
1932 2401 2037 2445 ιεηθ
2066 2392 2260 2456 atina,
2307 2390 2389 2443 vel
2436 2387 2676 2441 avaritia:
2718 2385 3081 2454 instigatione,
3122 2385 3414 2455 quidquam
3444 2386 3514 2439 de

233 2479 340 2531 “"0
399 2475 568 2529 ῖηοάθ
627 2484 946 2544 Ρσῑαδῑθιθίη
1000 2475 1281 2525 ῖῐηιηυιπθ
1347 2470 1671 2538 qumquam,
1742 2469 1824 2522 νθι
1932 2483 2210 2552 prohibitis
2240 2479 2646 2549 prie-sumpserit
2682 2478 3072 2543 attentandutn,
3118 2487 3390 2531 etroutra
3419 2492 3512 2531 su-

232 2581 415 2636 agere.
465 2566 878 2636 Cognoscentes
919 2566 1060 2634 quod
1116 2564 1216 2618 sub
1261 2563 1554 2630 apostolica
1588 2560 1737 2625 sede,
1774 2561 1812 2613 lC

1930 2573 2110 2641 peritis
2165 2572 2379 2625 decreta
2434 2568 2810 2639 quoquomodo
2862 2567 3221 2633 obviandnm,
3279 2568 3507 2637 primum

232 2670 335 2724 est,
385 2661 532 2714 beati
575 2659 717 2713 Petri
766 2656 991 2725 apostoli
1023 2671 1086 2710 ex
1130 2654 1369 2723 prmdicti
1416 2654 1579 2722 regis,
1614 2668 1707 2705 seu
1740 2668 1812 2706 re-

1933 2665 2140 2733 quidem
2172 2665 2250 2718 sui
2291 2663 2495 2716 ordinis
2521 2661 2689 2730 gradu
2734 2671 2787 2715 et
2826 2660 3083 2729 dignitate
3114 2659 3425 2729 privabitur,
3458 2669 3513 2713 et

230 2754 367 2820 gina
388 2766 691 2813 consensu,
722 2760 779 2804 et
815 2749 1195 2818 postulatione,
1237 2748 1336 2801 sub
1374 2762 1599 2816 quorum
1642 2745 1799 2800 defen

1932 2771 1993 2810 ex
2023 2755 2161 2809 beati
2214 2754 2353 2807 l’etri
2385 2753 2611 2821 apostoli
2652 2753 2991 2813 auctoritate,
3024 2752 3111 2819 qui
3161 2751 3355 2818 ligandi
3403 2751 3512 2802 sol-

230 2841 384 2897 sione‘
423 2857 551 2897 esse
590 2841 819 2894 videtur.
868 2839 1115 2893 Nostrum
1162 2837 1441 2905 praesentis
1474 2836 1822 2905 privilegium
1932 2844 2193 2911 vendique
2224 2844 2272 2894 iu
2320 2842 2457 2895 caelo
2500 2851 2553 2895 et
2583 2842 2634 2894 in
2673 2850 2811 2894 terra
2842 2841 3036 2893 meruit
3076 2848 3413 2906 potestatem,
3445 2840 3515 2891 sit

230 2931 431 2985 indulta
464 2931 794 2984 concedere.
833 2930 1066 2998 [togatus
1110 2943 1240 2983 vero
1286 2928 1570 2995 episcopus
1600 2943 1630 2979 a
1662 2927 1827 2981 Patre
1930 2948 1957 2986 a
1988 2934 2395 3003 participatione
2428 2932 2582 2985 Dom.
2625 2934 2793 2985 nostri
2833 2929 2963 2984 Jesu
2991 2930 3189 2985 Christi
3218 2943 3430 2998 corpor.
3459 2938 3514 2983 et

230 3022 550 3076 monasterii
583 3020 669 3074 vel
711 3035 741 3073 a
788 3029 979 3074 cuncta
1024 3018 1438 3087 congregatione
1485 3033 1636 3071 suam
1674 3020 1829 3072 exili-
1930 3024 2206 3093 sanguinis
2238 3024 2510 3090 immunis,
2557 3037 2620 3076 ac
2666 3030 2850 3075 nostro
2872 3022 3146 3076 consortio
3168 3021 3431 3086 seclusus,
3459 3029 3515 3074 et

230 3113 353 3169 beat
380 3111 760 3181 pmsentiam,
786 3126 891 3163 non
923 3117 1099 3164 autem
1130 3109 1345 3175 petitus,
1374 3108 1439 3161 ad
1467 3118 1669 3162 secreta
1698 3122 1818 3162 mo-
1862 3176 1894 3182 _
1927 3116 2084 3169 etiam
2128 3103 2587 3176 excellentissimi,
2619 3111 2708 3180 qui
2733 3127 2829 3182 pro
2863 3121 3105 3178 tempore
3148 3110 3325 3177 luerit,
3354 3112 3518 3180 regis,

233 3202 454 3258 nasterii
486 3202 752 3257 accedere
782 3217 886 3255 non
918 3210 1230 3270 prmsumat,
1262 3216 1328 3253 ne
1367 3200 1600 3268 quietam
1633 3214 1820 3252 tnona-
1853 3176 1895 3238 (ἶ
1932 3204 2277 3259 nihilominus
2310 3204 2724 3268 submovendus,
2767 3215 3051 3273 quatenus,
3083 3213 3137 3258 et
3161 3218 3281 3273 qua:
3316 3210 3513 3257 statuta

234 3296 463 3350 chorum
512 3294 705 3360 vitam,
738 3295 826 3363 qui
869 3294 1161 3348 solitariam
1196 3306 1409 3360 propter
1453 3292 1614 3345 Deum
1647 3292 1824 3346 studia
1930 3309 2054 3351 sunt
2083 3308 2332 3366 perpetua
2362 3300 2565 3364 possint
2594 3298 2905 3353 deﬁnitione
2934 3314 3167 3363 manere,
3199 3307 3254 3352 et
3276 3307 3505 3352 temera-

235 3397 496 3454 νεηεετθ
522 3385 904 3446 ἀθετθνθῐυηι,
935 3382 1184 3451 frequens
1213 3382 1547 3437 sacerdoutm
1594 3382 1826 3437 insolen‘
1933 3398 2075 3442 tores
2107 3389 2382 3456 praesentis
2407 3390 2606 3443 decreti
2631 3390 2697 3443 de
2725 3405 2818 3442 sua
2851 3391 3152 3444 temeritate
3182 3388 3352 3458 poenis
3375 3388 3512 3441 mul-

239 3477 305 3530 tia
348 3478 637 3544 irrumpat,
686 3476 821 3529 utin
869 3474 962 3529 Dei
1008 3474 1252 3528 laudibus
1294 3482 1696 3538 conversnntes,
1730 3487 1825 3539 pro
1932 3481 2196 3546 tiplicihus
2221 3479 2513 3546 sultjacere.
2555 3479 2693 3531 Bene
2737 3479 2928 3533 valete.

244 3568 615 3622 incolumitate
659 3576 861 3621 sancta:
886 3568 1030 3621 sedis
1060 3567 1366 3635 apostolica:
1398 3577 1614 3629 nostrai,
1649 3576 1702 3620 et
1729 3581 1825 3634 pro
2005 3570 2123 3623 Dat.
2155 3585 2205 3622 ιν
2253 3569 2432 3623 Nonas
2468 3570 2585 3622 Maii
2636 3569 2844 3636 imperii
2889 3568 2950 3622 D.
2997 3567 3220 3637 piissimi
3264 3566 3513 3636 Augusti,

246 3660 714 3712 excellentissimis
743 3659 957 3728 regibus
982 3659 1063 3727 pia
1091 3658 1445 3727 posmlatiunc
1478 3658 1823 3727 poscentibus
1933 3661 2264 3715 Constantini
2298 3675 2439 3715 anno
2465 3661 2516 3725 9,
2543 3661 2846 3715 consulatus
2884 3660 2930 3726 l,
2962 3659 3073 3714 ittd.
3102 3659 3152 3713 l.

248 3750 453 3804 assidue
485 3750 770 3804 Dominum
818 3751 1106 3821 deprecare
1136 3764 1239 3804 non
1271 3759 1497 3804 cessent.
1534 3750 1589 3803 Si
1622 3759 1824 3814 autem,

1741 4418 1888 4478 ἓτὶἑ

1674 4444 1989 4533 *ἓῦἓῗῖὗ

1792 4535 1836 4582 ά
1854 4546 1875 4577 κν
1892 4534 1932 4575 9‘:
