4002 6350
2311 353 2544 361 -———_-.

2555 355 2674 366 ...-
2697 355 3338 373 w-

1773 433 1932 472 ANNO
1981 432 2203 472 l)0\llNl
2255 435 2543 478 ηοῑινηι

1623 539 2687 806 ΜΑῙΕῙΞὺΞ,

1558 839 1643 894 R.-\
1657 841 2134 903 VENNATENSIS
2173 848 2786 905 ARCHIEPISCOPUS.
2847 895 2852 898 .

1636 1038 2073 1120 ΝΟΤΙΤΙΑ
2133 1046 2714 1124 HISTORICA.

1799 1243 1890 1304 (Ex
1924 1244 2150 1305 L'ghello,
2198 1245 2338 1296 Italia
2361 1247 2538 1308 sacra.)

604 1422 836 1489 Maurus,
859 1440 921 1479 ex
947 1439 1227 1481 mconomo
1257 1429 1576 1485 Ravennatis
1604 1434 1874 1500 Ecclesiae,
1901 1443 2106 1496 arcliie-
2139 1458 2186 1514 Α
2213 1442 2513 1497 cessionem
2565 1458 2594 1496 a
2641 1458 2792 1512 papa.
2827 1440 3531 1514 Quamobrem‘Adeodatus
3563 1452 3806 1518 pontifex

526 1516 776 1584 piscopns
798 1517 1034 1583 ejusdem
1068 1518 1306 1572 adlectus
1339 1531 1419 1574 est
1449 1538 1588 1576 anno
1634 1525 1758 1579 6l8.
1797 1527 1890 1582 llic
1922 1548 1984 1584 ex
2013 1548 2101 1585 su-

527 1609 703 1676 perbia
737 1611 813 1675 (α)
843 1613 1184 1679 potentiaque
1229 1625 1413 1666 contra
1461 1615 1755 1673 Romanum
1800 1625 2100 1688 pontilicem

524 1697 724 1752 nefarie
754 1699 1046 1766 rebellavit,
1088 1713 1476 1774 c.»ntun'iaane
1508 1707 1672 1764 fuisse
1704 1712 1900 1767 dicitur
1929 1719 2102 1783 quoad

531 1791 680 1843 vixit.
715 1791 921 1844 Etenim
950 1808 1068 1846 cum
1110 1794 1417 1850 Vitellianus
1449 1803 1684 1866 pontifex
1714 1804 1778 1857 ad
1821 1807 2102 1864 dicendum

521 1897 734 1934 causam
794 1882 937 1935 illum
993 1887 1211 1938 llomatn
1261 1901 1542 1954 vocasset,
1594 1896 1918 1961 pontilicium
1969 1916 2101 1956 con-

521 1972 738 2038 tempsit
769 1973 1073 2041 imperium,
1105 1977 1446 2050 vicissimque
1474 1997 1565 2050 per
1593 1998 1856 2042 summam
1889 1991 2103 2057 temeri-

522 2073 704 2131 tatem,
738 2082 1013 2122 romannrn
1044 2072 1346 2137 pontiﬁcem
1376 2076 1441 2129 ad
1473 2092 1627 2131 suum
1657 2079 1839 2134 citavit
1872 2085 2103 2139 tribunal

517 2153 886 2221 judicandntn.
925 2161 1058 2225 Quin
1106 2165 1339 2219 moriens
1373 2175 1574 2221 tantum
1606 2170 1772 2225 abfuit
1821 2183 1876 2226 ιιι
1915 2185 2104 2229 contu-

522 2247 745 2300 maciam
776 2253 1026 2318 eiuraret,
1060 2264 1116 2306 ut
1146 2257 1306 2310 etiam
1350 2260 1496 2313 clero
1526 2277 1621 2314 suo
1649 2264 1980 2320 mandaverit
2011 2283 2100 2322 se-

589 2384 665 2441 ta)
702 2389 854 2458 ᾼιιιιο
883 2387 1008 2451 649,
1041 2405 1164 2456 quo,
1194 2401 1252 2444 ut
1290 2396 1466 2447 verior
1491 2397 1728 2452 calculus
1768 2415 1836 2454 ex
1870 2402 2100 2458 Oldoino

515 2449 690 2516 docet,
727 2456 902 2530 liabita
931 2449 1012 2511 est
1041 2449 1277 2530 synodus
1308 2464 1544 2519 Romana
1588 2449 1842 2524 asa—ncte

513 2535 664 2587 papa,
697 2526 869 2580 adhuc
899 2526 1439 2600 obsequentissimum
1482 2537 1643 2592 fuisse
1688 2540 1940 2597 Romana:
1987 2526 2100 2598 sedi

2208 1550 2422 1589 Omnem
2485 1535 3013 1593 Mauri'tnemoriam
3066 1539 3119 1591 in
3165 1539 3558 1595 anniversariis
3600 1543 3808 1600 inferiis

2208 1629 2418 1683 censuit
2447 1631 2823 1700 mandavitque
2853 1630 3190 1686 abolendam.
3221 1632 3404 1700 Itaque
3431 1633 3650 1690 Maurus
3673 1652 3807 1693 con-

2211 1734 2389 1778 tumax
2452 1736 2503 1776 et
2533 1725 2793 1792 superbus
2822 1726 3016 1778 misere
3058 1727 3217 1780 vitam
3248 1727 3442 1791 linivit,
3499 1738 3803 1798 nactusque

2207 1831 2318 1868 sua:
2349 1816 2703 1869 contumaciae
2750 1831 2842 1884 par
2891 1815 3313 1886 porpliyriticum
3347 1819 3688 1886 sepulchrum
3719 1831 3805 1875 est

2209 1907 2348 1976 apud
2387 1917 2629 1961 sanctum
2674 1908 3092 1976 Appollinarem.
3151 1909 3299 1964 Adeo
3336 1911 3534 1965 divitia:
3560 1911 3801 1979 inustam,

2212 1999 2348 2052 adeo
2380 2001 2613 2067 potentia
2644 2000 2894 2053 niortales
2923 2009 3256 2054 transversos
3284 2003 3413 2070 agit,
3461 2012 3518 2054 ut
3562 2003 3799 2070 plerum-

2209 2103 2311 2158 que
2339 2106 2397 2143 se
2428 2091 2650 2159 perdere
2674 2091 2879 2158 malint,
2903 2107 3061 2161 quam
3085 2091 3306 2148 aliorum
3341 2092 3502 2162 justa:
3532 2095 3790 2164 potentias

2213 2184 2437 2252 subjecti
2479 2183 2667 2238 videri.

2211 2417 2450 2469 Maurum
2471 2419 2831 2470 Ravennatem
2853 2431 3078 2477 consmt,
3102 2435 3221 2470 cum
3243 2419 3315 2470 illi
3339 2417 3569 2472 concilio
3593 2425 3797 2486 prmsw

2212 2488 2367 2540 fuerit
2395 2505 2484 2554 per
2515 2490 2754 2540 Maurum
2783 2491 3090 2556 episcoomn
3113 2488 3467 2544 Cazsenatem.

535 2663 3794 2703 .__.________—______________

1801 2806 2469 2945 meum,

1555 3011 2119 3067 RAVENNATENSIS
2157 3012 2694 3078 ARCIIIEPISCOPI,

1321 3160 2218 3288 EPISTULA
2308 3164 2931 3310 UNICA,

733 3392 838 3453 AD
885 3390 1316 3453 MARTINUM
1368 3388 1851 3452 PONTIFICEM
1900 3387 2301 3448 ROMANUM
2348 3389 2759 3450 ADVERSUS
2799 3389 3562 3453 MONOTHELITARUM

1948 3487 2354 3547 H/EllESlftl.

2006 3588 2251 3604 _—

1711 3655 1908 3718 (Mansi,
1940 3653 2267 3702 Conciliorum
2302 3652 2581 3709 Collectio.)

496 3831 719 3905 Δισπὸτῃ
750 3829 1018 3901 ἁγιωτάτῳ
1044 3831 1124 3881 καὶ
1154 3828 1524 3900 μακαρινυτάτῳ
1554 3827 1869 3896 ἀποστολικῷ
1911 3827 2080 3879 οἰκουο
2117 3827 2159 3884 Β

562 3929 743 3993 μενικῷ
785 3922 1026 3996 ἀρχιερεῖ
1056 3919 1288 3990 Μαρτίνῳ
1316 3925 1493 3990 πάπα,
1526 3924 1730 3989 Μαῦρος
1761 3915 1936 3975 δοῦλος
1978 3922 2078 3970 τῶν

560 4014 750 4068 δούλων
777 4020 864 4066 τοῦ
895 4018 1018 4066 Θεοῦ
1029 4051 1042 4063 .

558 4112 837 4180 Move-{sur}:
884 4111 1020 4159 πᾶσι
1064 4107 1145 4158 καὶ
1193 4103 1482 4178 κυριωτάτη
1521 4105 1763 4177 Θεραπεία
1800 4098 2083 4173 δεδώρηται

491 4199 626 4272 παρά
651 4203 742 4251 τοῦ
771 4201 952 4270 κυριοῦ
976 4198 1055 4248 καὶ
1081 4200 1204 4248 Θεοῦ
1235 4196 1321 4246 καὶ
1347 4201 1574 4264 Σωτῆρος
1603 4194 1738 4263 ἡμῶν
1763 4188 1932 4247 Ἰησοῦ
1961 4199 2082 4264 Χρι-

489 4295 614 4345 στοῦ
645 4288 771 4361 πρὸς
804 4288 1061 4360 σωτηρίαν
1103 4293 1200 4338 τῶν
1238 4287 1494 4356 ἡμετέρων
1525 4284 1737 4354 ψυχῶν.
1763 4284 1819 4335 τὸ
1857 4281 2080 4353 βεϐαίως

487 4381 647 4433 ἰκεῖνα
672 4380 908 4447 κατέχειν
932 4376 1062 4448 ἅπερ
1086 4375 1168 4430 διὰ
1190 4382 1280 4429 τοῦ
1307 4378 1632 4448 κήρὺγματος
1657 4381 1754 4427 τῶν
1778 4373 1934 4444 ἁγίων
1957 4373 2079 4424 ἀπο·

485 4473 702 4536 στόλων,
755 4474 838 4525 καὶ
884 4480 976 4530 τῆς
1018 4467 1350 4528 διδασκαλίας
1379 4476 1478 4522 τῶν
1516 4469 1668 4539 ἁγίων
1697 4474 1908 4540 πατρῶν
1936 4467 2076 4533 ἡμῶν

484 4564 862 4640 παρελάϐομεν.
904 4567 1184 4634 Τοιγαροῦν
1221 4562 1432 4633 ἐπείπερ
1464 4558 1547 4613 διὰ
1583 4567 1680 4613 τῶν
1727 4557 2075 4612 ἀποστολικῶν

484 4656 622 4714 ὑμῶν
649 4652 978 4728 προστάξεων
1008 4657 1099 4709 τὴν
1128 4651 1376 4723 ὑμετέραν
1404 4649 1690 4722 ἁγιωσύνην
1724 4647 2075 4716 ὑπεμνηματί·

483 4745 606 4799 σθην
631 4742 941 4796 καταλαϐεῖν
965 4741 1126 4793 ἕνεκεν
1145 4747 1242 4793 τῶν
1269 4743 1598 4793 συντιθέντων
1622 4737 1750 4791 κατά
1779 4757 1832 4790 τε
1857 4745 1950 4795 τῆς
1974 4742 2072 4790 τῶν

482 4839 690 4904 πατρῶν
740 4831 1107 4894 διδασκαλίας,
1137 4835 1218 4885 καὶ
1261 4841 1352 4891 τῆς
1395 4833 1656 4890 καθολικῆς
1678 4837 1768 4885 τοῦ
1817 4835 1946 4884 Θεοῦ
1990 4833 2073 4882 καὶ

481 4922 819 4981 ἅποστολικῆς
850 4921 1162 4987 Ἐκκλησίας,
1195 4924 1275 4976 ἶνα
1302 4925 1428 4988 μετὰ
1453 4930 1553 4977 τῶν
1575 4923 1759 4976 λοιπῶν
1786 4920 2072 4975 ἐπισκόπων

481 5015 732 5090 ὁρίσωμεν
763 5013 894 5088 ἅπερ
925 5014 971 5067 οἱ
1001 5016 1215 5088 πατέρες
1240 5017 1481 5090 περὶτῶν
1522 5015 1764 5068 τοιούτων
1806 5013 2070 5084 προστάτ-

480 5126 677 5170 τουσιν,
703 5106 980 5174 ἀναγκαίως
999 5105 1125 5176 πρὸς
1147 5107 1336 5165 ταύτην
1358 5127 1457 5175 μου
1480 5110 1568 5162 τήν
1591 5101 1674 5156 διὰ
1699 5111 1790 5161 τῆς
1813 5104 2069 5175 ἀναφορᾶς

2261 3823 2482 3876 Domino
2503 3831 2687 3876 saneto
2721 3830 2775 3875 et
2802 3822 3004 3876 meritis
3031 3821 3362 3890 beatissimo,
3397 3833 3614 3894 totoque
3641 3835 3776 3885 orbe

2189 3917 2483 3982 apostolico
2543 3925 2597 3969 et
2657 3915 2946 3969 universali
3006 3917 3244 3983 pontiﬁci
3311 3918 3537 3972 Martino
3589 3937 3776 3990 papae,

2190 4008 2402 4061 Maurus
2433 4022 2619 4059 svrvus
2652 4022 2933 4061 servorum
2971 4007 3058 4061 Dei
3106 4008 3411 4076 episc0pus.

2263 4097 2489 4152 Unicum
2533 4099 2787 4151 omnibus
2827 4109 2881 4154 et
2932 4102 3204 4168 singulare
3261 4114 3342 4155 est
3401 4103 3776 4171 Redemptoris

2189 4192 2281 4246 Dei
2322 4202 2375 4246 et
2399 4190 2609 4244 Domini
2659 4194 2827 4246 nostri
2853 4192 2978 4246 Jesn
3009 4194 3207 4246 Christi
3241 4209 3554 4250 concessum
3596 4215 3774 4253 reme-

2183 4286 2327 4338 dium
2371 4284 2434 4336 ad
2468 4284 2765 4336 :mimarnm
2816 4294 3118 4337 nostrarum
3163 4287 3426 4350 salutem,
3475 4297 3622 4342 utea
3651 4306 3772 4356 quae

2183 4376 2649 4445 perapostolormn
2673 4376 3104 4442 praedicationem
3127 4379 3461 4447 percepimus
3479 4389 3535 4433 et
3555 4381 3770 4436 Patrum

2181 4469 2501 4530 doctrinam,
2535 4468 2716 4536 procul
2765 4467 2928 4520 dubio
2971 4477 3269 4522 teneamus.
3305 4471 3445 4539 Ergo
3475 4473 3596 4539 quia
3630 4487 3770 4540 apo-

2179 4564 2402 4616 stolatns
2442 4561 2609 4613 vestri
2644 4561 3099 4630 prmceptionibus
3122 4561 3428 4617 admonitus
3458 4574 3515 4618 ut
3558 4580 3656 4632 pro
3686 4565 3770 4619 his

2177 4671 2297 4726 quae
2339 4655 2594 4708 adversus
2636 4669 2820 4708 eorum
2871 4655 3170 4708 doctrinam
3232 4669 3588 4713 commentata
3643 4672 3768 4716 sunt

2177 4745 2400 4800 debeam
2431 4747 2496 4800 ad
2527 4756 2769 4800 sanctam
2803 4757 2857 4800 et
2887 4748 3232 4817 apostolicam
3264 4747 3554 4804 Ecclesiam
3580 4753 3770 4806 catlm.

2176 4836 2331 4890 licam
2379 4849 2724 4907 vestramque
2756 4839 3096 4907 przesentiam
3126 4840 3374 4908 reperiri,
3409 4851 3460 4894 et
3507 4857 3606 4895 una
3639 4859 3765 4898 cum

2175 4929 2386 4980 cwteris
2411 4928 2679 4999 episcopis
2721 4945 2840 4998 quae
2869 4931 2934 4983 de
2967 4929 3046 4983 liis
3095 4929 3279 4984 Patres
3314 4933 3626 5001 praecipiunt
3669 4934 3768 4989 de—

2175 5017 2335 5072 beant
2369 5018 2667 5084 terminari,
2713 5034 2885 5088 neque
2914 5020 3076 5074 etiam
3113 5029 3491 5089 praeparatum,
3519 5021 3646 5075 dum
3692 5026 3765 5079 ab

2173 5113 2416 5167 exercitu
2447 5122 2504 5167 et
2531 5113 2684 5182 plebe
2717 5113 2876 5178 huius
2907 5113 3165 5175 civitatis,
3189 5113 3271 5169 vel
3300 5115 3459 5167 etiam
3493 5115 3762 5182 l‘entapo-

478 5200 754 5271 ἀπολογίαν
804 5199 952 5252 ἐλθεῖν
1001 5197 1324 5260 ἐσπούδασα,
1348 5200 1604 5271 γνωρίζων
1647 5198 1714 5256 ὡς
1757 5197 1878 5262 ὲμοῦ
1919 5188 2110 5249 τοῦτο(

2193 5205 2483 5268 itanornm,
2536 5204 2825 5268 detinerer,
2860 5219 2954 5271 pro
2999 5204 3219 5258 incertis
3264 5205 3539 5274 gentilium
3571 5219 3763 5259 excur-

477 5293 724 5368 πράττειν
750 5293 962 5364 ἑτοίμως
986 5291 1200 5361 ἔχοντος
1219 5331 1236 5356 ,
1265 5289 1511 5347 ἐκωλύθην
1548 5288 1657 5344 ἕκτε
1685 5295 1774 5342 τοῦ
1806 5290 2063 5364 ἐξερκέτου

477 5387 561 5438 καί
585 5391 678 5437 τοῦ
706 5385 830 5438 λαοῦ
849 5383 1037 5444 ταύτης
1056 5393 1148 5443 τῆς
1177 5385 1391 5447 πόλεως,
1416 5385 1472 5436 οὐ
1500 5389 1596 5454 μὴν
1623 5383 1748 5436 ἀλλά
1773 5385 1853 5436 καὶ
1880 5390 2066 5436 ΙΙεντα·

478 5481 702 5547 πόλεως,
729 5479 812 5534 διὰ
839 5483 932 5540 τὰς
962 5479 1177 5539 ἀδήλους
1213 5488 1312 5534 τῶν
1357 5481 1732 5553 παρακειμένων
1774 5479 1916 5531 ἐΰνῶν
1954 5477 2067 5532 ἐπι·-

481 5570 685 5633 ϐουλάς,
716 5574 799 5623 καὶ
844 5573 900 5625 τὸ
950 5575 1142 5640 μήποτε
1184 5573 1250 5629 ὡς
1304 5577 1541 5644 παρεῖναι
1584 5572 1669 5623 τὸν
1718 5569 2066 5622 εὐκλεέστατον

485 5660 736 5732 ἔξαρχον·
783 5662 1066 5736 παρακαλῶ
1093 5664 1258 5716 τοίνυν
1299 5666 1367 5730 μὴ
1398 5663 1464 5720 ὡς
1494 5660 1693 5716 ἀπόντα
1719 5661 1927 5731 μᾶλλον,
1959 5660 2070 5713 ἀλλ’

482 5755 548 5812 ὡς
590 5753 815 5828 παρόντα
841 5774 899 5822 με
932 5754 1245 5816 καταξιῶσαι
1277 5751 1651 5822 προσδέξασθαι
1692 5758 1780 5810 τήν
1811 5753 2065 5821 ὑμετέραν

2176 5294 2438 5359 sionibus,
2481 5304 2534 5349 et
2564 5310 2669 5348 non
2712 5308 2770 5347 se
2801 5293 3120 5347 habentibus
3152 5296 3440 5362 przesentia
3487 5294 3760 5348 excellen-

2177 5388 2366 5441 tiSsimi
2393 5387 2634 5447 exarclii,
2659 5385 2722 5439 ad
2743 5385 2881 5438 hanc
2901 5385 3261 5455 suggestionis
3277 5402 3411 5440 mea:
3434 5386 3758 5440 satisfactio-

2172 5494 2294 5532 nem
2330 5479 2514 5530 venire
2540 5477 2852 5545 compulsus
2879 5491 3020 5541 sum,
3047 5478 3189 5546 quod
3218 5493 3338 5532 cum
3378 5493 3590 5532 summo
3621 5492 3758 5532 mm-

2173 5587 2293 5625 rore
2317 5571 2652 5625 satisfaciens
2674 5570 2940 5639 supplico,
2965 5580 3022 5624 ut
3044 5587 3128 5626 me
3161 5588 3264 5626 non
3290 5573 3429 5626 sicut
3450 5571 3752 5638 absentem,

2177 5660 2269 5714 sed
2296 5669 2350 5713 ut
2377 5670 2692 5728 praesentem
2722 5669 2774 5713 et
2805 5660 3144 5716 festinantem
3170 5662 3444 5730 suscipere
3479 5663 3753 5731 apostola-

2173 5759 2255 5804 tus
2274 5759 2450 5806 vcstcr
2468 5749 2739 5819 dignetur.
2757 5750 2888 5807 Nam
2921 5753 2972 5808 in
2992 5752 3076 5810 bis
3097 5769 3215 5819 qua:
3237 5762 3540 5816 moventur,
3556 5763 3609 5807 et
3629 5768 3750 5807 con-
