4002 6350
481 433 1403 456 3w==_z'-
1427 432 1505 456 -"_
1540 431 1779 456 ~‘=H
1806 432 1817 437 ⁵
1854 431 1991 438 μ’-
2010 431 2151 439 “-““”-⁴

481 433 1373 464 ω

1508 337 1568 390 ΙΝ
1609 336 1929 392 SANCTUM
1970 334 2328 390 MARTINUM
2367 336 2591 390 PAPAM
2638 337 2653 390 l

3625 338 3723 396 H9

2486 432 2862 442 m_-____
2896 434 3717 464 -.Σ-Ἑτεέ

2154 432 2481 443 Ἦν

1315 578 1586 661 ALIA
1639 576 2127 659 NOTITIA
2177 578 2525 659 HISTO
2545 578 2809 661 RICA
2829 638 2848 657 .

517 709 815 787 Ejusdem
845 708 1054 770 sancti
1081 674 1354 797 ﬁlartini
1382 712 1592 797 passio
1616 719 1640 748 α
1672 721 1966 797 excerpta
1994 730 2070 771 ex
2099 698 2423 797 cujusdam
2446 687 2966 797 Christinnissi'nii
2995 718 3255 797 epistula
3282 717 3541 794 directa,
3576 724 3682 797 qui

1004 799 1148 849 sunt
1182 793 1247 849 in
1277 790 1608 852 Occidente
1635 810 1740 850 seu
1772 792 1973 849 Romae
2002 798 2059 850 et
2087 791 2159 849 in
2190 791 2433 868 Africa,
2470 792 2840 852 orthodoxis
2870 790 3185 855 Pluribus.

542 984 900 1037 .aitlietionum
923 997 1178 1037 maerores
1202 992 1256 1036 et
1277 984 1554 1053 lacrymas,
1586 997 2030 1049 communemque
2062 983 2108 1037 Α
2138 979 2459 1048 apostolum,
2502 988 2557 1031 et
2601 979 3003 1047 prmdicatorem
3054 979 3405 1034 orthodoxum
3461 981 3719 1035 veritatis;

468 1074 588 1125 sine
613 1072 912 1125 cessatione
943 1086 1003 1124 ac
1030 1071 1421 1124 mmstissimam
1452 1087 1655 1134 vocem,
1688 1087 1804 1138 quae
1856 1071 1905 1122 in
1944 1070 2041 1121 do-

467 1164 580 1218 lore
624 1180 688 1217 ex
738 1163 846 1216 imo
894 1162 1070 1215 cordis
1116 1161 1314 1229 prolata
1338 1171 1438 1223 est,
1490 1171 1612 1228 puto
1642 1171 1815 1213 autem
1846 1177 1961 1228 qua:
1988 1171 2043 1214 et

472 1256 742 1321 profertur
773 1254 880 1306 Deo
910 1254 975 1305 ab
1008 1253 1089 1305 his
1117 1252 1205 1319 qui
1236 1263 1361 1307 sunt
1399 1253 1597 1313 liotore,
1646 1252 1818 1304 adhuc
1862 1265 2036 1305 autem

465 1346 597 1398 etin
636 1344 780 1396 omni
814 1345 927 1396 loco
975 1343 1354 1396 dominationis
1383 1341 1499 1410 ejus
1540 1341 1606 1394 de
1635 1341 1877 1409 gentibus
1919 1356 2041 1394 san-

465 1435 569 1490 ctis
616 1433 822 1486 famulis
878 1432 988 1497 Dei,
1020 1441 1072 1486 et
1104 1432 1346 1485 fidelibus
1378 1431 1605 1500 populis,
1654 1446 1720 1485 ex
1768 1445 1871 1498 quo
1903 1431 2037 1483 facta

466 1536 547 1578 est
579 1525 874 1593 persecutio
914 1524 1169 1578 adversus
1223 1524 1620 1577 sanetissimum
1676 1523 1884 1577 Patrem
1944 1537 2039 1575 no-

468 1628 657 1681 strum,
694 1618 801 1671 Deo
832 1617 1191 1670 beatissimum
1218 1626 1266 1669 et
1300 1616 1506 1668 ﬁdelem
1534 1614 1868 1667 sacerdotum
1900 1613 2042 1681 prin-

466 1710 640 1779 cipem
670 1718 725 1764 et
769 1710 1118 1779 apostolicum
1170 1708 1537 1773 universalem,
1573 1721 1784 1776 papam,
1839 1720 1902 1759 ac
1950 1721 2042 1774 per

469 1801 570 1853 hoc
620 1803 876 1855 adversus
923 1799 1237 1853 catholicam
1298 1799 1626 1863 Ecclesiam;
1684 1807 1807 1867 pnto
1860 1806 2037 1851 autem

470 1890 724 1944 hactenus
753 1890 890 1944 hunc
920 1889 1165 1943 eumdem
1198 1902 1480 1942 mmrorem
1512 1888 1725 1941 retineri
1777 1888 1827 1941 iu
1868 1886 2034 1949 vobis,

464 1989 521 2037 et
544 1980 764 2035 multam
792 1978 1206 2033 sollicitudinem
1236 1977 1430 2031 habere
1461 1992 1575 2043 vos,
1608 1977 1747 2032 scire
1773 1978 2042 2045 quomodo

472 2084 743 2139 peractum
784 2081 864 2126 est
891 2080 1074 2124 contra
1106 2085 1250 2137 eum,
1284 2068 1496 2138 quando
1546 2067 1819 2121 exsulatus
1863 2077 1946 2120 est
1991 2074 2045 2119 et

470 2164 839 2231 persecutione
870 2162 1052 2229 pulsus
1082 2176 1113 2215 a
1146 2161 1311 2215 Roma
1364 2160 1572 2228 navigio
1622 2174 1789 2226 usque
1831 2158 2040 2227 Byzan-

470 2259 621 2308 tium.
677 2254 796 2307 llmc
829 2254 879 2307 in
908 2264 1084 2308 mente
1115 2254 1314 2306 habens
1343 2267 1440 2320 ego
1468 2251 1680 2303 humilis
1706 2260 1760 2304 et
1800 2259 2043 2317 peccator

2144 1071 2247 1124 Sed
2294 1085 2417 1123 vere
2469 1072 2566 1123 iste
2613 1086 2714 1123 non
2765 1071 2883 1124 fecit
2918 1070 3281 1138 pretiosiorem
3313 1072 3539 1125 animam
3567 1087 3720 1126 suam

2146 1176 2227 1225 se,
2262 1161 2354 1214 sed
2387 1162 2555 1227 posuit
2586 1175 2702 1213 eam
2732 1176 2896 1228 usque
2935 1161 3001 1214 ad
3048 1171 3292 1225 mortem,
3320 1163 3550 1224 imitans,
3582 1164 3724 1216 sicut

2143 1250 2340 1303 dictum
2364 1262 2478 1314 est,
2516 1253 2784 1304 dominum
2815 1266 2965 1303 suum
2997 1251 3257 1307 dicentem
3293 1258 3305 1304 ὲ
3340 1251 3510 1304 Bonus
3548 1262 3726 1320 pastor

2143 1341 2366 1392 animam
2396 1357 2537 1393 suam
2567 1341 2707 1405 ponit
2738 1358 2828 1409 pro
2856 1342 3026 1393 ovibus
3051 1341 3157 1393 suis
3183 1340 3365 1407 (Joan.
3390 1357 3443 1404 x,
3474 1340 3583 1409 ii),
3616 1355 3724 1408 quo

2144 1430 2376 1481 salvaret
2426 1430 2619 1497 tibique
2673 1440 2939 1482 errantem
2988 1439 3040 1483 et
3099 1430 3360 1496 perditam
3412 1431 3619 1499 plebem
3652 1433 3722 1483 ah

2146 1518 2538 1588 insurgentibus
2567 1519 2763 1573 nostris
2792 1522 3118 1587 temporibus
3146 1522 3440 1575 bznreticis.
3470 1523 3721 1577 Traditus

2146 1611 2302 1679 igitur
2334 1612 2515 1665 Itonia:
2552 1612 2618 1664 de
2659 1612 2920 1665 catholica
2955 1614 3191 1667 Ecclesia
3219 1614 3386 1667 sancti
3417 1615 3655 1680 Joannis,
3691 1630 3722 1670 a

2146 1702 2451 1769 potentibus
2484 1702 2640 1769 hujus
2668 1704 2848 1755 saeculi
2881 1704 2960 1755 his
2990 1706 3079 1772 qui
3113 1704 3212 1759 hoc
3241 1716 3391 1759 erant
3422 1707 3727 1761 ministerio

2142 1791 2280 1861 digni
2312 1793 2558 1856 ministri,
2611 1802 2772 1861 atque
2810 1794 3142 1859 custodibus,
3200 1795 3470 1863 depositus
3524 1810 3607 1852 est
3662 1799 3730 1854 ad

2142 1894 2372 1951 portum,
2404 1894 2455 1938 et
2487 1884 2758 1951 conjectus
2788 1895 2871 1939 est
2912 1886 2961 1939 in
3005 1886 3199 1948 letnbo,
3244 1900 3295 1942 et
3327 1891 3720 1959 navigantibus,

2140 1978 2278 2030 sicut
2307 1980 2490 2044 scitis,
2540 1978 2894 2047 etrutibusque
2921 1981 3066 2047 juxta
3107 1982 3351 2047 Avidum,
3405 1986 3455 2039 iu
3506 1988 3729 2045 insulam

2141 2082 2257 2133 qum
2289 2078 2501 2122 vocatur
2530 2069 2726 2130 Naxos,
2771 2087 2872 2124 non
2900 2084 3279 2126 concesserunt
3318 2077 3472 2131 beato
3501 2078 3572 2132 illi
3600 2096 3729 2147 apua

2139 2158 2330 2212 stolico
2363 2160 2479 2213 viro
2508 2162 2758 2216 custodes
2795 2148 2999 2231 penitus
3028 2167 3337 2235 contingere
3376 2180 3592 2236 terram,
3625 2173 3729 2225 dot

2150 2248 2379 2302 lentihus
2433 2266 2649 2319 prorsus
2704 2254 2922 2321 pedibus
2970 2257 3108 2324 ejus,
3155 2276 3273 2313 cum
3331 2263 3425 2327 ipsi
3482 2278 3572 2330 per
3617 2264 3731 2317 loca

469 2344 698 2397 famulus
730 2353 925 2409 vester,
955 2343 1194 2411 quaadam
1246 2342 1458 2424 quidem
1509 2340 1743 2394 exterius
1787 2339 2040 2393 Sollicilu-
2073 2341 2118 2399 B
2144 2342 2467 2406 cenfcrrent,
2519 2354 2571 2398 et
2617 2343 2641 2379 ι)
2675 2348 2890 2400 omnino
2934 2349 3291 2417 quiescerent.
3337 2353 3399 2406 lli
3428 2365 3603 2409 autem
3637 2358 3729 2424 qui

467 2434 592 2487 dine
622 2434 784 2487 multa
834 2432 1149 2495 addiscens;
1206 2420 1551 2499 pluiimorum
1603 2440 1778 2483 autem
1834 2428 2046 2496 proprie

464 2523 850 2592 contemplator
879 2521 1070 2587 factus,
1126 2521 1369 2590 indignus
1419 2517 1702 2573 ministerii
1752 2516 2045 2571 beatissimi

467 2624 519 2669 et
543 2616 759 2684 pretiosi
787 2614 1079 2668 sacerdotis
1128 2613 1315 2677 nostri,
1340 2611 1569 2681 judicavi
1601 2610 1793 2663 litteris
1825 2608 2041 2662 remini-

470 2709 571 2775 sci,
596 2718 650 2762 et
689 2719 810 2760 neta
839 2706 1031 2769 facere,
1064 2705 1312 2773 claraque
1341 2702 1665 2758 c0nstiluere
1710 2699 1859 2753 vobis
1889 2700 2045 2752 bene-

469 2798 649 2862 dictis,
710 2808 866 2866 atque
921 2812 1014 2864 per
1059 2811 1152 2849 vos
1182 2795 1429 2847 oumibus
1480 2791 1721 2845 fidelibus
1772 2798 1826 2843 et
1872 2789 2045 2841 zelum

470 2889 791 2942 habentibus
837 2891 1056 2941 culturae
1104 2886 1320 2950 divinae,
1369 2892 1629 2951 quatenus
1664 2886 2047 2965 cognoscentes

469 2995 590 3036 cum
621 2979 801 3035 cordis
832 2977 1191 3035 mmstitudiue
1242 2991 1447 3030 mecum
1478 2974 1625 3028 illum
1678 2971 2045 3044 propheticum

470 3086 770 3127 sermonem
800 3070 1115 3140 proferatis:
1152 3069 1273 3133 Quis
1316 3067 1454 3119 dabit
1500 3067 1655 3133 capiti
1698 3080 1806 3116 meo
1836 3078 2043 3131 aquom,

466 3174 512 3216 et
542 3164 703 3218 oculis
735 3164 855 3216 nteit
898 3164 1089 3233 fontem
1140 3166 1504 3230 laet-gittarum,
1557 3168 1603 3212 et
1654 3157 1865 3227 plornbo
1893 3158 1972 3210 die
2000 3164 2046 3210 et

466 3270 613 3311 nocte
642 3256 854 3325 (Jerem.
888 3272 961 3317 rx,
1015 3256 1101 3325 10)
1134 3254 1480 3308 contritiones
1535 3252 1810 3306 catholicae
1860 3250 2045 3304 Eccle-

469 3350 564 3403 sia:
612 3358 666 3403 et
717 3349 955 3402 omnium
996 3347 1463 3412 Christianorum,
1514 3344 1619 3398 imo
1668 3345 2041 3414 perditionem,

468 3448 683 3509 propter
711 3454 772 3494 ea
795 3456 914 3510 qua:
943 3448 1059 3493 acta
1088 3448 1209 3494 sunt
1240 3438 1290 3490 in
1322 3439 1532 3490 beatum
1587 3448 1640 3489 et
1691 3436 1799 3489 Deo
1828 3435 2041 3504 plenum

465 3532 655 3586 ducem
687 3532 923 3585 veritatis
951 3538 1006 3585 et
1042 3527 1486 3599 praedicaturem?
1518 3526 1889 3579 Verumtamen
1929 3525 2042 3578 Deo

465 3624 656 3695 gloria,
690 3623 779 3692 qui
826 3622 973 3678 dedit
1002 3624 1050 3677 ei
1094 3623 1340 3676 virtutem
1372 3627 1425 3674 et
1466 3618 1824 3673 sufferentiam
1876 3619 2039 3671 Stabi-

2150 2447 2243 2500 per
2269 2434 2381 2486 loca
2414 2446 2564 2487 erant
2596 2437 2920 2503 sacerdotes,
2969 2448 3024 2493 et
3064 2443 3241 2496 caeteri
3290 2444 3474 2499 ﬁdeles
3505 2447 3731 2515 regionis

2149 2523 2331 2589 ipsius,
2361 2524 2657 2595 dirigebant
2706 2545 2921 2582 munera
2974 2530 3130 2585 beato
3172 2534 3241 2587 illi
3290 2549 3445 2589 causa
3487 2539 3731 2593 utilitatis

2148 2611 2283 2681 ejus,
2324 2630 2429 2668 non
2462 2632 2635 2683 parva:
2666 2620 2931 2674 multoties
2958 2625 3292 2691 quantitatis;
3339 2643 3470 2695 quas
3517 2632 3731 2698 quidem

2147 2704 2373 2758 directas
2402 2708 2608 2775 species
2632 2718 2683 2762 et
2711 2712 3030 2777 quantitates
3057 2705 3303 2769 custodes
3330 2717 3577 2773 bestiales
3602 2735 3731 2773 cou-

2149 2798 2293 2849 tinuo
2320 2812 2497 2851 coram
2531 2815 2594 2853 eo
2645 2799 2982 2869 diripiebant,
3032 2805 3409 2874 improperiosa
3458 2818 3510 2862 et
3549 2824 3729 2866 amara

2148 2886 2368 2955 plurima
2397 2899 2745 2960 congerentes
2777 2893 2828 2946 in
2861 2904 3003 2946 eum.
3040 2895 3140 2950 Eos
3177 2906 3352 2951 autem
3398 2898 3487 2967 qui
3534 2916 3731 2982 Irpinu-

2146 2977 2288 3030 scula
2311 2978 2643 3046 detulissent,
2679 2981 2881 3048 injuriis
2912 2993 2963 3036 et
2996 2983 3302 3040 verberibus
3327 2977 3618 3044 efficientes
3648 2993 3730 3044 di-

2147 3069 2444 3133 mittebant,
2476 3071 2713 3125 dicentes
2742 3073 2805 3125 ad
2829 3088 2921 3126 eos
2947 3093 2957 3124 :
2988 3074 3247 3138 Quoniam
3278 3079 3577 3147 quicunque
3608 3082 3731 3133 dili-

2147 3157 2269 3227 gitis
2298 3160 2475 3223 istum,
2503 3162 2698 3215 inimici
2727 3164 2852 3215 estis
2882 3164 3206 3228 reipublicm.
3240 3166 3601 3236 Nunquidnam
3630 3170 3732 3225 hoc

2148 3251 2320 3304 solum
2345 3252 2392 3305 ei
2418 3266 2520 3305 non
2550 3254 2753 3306 valebat
2780 3253 2971 3308 inferre
2995 3254 3230 3310 dolorem
3261 3258 3729 3326 incomparabilem

2150 3358 2313 3409 super
2344 3344 2703 3399 infirmitatem
2735 3362 2852 3415 quae
2894 3363 3012 3400 cum
3045 3364 3183 3415 mgre
3226 3349 3588 3418 deprimebat?
3619 3355 3729 3405 Es-

2147 3434 2269 3488 inde
2301 3437 2459 3503 igitur
2482 3438 2864 3504 prternittentes
2905 3440 2970 3491 ab
3013 3438 3179 3493 Avido
3217 3443 3517 3509 quemdam,
3549 3452 3732 3496 custo-

2145 3524 2237 3578 des
2283 3526 2371 3594 qui
2423 3528 2719 3581 retinebant
2764 3543 2903 3590 eum,
2958 3529 3327 3583 numiaverunt
3374 3532 3424 3584 in
3478 3533 3731 3600 iiylstttli'i

2142 3614 2425 3670 adventum
2473 3627 2527 3671 et
2573 3621 2871 3686 captionem
2916 3616 3051 3687 ejus,
3104 3620 3431 3687 proferentes
3469 3622 3730 3677 adversus

466 3719 569 3772 lem
600 3716 651 3770 in
695 3715 1075 3785 tentationibus
1107 3729 1224 3783 qua:
1252 3720 1677 3780 supervenerunt
1724 3711 1770 3764 ei
1822 3726 1849 3762 a
1901 3724 2039 3763 con-
2068 3699 2112 3762 C
2143 3719 2263 3759 eum
2298 3708 2521 3775 plurima
2554 3708 2711 3773 mala,
2744 3708 3060 3763 decreticum
3093 3720 3147 3764 et
3174 3712 3449 3765 rebellem.
3486 3714 3724 3781 Denique

480 3808 656 3862 trariis
685 3806 964 3879 virtutibus
992 3816 1045 3859 et
1072 3807 1218 3870 viris,
1264 3806 1315 3858 in
1360 3801 1712 3872 "pugnando
1741 3810 1793 3854 et
1824 3802 2041 3855 viriliter

466 3899 770 3953 dimicando
802 3912 898 3965 pro
920 3898 1060 3950 cultu
1091 3895 1204 3961 Dei,
1231 3892 1667 3960 irrcfragabiliter
1689 3899 1742 3944 et
1770 3906 1863 3959 spe
1891 3890 2039 3943 ﬁrma

465 3985 633 4059 usque
656 3989 721 4044 ad
755 3997 976 4043 mortem
1011 4000 1211 4055 ponens
1234 3986 1464 4039 animam
1497 3998 1668 4047 suam,
1700 3992 1757 4036 ut
1777 3992 1895 4051 pote
1926 3983 2039 4037 imi-

467 4091 607 4136 tator
631 4081 747 4150 ejus
776 4082 862 4150 qui
902 4094 1020 4134 eum
1051 4078 1329 4132 constituit
1372 4074 1621 4129 athletam
1653 4074 1895 4129 dominus
1926 4074 2039 4143 ejus

464 4172 529 4225 ad
561 4169 987 4226 informationem
1021 4182 1117 4237 pro
1147 4165 1367 4220 veritate
1396 4162 1667 4218 dimicare.
1695 4164 1768 4216 Ea
1792 4164 2038 4232 equidem

465 4278 586 4332 qum
612 4261 740 4318 inibi
787 4260 969 4315 [totum
998 4268 1145 4329 gesta
1189 4266 1313 4312 sunt
1343 4257 1393 4311 in
1426 4256 1636 4310 beatmu
1674 4265 1725 4309 et
1753 4255 2041 4309 adamanti-

468 4370 593 4406 nuru
623 4351 950 4421 Spiritualem
986 4350 1223 4415 Patrem,
1257 4346 1695 4415 sacerdotumque
1746 4347 2039 4415 principem

466 4445 723 4495 domuum
757 4440 1058 4501 Mautinum,
1092 4449 1143 4491 et
1185 4452 1281 4490 vos
1310 4439 1475 4501 scitis,
1508 4436 1748 4505 qualibus
1793 4434 2040 4503 periculis

464 4534 693 4587 Iuctatus
720 4541 822 4597 esr,
852 4531 1038 4584 videns
1065 4528 1267 4599 gladios
1292 4518 1520 4581 vibratos
1550 4536 1602 4580 et
1631 4535 1815 4580 acutos
1843 4524 2038 4579 confer-

463 4634 545 4678 tos
575 4623 641 4676 ad
672 4624 920 4686 invicem,
966 4630 1139 4675 tentes
1168 4634 1197 4672 a
1228 4617 1465 4687 pluribus
1496 4617 1747 4670 militibus
1798 4624 2035 4683 paratum

466 4712 783 4765 habentibus
813 4708 1030 4764 inficere
1078 4724 1255 4777 enses,
1284 4719 1336 4763 et
1361 4717 1690 4763 comnmtare
1720 4722 1747 4758 a
1782 4706 1882 4758 vi'a
1916 4706 2039 4758 bea-

464 4811 599 4865 tmn,
628 4803 677 4856 in
708 4802 931 4855 circuitu:
963 4800 1143 4854 altaris
1184 4799 1495 4864 astantibus,
1527 4808 1580 4851 et
1612 4797 1662 4849 in
1698 4806 1807 4849 toto
1840 4796 2038 4862 templo

462 4894 739 4948 catholicae
784 4890 1031 4947 Ecclesiae
1078 4890 1277 4959 Romae,
1311 4907 1429 4960 quae
1472 4888 1876 4957 cognominatur
1900 4887 2038 4940 Cou-

459 4984 800 5048 stantiniana,
834 4984 884 5038 in
928 4997 1030 5051 qua
1064 4982 1361 5038 sacerdoﬁo
1391 4980 1616 5047 fungens
1654 4976 1942 5031 recubabat
1984 4978 2033 5028 in

458 5076 663 5131 foribus
699 5086 749 5132 et
773 5048 992 5147 grabato
1028 5077 1141 5146 ipse
1194 5076 1380 5130 beatus
1408 5089 1588 5142 aeger;
1639 5082 1690 5126 et
1746 5071 2030 5141 quomodo,
2067 5048 2113 5105 ί)

458 5167 719 5222 contritus
747 5169 962 5232 animis,
988 5176 1042 5221 et
1078 5166 1297 5219 artubus
1323 5166 1666 5226 constrictus,
1702 5162 1958 5230 impulsus
1983 5172 2060 5236 et,

460 5262 734 5328 expulsus,
782 5269 961 5327 raptus
1005 5269 1057 5312 et
1100 5266 1375 5311 extractus
1405 5271 1467 5309 ex
1499 5254 1794 5321 apostolico
1824 5255 2030 5316 throno,

460 5352 514 5406 in
540 5367 643 5421 quo
674 5354 810 5408 Deus
856 5369 977 5409 eum
1022 5352 1297 5409 constituit
1346 5352 1494 5415 loco,
1546 5349 1896 5418 inspectorcm
1956 5348 2036 5401 aui

465 5524 673 5579 Martini
704 5526 923 5580 Romam
953 5524 1176 5593 perferri
1206 5522 1458 5591 potuerit.
1500 5521 1648 5576 Unde
1672 5520 1812 5590 quod
1846 5521 1896 5574 in
1921 5518 2038 5575 aliis

465 5597 748 5649 Codicibus
777 5598 949 5662 abest,
983 5596 1104 5649 huic
1126 5594 1459 5661 subrepsisse
1485 5596 1711 5646 videtur.

540 5675 565 5700 ⁸
597 5666 833 5719 Narratio
863 5669 959 5719 ista
1010 5668 1061 5717 in
1093 5664 1271 5718 multis
1303 5664 1469 5716 variat
1520 5665 1584 5714 ab
1613 5678 1673 5715 ea
1719 5678 1874 5731 quam
1932 5663 2036 5716 Ro-

471 5752 623 5790 mana
655 5736 828 5790 Editio
856 5735 1089 5801 exhibet,
1120 5750 1240 5791 cum
1268 5743 1444 5789 tamen
1476 5734 1637 5788 multo
1668 5733 1737 5787 sit
1769 5737 1878 5787 haec
1905 5750 2037 5803 pra:-

2146 3796 2507 3851 adversarium
2551 3799 2963 3867 proclamantes,
3011 3809 3066 3853 et
3095 3799 3486 3857 subvertentem
3516 3806 3729 3859 univer-

2145 3901 2257 3941 sam
2287 3898 2481 3942 terram
2526 3889 2902 3943 Romanorum.
2935 3890 3172 3959 Cumque
3214 3894 3421 3946 tandem
3452 3898 3725 3963 pervenis-

2144 3991 2224 4033 set
2256 3980 2563 4047 Byzantium
2594 3980 2777 4034 beatus
2827 3980 2913 4034 ille
2944 3981 3170 4050 septitm)
3214 3984 3420 4038 decimo
3459 3986 3544 4041 die
3572 3997 3593 4025 ο
3626 3988 3727 4042 Se.

2144 4068 2391 4139 ptembrii
2419 4070 2633 4134 mensis,
2662 4070 2712 4123 in
2746 4079 2952 4138 pertum
2988 4071 3141 4141 juxta
3175 4074 3514 4143 Euphemiam
3559 4093 3724 4147 prope

2144 4159 2499 4225 Arcadianon,
2534 4161 2859 4230 reliquerunt
2887 4178 3005 4217 eum
3042 4179 3073 4219 a
3124 4181 3277 4221 mane
3306 4169 3529 4223 ministri
3554 4185 3724 4239 usque

2143 4250 2193 4304 in
2248 4251 2432 4305 horam
2481 4251 2738 4306 decimam
2784 4255 3123 4310 recubantem
3176 4257 3226 4310 in
3274 4258 3495 4325 grabato
3543 4263 3717 4323 navis,

2143 4354 2382 4410 eratque,
2427 4343 2563 4397 sicut
2614 4349 2867 4414 scriptum
2910 4356 3011 4411 est,
3064 4351 3417 4416 spectaculum
3472 4352 3721 4406 omnibus

2141 4432 2339 4501 angelis
2367 4442 2418 4486 et
2440 4433 2755 4488 hominibus.
2779 4435 3115 4491 Accedebant
3136 4441 3273 4492 enim
3298 4441 3427 4494 varii
3456 4440 3717 4508 homines,

2142 4540 2273 4593 quos
2303 4535 2519 4595 propter
2548 4525 2737 4581 ferales
2780 4542 2956 4583 mores
2985 4530 3193 4598 lupaces
3223 4533 3464 4596 dixerim,
3494 4543 3546 4586 et
3589 4535 3719 4587 Sub-

2144 4618 2333 4684 rogati,
2372 4626 2424 4669 ut
2452 4617 2696 4685 conjicio,
2735 4621 2853 4671 talia
2884 4631 3064 4673 contra
3095 4632 3332 4675 sanetum
3374 4638 3557 4692 papam
3597 4639 3722 4691 age-

2143 4706 2289 4771 bant,
2320 4710 2491 4776 qualia
2522 4709 2837 4763 Christianis
2868 4711 2969 4765 dici
2998 4729 3100 4765 non
3133 4722 3361 4783 oportet.
3396 4716 3719 4772 lllorantibus

2144 4800 2295 4850 nobis
2325 4801 2374 4851 iu
2409 4800 2602 4867 littore,
2635 4811 2736 4853 tota
2767 4801 2850 4855 die
2878 4819 3021 4857 eram
3052 4804 3302 4859 incedens
3331 4806 3510 4862 dolore
3533 4810 3721 4879 plenus

2141 4899 2193 4942 et
2222 4891 2590 4955 amaritudine,
2636 4906 2701 4945 eo
2728 4893 2867 4960 quod
2912 4894 3140 4947 tiderem
3184 4896 3338 4951 talem
3369 4906 3607 4951 sanctum
3641 4901 3721 4953 vi-

2143 4996 2258 5035 rum
2310 4980 2377 5033 ita
2419 4981 2712 5050 dejectum;
2748 4998 2849 5036 non
2876 4983 3045 5037 solum
3097 4996 3291 5051 autem,
3348 4988 3439 5041 sed
3494 4998 3547 5043 et
3595 4992 3720 5045 talia

2140 5072 2347 5138 eloquia
2388 5088 2415 5124 a
2466 5072 2776 5141 quibusdam
2824 5076 3049 5129 ethnicis
3095 5079 3294 5145 prolata
3343 5088 3523 5133 contra
3571 5096 3719 5148 emn,

2142 5165 2271 5217 nihil
2296 5164 2433 5215 aliud
2465 5166 2784 5233 quicrebam.
2820 5167 2919 5219 nisi
2968 5174 3025 5219 ut
3064 5166 3359 5223 auferretur
3386 5172 3561 5224 anima
3602 5188 3720 5226 mea

2140 5268 2166 5304 a
2193 5269 2295 5305 uie.
2330 5253 2527 5308 Dehinc
2553 5255 2689 5306 circa
2714 5254 2839 5305 solis
2861 5238 3105 5307 occasum
3130 5259 3271 5310 venit
3303 5258 3513 5324 quidam
3541 5262 3719 5315 scriba

2144 5343 2356 5396 nomine
2384 5343 2635 5412 Sagoleva
2672 5358 2788 5396 cum
2816 5344 2993 5398 multis
3021 5347 3447 5412 excubitoribus;
3478 5357 3531 5404 et
3561 5351 3720 5405 aufe~

2145 5517 2367 5572 stantior
2394 5518 2657 5578 liniuana;
2688 5515 2805 5568 ideo
2830 5515 2926 5567 hae
2960 5526 3157 5568 retenta
3182 5518 3443 5572 variantes
3464 5534 3494 5573 e
3524 5519 3689 5573 Roma
3715 5550 3724 5561 -

2146 5605 2233 5651 na,
2262 5598 2460 5658 tantum
2494 5588 2879 5658 quaspotiores
2903 5586 3157 5655 judicavi,
3186 5589 3458 5658 exscripsi.
3523 5591 3715 5645 Maxsr.

2216 5659 2241 5696 ιι
2276 5657 2447 5717 Forte,
2482 5672 2600 5707 non.
2636 5656 2803 5709 Ilattn.

2222 5740 2241 5765 τ
2272 5729 2426 5782 liom.
2466 5728 2625 5791 lidit.,
2652 5742 2817 5780 meme
2848 5726 3167 5781 Noremfn‘io.
