4002 6350
283 387 382 444 “3

286 612 383 664 que
433 599 485 650 in
544 598 855 653 custodiant
911 602 1251 668 exenbitorii,
1302 620 1419 672 qua:
1467 610 1873 676 cognominatur

292 697 314 724 ⁸
351 690 713 756 Prandearia;
771 702 825 745 ct
884 693 1004 747 iecit
1055 709 1173 748 eum
1224 698 1512 752 inclausum
1563 700 1662 754 sub
1710 703 1869 754 multa

291 781 566 844 custodia,
618 783 938 849 przceipiens
978 786 1283 839 custodibus
1311 792 1387 840 ‘ut
1439 790 1614 843 nullus
1666 792 1872 857 penitus

292 872 444 924 sciret
463 870 705 925 civitatis
733 876 853 940 quia
880 883 962 926 est
993 874 1041 927 in
1069 874 1252 928 eodem
1278 878 1543 931 excubitu.
1572 879 1718 933 Fecit
1744 895 1871 948 ergo

293 970 503 1014 sanctus
528 962 672 1015 idem
706 964 1027 1028 apostolicus
1072 966 1302 1033 clausus,
1351 976 1403 1022 et
1441 970 1554 1025 sine
1584 972 1869 1041 participa-

290 1052 428 1105 tione
458 1052 672 1119 penitus
702 1055 964 1109 sermonis
985 1055 1227 1124 alicujus,
1266 1058 1546 1126 nonaginta
1596 1069 1703 1115 tres
1732 1062 1866 1115 dies.

288 1139 339 1192 In
366 1142 477 1207 ipsa
519 1156 650 1196 vero
677 1145 1012 1211 nonagesima
1047 1148 1198 1201 tertia
1239 1146 1346 1215 die,
1376 1165 1492 1216 qua:
1525 1160 1605 1204 est
1625 1151 1738 1206 dies
1772 1154 1867 1206 Pa-

285 1244 526 1293 rasceve,
559 1246 718 1285 mane
746 1233 982 1288 tulerunt
1005 1250 1125 1290 eum
1154 1237 1220 1290 de
1249 1240 1508 1306 custodia,
1538 1242 1865 1298 constituen-

280 1320 406 1373 dum
454 1321 509 1375 in
539 1322 675 1375 cella
729 1324 1009 1389 sacellarl'i,
1056 1325 1305 1396 jnbentcs
1356 1332 1523 1398 pridie
1575 1336 1862 1392 convenire

282 1425 499 1464 onmem
529 1425 815 1479 senatum;
855 1416 990 1480 quod
1028 1428 1081 1470 et
1110 1418 1303 1472 factum
1331 1429 1431 1474 est.
1461 1421 1737 1477 Jusse:unt
1768 1442 1862 1479 au-

283 1507 383 1553 tem
401 1514 527 1553 eum
543 1502 1006 1569 introducendum,
1026 1516 1077 1561 et
1093 1507 1492 1564 introduxerunt
1508 1512 1556 1563 in
1580 1515 1862 1579 purtaturia

278 1588 444 1653 sella;
476 1600 596 1646 erat
622 1593 762 1645 cnim
798 1595 1002 1661 penitus
1030 1612 1190 1665 inger,
1239 1602 1499 1669 pra-cipue
1538 1610 1713 1656 autem
1760 1604 1864 1660 illis
1912 1640 1915 1641 ν

280 1678 472 1732 diebus
502 1694 617 1746 prae
646 1681 981 1751 navigatione
1009 1694 1062 1739 et
1082 1685 1367 1743 afﬂictione
1387 1691 1638 1744 custodia:
1667 1709 1757 1760 per
1789 1703 1865 1747 tot

277 1768 392 1823 dies
419 1768 649 1825 effectae.
685 1772 967 1830 lntendens
1008 1787 1183 1831 autem
1239 1779 1291 1832 in
1344 1795 1464 1834 eum
1501 1783 1719 1849 primus,
1770 1785 1860 1854 qui

1579 402 1853 461 ΝΟΤΗἸΛ
1898 408 2282 468 ΙΙΙδΤΟΙὶΙεῖΑ.

283 510 459 560 rentes
500 504 572 560 de
605 506 785 561 lembo
841 510 1542 581 posueruntinlgcstatorio,
1576 516 1864 574 duserunt-
1896 527 1944 581 Α
1974 538 2075 590 que
2124 525 2277 581 facile
2322 544 2648 600 qurecunque
2724 534 2901 589 vultis.

3454 439 3552 491 ιιι

2972 537 3037 592 Et
3097 541 3221 609 quid
3276 558 3411 613 opus
3471 560 3553 606 cat

1976 616 2139 668 etiam
2204 616 2431 685 juraudo
2504 622 2725 690 perdere
2792 625 2907 681 illos
2964 630 3167 686 animas
3234 637 3391 689 suas?
3462 638 3549 692 ln-

1975 717 2153 771 greSSi
2200 709 2439 776 equidem
2490 728 2592 769 uno
2641 714 2875 780 testium,
2925 730 2978 774 et
3021 722 3251 790 dicente,
3292 730 3541 796 quoniam

1974 797 2362 857 coniurationes
2393 799 2515 854 fecit
2554 817 2675 858 cum
2726 806 2993 879 Olympio,
3025 822 3077 865 et
3106 813 3301 869 milites
3344 832 3545 887 prmpa-

1974 886 2108 938 ravit
2149 895 2203 938 ut
2242 888 2504 955 jurareut,
2536 893 2889 966 interrogatus
2926 899 3031 952 Deo
3077 905 3344 970 pretiosus
3376 908 3475 976 vir,
3503 912 3547 963 si

1974 972 2085 1028 bzec
2108 976 2174 1030 ita
2204 993 2261 1033 se
2292 980 2570 1048 haberent,
2601 987 2871 1056 respondit
2903 1007 2915 1043 :
2949 990 3006 1046 Si
3050 996 3218 1049 vultis-
3247 998 3429 1054 audire
3457 1015 3545 1055 ve-

1974 1066 2206 1133 ritatem,
2264 1072 2382 1125 dico
2430 1074 2577 1129 vobis
2625 1082 2944 1149 sequentia;
3005 1095 3060 1139 et
3114 1088 3274 1155 cmpit
3324 1090 3541 1153 dicere:

1981 1155 2204 1220 Quando
2264 1159 2431 1216 factus
2479 1174 2557 1218 est
2614 1176 2787 1235 typus,
2833 1181 2887 1225 et
2935 1173 3168 1232 directus
3213 1177 3435 1235 Romam
3477 1181 3544 1241 ab

1976 1246 2321 1309 imperatore.
2357 1252 2420 1305 Et
2448 1252 2546 1309 hoc
2576 1266 2778 1314 tantum
2823 1262 3035 1322 dicente
3082 1269 3236 1329 beato
3263 1273 3370 1341 illo,
3402 1278 3545 1334 aliud

1967 1337 2091 1405 quid
2143 1356 2247 1393 non
2297 1358 2608 1401 concess-um
2642 1360 2721 1404 est
2763 1352 2923 1422 loqui.
2972 1357 3080 1413 Sed
3121 1337 3371 1421 continuo
3427 1380 3549 1422 ante

1971 1442 2157 1483 omnes
2192 1431 2451 1502 incipiens
2481 1451 2599 1490 cum
2628 1439 2865 1497 clamore
2893 1445 3133 1514 Troilus,
3187 1444 3398 1522 inquit:
3433 1446 3545 1513 Non

1968 1520 2159 1574 inferas
2200 1525 2349 1579 nobis
2380 1526 2463 1580 hic
2513 1529 2579 1583 de
2611 1532 2732 1597 lide,
2765 1534 2831 1588 de
2876 1535 3052 1591 duello
3099 1556 3237 1597 nunc
3262 1520 3544 1614 scrutaris,

1966 1613 2213 1679 quillle
2255 1624 2308 1668 et
2340 1616 2582 1685 Romani,
2617 1630 2671 1675 et
2711 1637 2806 1678 nos
2837 1624 3123 1683 Christiani
3156 1646 3340 1690 sumus
3386 1647 3440 1690 et
3464 1654 3548 1692 or-

1967 1704 2205 1761 tlindoxi.
2240 1704 2302 1759 Et
2331 1711 2604 1777 reSpondit
2645 1713 2783 1769 idem
2810 1718 2888 1771 vir
2913 1717 3089 1787 justus
3121 1738 3135 1775 :
3173 1724 3416 1782 Utinam!
3445 1730 3548 1785 Ve-

1966 1801 2261 1848 rumtamen
2290 1795 2566 1853 invenietis
2597 1817 2683 1856 me
2713 1803 2761 1857 in
2811 1805 2898 1861 illa
2926 1808 3010 1864 die
3044 1815 3300 1869 tremendi
3340 1821 3545 1873 exarui-

271 1860 601 1947 pqzcsidebat
647 1864 960 1919 sacellarius
1020 1882 1139 1921 cum
1199 1871 1412 1940 reliquis
1463 1876 1785 1943 principibus
1832 1891 1861 1930 a
1896 1873 1938 1932 Β
1968 1886 2049 1936 nis
2094 1894 2279 1938 testem
2334 1889 2491 1941 etiam
2546 1890 2598 1944 in
2651 1892 2767 1948 hoc.
2824 1880 3003 1952 Denuo
3051 1900 3187 1959 inter
3233 1920 3544 1965 accusantes

275 1949 450 2018 longe,
480 1948 644 2019 jussit
675 1966 795 2006 eum
826 1969 1047 2023 surgere
1083 1973 1109 2007 a
1141 1956 1363 2026 ferculo,
1394 1970 1447 2014 et
1473 1970 1634 2016 stare.
1671 1963 1864 2017 Alt'llll‘

274 2041 370 2095 bus
393 2042 719 2109 quibusdam
770 2047 1133 2103 ministrorum
1178 2066 1283 2104 non
1326 2054 1501 2107 valere
1544 2069 1664 2108 eum
1696 2064 1858 2124 stare,

274 2132 518 2185 turbatus
550 2148 665 2202 pra:
709 2136 871 2189 multa
902 2136 978 2189 ira
1006 2139 1317 2194 sacellarius
1365 2139 1697 2213 exclamavit,
1741 2161 1861 2200 cum

270 2240 337 2279 eo
385 2235 571 2280 autem
623 2234 678 2280 et
729 2228 941 2295 quidam
994 2229 1061 2285 de
1086 2232 1344 2297 custodia,
1398 2248 1616 2304 surgere
1661 2251 1783 2292 eum
1810 2247 1863 2292 et

271 2326 445 2371 astare
466 2332 713 2373 censura:
744 2322 1022 2375 subnixum
1056 2323 1177 2379 hinc
1214 2324 1366 2392 inde;
1406 2330 1543 2396 quod
1575 2338 1628 2383 et
1660 2331 1857 2384 factum

272 2416 375 2463 est.
404 2410 736 2464 Sacellarius
782 2422 958 2466 autem
1005 2413 1173 2482 inquit
1216 2417 1279 2470 ad
1329 2433 1449 2471 eum
1492 2437 1504 2471 :
1540 2410 1650 2486 Dic,
1681 2423 1859 2483 miser,

276 2500 404 2567 quid
438 2500 533 2554 tibi
563 2502 690 2577 mali
741 2502 919 2557 intulit
958 2505 1280 2572 imperator?
1319 2506 1463 2563 Tulit
1487 2524 1516 2563 a
1547 2518 1598 2565 te
1623 2510 1864 2580 aliquid?

273 2594 543 2655 Oppressit
573 2600 626 2643 te
651 2592 735 2644 vi?
766 2592 858 2646 ille
884 2602 1057 2647 autem
1089 2595 1316 2651 tacebat.
1357 2597 1506 2652 Tunc
1541 2599 1616 2653 ait
1644 2602 1710 2654 ad
1740 2617 1861 2657 eum

278 2683 587 2735 sacellarius
636 2684 948 2752 imperativa
988 2701 1160 2741 voce:
1212 2688 1325 2743 Non
1368 2691 1695 2760 respondes?
1736 2708 1864 2749 ecce

293 2784 428 2825 nunc
457 2774 825 2841 ingredientur
861 2791 1195 2834 accusatores
1225 2781 1320 2833 tui.
1372 2780 1439 2835 Et
1466 2784 1714 2836 continuo
1740 2800 1861 2839 cum

275 2873 515 2917 sermone
546 2866 834 2919 introducti
865 2876 989 2920 sunt
1024 2869 1235 2937 plurimi
1281 2882 1650 2927 accusatorum
1674 2885 1857 2929 contra

274 2972 414 3014 eum.
450 2962 652 3016 Omnes
681 2972 857 3015 autem
889 2972 1041 3017 erant
1087 2966 1341 3020 mendacii
1373 2968 1485 3033 lilii,
1523 2977 1577 3023 et
1619 2970 1859 3040 discipuli

274 3064 457 3103 eorum
485 3053 579 3121 qui
611 3053 894 3107 Dominum
927 3064 1161 3109 nostrum
1192 3055 1374 3112 Jesum
1411 3057 1675 3115 Christum
1706 3078 1859 3118 neca-

274 3151 485 3196 verunt.
518 3144 973 3199 Contradicebant
995 3162 1121 3200 vero
1147 3151 1483 3229 sanctomviro,
1515 3154 1857 3220 quemadmo-

275 3229 399 3283 dum
452 3233 750 3297 ιιι-ωηιοηίιὶ
803 3232 1028 3289 fuerant.
1080 3236 1243 3290 Erant
1289 3213 1430 3293 eiiim
1472 3255 1627 3296 voces
1673 3258 1856 3298 eorum
1886 3231 1931 3295 C

278 3323 661 3389 praemeditatio
690 3333 744 3377 et
774 3336 1101 3395 przeparatze.
1125 3327 1179 3381 ln
1212 3329 1404 3396 quibus
1434 3333 1645 3400 quidam
1672 3349 1856 3390 eorum

278 3413 428 3481 paulo
472 3424 599 3468 ante
648 3415 954 3486 interroga:i
1000 3429 1054 3471 ut
1086 3421 1438 3475 testimonium
1494 3425 1853 3494 perhiberent,

281 3503 550 3557 tentabant
595 3505 774 3559 dicere
804 3506 1100 3571 veritatem,
1147 3508 1283 3562 sicut
1309 3526 1424 3564 mos
1454 3522 1568 3577 est;
1601 3524 1653 3567 et
1681 3518 1855 3569 conti-

280 3607 379 3646 nuo
409 3594 606 3646 turbati
639 3594 727 3663 qui
763 3597 1160 3661 prastendebant
1188 3598 1455 3654 certamen
1485 3601 1604 3666 hoc,
1636 3604 1854 3669 inripic-

282 3682 400 3736 bant
449 3683 643 3737 validis
692 3685 850 3739 minis
899 3686 1173 3754 increpare
1203 3704 1316 3754 eos,
1368 3691 1535 3746 donec
1570 3695 1854 3750 suaderent

274 3773 346 3827 eis
377 3775 620 3839 proferre
646 3791 766 3844 qu.e
798 3787 951 3830 erant
975 3779 1340 3834 convenientia
1374 3782 1425 3835 in
1451 3796 1675 3838 mortem
1710 3787 1851 3844 beati

275 3873 324 3917 et
360 3865 492 3933 justi
521 3866 641 3918 viri.
674 3867 1071 3935 Contemplatus
1108 3879 1321 3925 sanctus
1354 3887 1485 3940 papa
1523 3874 1850 3931 introeuntes

274 3956 558 4019 tesriticari,
594 3955 877 4011 subridens
906 3956 1041 4012 dixit
1073 3975 1085 4010 :
1117 3958 1207 4013 Isti
1237 3970 1359 4014 sunt
1390 3963 1596 4017 testes?
1628 3963 1716 4018 Sic
1758 3966 1849 4018 ha-

272 4052 353 4105 bet
403 4052 555 4105 ordo.
618 4052 783 4106 Erant
807 4040 983 4107 enim"
1010 4056 1163 4121 primi
1217 4059 1573 4126 ingredientes
1633 4065 1847 4119 nomine

272 4143 479 4208 quidem
508 4144 725 4207 milites,
752 4145 968 4215 lupaces
989 4160 1163 4203 autem
1191 4158 1243 4203 et
1264 4150 1516 4206 hestiales
1542 4157 1798 4208 sententia
1827 4172 1842 4221 ;

268 4239 319 4285 et
368 4232 585 4301 quidam
617 4248 801 4288 eorum
850 4234 938 4305 qui
977 4249 1125 4291 erant
1172 4238 1424 4307 Olympii,
1481 4256 1598 4296 cum
1653 4247 1845 4313 quibus

269 4332 379 4376 erat
409 4333 463 4378 et
492 4324 753 4391 Andreas,
788 4327 874 4395 qui
916 4327 1082 4382 fuerat
1120 4329 1234 4398 ejus
1263 4332 1519 4388 notarius.
1556 4336 1718 4390 Erant
1748 4354 1840 4392 au-

268 4419 367 4464 tem
400 4414 542 4468 inter
567 4426 901 4472 accusatores
929 4419 1167 4475 infelices
1194 4422 1443 4477 Iniericus
1472 4437 1525 4479 et
1548 4427 1835 4498 Theriuus,

263 4511 312 4554 et
340 4503 525 4572 rriiqui
544 4520 767 4561 numero
786 4510 935 4576 quasi
965 4511 1166 4579 viginti,
1190 4514 1448 4579 primores
1470 4518 1662 4571 milites
1686 4531 1739 4573 et
1762 4537 1839 4573 re-

1971 1984 2132 2030 testes
2160 1980 2231 2031 ait
2261 1981 2323 2032 ad
2347 1997 2466 2035 eum
2491 1986 2768 2052 prmlectus
2799 1990 3043 2046 Troilus°
3066 2013 3075 2047 :
3098 1996 3277 2063 Qualis
3301 2002 3458 2058 homo

1968 2071 2041 2128 tu,
2075 2070 2322 2135 quoniam
2355 2086 2577 2127 cernens
2599 2086 2653 2129 et
2679 2078 2898 2134 audiens
2939 2085 3062 2139 tilia
3092 2099 3278 2144 contra
3313 2092 3540 2161 impera-

1970 2166 2138 2212 torem
2174 2161 2428 2217 nitentem
2454 2164 2807 2224 cfl‘udiendum
2846 2173 3169 2246 Olympium,
3205 2197 3307 2236 non
3356 2187 3540 2253 prohi-

1967 2250 2125 2305 buisti
2177 2267 2320 2319 eum,
2363 2257 2455 2310 sed
2485 2273 2514 2313 e
2545 2269 2725 2315 contra
2775 2268 3088 2322 consensisti
3120 2271 3207 2325 ei?
3257 2250 3544 2346 Ad'quem

1965 2343 2216 2396 continuo
2267 2345 2401 2401 dixit
2455 2349 2566 2415 ipse
2610 2349 2792 2408 beatus
2837 2360 3159 2425 apostolicus
3209 2379 3343 2434 papa
3373 2343 3537 2435 z—Dic,
3629 2358 3633 2361 ’

1963 2433 2176 2489 domine
2204 2435 2401 2501 Troile,
2432 2443 2661 2511 quando,
2686 2445 2821 2500 sicut
2852 2450 2995 2503 scitis
3017 2454 3178 2508 etiam
3211 2472 3325 2525 vos,
3358 2471 3408 2513 et
3437 2448 3537 2517 nus

1966 2524 2292 2596 audivimus,
2348 2529 2603 2601 Georgius
2649 2548 2676 2587 a
2710 2536 3139 2611 magistratibus,
3199 2524 3449 2616 quierat
3477 2567 3543 2606 ex

1964 2616 2263 2682 monachis,
2299 2617 2568 2688 ingressus
2597 2632 2679 2678 est
2708 2624 2808 2681 huc
2858 2629 2909 2683 in
2960 2633 3143 2688 urbem
3184 2651 3212 2690 a
3243 2640 3450 2705 castris,
3488 2654 3543 2697 et

1964 2704 2083 2757 talia
2116 2708 2271 2761 verba
2321 2709 2524 2766 locutus
2554 2724 2656 2781 est,
2707 2714 2939 2791 fecitque
2982 2739 3064 2778 res
3114 2728 3264 2793 tales,
3306 2731 3392 2786 ubi
3421 2749 3542 2789 eras

1964 2800 2041 2858 tu,
2074 2796 2120 2849 ei
2149 2797 2236 2865 qui
2259 2808 2382 2853 sunt
2408 2811 2603 2867 tecum,
2632 2808 2884 2874 quoniam
2915 2828 3015 2866 non
3044 2817 3311 2873 restitistis
3341 2822 3411 2887 ei,
3444 2826 3538 2879 sed

1962 2898 1991 2940 e
2021 2900 2204 2942 contra
2228 2891 2568 2947 concionatus
2597 2907 2681 2952 est
2710 2901 2893 2965 vobis,
2925 2914 2977 2958 et
3007 2922 3138 2975 quos
3168 2909 3327 2964 voluit
3359 2915 3537 2982 palatii

1962 2983 2234 3039 exsulavit
2279 2996 2333 3040 ct
2385 2990 2690 3056 prohibuit?
2740 2995 3037 3068 lterumqne
3097 3003 3196 3057 Sub
3243 3006 3536 3080 Valvntino,

1960 3085 2078 3126 cum
2128 3089 2391 3147 praecepto
2443 3082 2778 3151 imperatoris
2826 3088 3037 3145 indutus
3086 3104 3166 3148 est
3198 3112 3451 3168 purpura,
3485 3114 3538 3158 ct

1961 3166 2202 3220 consedit
2258 3169 2325 3233 ei,
2368 3187 2473 3239 quo
2513 3174 2692 3229 ieratis
2737 3180 2875 3232 vos?
2912 3198 3016 3237 non
3064 3187 3400 3245 eratis:bic?
3442 3209 3539 3248 cur

1962 3268 2088 3323 ergo
2118 3271 2220 3311 non
2271 3262 2616 3328 prohibuistis
2660 3282 2780 3323 eum
2829 3271 3112 3330 dicentes:
3147 3277 3258 3333 Non
3309 3285 3536 3353 attingas

1962 3359 2047 3399 res
2074 3362 2176 3401 non
2204 3364 2526 3418 opportunas
2555 3357 2688 3419 tibi?
2719 3375 2895 3417 nonne
2924 3379 3109 3421 omnes
3152 3383 3182 3421 c
3206 3383 3382 3424 Cttnlra
3410 3388 3535 3427 con-

1961 3438 2177 3506 venistis
2199 3442 2286 3494 ei?
2312 3442 2591 3510 Quomodo
2619 3438 2878 3505 habebam
2903 3468 2999 3522 ego
3027 3457 3116 3510 tali
3144 3459 3254 3512 viro
3280 3461 3533 3515 adversus

1957 3537 2119 3593 stare,
2154 3532 2368 3588 babenti
2413 3540 2676 3609 praecipuo
2719 3540 2988 3598 brachium
3030 3550 3290 3605 universa:
3329 3554 3531 3609 militia:

1958 3618 2191 3673 Italiae?
2221 3640 2285 3675 an
2315 3627 2487 3692 potius
2514 3644 2611 3697 ego
2640 3632 2785 3686 illum
2819 3633 2916 3688 feci
2956 3640 3282 3697 exarebum?
3312 3643 3525 3701 \’e:um.

1958 3722 2134 3765 tamen
2165 3712 2340 3767 denuo
2367 3718 2590 3774 obsecro
2615 3737 2707 3777 vos
2726 3740 2820 3793 per
2843 3726 3146 3798 Dominum,
3177 3738 3531 3810 quodcunque

1955 3802 2111 3854 vinus
2157 3813 2210 3859 et
2258 3806 2491 3862 deﬁnitis
2539 3811 2648 3865 iicri
2694 3813 2747 3867 in
2796 3831 2900 3880 me,
2932 3820 3086 3875 citius
3116 3826 3342 3892 extilete.
3373 3802 3529 3887 una.

1953 3894 2093 3945 enim
2128 3894 2287 3964 Deus,
2322 3901 2547 3955 maxima
2573 3903 2697 3957 mihi
2728 3907 2865 3961 dona
2907 3912 3179 3981 tribuistis,
3213 3934 3527 3992 quacunque

1954 3997 2039 4035 me
2068 3984 2217 4038 clade
2240 3985 2626 4055 jngulaveritls.
2661 3994 3006 4056 Percontatus
3034 4012 3210 4059 autem
3230 3984 3523 4078 quemdam

1949 4072 2017 4138 de
2047 4075 2489 4148 ministrantibus,
2519 4082 2855 4155 Sagblebam,
2901 4092 3164 4162 videlicet,
3193 4100 3520 4168 sacellarius,

1948 4166 1990 4217 si
2019 4178 2136 4219 sunt
2162 4169 2284 4223 loris
2306 4171 2395 4225 alii
2427 4173 2585 4242 aliqui
2610 4179 2697 4246 qui
2719 4179 2946 4235 debeant
2975 4187 3268 4251 testiﬁcari,
3302 4207 3522 4262 respon-

1946 4253 2023 4307 dit
2052 4258 2262 4311 scriba:
2303 4260 2457 4327 S‘unt,
2514 4265 2751 4333 domine,
2787 4270 2995 4338 plurimi
3041 4276 3150 4329 alii.
3208 4279 3522 4339 Delicientes

1944 4356 2120 4400 autem
2155 4349 2204 4401 hi
2244 4353 2331 4417 qui
2382 4356 2758 4423 prmsidebaut,
2800 4372 2986 4417 sancto
3029 4374 3080 4419 et
3109 4372 3394 4427 venerabili
3429 4392 3515 4428 as-

1945 4444 2089 4492 tante
2118 4442 2235 4495 viro
2265 4443 2315 4494 in
2345 4458 2633 4513 conspectu
2663 4450 2868 4520 eorum,
2926 4465 2980 4508 et
3034 4462 3360 4525 potissimum
3400 4467 3519 4534 Spi-

1941 4527 2043 4581 ritu
2071 4544 2195 4584 cum
2217 4543 2401 4589 sancto
2435 4540 2697 4605 lirmante,
2750 4538 2998 4599 dixerth
3046 4552 3287 4605 sufﬁcere
3332 4563 3513 4610 testes.

2754 4591 2998 4599 _.-_--_-.-
3046 4591 3287 4605 ...ηηων
3332 4591 3513 4610 ηοω.

262 4591 1017 4660 liquiaccusantes..lurabant
1046 4614 1221 4656 autem
1248 4606 1310 4657 ad
1330 4619 1512 4660 sancta
1535 4607 1836 4679 Evangelia,
1875 4605 1918 4663 Ι)
1948 4618 2073 4672 Erat
2099 4623 2295 4691 quippe
2323 4626 2583 4695 interpres
2612 4646 2818 4698 eorum,
2851 4650 2966 4703 qua:
2992 4652 3019 4689 a
3053 4651 3235 4694 sancto
3263 4644 3513 4701 dieehan-
3537 4630 3545 4643 ’

259 4695 306 4737 et
332 4686 409 4738 sic
444 4687 880 4744 testiﬁcabantur.
913 4692 1253 4749 Primicerius
1279 4712 1405 4751 sane
1427 4702 1662 4756 omnium
1684 4718 1840 4757 accu-

254 4778 482 4830 santium
506 4791 619 4831 erat
646 4780 943 4837 Dorotbeus
973 4786 1215 4852 patritius
1238 4786 1265 4826 ι’
1291 4789 1508 4858 (Σὶιίυἰίιε,
1542 4796 1626 4862 qni
1650 4795 1839 4864 juraus

255 4866 383 4921 dixit
419 4870 672 4937 quoniam
718 4874 1091 4943 quinquaginta
1140 4880 1310 4946 capita
1362 4882 1406 4936 si
1461 4885 1701 4953 haberet,
1732 4905 1834 4943 non

254 4966 525 5025 oporteret
570 4975 690 5013 eum
722 4962 915 5032 vivere,
973 4980 1038 5020 eo
1079 4970 1218 5037 quod
1271 4972 1415 5027 solus
1470 4976 1731 5031 subvertit
1782 4992 1836 5035 et

252 5050 479 5113 perdidit
529 5053 835 5108 universum
886 5055 1248 5127 Occidentem,
1299 5074 1352 5118 et
1405 5065 1724 5135 delevit;et
1777 5088 1834 5126 re

251 5151 368 5191 vera
417 5142 577 5196 unius
631 5145 843 5199 consilii
889 5147 987 5201 fuit
1016 5164 1135 5204 cum
1167 5152 1434 5222 Olympio,
1483 5168 1537 5212 et
1580 5160 1832 5218 inimicus

252 5223 511 5283 homicida
544 5230 881 5299 imperatoris
910 5244 966 5290 et
1003 5236 1258 5294 Romana:
1290 5243 1831 5306 urbanitatis.\’idens

250 5332 370 5387 ergo
393 5322 573 5389 justus
599 5324 682 5378 vir
715 5324 1044 5389 introeuntes
1071 5346 1166 5385 eos
1192 5342 1245 5387 et
1282 5334 1522 5402 jnrantes
1562 5340 1677 5395 sine
1710 5357 1833 5416 pars

248 5411 402 5467 citate
432 5416 822 5487 testiﬁcatores,
854 5435 1168 5489 compassus
1196 5426 1477 5492 perditioni
1524 5411 1823 5488 animarum

247 5515 276 5554 e
308 5518 446 5573 rum,
473 5509 548 5560 ait
578 5508 645 5561 ad
674 5524 767 5564 eos
799 5513 885 5578 qui
921 5514 1275 5579 prtcsidebant
1321 5520 1585 5587 principes
1617 5539 1629 5574 :
1662 5524 1824 5580 Obse-

248 5603 333 5643 cro
361 5608 453 5647 vos
492 5610 586 5664 per
626 5598 814 5663 Deum,
848 5602 1012 5657 nolite
1043 5620 1345 5674 praeparare
1374 5623 1467 5664 eos
1490 5610 1693 5680 jurare,
1728 5617 1825 5671 sed

201 5664 206 5674 ’
250 5680 437 5751 absque
471 5699 810 5743 sacramento
860 5690 1040 5747 dicant
1082 5710 1406 5767 quzecuuque
1451 5701 1656 5771 volunt,
1695 5721 1815 5760 \os-

318 5818 339 5883 ξ’
365 5812 530 5883 limit”
558 5816 907 5873 I’mndiarm.

320 5878 337 5913 ι
366 5878 528 5955 ιιοιη.;
556 5890 777 5944 suum.

1944 4717 2045 4773 tur,
2077 4714 2354 4770 verborum
2398 4720 2736 4776 Innocentius
2763 4726 2949 4779 consul
2984 4728 3120 4784 tilius
3153 4729 3387 4805 Thomas,
3422 4743 3512 4807 qui

1938 4811 2054 4854 erat
2104 4804 2170 4857 ab
2219 4806 2430 4874 Africa;
2481 4821 2531 4865 et
2582 4827 2701 4866 cum
2754 4816 3203 4887 interpretaretur
3226 4838 3286 4881 ea
3335 4804 3545 4905 quala

1938 4893 2093 4955 beato
2139 4897 2251 4951 viro
2302 4899 2633 4970 dicebantur,
2687 4923 2789 4962 non
2847 4910 3070 4974 ferebit,
3118 4916 3306 4975 videns
3351 4893 3508 4990 ignita
3542 4902 3587 4945 I'

1931 4983 2103 5053 jacula
2127 4990 2295 5043 sancti
2342 4992 2568 5061 Spiritus
2599 5012 2628 5051 a
2661 4998 2770 5053 Deo
2824 5001 3117 5060 honorabili
3166 5011 3277 5063 viro
3324 5027 3505 5068 contra

1934 5091 2026 5129 eos
2076 5082 2298 5147 prolata,
2349 5085 2423 5138 ait
2471 5087 2535 5142 ad
2570 5088 2931 5149 innocentium
2982 5112 3100 5151 cum
3153 5101 3364 5158 furore:
3399 5094 3547 5160 Cur.

1934 5164 2084 5222 nobis
2117 5169 2482 5242 interpretaris
2506 5194 2623 5248 qua:
2653 5182 2818 5237 dicit?
2847 5187 2952 5241 noli
2982 5188 3161 5245 dicere
3200 5206 3317 5261 quae
3353 5195 3499 5249 dicit.
3536 5202 3539 5203 ⁷

1931 5257 2163 5329 Surgcns
2191 5278 2318 5334 ergo
2346 5270 2597 5324 continuo
2646 5275 2951 5331 sacellarius
2974 5293 3093 5332 cum
3135 5282 3371 5349 plurimis
3409 5287 3498 5353 qui

1929 5354 2280 5410 consederant
2329 5360 2395 5423 ei,
2450 5361 2720 5437 ingressus
2769 5375 2853 5433 est
2900 5372 3142 5426 nuntiare
3194 5375 3498 5442 imperatori
3542 5400 3543 5403 η

1926 5457 2145 5510 quicque
2172 5446 2284 5515 ipse
2313 5451 2498 5505 voluit.
2551 5453 2859 5511 Eduxerant
2888 5471 3065 5515 autem
3096 5473 3333 5516 sanctum
3362 5480 3494 5534 apo-

1925 5534 2170 5589 smlieum
2196 5539 2362 5591 virum
2390 5541 2457 5594 de
2485 5544 2616 5597 cella
2643 5546 2845 5614 jndicii,
2880 5553 3045 5619 magis
3070 5563 3242 5607 autem
3275 5570 3337 5609 ex
3372 5563 3493 5611 aula

1923 5624 2158 5692 Caiphaa,
2189 5628 2240 5679 in
2278 5635 2562 5697 gestatoria
2589 5637 2739 5689 sedili
2771 5639 3063 5703 sedentem,
3112 5654 3163 5695 et
3194 5654 3493 5703 statuerunt
3530 5634 3533 5637 Α

1921 5729 2039 5767 eum
2069 5716 2120 5769 in
2154 5719 2331 5772 medio
2361 5723 2479 5776 atrii
2509 5727 2646 5791 quod
2677 5738 2791 5781 erat
2830 5740 2950 5783 ante
2990 5733 3177 5788 cellam
3208 5739 3490 5805 sacellarii,

1996 5856 2011 5881 τ
2048 5847 2199 5901 lieni.
2230 5851 2369 5905 addit
2397 5871 2404 5902 :
2443 5852 2734 5922 Prtt'feclus.
