4002 6350
446 382 546 436 115

1506 384 1570 439 ΙΝ
1610 385 1931 442 SANCTUM
1975 383 2329 440 MAllTlNUll
2376 385 2606 444 PAPAM
2652 381 2670 438 Ι

3605 385 3708 438 HG

440 486 494 531 et
517 475 804 544 imperialis
843 474 1057 538 stabuli,
1085 489 1190 545 quo
1222 486 1570 530 consueverat
1599 477 1776 530 omnis
1804 477 2028 546 populus
2059 479 2104 538 Α
2136 486 2192 530 et
2221 475 2673 545 laerymabantur.
2704 471 2861 528 Pauci
2894 481 3070 528 autem
3101 473 3466 529 ministrorum
3497 475 3712 531 Satanae

443 567 729 621 convenire
750 575 803 622 et
826 575 1140 636 exspectare
1163 565 1425 620 sacellarii
1450 566 1768 636 ingressum.
1791 567 2032 620 Circum-

442 657 708 712 dederunt
727 672 849 713 eum
872 658 1237 720 excubitores.
1256 669 1476 726 eratque
1500 659 1742 712 omnibus
1758 668 2031 726 Spectacu-

445 749 555 804 lum
587 749 916 804 formidabile
938 749 1129 803 turbis.
1159 749 1282 805 Post
1307 751 1571 819 paululum
1595 749 2028 820 ergo,jusserunt

445 836 637 892 inferri
679 853 800 894 eum
848 839 898 892 in
943 839 1195 893 solarium
1238 839 1604 908 expositionis,
1653 849 1710 893 ut
1743 848 1887 894 esset
1923 841 2027 908 ibi,

447 937 707 997 quatenus
733 929 1061 999 prospiceret
1094 931 1383 998 imperator
1404 945 1496 996 per
1522 929 1794 985 cnncellos
1817 931 2028 985 triclinii

446 1018 531 1074 sui
573 1033 638 1074 ea
682 1035 803 1090 quae
831 1021 1006 1076 futura
1038 1031 1188 1076 erant
1215 1021 1372 1087 ﬁeri.!
1396 1021 1522 1082 Erat
1549 1023 1724 1091 itaque
1751 1024 2032 1078 multitudo

447 1112 776 1183 populorum
809 1129 978 1184 usque
1021 1114 1086 1167 ad
1133 1113 1564 1183 hippodromium
1614 1115 1855 1171 conferta
1897 1130 2026 1171 con:

441 1205 771 1261 venientium
803 1205 935 1263 illic.
983 1207 1299 1262 Statuerunt
1344 1221 1472 1275 ergo
1519 1205 2018 1260 reverentissimum

439 1296 614 1354 virum
647 1295 700 1353 in
733 1296 910 1351 medio
939 1295 1123 1361 solarii
1166 1294 1565 1364 dispositionis,
1613 1297 1899 1364 pra-sentin
1941 1307 2024 1350 tos

442 1387 553 1440 tius
585 1395 807 1443 senatus
836 1386 1121 1441 subnixum
1157 1385 1280 1442 hinc
1313 1396 1366 1444 et
1398 1386 1541 1444 inde.
1583 1387 1742 1442 Facta
1784 1399 1868 1444 est
1894 1404 2026 1459 ergo

438 1479 772 1548 constipatio
800 1480 974 1535 subito
1006 1495 1111 1533 non
1145 1480 1363 1534 minima
1387 1523 1401 1545 ,
1434 1493 1486 1540 et
1519 1481 1703 1536 exiens
1744 1482 1812 1536 ab
1859 1484 2025 1552 impe-

439 1581 624 1626 ratore
653 1571 960 1626 sacellarius
985 1572 1182 1640 apertis
1205 1571 1384 1641 januis
1415 1573 1632 1628 triclinii
1659 1575 1710 1626 in
1734 1574 1988 1628 solarium
2007 1618 2021 1641 ,

442 1663 682 1722 dividere
713 1663 1025 1725 universum
1058 1663 1314 1738 populum
1341 1664 1523 1734 jussit.
1575 1665 1916 1734 Veniensque
1955 1665 2022 1722 ad

443 1764 684 1810 sanctum
718 1769 779 1808 ac
812 1755 1175 1811 venerabilem
1222 1754 1389 1809 virum
1437 1757 1720 1815 Martinnm
1767 1759 2020 1824 apostoli-

2137 566 2440 636 gandebant
2463 608 2477 631 ,
2508 577 2560 620 et
2589 565 2987 620 subsannabant
3006 605 3022 632 ,
3051 573 3107 621 et
3135 565 3310 635 capita
3343 574 3709 631 transeuntes,

2135 657 2271 712 sicut
2321 657 2576 724 scriptum
2621 665 2736 721 est,
2785 657 3099 722 movebant,
3149 656 3426 712 dicentes:
3479 656 3577 713 Ubi
3630 668 3716 713 est

2135 747 2275 804 Deus
2307 749 2424 818 ejus
2446 789 2462 814 ,
2494 759 2546 804 et
2577 750 2661 802 ubi
2693 748 2828 804 ﬁdes
2857 749 2991 817 ejus,
3023 761 3075 803 et
3106 749 3192 804 ubi
3223 749 3468 805 doctrina
3500 752 3666 821 ipsius
3686 754 3715 806 τ

2133 840 2235 909 Qui
2269 856 2392 896 cum
2421 841 2658 894 venisset
2691 841 2741 894 in
2788 841 3093 909 praetorium
3138 840 3558 908 debonestatus,
3589 853 3640 898 et
3679 858 3713 898 a

2133 931 2471 986 carniﬁcibus
2499 933 2798 989 vinculatus
2824 949 2943 989 cum
2972 934 3183 1003 gladiis,
3211 935 3556 1005 conjecerunt
3587 951 3714 994 eum

2134 1022 2186 1075 in
2237 1038 2398 1076 unum
2444 1038 2720 1078 carcerum
2767 1041 2888 1081 cum
2936 1024 3256 1088 honiieidis,
3285 1037 3337 1080 et
3381 1035 3504 1096 post
3549 1043 3709 1080 unam

2131 1115 2278 1180 quasi
2313 1114 2497 1170 horam
2530 1116 2764 1170 tulerunt
2794 1132 2913 1170 cunt
2955 1116 3113 1180 inde,
3159 1127 3211 1170 et
3256 1127 3702 1186 transposuerunt

2134 1203 2184 1256 in
2215 1219 2331 1259 eam
2365 1221 2482 1272 qua:
2515 1204 2709 1258 dicitur
2743 1205 3011 1261 Diomedis
3043 1207 3315 1270 custodia,
3362 1207 3414 1261 in
3462 1208 3716 1277 praetorio

2132 1295 2396 1364 praefecti.
2425 1295 2592 1350 Tanta
2621 1305 2799 1352 autem
2830 1297 3083 1358 instantia
3109 1307 3165 1352 et
3193 1298 3240 1351 vi
3273 1300 3558 1354 trahebant
3585 1314 3713 1356 eum

2131 1388 2368 1441 vinculis
2399 1403 2600 1446 nexum
2623 1429 2638 1454 ,
2672 1398 2728 1442 ut
2761 1389 3150 1445 dilaniarentur
3180 1406 3337 1444 crura
3367 1401 3422 1446 et
3469 1392 3704 1460 poplites

2131 1481 2248 1549 ejus
2267 1520 2283 1546 ,
2317 1491 2370 1538 et
2400 1481 2617 1548 sanguis
2647 1479 2891 1538 efﬂueret
2923 1495 3017 1548 per
3046 1497 3331 1538 ascensum
3359 1483 3520 1536 scala:
3549 1482 3695 1551 ejus-

2138 1575 2260 1630 dem
2290 1575 2570 1628 custodite.
2603 1575 2741 1630 Sunt
2771 1576 2912 1629 enim
2946 1574 3210 1643 scopulosi
3243 1582 3296 1628 et
3324 1575 3499 1642 asperi
3530 1574 3712 1640 valde,

2129 1680 2192 1720 ac
2227 1665 2442 1734 penitus
2492 1667 2542 1720 in
2592 1667 2759 1720 altum
2805 1666 3037 1737 porrecti
3085 1665 3306 1735 gradus.
3359 1667 3486 1721 Erat
3531 1678 3717 1723 autem

2131 1757 2247 1825 ipse
2293 1757 2483 1811 beatus
2524 1758 2810 1825 prrcsentis
2849 1757 2972 1811 vitae
3015 1758 3287 1825 proximus
3323 1756 3433 1835 jam
3476 1772 3664 1814 carere
3692 1802 3708 1826 ,

440 1862 563 1901 cum
586 1888 602 1913 ,
635 1847 769 1902 dixit
797 1847 865 1902 ad
895 1863 1016 1902 eum
1045 1865 1056 1899 :
1092 1847 1224 1904 Vide
1272 1849 1540 1918 quomodo
1587 1851 1725 1906 Deus
1757 1861 1807 1906 te
1838 1852 2029 1924 duxit,
2063 1847 2104 1906 Β
2132 1849 2410 1918 suppliciis
2447 1849 2624 1908 anima
2655 1848 2942 1906 deﬁciente
2969 1848 3130 1903 etiam
3155 1860 3278 1903 ante
3305 1849 3563 1917 gladium,
3587 1864 3714 1904 cum

438 1948 495 1994 et
542 1939 762 1994 tradidit
810 1939 860 1994 in
908 1925 1099 1994 manus
1147 1951 1379 2000 nostras.
1426 1941 1504 1996 Tu
1552 1943 1807 1998 nitebaris
1836 1955 2022 1998 contra

444 2031 825 2099 imperatorem
850 2071 863 2095 ,
897 2031 1022 2098 quid
1058 2032 1148 2085 tibi
1181 2033 1292 2100 spei
1321 2033 1482 2086 erat?
1516 2033 1654 2088 Ecce
1687 2034 2022 2104 dereliquisti

446 2122 635 2185 Deum,
677 2131 732 2177 et
775 2122 1062 2190 dereliquit
1094 2132 1142 2178 te
1169 2122 1329 2176 Deus.
1357 2123 1416 2176 Et
1445 2125 1700 2179 continuo
1720 2125 2024 2178 exclamans

444 2212 758 2267 sacellarius
788 2211 1070 2280 quemdam
1104 2215 1390 2278 astantium
1425 2216 1796 2273 excubitorum
1843 2224 2024 2271 tonso-

444 2318 557 2360 rem
582 2344 596 2367 ,
630 2302 880 2372 praecepit
911 2302 1028 2363 sine
1057 2319 1208 2363 mora
1237 2304 1453 2362 auferre
1500 2305 1797 2374 psachnion
1829 2304 2022 2361 summi

443 2402 497 2448 et
525 2393 803 2460 apostolici
836 2402 996 2462 atque
1045 2393 1294 2463 praecipui
1329 2395 1559 2463 pastoris
1593 2395 1838 2450 omnium
1867 2395 2026 2449 Chri-

440 2484 759 2550 stianorum,
787 2484 874 2552 qui
897 2485 1256 2543 orthodoxam
1281 2495 1589 2544 sanctorum
1619 2487 1838 2548 Patrum
1863 2494 1916 2540 et
1936 2501 2025 2558 sy-

445 2579 710 2632 nodorum
742 2575 1164 2645 confessionem,
1195 2576 1296 2632 hoc
1317 2587 1418 2641 est,
1455 2578 1638 2645 ﬁdem,
1670 2579 2022 2645 confirmavit,

443 2674 498 2724 et
530 2664 653 2718 novi
683 2665 882 2732 erroris
912 2677 1130 2726 exertos
1159 2680 1407 2723 auctores
1429 2712 1442 2734 ,
1488 2685 1692 2740 novos,
1732 2671 2024 2740 videlicet,

444 2755 760 2821 haereticos,
791 2771 909 2812 cum
945 2757 1126 2826 impiis
1159 2757 1499 2830 dogmatibus
1541 2776 1725 2824 eorum
1769 2763 2025 2826 canonice

436 2858 493 2904 et
539 2849 794 2919 synodico
840 2850 1335 2922 anatliematiaavit.
1388 2853 1519 2915 Cum
1566 2869 1696 2924 ergo
1746 2853 2025 2922 incidisset

439 2943 736 3012 psacbnion
766 2943 918 3000 beati-
939 2945 1034 2998 viri
1066 2946 1366 3012 excubitor,
1401 2957 1455 3003 et
1485 2948 1770 3017 corr'giatn
1800 2963 2022 3017 compa-

443 3038 654 3106 giorum
684 3036 800 3108 ejus
822 3077 837 3102 ,
870 3039 1048 3093 statim
1089 3041 1304 3095 tradidit
1333 3058 1452 3096 eum
1485 3043 1800 3100 sacellarius
1833 3042 2023 3113 pracfe-

441 3140 533 3188 cto
565 3132 713 3188 urbis
733 3172 748 3194 ,
780 3131 966 3193 dicens
993 3150 1005 3186 :
1039 3133 1190 3190 'l‘olle
1219 3150 1339 3189 eum
1361 3177 1376 3199 ,
1411 3135 1626 3191 domine
1657 3137 1937 3205 praefecte,
1968 3143 2024 3193 et

436 3225 691 3279 continuo
709 3225 1046 3284 membratim
1069 3226 1243 3286 incide
1267 3227 1433 3290 illum.
1454 3227 1586 3282 Cum
1612 3201 1695 3294 his
1713 3238 1889 3287 autem
1910 3201 2025 3285 om-
2051 3201 2098 3266 ο

436 3314 594 3372 nibus
618 3315 783 3385 jussit
813 3318 1112 3372 astantibus
1139 3318 1591 3374 anathematizare
1621 3336 1768 3385 eum,
1797 3323 1939 3390 quod
1971 3332 2024 3377 et

434 3405 704 3467 fecerunt.
738 3406 853 3472 Non
879 3407 1272 3478 responderunt
1301 3422 1477 3464 autem
1510 3409 1879 3480 hujuscemodi
1906 3412 2030 3473 voci

437 3497 625 3566 viginti
655 3496 888 3557 virorum
914 3501 1125 3554 animae.
1154 3499 1258 3555 Sed
1289 3515 1475 3560 onlnes
1498 3502 1696 3572 quique
1720 3502 1820 3557 hoc
1849 3503 2023 3572 ipsum

438 3585 693 3643 vilebnnt
713 3628 728 3650 ,
758 3598 813 3642 et
839 3588 1082 3643 sciebant
1107 3589 1228 3659 quia
1259 3601 1341 3643 est
1377 3590 1514 3645 Deus
1550 3592 1601 3644 in
1635 3593 1772 3655 calo
1799 3605 2024 3658 conspe-

441 3687 558 3729 ctor
589 3692 776 3730 eorum
809 3694 928 3747 quae
962 3679 1193 3743 ﬁebant,
1229 3681 1461 3736 demisso
1494 3683 1646 3738 vultu
1689 3700 1810 3740 cum
1858 3691 2022 3744 multa

432 3765 803 3821 ιιιοεειίιυάἰηε
829 3769 1152 3828 recedebant
1171 3780 1193 3806 ι
1222 3772 1482 3830 tribulati.
1510 3776 1874 3846 Suscipientes
1895 3794 2024 3850 ergo

433 3873 558 3914 eum
599 3857 877 3916 carniﬁces
902 3901 917 3924 ,
949 3871 1210 3915 exuerunt
1242 3865 1480 3927 exterius
1510 3867 1628 3936 ejus
1673 3869 1888 3935 pallium
1932 3886 2022 3925 sa-

433 3945 732 4006 cerdotalis
781 3949 967 4016 stolae,
1021 3960 1074 4008 et
1122 3953 1429 4014 scindentes
1472 3957 1581 4010 alas
1629 3961 1856 4026 tunicae,
1903 3977 2023 4032 quae

433 4047 542 4094 erat
581 4040 807 4096 interius
846 4056 877 4096 a
907 4057 1119 4096 summo
1169 4059 1335 4114 usque
1379 4048 1672 4115 deorsum,
1719 4051 2024 4123 circumpo-

430 4138 660 4187 suerunt
690 4132 862 4186 ierrea
894 4133 1112 4196 vincula
1141 4133 1193 4190 in
1225 4146 1464 4194 sanctam
1494 4139 1610 4207 ejus
1634 4141 1942 4209 cervicem,
1969 4155 2024 4200 et

440 4238 542 4292 per
570 4237 730 4285 omne
761 4239 956 4294 corpus
988 4225 1104 4296 ejus
1136 4227 1408 4283 trahentes
1449 4245 1570 4292 eum
1603 4230 1690 4300 vi,
1743 4249 1848 4292 non
1895 4249 2024 4305 con,-

441 4326 724 4372 cesserunt
754 4319 973 4387 penitus
1003 4320 1051 4374 ei
1085 4322 1276 4376 alicubi
1308 4324 1563 4389 residere,
1594 4335 1647 4383 et
1673 4328 1915 4385 animam
1939 4345 2022 4385 re-

436 4408 710 4481 focillare,
737 4411 831 4466 sed
861 4428 890 4466 a
925 4413 1127 4482 palatio
1157 4415 1417 4470 duxerunt
1449 4433 1572 4472 eum
1605 4420 1938 4488 publicantes
1967 4431 2022 4478 et

433 4501 854 4561 delionestantes
884 4519 978 4574 per
1010 4505 1241 4568 medium
1286 4507 1514 4565 civitatis
1561 4511 1626 4564 ad
1673 4514 1979 4580 prmtorium
2005 4556 2020 4578 ,

431 4601 490 4648 et
519 4594 727 4664 gladius
753 4608 933 4650 coram
966 4611 1050 4652 eo.
1078 4597 1203 4653 Erat
1230 4611 1405 4655 autem
1431 4600 1583 4662 dolor
1610 4619 1831 4672 magnus
1859 4603 2022 4672 beato
2055 4581 2104 4643 θ

433 4682 549 4746 illi,
582 4694 635 4738 et
665 4684 1086 4742 inenarrabilis:
1140 4690 1336 4759 oppido
1385 4692 1526 4746 enim
1581 4705 1699 4749 erat
1745 4694 1923 4750 fessus
1969 4706 2023 4753 et

437 4775 723 4844 inﬁrmusl
751 4793 864 4847 prro
899 4780 1060 4834 tantis
1094 4782 1450 4838 incommodis
1482 4784 1690 4840 futurus
1721 4789 2024 4858 relinquere
2065 4775 2069 4782 ’

435 4867 669 4920 animam
702 4883 730 4921 a
764 4882 1015 4938 pressura
1047 4871 1356 4940 passionum
1385 4883 1439 4930 et
1467 4876 1727 4939 tenuitate
1755 4878 2020 4947 corporis.

435 4958 688 5017 Attamen
721 4958 962 5030 gaudens
993 4977 1088 5028 spe
1116 4962 1522 5022 conﬁertahatur
1565 4966 1618 5019 in
1653 4966 1882 5024 Domino
1911 4985 1926 5032 ;
1971 4981 2025 5024 et

436 5066 544 5119 quo
577 5055 746 5123 magis
778 5069 901 5108 cum
934 5055 1224 5113 afﬂictione
1266 5068 1316 5112 et
1359 5059 1408 5113 vi
1452 5061 1785 5126 trahebatur,
1833 5078 1898 5116 eo
1939 5077 2024 5120 se-

436 5159 570 5199 reno
600 5145 784 5200 obtutu
815 5147 1004 5201 ductus
1033 5162 1152 5203 cu'n
1187 5149 1352 5204 multa
1383 5150 1685 5210 constantia
1717 5151 1911 5206 animm
1938 5152 2026 5220 ju-

439 5249 582 5302 stus,
612 5253 732 5293 cum
766 5255 872 5294 uno
903 5241 1243 5295 solummodo
1274 5241 1590 5304 indumento
1615 5259 1644 5296 a
1672 5259 1887 5299 summo
1916 5245 2028 5298 dis-

436 5330 576 5385 cisso
607 5331 658 5384 in
689 5331 822 5386 duas
853 5341 1055 5401 partes,
1090 5342 1144 5390 et
1171 5334 1288 5388 sine
1318 5333 1579 5389 cinctorio
1608 5335 1941 5406 sequebatur
1969 5335 2022 5403 ll,

436 5421 568 5475 adeo
599 5429 656 5475 ut
681 5422 934 5478 interiora
965 5423 1081 5498 ejus
1111 5422 1504 5491 quodammodo
1535 5423 1675 5478 nuda
1711 5424 2018 5492 panderen-

439 5520 544 5576 tnr,
577 5522 629 5570 et
661 5515 942 5570 multifaria
973 5497 1189 5585 quidem
1221 5516 1478 5571 continuo
1523 5517 1838 5584 populorum
1889 5533 2021 5577 con:

441 5604 641 5672 apectis
666 5621 783 5675 quae
813 5605 1042 5676 ﬁebant,
1068 5606 1386 5678 gemebant,
1419 5616 1476 5672 ut,
1501 5607 1779 5664 veritatem
1809 5609 2017 5678 dicam,

512 5746 533 5771 ε
577 5737 762 5803 Rom.,
797 5740 1010 5794 turbati.

509 5806 537 5845 δ
581 5810 734 5880 Rom.
783 5811 858 5863 sic
907 5811 1066 5880 legit:
1114 5810 1436 5878 Sequebatur
1478 5812 1552 5864 rir
1592 5819 1786 5874 tantus,
1827 5814 1930 5878 ﬁde
1974 5825 2022 5867 et

441 5880 609 5952 gratia
641 5878 852 5934 Domini
880 5878 1098 5939 cinctus.
1136 5881 1279 5952 Heu,
1311 5884 1441 5953 proli
1471 5881 1658 5938 dolor!
1684 5899 1911 5940 cerneres
1939 5886 2019 5938 ci-

2120 1939 2229 2007 jam
2254 1954 2357 1992 non
2381 1940 2581 1998 valeret
2603 1938 2973 1996 conscendere
2999 1954 3118 1992 cum
3143 1954 3204 1993 se
3231 1939 3589 1995 trahentibus.
3626 1940 3716 1994 In-

2127 2035 2476 2087 troducentes
2531 2048 2664 2102 ergo
2714 2049 2836 2089 eum
2886 2034 3376 2103 quomodocuuque
3425 2035 3477 2088 in
3525 2043 3710 2088 custo-

2125 2121 2267 2176 diam
2290 2162 2304 2186 ,
2337 2121 2684 2178 decidentem
2716 2125 2913 2192 smpius
2942 2133 2995 2178 et
3035 2133 3342 2193 surgentem
3366 2166 3380 2188 ,
3413 2133 3712 2194 posuerunt

2125 2214 2178 2269 in
2211 2228 2436 2268 scamno
2468 2215 2713 2270 indutum
2756 2216 2942 2270 calibis
2982 2225 3035 2268 ct
3074 2214 3299 2272 Catenis.
3343 2215 3491 2271 Tunc
3535 2216 3719 2291 enim,|

2125 2306 2340 2374 quando
2373 2305 2602 2359 traditus
2635 2316 2716 2359 est
2746 2321 2775 2359 a
2807 2306 3010 2374 Caipba
3052 2303 3226 2358 Pilato
3267 2315 3321 2358 ut
3359 2303 3709 2373 cruciﬁgere-

2128 2405 2237 2464 tur,
2283 2396 2385 2452 boc’
2423 2407 2537 2461 est,
2581 2413 2609 2452 a
2672 2397 2958 2466 prrcl‘ecto,
2999 2397 3250 2452 continuo
3289 2411 3410 2451 cum
3450 2407 3716 2452 exuerent

2125 2503 2248 2544 eum
2280 2489 2564 2546 carniﬁces
2589 2530 2602 2554 ,
2657 2491 2894 2560 graviter
2926 2490 3195 2560 algoribus
3226 2489 3518 2543 vexabatur
3549 2507 3562 2555 ;
3595 2497 3716 2544 erat

2126 2583 2269 2639 enim
2305 2583 2661 2641 intolerabilis
2693 2585 2888 2647 hiems.
2921 2583 3290 2654 lmposuerunt
3317 2585 3365 2638 ei
3392 2584 3708 2653 gravissima

2127 2676 2275 2734 ferri-
2311 2678 2549 2746 pondera
2577 2719 2592 2742 ,
2633 2690 2685 2733 et
2720 2680 2900 2733 nullus
2940 2679 3126 2735 aderat
3170 2677 3222 2735 ei
3261 2678 3538 2735 hominum
3589 2677 3712 2748 ejus

2129 2767 2412 2835 proprius,
2453 2778 2683 2837 excepto
2723 2784 2829 2822 uno
2884 2769 3227 2824 solummodo
3262 2769 3464 2828 clerico
3521 2768 3711 2826 adole.

2124 2865 2340 2919 scente;
2373 2856 2570 2924 quique
2597 2872 2943 2926 commanens
2971 2858 3018 2911 ei
3052 2865 3104 2914 in
3131 2858 3393 2924 custodia,
3427 2868 3480 2912 et
3511 2873 3705 2925 supen

2129 2957 2280 3004 etans
2321 2947 2722 3010 lamentabatur
2763 2949 3111 3019 magistrum,
3152 2949 3291 3006 sicut
3331 2948 3542 3008 Petrus.
3579 2949 3710 3007 Eral

2126 3040 2286 3094 etiam
2329 3041 2648 3096 convinctus
2696 3043 2954 3112 magister
2999 3043 3256 3098 custodia:
3297 3042 3474 3096 eidem
3523 3043 3713 3112 beato,

2126 3132 2379 3200 quoniam
2413 3133 2491 3189 sic
2523 3140 2636 3186 erat
2673 3147 2820 3198 mos,
2857 3142 2913 3186 ut
2949 3133 3159 3188 iuturus
3191 3132 3295 3201 pati
3347 3148 3440 3202 per
3481 3132 3712 3202 gladium

2129 3224 2534 3278 cotivinciretur
2585 3226 2855 3293 magistro,
2894 3225 3181 3282 custodire.
3227 3225 3392 3278 Erant
3428 3239 3556 3293 ergo
3593 3225 3719 3281 dum

2132 3315 2424 3381 mulieres,
2458 3317 2690 3386 genitrix
2723 3326 2776 3370 et
2808 3327 2965 3384 nata,
3002 3317 3408 3386 praenominata:
3453 3316 3719 3371 custodias

2127 3408 2306 3464 claves
2351 3418 2626 3473 tenentes,
2670 3426 2896 3478 quaeque
2939 3409 3266 3477 aspicientes
3315 3410 3710 3476 importabilem

2127 3499 2370 3557 dolorem
2405 3503 2579 3554 sancti
2615 3501 2759 3556 illius
2781 3539 2797 3566 ,
2828 3502 2916 3570 qui
2953 3502 3093 3556 inter
3124 3512 3203 3554 tot
3234 3516 3510 3569 poenarum
3539 3516 3710 3569 gene-

2128 3605 2230 3656 ra,
2287 3606 2408 3660 quae
2462 3591 2720 3654 aderant,
2773 3592 2958 3664 algore
3007 3593 3346 3660 quatiebatur
3384 3592 3715 3658 durissimo,

2134 3691 2296 3736 motze
2328 3684 2819 3750 compassionibus,
2855 3685 3169 3753 quarebant
3196 3685 3428 3752 aliquam
3459 3684 3720 3738 exhibere

2126 3775 2555 3843 misericordiam
2597 3793 2715 3832 cum
2748 3793 2847 3839 eo.
2880 3789 2931 3830 et
2963 3788 3251 3846 contegere
3284 3792 3404 3829 eum
3429 3817 3444 3841 ,
3477 3775 3570 3829 sed
3605 3790 3718 3832 non

2124 3871 2398 3926 audebant
2433 3879 2654 3940 propter
2680 3869 3022 3927 convioctum
3067 3879 3122 3924 et
3160 3871 3553 3924 custodientem
3595 3883 3715 3922 car-

2127 3959 2359 4012 nilicem.
2391 3958 2656 4013 Putabant
2679 3961 2820 4014 enim
2851 3969 3092 4014 actutum
3119 3971 3393 4014 venturam
3422 3973 3706 4014 censuram

2127 4060 2186 4104 ut
2231 4051 2612 4106 trucidaretur.
2673 4051 2801 4106 Post
2851 4052 3106 4121 quasdam
3158 4069 3292 4106 vero
3337 4053 3536 4112 horas,
3587 4067 3713 4106 cum

2127 4154 2415 4202 vocassent
2447 4146 2666 4212 quidam
2701 4145 2769 4198 al)
2801 4146 2913 4199 imo
2946 4162 3010 4200 ex
3052 4146 3239 4200 ordine
3283 4145 3497 4200 militari
3541 4147 3711 4216 magi-

2127 4242 2294 4287 strum
2327 4234 2522 4303 vigilite
2568 4245 2593 4274 ι
2638 4236 2948 4292 carniﬁcum
2975 4279 2990 4302 ,
3032 4235 3194 4290 desce
3212 4236 3408 4289 ndenle
3457 4251 3558 4298 co,
3608 4251 3718 4295 una

2128 4327 2412 4380 mulierum
2445 4328 2839 4393 ergastulorum
2880 4328 3097 4383 illorum
3132 4327 3342 4395 pietatis
3374 4328 3579 4382 viscere
3608 4326 3714 4381 du-

2126 4428 2231 4484 cta,
2264 4419 2552 4483 accedens,
2583 4423 3022 4488 ainpleclensque
3055 4421 3367 4474 bellatorem
3416 4420 3614 4474 Christi
3651 4430 3706 4475 et

2132 4512 2490 4577 apostolicum
2527 4512 2738 4570 Patrem
2764 4555 2778 4578 ,
2813 4522 3139 4581 portansque
3169 4514 3450 4567 reclinavit
3480 4529 3601 4567 eum
3650 4516 3703 4567 in

2139 4603 2357 4668 proprio
2402 4612 2519 4655 toro
2552 4617 2682 4668 suo,
2717 4612 3010 4672 conti-gens
3060 4603 3257 4657 utiliter
3304 4613 3358 4657 et
3403 4603 3709 4658 involvens.

2130 4693 2329 4747 Mansit
2368 4703 2545 4745 autem
2595 4709 2764 4760 usque
2809 4693 2875 4746 ad
2923 4709 3203 4762 vesperum
3249 4695 3367 4748 sine
3409 4711 3561 4750 voce.
3601 4695 3709 4750 Ve-

2126 4797 2285 4848 spere
2315 4792 2492 4838 autem
2526 4783 2696 4848 facto,
2733 4785 2878 4838 misit
2908 4785 2979 4842 ad.
3004 4799 3126 4839 eum
3169 4785 3460 4853 Gregorius
3508 4786 3705 4854 prtei'e-

2125 4882 2246 4930 ctus
2276 4874 2550 4933 eunuchus
2579 4889 2646 4932 ex
2684 4873 3031 4934 cubiculariis
3065 4873 3322 4943 majorem
3353 4875 3544 4928 domus
3574 4890 3708 4940 suae,

2126 4983 2248 5023 cum
2303 4967 2482 5036 parvis
2529 4967 2743 5020 cibariis
2765 5007 2780 5031 ,
2813 4971 2900 5036 qui
2951 4968 3138 5021 refecit
3186 4983 3305 5020 eum
3328 5008 3342 5031 ,
3375 4967 3556 5020 dicens
3585 4982 3601 5021 :
3633 4967 3717 5022 No

2128 5057 2179 5111 dt
2201 5058 2350 5112 iicias
2380 5059 2432 5110 in
2467 5057 2920 5118 tribulatiOnibus,
2945 5055 3264 5111 conﬁditn-s
3298 5057 3348 5109 in
3383 5057 3570 5117 Deum,
3602 5071 3712 5111 non

2127 5149 2398 5205 morieris.
2435 5149 2487 5202 In
2519 5165 2626 5218 quo
2653 5151 2824 5218 magis
2863 5158 3179 5217 aggravatus
3213 5148 3302 5202 ille
3326 5149 3521 5202 ‘beatus
3554 5149 3713 5216 inge-

2127 5243 2281 5304 muit.
2314 5242 2664 5310 Abstulerunt
2694 5253 2872 5299 autem
2907 5241 3079 5296 ferrea
3113 5243 3318 5299 vincula
3349 5242 3606 5302 continuo
3639 5242 3714 5298 ab

2127 5348 2213 5386 eo.
2249 5333 2504 5401 Sequenti
2536 5348 2667 5386 vero
2697 5333 2784 5387 die
2815 5333 3001 5388 abiens
3050 5333 3338 5400 imperator
3383 5333 3434 5387 in
3482 5334 3711 5401 patriar—

2130 5424 2316 5481 chium
2350 5423 2559 5483 visendi
2601 5425 2768 5491 gratia
2815 5423 3034 5477 Paulum
3079 5425 3434 5491 patriarcham
3479 5424 3708 5493 (proxi-

2127 5531 2244 5569 mus
2275 5516 2417 5576 enim
2451 5524 2568 5568 erat
2598 5514 2798 5584 morti)
2831 5515 3068 5568 narravit
3101 5515 3148 5568 ei
3183 5529 3304 5582 qum
3335 5524 3713 5570 consummata

2125 5615 2250 5662 sunt
2281 5604 2334 5661 in
2365 5604 2766 5672 sanctissimum
2797 5606 2992 5660 virum.
3028 5604 3388 5674 lngerniseens
3419 5618 3545 5659 vero
3575 5603 3710 5657 Paus

2125 5759 2241 5795 rum
2273 5739 2379 5793 Deo
2413 5738 2618 5809 plenum
2649 5747 2794 5797 tanta
2824 5739 3096 5810 opprobrio
3128 5738 3451 5810 subjectum,
3487 5746 3540 5790 ut
3570 5737 3705 5792 inte-

2125 5815 2260 5867 riora
2279 5855 2292 5869 ,
2320 5820 2424 5864 etc.

2202 5895 2224 5923 ε
2271 5882 2424 5939 Rom.
2448 5922 2462 5947 ,
2490 5879 2780 5936 carceralis.
