4002 6350
489 415 592 472 H9

1692 411 1930 470 SANCTI
1977 408 2257 465 MARTINI
2301 406 2498 462 PAP/E
2541 406 2559 470 l

3640 409 3746 467 1‘20

489 533 705 593 oportet
748 523 819 578 ita
857 523 1075 579 facere?
1105 523 1219 578 hmc
1258 534 1382 578 sunt
1423 525 1614 594 pacis?
1645 539 1764 578 cum
1808 539 1838 578 e
1878 531 2065 578 contra
2094 531 2141 584 Α
2173 529 2310 576 trum
2343 524 2576 578 retinere
2606 523 2900 579 secundum
2934 523 3286 580 imitationem
3335 525 3489 596 ejus,
3536 535 3592 584 et
3635 543 3745 583 non

491 631 634 670 nunc
664 616 859 671 debeas
888 617 1120 686 gaudere
1148 631 1310 685 supcr
1341 633 1446 672 me.
1475 618 1552 671 Ad
1579 632 1736 687 quem
1769 616 1912 669 illico
1941 630 2062 669 eum

491 709 815 763 contritione
863 709 1039 764 cordis
1090 711 1365 777 respondit
1421 708 1624 765 frater:
1680 709 1819 763 Deus
1878 708 2062 773 novit,

493 799 692 854 famule
723 801 939 855 Chri5ti.
975 802 1149 856 Laztor
1192 803 1243 856 in
1291 804 1495 870 gloria,
1543 816 1648 871 qua
1690 801 1940 874 dignatus
1982 811 2064 856 est

493 890 743 949 Christus
773 891 914 945 Deus
945 903 1124 947 noster
1157 904 1372 962 propter
1417 906 1609 947 nomen
1654 908 1806 948 suum
1851 892 1966 946 haec
2013 902 2065 946 te

491 984 670 1040 omnia
726 985 871 1055 pati,
926 985 1020 1040 sed
1072 986 1338 1041 lamentor
1386 986 1628 1042 omnium
1683 985 2062 1054 perditionem.

488 1075 795 1131 Salutantes
824 1092 953 1146 ergo
984 1093 1169 1133 omnes
1213 1092 1337 1133 eum
1360 1116 1376 1142 ,
1425 1084 1790 1133 recesserunt.
1827 1074 2064 1129 Veniens

487 1169 649 1238 igitur
691 1171 944 1226 continuo
985 1170 1196 1235 scriba,
1240 1177 1294 1223 et
1335 1166 1586 1223 auferens
1617 1183 1766 1232 eum,
1802 1165 1980 1220 intulit
2012 1165 2063 1220 in

484 1261 707 1317 domum
725 1277 896 1318 suam.
917 1261 1122 1316 Dictum
1147 1269 1227 1316 est
1246 1275 1373 1330 ergo
1391 1261 1512 1329 quia
1531 1261 1580 1313 in
1605 1259 1937 1318 Cnet-sonam
1960 1272 2063 1312 ex-

487 1352 692 1407 sulatur
724 1370 739 1416 ;
768 1361 824 1409 et
853 1363 969 1421 post
1005 1351 1119 1407 dies
1150 1351 1353 1420 aliquot
1401 1348 1747 1418 c0gnovimus
1777 1347 1899 1417 quia
1937 1349 2062 1403 illuc

487 1443 736 1498 clanculo
776 1443 984 1513 navigio
1031 1452 1363 1497 transvectus
1409 1449 1491 1495 est
1532 1441 1648 1510 ipse
1691 1439 2066 1496 sanctissimus

490 1535 817 1604 apostolicus
842 1535 943 1598 vir,
972 1533 1205 1588 Veniens
1234 1547 1360 1600 ergo
1391 1532 1539 1598 illuc,
1564 1540 1684 1600 post
1711 1532 1830 1587 dies
1860 1533 2066 1600 aliquot

489 1626 704 1693 scripsit
745 1623 1028 1693 epistolam
1080 1624 1134 1678 in
1182 1623 1494 1694 Byzantium
1528 1623 1594 1677 ad
1628 1622 1916 1692 quemdam
1962 1624 2063 1678 sibi

488 1717 895 1782 charissimum,
927 1731 992 1770 ex
1024 1714 1160 1776 illis,
1193 1713 1473 1780 videlicet,
1516 1712 1605 1782 qui
1655 1713 1800 1768 hunc
1851 1723 2069 1781 propter

489 1807 776 1862 Dominum
803 1815 857 1861 et
885 1805 954 1860 ob
984 1814 1186 1860 rectam
1231 1803 1390 1857 fidem
1439 1803 1557 1872 ejus
1606 1802 1883 1858 amabant.
1931 1803 2066 1857 Cum

2165 615 2560 670 communicare
2605 616 2824 670 omnino
2869 618 3137 673 contraria
3169 619 3545 676 sentientibus.
3572 621 3744 677 Obse-

2167 721 2378 762 crantes
2410 709 2569 762 etiam
2619 723 2714 777 pro
2743 724 2829 763 me
2877 709 3096 779 indigno
3144 710 3340 765 famulo
3384 710 3474 780 qui
3516 711 3743 780 scripsi,

2166 815 2270 867 quo
2299 815 2417 854 cum
2449 815 2512 854 co
2542 811 2594 855 et
2628 801 2897 856 vobiscum
2927 801 3190 856 inveniam
3239 802 3662 858 misericordiam
3711 818 3744 857 ιι

2166 893 2377 948 Christo
2409 895 2516 949 Deo
2547 906 2730 949 noStro
2759 896 2811 949 in
2843 895 3039 950 saacula
3061 938 3075 962 ,
3108 911 3262 951 amen
3294 906 3342 950 ⁸.
3375 896 3516 952 Obiit
3559 907 3740 952 autem

2167 985 2307 1041 idem
2341 987 2712 1043 sanctissimus
2745 997 2826 1044 ter
2877 989 3066 1043 beatus
3112 988 3434 1057 apostolicus
3483 991 3743 1046 Martinus

2168 1091 2299 1146 papa
2323 1119 2337 1140 ,
2372 1093 2560 1133 recens
2591 1095 2777 1135 revera
2807 1079 3084 1135 confessor
3113 1090 3170 1135 et
3199 1091 3400 1153 martyr
3425 1081 3621 1138 Christi
3651 1081 3749 1137 Dei

2169 1169 2370 1232 nostri,
2408 1171 2461 1224 in
2491 1170 2678 1225 eadem
2712 1171 3048 1227 exsulatione
3076 1172 3396 1240 Chersoute,
3421 1174 3570 1243 juxta
3602 1175 3751 1243 ejus-

2167 1260 2286 1316 dem
2317 1262 2382 1316 ad
2417 1263 2698 1319 Dominum
2748 1265 2912 1320 Deum
2962 1267 3306 1334 petitionem,
3341 1283 3502 1338 quam
3551 1269 3751 1324 obtulit

2166 1355 2213 1407 ei
2245 1369 2363 1409 cum
2396 1355 2676 1425 lacrymis,
2723 1358 2908 1413 exiens
2951 1358 3018 1414 de
3049 1359 3191 1424 navi,
3223 1369 3276 1414 et
3303 1360 3518 1414 calcans
3548 1370 3752 1414 terram

2169 1444 2336 1507 illam,
2366 1444 2419 1499 id
2445 1456 2551 1514 est,
2579 1456 2636 1502 ut
2663 1447 2716 1501 in
2746 1461 2808 1502 ea
2837 1449 3013 1504 ﬁniret
3039 1450 3222 1514 vitam,
3249 1449 3449 1504 bonum
3475 1459 3750 1505 certamen

2168 1543 2383 1590 certans
2406 1575 2423 1607 η
2453 1550 2668 1591 cursum
2713 1539 2958 1609 martyrii
3003 1553 3382 1595 consummans
3403 1579 3418 1604 ,
3452 1547 3506 1596 et
3553 1539 3752 1594 bonam

2171 1624 2327 1678 fidem
2354 1639 2595 1694 servans,
2629 1641 2813 1683 mense
2841 1627 3204 1697 Septembrio,
3234 1629 3319 1684 die
3344 1639 3490 1685 sexta
3519 1630 3751 1698 decima,

2171 1714 2222 1768 in
2270 1730 2374 1784 qua
2430 1715 2750 1775 felicissime
2799 1718 3051 1789 martyris
3095 1727 3148 1773 et
3194 1718 3354 1774 [idem
3399 1719 3754 1774 custodientis

2171 1806 2525 1862 orthodoxam
2559 1808 2870 1878 Euphemite
2902 1807 3293 1878 pretiosissima
3339 1818 3393 1866 et
3439 1809 3753 1866 beatissima

489 1908 637 1955 esset
681 1899 734 1953 in
779 1911 969 1967 magna
1021 1893 1366 1949 tribulatione
1408 1904 1461 1950 et
1507 1895 1698 1949 exsilio
1741 1894 1882 1949 idem
1923 1910 2067 1965 sa‘pe
2101 1894 2145 1954 Β
2174 1900 2465 1955 secundum
2495 1901 2620 1955 anni
2651 1903 2909 1958 circulum
2939 1903 3243 1958 celebratur
3274 1902 3566 1969 memoria,
3601 1899 3633 1940 δ
3668 1903 3753 1957 in-

491 1993 668 2047 dictus
699 1989 858 2044 Pater
884 1995 1066 2044 noster
1095 1987 1472 2042 sanctissimus
1501 1985 1821 2041 constitutus
1840 2025 1856 2052 ,
1888 1995 2070 2056 postu-

491 2084 612 2139 lans
640 2083 940 2152 aliquarum
975 2079 1278 2149 specierum
1308 2077 1580 2141 subsidia,
1613 2085 1834 2147 propter
1877 2075 2072 2130 multas

491 2186 547 2230 et
595 2175 936 2244 frequentes,
985 2186 1279 2241 gravesque
1328 2170 1670 2240 mgrimonias
1722 2170 2068 2238 corporales,

495 2267 878 2335 angustiasque
927 2264 1267 2323 omnimodas
1317 2263 1554 2332 regionis
1603 2259 1780 2331 illius,
1825 2276 1890 2317 eo
1931 2261 2072 2330 quod

491 2357 628 2414 nihil
661 2355 732 2409 ibi
764 2354 1110 2420 inveniretur,
1148 2353 1415 2423 prmcipue
1460 2351 1728 2417 triticum,
1770 2351 1911 2420 quod
1957 2352 2073 2420 qui-

491 2451 618 2506 dem
672 2449 782 2502 illic
833 2445 1230 2513 nominabatur,
1288 2461 1394 2500 non
1442 2455 1621 2506 autem
1675 2443 2070 2497 inveniebatur.

497 2538 654 2596 Unde
683 2552 802 2593 cum
833 2536 1186 2606 jurejurando
1230 2535 1478 2604 scripsit,
1526 2534 1648 2604 quia
1699 2534 1938 2588 navicula
1987 2534 2075 2588 illo

491 2631 744 2692 veniente
765 2669 782 2696 ,
815 2639 868 2689 et
897 2643 1084 2697 parum
1129 2626 1290 2681 tritici
1319 2626 1548 2684 habente
1592 2625 1660 2679 ad
1701 2624 2076 2685 commutatio-

495 2740 620 2787 nem
652 2724 820 2790 Salis,
853 2722 939 2776 vix
983 2720 1215 2791 pctuerit
1258 2733 1437 2776 emere
1483 2734 1547 2774 ex
1594 2732 1660 2776 eo
1705 2734 1869 2772 unum
1916 2715 2077 2771 tritici

496 2819 742 2882 modium
775 2827 1004 2888 quatuor
1031 2814 1216 2872 solidis
1237 2855 1250 2878 ,
1280 2828 1400 2873 cum
1434 2813 1612 2866 multis
1657 2820 1710 2866 et
1757 2812 1859 2867 hoc
1904 2808 2076 2881 preci-

490 2912 616 2968 bus.
649 2911 902 2970 Diversas
932 2917 1110 2963 autem
1153 2908 1424 2976 angustias
1469 2904 1682 2972 scripsit
1730 2915 1912 2958 sancta
1961 2902 2079 2972 ejus

491 3006 673 3070 anima
705 3004 809 3075 pati
838 3018 895 3058 se
930 3003 1034 3070 ibi,
1063 3017 1170 3056 non
1201 3001 1372 3055 solum
1399 2998 1766 3066 corporalibus
1793 2997 2076 3066 angustiis,

491 3099 588 3155 sed
616 3099 774 3157 etiam
809 3094 1162 3154 habitantium
1193 3103 1246 3148 et
1273 3091 1660 3151 dominantium
1691 3090 1762 3144 ibi
1798 3091 1953 3144 malis
1984 3104 2081 3159 op-

493 3204 734 3262 pressns,
767 3190 838 3245 ita
871 3199 925 3243 ut
957 3188 1166 3256 penitus
1192 3185 1453 3264 cqntritus
1482 3184 1622 3239 male
1655 3183 1806 3252 pejus
1836 3196 2078 3236 morere-

498 3251 605 3346 tur,
640 3251 925 3342 suasione,
958 3251 1673 3344 videlicctfdominantium
1707 3251 1760 3325 in
1794 3271 2075 3340 Byzantio.
2105 3251 2154 3316 (ἶ

493 3372 857 3441 Quamobrem
888 3385 1069 3442 quaaso
1095 3384 1225 3435 vos,
1259 3382 1358 3437 ego
1389 3367 1606 3421 humilis
1635 3373 1689 3420 et
1721 3377 1970 3434 peccator
2001 3366 2077 3418 fa-

495 3467 676 3522 mulus
706 3473 906 3531 vester,
938 3479 966 3518 a
995 3463 1104 3517 Deo
1147 3460 1492 3516 honorabiles
1538 3457 1723 3512 Patres
1747 3498 1761 3522 ,
1795 3465 1854 3511 ut
1883 3471 2076 3525 quem-

492 3555 782 3616 admodum
826 3569 928 3625 ego
982 3555 1094 3608 visa
1149 3552 1282 3607 mihi
1335 3561 1388 3606 et
1441 3549 1620 3604 audita
1672 3547 2080 3617 diligentissime

492 3644 765 3702 declaravi
816 3646 1003 3711 vobis,
1052 3644 1156 3699 hoc
1204 3651 1320 3710 est,
1368 3642 1710 3709 imminentes
1761 3639 2080 3704 tentatioues

495 3739 816 3794 beatissimo
867 3754 1018 3808 papa:
1071 3748 1287 3808 propter
1333 3749 1534 3793 rectam
1585 3737 1979 3796 confessionem
2028 3738 2078 3788 in

495 3830 711 3884 Christo
745 3829 1004 3895 Domino,
1037 3840 1092 3884 et
1121 3839 1334 3898 propter
1364 3826 1869 3881 anatltematismum
1901 3827 1950 3880 in
1986 3841 2080 3879 no-

497 3936 594 3976 vos
624 3920 821 3978 factum
855 3922 1162 3986 haereticos,
1197 3935 1500 3992 quanquam
1547 3934 1609 3974 ex
1663 3920 1846 3973 multis
1869 3960 1883 3983 ,
1917 3935 2078 3987 parva

497 4025 677 4070 tamen
708 4030 828 4084 qua:
857 4016 999 4085 potui
1031 4015 1262 4083 dirigere
1292 4013 1514 4084 scripsi,
1549 4013 1621 4068 ita
1671 4021 1725 4068 et
1766 4027 1859 4066 vos
1907 4014 2076 4066 zelum

501 4106 823 4175 habentibus
852 4106 1074 4161 culturae
1122 4107 1250 4171 Dei,
1285 4105 1549 4174 explicate
1593 4103 1779 4159 eadem
1802 4148 1817 4169 ,
1851 4112 1906 4157 et
1954 4104 2080 4156 hur-

498 4198 683 4254 tamini
733 4199 932 4253 imitari
980 4214 1135 4265 eum,
1181 4208 1236 4262 et
1285 4196 1596 4253 traditiones
1642 4204 1947 4250 sanctorum
1981 4195 2083 4250 Pa-

572 4321 600 4348 δι
643 4311 741 4366 Hic
767 4311 1062 4366 absolvitur
1090 4311 1314 4379 epistola
1348 4310 1399 4364 in
1432 4311 1675 4363 Editionc
1705 4309 1960 4364 Romana.

2177 1994 2410 2048 dictione
2439 2004 2626 2062 quarta
2657 1995 2885 2049 decima.
2919 1995 3131 2050 Positus
3159 2004 3242 2050 est
3270 2006 3447 2050 autem
3492 1996 3544 2048 in
3582 2002 3759 2049 tumu-

2176 2087 2242 2142 lis
2272 2097 2579 2142 sanctorum
2611 2101 2760 2143 extra
2804 2103 2987 2145 muros
3030 2087 3469 2144 Chersonitarum
3517 2087 3753 2142 civitatis

2177 2179 2330 2248 quasi
2362 2179 2535 2234 stadio
2563 2195 2687 2245 uno,
2719 2179 2773 2235 in
2805 2181 3192 2250 pretiosissimo
3222 2187 3276 2234 et
3304 2178 3757 2234 reverendissimo

2177 2272 2375 2338 templo
2397 2272 2750 2326 sanctissimae
2780 2279 2833 2326 et
2859 2287 2968 2341 pra:
2995 2273 3241 2326 omnibus
3268 2272 3467 2325 sanctis
3494 2269 3755 2334 colendm,

2176 2365 2492 2418 eastissimm
2521 2372 2575 2418 et
2605 2363 2984 2429 immaculata,
3017 2363 3515 2433 perbenetlictreque
3548 2362 3758 2431 glorio-

2177 2454 2404 2507 sissima:
2449 2462 2503 2507 et
2547 2453 3018 2508 excellentissima:
3068 2453 3305 2508 omnium
3349 2461 3755 2519 creaturarum,

2179 2544 2349 2612 gratia
2394 2543 2754 2612 plenissimae,
2799 2543 3049 2612 gaudium
3095 2542 3339 2598 facientis
3383 2552 3437 2598 et
3478 2541 3763 2596 tribuentis

2179 2635 2411 2687 domina:
2459 2644 2690 2698 nostrai,
2728 2635 2941 2702 prnpric
2983 2645 3174 2688 natura
3218 2649 3280 2688 ac
3326 2633 3548 2688 veritate
3591 2631 3762 2686 solius

2180 2727 2274 2780 Dei
2312 2728 2590 2797 genitricis
2619 2742 2834 2796 semper
2877 2727 3099 2797 virginis
3147 2727 3360 2792 Mariae,
3409 2741 3524 2794 qua:
3554 2738 3762 2794 cOgnoo

2182 2821 2419 2873 minatur
2447 2819 2803 2874 Blaeherues:
2832 2818 3004 2874 factus
3030 2829 3184 2889 typus
3213 2816 3485 2871 imitabilis
3511 2815 3761 2870 omnibus

2180 2912 2270 2980 qui
2321 2914 2457 2967 bene
2485 2913 2666 2966 vivere
2697 2923 2749 2966 et
2779 2911 3056 2965 decertare
3089 2910 3350 2978 elegerint
3377 2915 3432 2962 et
3461 2906 3760 2972 voluerint,

2181 3018 2280 3073 pro
2324 3019 2384 3058 ea
2435 3019 2554 3073 qua:
2598 3003 2883 3057 verissime
2927 3013 3010 3056 est
3055 3003 3272 3056 veritas.
3303 3001 3469 3067 Cujus
3500 2997 3762 3068 virginis,

2182 3084 2442 3163 cujusque
2499 3093 2874 3158 confessoris,
2936 3092 3455 3155 intercessionihus,
3512 3089 3778 3144 Christus

2183 3205 2343 3244 verus
2376 3189 2514 3243 Deus
2542 3199 2595 3244 et
2643 3189 2890 3243 Salvator
2939 3196 3142 3252 noster,
3189 3185 3277 3252 qui
3323 3181 3668 3237 ineffabiliter
3709 3188 3769 3233 et

2186 3282 2304 3337 sine
2349 3283 2554 3336 semine
2599 3297 2664 3337 ex
2707 3297 2768 3337 ea
2821 3282 3082 3351 processit
3115 3288 3331 3349 propter
3365 3290 3532 3346 genus
3566 3274 3767 3326 huma-

2187 3390 2312 3428 num
2333 3417 2345 3440 ,
2377 3372 2640 3428 custodiat
2669 3382 2725 3428 et
2755 3380 3041 3428 conservet
3072 3385 3166 3424 nos
3191 3409 3205 3435 ,
3237 3379 3289 3422 et
3317 3381 3504 3421 omnes
3539 3364 3770 3418 fideliter

2185 3466 2494 3526 audientes,
2526 3479 2847 3534 omnemque
2879 3463 3130 3533 pupulum
3179 3474 3335 3530 quem
3383 3456 3661 3526 acquisivit
3707 3455 3768 3508 iu

2189 3557 2554 3612 sinceritatem
2588 3556 2712 3611 fidei
2743 3565 2797 3610 et
2826 3555 3288 3610 conversationem
3310 3591 3324 3615 ,
3360 3549 3412 3602 in
3446 3562 3572 3616 pace
3602 3555 3657 3600 et
3683 3545 3768 3599 di-

2192 3650 2422 3704 lectione
2454 3650 2722 3718 pcrfecta,
2755 3659 2807 3702 et
2835 3648 2979 3702 omni
3020 3647 3225 3714 justitia
3273 3657 3436 3711 usque
3482 3641 3534 3694 in
3582 3638 3763 3693 finem.

2189 3741 2288 3796 Cui
2318 3752 2401 3795 est
2429 3757 2550 3793 cum
2585 3741 2693 3795 Deo
2727 3741 2881 3793 l’atre
2910 3748 2964 3794 et
3007 3739 3206 3805 Spiritu
3249 3744 3434 3789 sancto
3475 3735 3526 3787 in
3569 3731 3772 3786 deitate

2191 3851 2291 3887 una
2324 3833 2617 3887 substantia
2642 3875 2654 3896 ,
2689 3847 2874 3900 aequus
2926 3830 3116 3894 honor,
3167 3829 3334 3881 virtus
3382 3825 3602 3889 eadem,
3647 3822 3768 3876 sine

2191 3934 2431 3992 tempore
2487 3939 2754 3991 regnum,
2811 3936 3022 3989 semper
3073 3920 3436 3989 principium,
3492 3924 3768 3981 sceptrum

2183 4019 2344 4088 juge,
2378 4016 2544 4089 gloria
2596 4030 2819 4084 perpes,
2852 4013 3108 4084 majestas
3147 4013 3366 4077 similis,
3420 4024 3514 4081 per
3562 4006 3770 4062 infinita

2189 4111 2405 4169 saecula.
2441 4111 2630 4162 Amen.
3366 4093 3368 4095 I

569 4379 596 4418 ιι
639 4383 776 4437 ilinc
826 4383 942 4437 falsi
998 4385 1291 4453 arguuntur
1339 4397 1459 4451 qua:
1498 4388 1653 4450 vulgo
1685 4381 1953 4449 jactantur
1990 4380 2057 4436 de
2087 4380 2244 4450 hujus
2273 4380 2446 4434 sancti
2471 4380 2647 4433 obitus
2681 4387 2946 4448 tempore.

1311 4588 1983 4724 δέψει-ι
2055 4587 2954 4729 manum.

1763 4755 2148 4822 rammers
2187 4757 2471 4829 ROMANI,

1405 4927 1488 4998 ω
1601 4887 2690 5094 Remigiis.

1669 5136 1865 5206 (Hausi,
1889 5135 2207 5186 Conciliorum
2229 5138 2373 5200 ampl.
2400 5137 2625 5199 Collect.)

517 4497 2286 4532 πεπρ-π

495 5290 790 5344 ειιιΣτοΑιι
836 5283 1191 5335 ΕΓΚΥΚΔΙΟΣ-
1223 5280 1526 5328 ΜΑιιτιΝοϊ
1568 5275 1724 5324 nam
1766 5275 1873 5322 ΚΑΙ
1907 5278 2086 5324 ΣΥΝΟ-
2117 5272 2162 5328 ο
2226 5261 2231 5266 “

1233 5355 1347 5407 ΔΟ]¹

708 5451 809 5504 Τῆς
841 5443 890 5495 ἐν
920 5442 1078 5511 Ῥώμῃ
1109 5439 1236 5512 πρὸς
1275 5435 1470 5508 πάντας
1505 5433 1862 5505 Χριστιανούς.

566 5543 821 5610 Μαρτίνος
864 5531 1038 5590 δοῦλος
1078 5533 1178 5583 τὼν
1221 5524 1407 5594 ἇοῦλωςθ
1446 5531 1537 5578 τοῦ
1585 5523 1709 5580 Θεοῦ
1750 5527 1876 5578 κατὰ
1924 5521 2084 5600 χάριν

497 5625 770 5696 ἐπίσκοπος
804 5632 895 5683 τῆς
934 5629 1032 5676 τῶν
1073 5620 1325 5688 Ῥωμαίων
1371 5617 1522 5696 ἁγίας
1551 5623 1640 5684 τοῦ
1670 5624 1791 5671 Θεοῦ
1816 5617 2080 5676 inﬁnitivi;

497 5720 580 5772 καὶ
601 5716 942 5796 ὢποστολικᾷς
970 5713 1287 5777 Ἐκγ).ησί;‹ς,
1314 5709 1421 5781 ἅμα
1451 5719 1510 5784 τῇ
1539 5711 1646 5762 καθ’
1667 5711 1799 5779 ἡμᾶς
1823 5708 2082 5783 ἁγιωτάτῃ

500 5812 695 5882 συνόδῳ
733 5818 830 5865 τῶν
861 5809 1088 5880 θεοφιλῶν
1128 5807 1295 5880 ἱερέων
1330 5812 1428 5860 τῶν
1465 5803 1628 5858 ἐιθὰδε
1661 5811 1920 5870 κανονικῶς
1963 5804 2084 5872 ἡμῖν

503 5901 980 5979 ᾳυηδιδραμηκὸτων
1006 5904 1077 5961 εἰς
1103 5900 1376 5971 βεϐαίωσιν
1399 5905 1494 5952 τῶν
1518 5897 1740 5953 εὐσεϐῶν
1764 5906 1853 5955 τῆς
1883 5894 2080 5948 wealt-

2295 4483 3774 4521 ====__—————==a

2575 5260 2906 5339 EPISTOLA
2953 5259 2970 5313 f
3012 5254 3391 5330 ENCYCLICA

2217 5372 2429 5412 MARTINI
2460 5371 2605 5408 ΡΛῘἈΕ
2639 5369 2702 5406 ET
2737 5364 2919 5405 SYNCDI
2956 5363 3200 5414 ΙζοΜὶΝΕ,
3236 5364 3302 5400 AD
3331 5360 3502 5401 OMNES
3532 5361 3732 5402 CHRISTI

2885 5437 2965 5472 l-‘Ii:
2978 5435 3126 5474 ELES.

2264 5516 2520 5570 Martinus
2560 5530 2732 5567 servus
2761 5526 3020 5566 servorum
3068 5509 3182 5571 Dei,
3222 5518 3374 5578 atque
3416 5523 3505 5577 per
3551 5507 3776 5576 gratiam

2191 5612 2302 5680 cjm
2329 5611 2591 5678 episcopus
2623 5615 2814 5664 sancta:
2843 5602 3111 5660 catholica:
3141 5613 3291 5670 atque
3331 5600 3628 5668 apostolica
3668 5596 3782 5650 Ec-

2189 5703 2355 5756 dcst'tv
2396 5699 2533 5752 urbis
2581 5697 2778 5757 Romae,
2819 5712 2918 5748 una
2955 5711 3071 5747 cum
3118 5703 3291 5746 sancto
3340 5691 3556 5744 concilio
3603 5698 3782 5742 nostra

2189 5792 2722 5857 rccercudissimormn
2753 5788 3098 5850 sacerdotum,
3133 5787 3434 5855 regulariter
3460 5782 3560 5836 huc
3602 5779 3780 5834 uobis-

2189 5903 2306 5949 cum
2338 5886 2638 5941 venientium
2661 5883 2711 5938 in
2732 5881 3121 5950 conﬁrmatione
3145 5880 3487 5950 piissimorum
3509 5875 3790 5937 catholicas
