4002 6350
209 377 314 431 121

1435 371 1813 431 EPISTOLA‘Z.
1845 399 1912 411 -
1940 366 2155 425 EPIST.
2195 365 2237 421 Ι.

3369 352 3469 407 ηε

210 487 454 543 Ecclesia
496 486 824 557 dogmatum,
857 484 938 539 his
975 484 1063 555 qui
1110 482 1421 553 cotequalem
1452 484 1597 536 nobis
1627 482 1791 535 sortiti

1918 488 1987 539 εῆς
2012 476 2305 534 Ἐκκλησίας
2335 469 2629 544 δογμάτων⁶
2660 476 2770 529 τοῖς
2818 468 3045 539 ἰσότιμον
3086 462 3201 535 ἡμῖν
3241 465 3473 536 λαχοῦσι

206 592 329 633 sunt
363 581 508 644 ﬁdem
538 577 749 629 Domini
772 585 819 629 et
852 574 1132 630 Saluatoris
1158 575 1314 627 nostri
1339 572 1463 626 Jesu
1492 572 1680 625 Christi
1708 586 1796 641 per

210 675 472 723 (aratrum
518 667 945 739 regenerationis,
990 666 1043 718 in
1091 665 1228 721 omni
1273 664 1385 719 loco
1435 662 1797 715 dominationis

208 762 342 829 ejus,
380 758 463 835 qui
495 758 891 829 peregrinantur
922 756 974 809 in
1006 756 1280 809 sanctitate
1313 762 1357 808 et
1378 754 1612 824 justitia,
1644 752 1797 819 spiri—

209 847 402 900 talibus
432 845 681 919 fratribus
730 844 920 897 nostris
958 842 1232 913 episcopis,
1266 840 1592 910 presbyteris,
1627 839 1799 891 diaco-

211 940 315 1003 nis,
363 936 631 989 abbatibus
675 935 1123 1002 monasteriorum,
1171 932 1455 997 monachis,
1496 929 1797 984 continenti-

212 1031 330 1097 bus,
384 1040 532 1098 atque
582 1026 853 1081 catholica:
900 1024 1145 1079 Ecclesia:
1189 1024 1469 1089 universae,
1512 1029 1801 1092 sanctaque

209 1107 550 1187 plenitudini.

279 1207 472 1261 Gratia
498 1206 638 1260 vobis
666 1214 716 1259 et
746 1222 849 1281 pax
888 1204 1255 1272 multiplicetur
1284 1202 1505 1275 (Ephes.
1530 1201 1587 1271 ιι)
1618 1200 1672 1255 in
1702 1214 1799 1270 ag-

208 1299 428 1354 nitione
457 1308 510 1353 et
538 1297 920 1352 communione
950 1296 1117 1355 sancti
1148 1294 1399 1362 Spiritus,
1431 1296 1481 1347 in
1526 1292 1801 1347 haeredita-

209 1402 311 1445 tcm
359 1391 796 1459 incorruptibilem
844 1401 891 1443 et
930 1390 1427 1457 immarcescibiletst,
1457 1398 1800 1442 conservatam

212 1481 264 1549 tl
301 1480 453 1535 Pctr.
480 1480 518 1548 ι)
561 1488 686 1533 ante
726 1479 1158 1533 constitutionem
1209 1479 1413 1542 mundi,
1448 1494 1588 1532 nunc
1618 1490 1799 1531 autem

215 1568 627 1623 manifestataut
659 1567 711 1622 in
742 1568 919 1632 nobis,
950 1567 1037 1635 qui
1061 1566 1329 1621 credimus
1355 1565 1405 1619 in
1434 1566 1557 1619 Jesu
1588 1566 1800 1620 Cltri3to

218 1660 458 1718 Domino
496 1668 701 1723 nostro,
734 1658 821 1727 qui
852 1658 1028 1711 omnia
1060 1658 1212 1711 nobis
1241 1656 1457 1710 donavit
1482 1673 1598 1725 qua:
1628 1658 1693 1710 ad
1726 1658 1801 1710 vi-

215 1758 330 1809 tam
368 1757 423 1803 et
449 1750 701 1818 pietatem
747 1746 1061 1816 respiciunt,
1095 1761 1191 1815 per
1216 1746 1499 1801 salutarem
1543 1746 1799 1814 praedica-

216 1842 454 1905 tionem,
484 1849 541 1893 ut
572 1840 624 1893 in
658 1839 759 1893 hoc
799 1846 1173 1906 permanentes
1219 1852 1429 1905 semper
1466 1846 1518 1891 et
1559 1836 1799 1892 instructi

1918 1849 2039 1920 ιοίας
2057 1862 2370 1936 εἰλικρινοῦς,

220 1944 324 2001 per
372 1929 668 1985 concordia:
695 1929 1055 1983 sinceritatem
1083 1928 1568 1998 superteddicemur
1614 1928 1803 1994 [unda-

221 2034 400 2077 mto
421 2032 721 2077 sanctorum
750 2022 1097 2089 apostolorum
1120 2030 1164 2072 et
1197 2020 1584 2088 prophetarum,
1612 2019 1661 2071 in
1694 2019 1803 2087 ipso

222 2132 434 2170 summa
472 2113 707 2185 angulari
752 2113 924 2182 lapide
967 2110 1169 2165 Christo
1217 2110 1355 2180 (Jac.
1385 2111 1455 2178 ι),
1505 2112 1595 2179 qui
1644 2125 1804 2177 super

218 2207 413 2262 omnia
440 2206 579 2260 Deus
600 2206 777 2260 existit
799 2215 851 2257 et
874 2205 1115 2259 Salvator
1142 2213 1444 2257 nostrarum
1474 2204 1796 2269 animarum,

219 2298 275 2356 in
333 2312 445 2367 quo
493 2298 661 2352 omnis
706 2296 990 2350 aediﬁcatio
1031 2303 1333 2351 constructa
1382 2294 1573 2349 crescit
1615 2294 1668 2348 in
1715 2309 1809 2346 au-

222 2399 516 2459 gmentum
543 2388 655 2455 ejus
687 2401 780 2456 per
804 2387 1238 2443 architectandum
1270 2386 1498 2457 Spiritus
1546 2387 1597 2439 in
1630 2385 1811 2454 regale

221 2478 594 2535 sacerdotium
640 2490 691 2533 et
745 2478 1001 2546 templum
1051 2487 1325 2544 sanctum,
1368 2478 1596 2546 qualiter
1646 2478 1696 2531 in
1743 2491 1809 2531 eo

222 2570 577 2642 proﬁcientes
604 2583 632 2622 a
661 2568 827 2637 gloria
877 2571 926 2621 in
969 2568 1214 2637 gloriam,
1243 2570 1470 2623 virtutes
1512 2567 1802 2621 annuntio—

224 2676 365 2716 tnus
391 2661 521 2729 eius,
554 2659 643 2728 qui
670 2660 738 2714 de
768 2659 1001 2715 tenebris
1034 2674 1131 2714 nos
1164 2661 1373 2714 vocavit
1399 2659 1450 2712 in
1485 2658 1611 2712 illud
1639 2658 1809 2712 admi-

232 2751 417 2807 rabile
441 2752 612 2805 lumen
643 2766 820 2820 suum,
842 2750 979 2817 apud
1009 2764 1164 2819 quem
1196 2766 1300 2803 non
1323 2759 1405 2804 est
1437 2749 1807 2814 commutatio,

233 2855 353 2896 nec
398 2844 639 2897 momenti
686 2843 1043 2905 obumbratio,
1072 2844 1306 2897 omnium
1336 2852 1513 2896 autem
1546 2843 1807 2897 bonorum

227 2928 533 3001 perfectio:
566 2946 634 2986 ex
666 2947 771 3001 quo
818 2932 1126 2997 illuminati,
1174 2943 1415 2985 tenemus
1446 2933 1496 2985 in
1527 2946 1647 2985 eum
1678 2947 1807 2985 con-

228 3023 529 3079 fessionem
559 3024 904 3087 immobilem,
934 3024 1104 3076 donec
1143 3038 1484 3076 occurramus
1529 3038 1715 3076 omnes
1758 3024 1808 3076 in

228 3116 501 3169 unitatem
532 3114 652 3168 ﬁdei
697 3124 750 3168 et
777 3114 828 3167 in
861 3115 1185 3183 agnitionem
1218 3114 1354 3183 ejns,
1390 3116 1438 3166 in
1471 3112 1639 3167 virum
1685 3129 1810 3182 per-

228 3206 462 3272 iecmm,
490 3206 539 3260 in
569 3220 867 3259 mensuram
895 3207 1063 3259 tutatis
1090 3204 1429 3274 plenitudinis
1456 3204 1589 3272 ejus,
1618 3213 1673 3257 ut
1701 3205 1807 3272 jam
1838 3196 1884 3259 C

233 3316 351 3354 non
371 3302 540 3354 simus
571 3299 767 3367 parvuli
794 3299 1126 3361 ﬂuctuantes,
1144 3310 1189 3352 et
1216 3298 1651 3351 circutnfernmur
1667 3298 1809 3352 omni

232 3400 406 3444 vento
441 3390 719 3454 doctrinm,
747 3388 801 3442 in
834 3390 1065 3455 nequitia
1115 3387 1411 3451 hominum,
1444 3388 1493 3438 in
1525 3387 1717 3440 astutia
1745 3386 1811 3441 ad

232 3480 697 3537 machinationem
723 3480 921 3535 erroris
951 3480 1147 3533 diaboli
1180 3478 1393 3548 (Ep/tes.
1425 3477 1523 3547 tv),
1555 3478 1643 3545 qui
1673 3492 1815 3531 sem-

233 3586 338 3640 per
394 3574 611 3640 propria
662 3570 876 3625 festinat
932 3570 1143 3639 operari
1206 3569 1261 3623 in
1314 3570 1452 3622 lilios
1500 3568 1814 3623 difﬁdentia:

236 3661 577 3733 (Ephesau).
612 3661 793 3731 Itaque
815 3671 994 3715 notum
1024 3660 1244 3714 iacimus
1275 3660 1447 3726 vobis,
1478 3660 1815 3714 dilectissimi

238 3754 457 3815 fratres,
484 3755 625 3821 quod
648 3762 702 3806 et
726 3766 819 3806 vos
839 3752 957 3805 sine
977 3751 1140 3805 dubio
1168 3750 1443 3806 nobiseum
1470 3751 1813 3822 cognoscitis,

238 3844 556 3914 vigilantem
588 3854 641 3899 et
669 3845 804 3898 bene
830 3844 1091 3898 zelantem
1122 3845 1172 3898 in
1209 3844 1369 3897 Deum
1404 3844 1666 3897 habentes
1696 3859 1821 3913 pro-

239 3937 417 4005 prium
457 3934 856 4006 [intellectum],
889 3934 1137 4002 quoniam
1170 3935 1432 3989 catholica
1469 3935 1558 3988 Dei
1606 3945 1659 3990 et
1688 3949 1819 4003 apo-

243 4026 437 4079 stolica
467 4026 706 4080 Ecclesia
740 4026 793 4079 in
816 4028 1007 4095 quiete
1035 4034 1088 4080 et
1121 4040 1250 4095 pace
1278 4027 1626 4091 consistente,
1656 4025 1819 4080 veluti

242 4117 432 4172 leones
474 4121 746 4186 rugientes
786 4127 839 4171 et
877 4128 1175 4186 quaerentes
1204 4132 1359 4188 quem
1403 4118 1726 4172 devorarent
1767 4116 1822 4187 (Ι

245 4206 396 4261 Par.
424 4207 505 4273 v),
537 4207 961 4262 subintroicrunt
1000 4208 1212 4277 quidam
1264 4208 1529 4275 homines,
1574 4210 1661 4279 qui
1693 4209 1823 4263 olim

246 4300 548 4369 prascripti
595 4309 718 4354 sunt
759 4301 810 4353 in
856 4300 955 4354 hoc
996 4300 1254 4368 judicium
1307 4302 1591 4370 impietatis
1636 4313 1824 4369 sponte

251 4391 547 4460 procedere
596 4390 746 4459 (Iud.
778 4392 858 4459 I),
892 4392 991 4445 hoc
1038 4401 1151 4456 est,
1201 4391 1516 4446 Theodorus
1563 4394 1823 4463 quondam

251 4484 539 4548 episcopus
582 4482 984 4545 Fharanitanus,
1012 4480 1183 4546 Cyrus
1209 4482 1568 4547 Alexandriae,
1603 4483 1824 4551 Sergius

1896 570 2071 624 πίστιν
2097 572 2189 623 τοῦ
2214 566 2393 639 Κυρίου
2421 566 2558 635 ἡμῶν
2577 563 2661 617 καί
2681 568 2906 634 Σωτῆρος
2929 559 3095 617 Ἰησοῦ
3116 562 3363 629 Χριστοῦ,
3384 555 3469 615 διά

1897 661 2111 736 λουτροῦ
2148 659 2528 731 παλιγγενεσίας
2552 696 2569 721 ,
2600 658 2647 711 ἐν
2673 658 2829 711 παντί
2864 653 3006 723 τόπῳ
3043 661 3135 713 τῆς
3172 651 3476 713 δεσποτείας

1898 754 2053 807 αὑτοῦ
2088 747 2413 826 παροικοῦσιν
2439 751 2489 801 ἐν
2529 746 2755 805 ὁσιότητι
2790 747 2871 802 καί
2916 743 3208 817 δικαιοσύνῃ
3238 743 3473 815 (Deesse

1900 843 2029 912 aliq.
2070 840 2324 907 videtur),
2354 846 2611 914 πατρικοῖς
2660 839 2797 907 ἡμῶν
2844 834 3096 907 ἀδελφοῖς,
3142 830 3466 900 ἐπισκόποις,

1899 932 2288 1011 πρεσϐυτέροις,
2318 929 2575 994 διακόνοις,
2602 928 2887 1002 ἡγουμένοις
2916 928 3285 1001 μοναστηρίων,
3316 947 3475 997 μονα·

1904 1033 2045 1097 χοῖς,
2077 1026 2345 1088 ἀσκηταῖς,
2369 1023 2619 1075 καίπαντὶ
2644 1027 2717 1090 τῷ
2742 1020 2940 1076 εὐσεϐεῖ
2963 1027 3054 1079 τῆς
3083 1018 3344 1078 καθολικῆς
3363 1017 3478 1077 Ἐκ·-

1903 1117 2113 1175 κλησίας
2140 1116 2464 1189 πληρώματι.

1970 1229 2128 1300 Χάρις
2149 1228 2266 1300 ὑμῖν
2285 1227 2369 1280 καί
2392 1228 2553 1301 εἰρήνη
2580 1226 2877 1305 πληθυνθείη
2898 1227 2946 1279 ἐν
2968 1227 3235 1300 ἐπιγνώσει
3256 1228 3341 1281 καί
3368 1247 3479 1281 κοι-

1901 1320 2051 1390 τωνίᾳ
2078 1322 2164 1370 τοῦ
2190 1318 2432 1388 παναγίου
2463 1313 2769 1383 Πνεὺματος,
2794 1316 2867 1375 εἰς
2887 1316 3212 1390 κληρονομίαν
3232 1313 3479 1389 ἄφθαρτον

1902 1410 1989 1462 καί
2015 1408 2302 1481 ἀμάραντον
2330 1408 2687 1480 τετηρημένην,
2716 1406 2819 1478 πρὸ
2847 1408 3127 1468 καταϐολῆς
3153 1408 3367 1477 κόσμου,
3391 1414 3476 1459 νῦν

1903 1496 1955 1554 δέ
1982 1499 2391 1570 πεφανιρωμένην
2422 1498 2493 1555 εἰς
2526 1498 2659 1565 ἡμᾶς
2680 1499 2802 1557 τοὺς
2826 1498 3162 1556 πιστεύοντας
3189 1499 3238 1549 ἐν
3269 1504 3476 1570 Χριστῷ

1900 1586 2065 1644 Ἰησοῦ
2107 1584 2179 1658 τῷ
2226 1589 2385 1660 Κυρίῳ
2426 1589 2566 1654 ἡμῶν
2609 1583 2664 1647 ὂς
2704 1588 2874 1641 πάντα
2918 1588 3035 1657 ἡμῖν
3087 1585 3386 1659 δεδώρηται,
3419 1586 3483 1641 τά

1903 1679 2028 1751 πρὸς
2057 1683 2185 1741 ζωὴν
2212 1682 2296 1731 καὶ
2321 1677 2598 1741 εὐσέϐειαν,
2629 1675 2712 1730 διά
2734 1683 2824 1730 τοῦ
2854 1682 3106 1751 σωτηρίου
3135 1679 3477 1751 κηρύγματος,

1901 1770 1985 1823 ’ἱνα
2003 1772 2166 1840 τούτῳ
2191 1771 2552 1846 προσμένοντες
2583 1771 2682 1833 ἀεί,
2718 1771 2803 1823 καὶ
2830 1766 3261 1839 συμϐιϐαζόμενοι
3289 1767 3349 1823 δι’
3364 1768 3484 1840 ὁμο·

2390 1860 2858 1931 ἐποικοδομηθῶμεν
2881 1870 2954 1933 τῷ
2979 1863 3184 1934 θεμελίῳ
3205 1870 3301 1917 τῶν
3327 1862 3481 1934 ἁγίων

1906 1954 2198 2007 ἀποστόλων
2220 1955 2301 2007 καί
2323 1961 2605 2027 προφητῶν,
2632 1950 2773 2014 ὄντος
2798 1956 3158 2027 ἀκρογωνιαίου
3188 1956 3342 2009 αὐτοῦ
3365 1965 3483 2029 Χρι-

1906 2053 2034 2103 στοῦ
2061 2052 2151 2101 τοῦ
2182 2048 2264 2100 ἐπί
2292 2049 2493 2101 πάντων
2529 2053 2659 2101 Θεοῦ
2680 2086 2695 2110 ,
2725 2050 2809 2101 καί
2847 2056 3075 2121 Σωτῆρος
3106 2055 3203 2102 τῶν
3228 2050 3482 2121 ἡμετέρων

1906 2140 2094 2209 ψυχῶν
2121 2179 2134 2196 ,
2164 2141 2213 2193 έν
2240 2137 2278 2211 ᾧ
2307 2146 2457 2194 πᾶσα
2484 2142 2514 2196 ’ό
2544 2137 2775 2208 οἰκοδομή
2814 2139 3319 2211 συναρμολογουμένη
3345 2137 3484 2203 αὔξει

1906 2234 1995 2285 τήν
2022 2226 2230 2291 αὔξησιν
2262 2230 2413 2282 αὑτοῦ
2451 2236 2513 2301 τῇ
2558 2231 2920 2303 ἀρχιτεκτονίᾳ
2959 2236 3052 2283 τοῦ
3080 2231 3388 2298 Πνεὺματος,
3415 2233 3485 2288 εἶς

1908 2318 2163 2388 βασΰειον
2210 2316 2485 2394 ἱεράτευμα
2520 2322 2604 2371 καὶ
2643 2320 2760 2373 ναόν
2788 2318 2956 2390 ἅγιον,
2986 2317 3123 2378 ὅπως
3152 2322 3232 2372 καὶ
3257 2320 3404 2387 ἡμεῖς
3438 2319 3488 2373 ἐν

1830 2446 1837 2451 ι
1900 2404 2049 2477 αὑτῷ
2074 2408 2443 2484 προκόπτοντες
2462 2448 2476 2470 ,
2506 2408 2609 2461 ἀπὸ
2636 2406 2781 2469 δόξης
2810 2409 2880 2466 εἰς
2908 2405 3049 2469 διξξαν
3084 2408 3173 2465 τὰς
3203 2408 3384 2483 ἀρετάς
3412 2408 3491 2469 έξο

1910 2497 2222 2569 αγγέλλωμεν
2250 2497 2398 2550 αὑτοῦ
2430 2494 2519 2550 τοῦ
2540 2498 2593 2550 ὲκ
2613 2496 2828 2555 σκότους
2850 2500 2983 2566 ἡμᾶς
3003 2496 3322 2562 καλέσαντος,
3343 2499 3412 2556 εἰς
3433 2497 3490 2551 τὸ

1908 2587 2197 2655 θαυμαστόν
2243 2587 2404 2640 αὑτοῦ
2448 2592 2585 2657 φῶς,
2615 2582 2784 2659 stator;
2819 2587 2901 2639 οὐκ
2943 2583 2971 2639 ε’
2977 2606 3061 2638 στι
3105 2586 3434 2660 παραλλαγὴ,
3458 2584 3489 2644 ἦ

1908 2685 2099 2749 τροπῆς
2130 2678 2484 2745 ἀποσκίασμα,
2513 2676 2711 2730 πάντων
2734 2673 2787 2729 δέ
2809 2682 2907 2729 τῶν
2930 2677 3126 2747 ἀγαθῶν
3150 2677 3180 2732 ἡ
3209 2676 3484 2734 τελείωσις.

1905 2765 1992 2829 Ἐξ
2030 2763 2089 2819 οὗ
2130 2766 2451 2837 φωτισθέντες
2475 2805 2491 2829 ,
2515 2772 2795 2839 κρατοῦμεν
2830 2772 2919 2824 την
2948 2768 3017 2825 εἰς
3046 2768 3196 2821 αὑτὸν
3224 2766 3492 2838 ὁμολογίαν

1909 2856 2182 2915 ἀσάλευτον
2204 2896 2217 2917 ,
2250 2858 2438 2929 μέχρις
2469 2852 2529 2909 ἀν
2558 2861 2951 2925 καταντήσωμεν
2984 2858 3027 2910 oi
3056 2858 3241 2915 πάντες
3262 2896 3277 2921 ,
3304 2860 3373 2916 εἰς
3398 2862 3491 2916 τήν

1910 2945 2117 3004 ἑνότητα
2164 2954 2253 3005 τῆς
2302 2950 2548 3011 πίστεως,
2580 2950 2663 3000 καὶ
2705 2955 2795 3007 τῆς
2840 2948 3159 3017 ἐπιγνώσεως
3200 2951 3386 3012 αὑτοῦ,
3420 2953 3491 3011 εἰς

1911 3033 2071 3111 ἄνδρα
2099 3038 2295 3093 τέλειον.
2318 3040 2386 3097 εἰς
2406 3040 2587 3111 μέτρον
2614 3039 2802 3101 ἡλικίας
2830 3046 2919 3094 τοῦ
2950 3041 3283 3117 πληρώματος
3305 3044 3487 3109 αὑτοῦ,

1909 3128 1993 3180 ⁴ἵνα
2016 3129 2100 3182 καί
2126 3130 2299 3198 μηκέτι
2324 3125 2454 3199 ὦμεν
2484 3134 2663 3193 νήπιοι,
2690 3133 2774 3185 καὶ
2796 3130 3209 3203 κλῃδονιζόμενοι,
3238 3138 3323 3187 καὶ
3347 3155 3494 3208 περι·
3571 3133 3578 3145 ’

1914 3219 2190 3293 φερόμενοι,
2217 3224 2369 3274 παντί
2398 3221 2563 3293 ἀνέμῳ
2592 3238 2682 3282 τῆς
2713 3220 3037 3284 διδασκαλίας
3061 3264 3076 3288 ,
3119 3224 3167 3278 ἐν
3204 3234 3267 3299 τῇ
3316 3226 3494 3300 κυϐείᾳ

1914 3318 2013 3363 τῶν
2049 3312 2341 3384 ἀνθρώπων,
2370 3312 2418 3366 ἐν
2460 3314 2748 3387 πανουργίᾳ
2794 3314 2925 3388 πρὸς
2970 3315 3061 3376 τάς
3108 3315 3367 3386 μεθοδείας
3400 3326 3492 3375 τῆς

1914 3400 2101 3459 πλάνης
2132 3408 2218 3454 τοῦ
2249 3399 2506 3465 διαϐόλου,
2529 3408 2619 3455 τοῦ
2641 3404 2857 3459 πάντοτε
2885 3407 2949 3458 τά
2980 3408 3142 3461 οἰκεῖα
3175 3404 3494 3469 σπουδάζον·-

1915 3512 2002 3551 τος
2030 3490 2249 3564 ἐνεργεῖν
2272 3492 2319 3544 ἐν
2348 3500 2452 3552 τοῖς
2473 3494 2603 3553 υἱοῖς
2629 3502 2720 3553 τῆς
2749 3496 3025 3554 ἀπειθείας.
3057 3500 3369 3569 Γνωρίζομεν
3391 3502 3490 3572 γάρ

1917 3582 2051 3651 ὑμῖν,
2084 3584 2337 3653 ἀγαπητοὶ
2362 3581 2580 3656 ἀδελφοὶ,
2610 3582 2737 3657 ὅπερ
2767 3588 2845 3638 καί
2872 3588 3015 3656 ὑμεῖς
3040 3588 3261 3663 ἀκριϐῶς
3286 3596 3497 3645 συνεπί-

1918 3673 2107 3726 στασθε
2129 3713 2143 3737 ,
2174 3670 2605 3749 διαγρηγοροῦντα
2632 3669 2762 3728 κατά
2790 3676 2908 3729 Θεὸν
2934 3678 3019 3729 καί
3045 3678 3317 3740 εὑζνίλωτον
3348 3677 3499 3749 ἕχον-

1918 3784 2003 3823 τες
2044 3764 2128 3819 τὸν
2165 3763 2287 3818 ἴδιον
2312 3765 2546 3836 λογισμὸν
2572 3807 2586 3828 .
2623 3764 2703 3823 ὅτι
2732 3774 2821 3826 τῆς
2856 3768 3114 3830 καθολικῆς
3138 3777 3230 3826 τοῦ
3258 3777 3385 3826 Θεοῦ
3410 3776 3496 3826 καὶ

1920 3855 2259 3915 ἀποστολικῆς
2288 3854 2577 3916 Ἐκκλησίας
2602 3858 2975 3927 ἠσυχαζούσης
2994 3899 3010 3925 ,
3040 3864 3125 3914 καὶ
3147 3862 3501 3938 εἰρηνευούσης

1921 3945 2061 4012 δίκην
2087 3948 2296 4001 λεόντων
2317 3948 2637 4021 ὠρυομένων,
2663 3951 2746 4003 καὶ
2773 3948 3059 4013 ζητούντων
3079 3974 3191 4007 τινα
3213 3961 3497 4018 καταπιεῖν,

1922 4038 2305 4115 παρεισέδυσάν
2337 4061 2468 4101 τινες
2494 4038 2768 4116 ἅνθρωποι,
2803 4044 2847 4096 oi
2879 4044 3027 4099 πάλαι
3062 4047 3503 4118 προγεγραμμένοι

1924 4131 1994 4188 εἰς
2034 4135 2180 4184 τοῦτο
2219 4130 2277 4183 τὸ
2317 4138 2473 4204 κρῖμα
2508 4140 2598 4191 τῆς
2649 4132 2884 4211 ἀσεϐείας
2927 4133 3167 4194 ἑκουσίως
3218 4138 3500 4208 ἐξάγεσθαι,

1923 4220 2179 4280 τουτέστι,
2209 4217 2465 4293 Θεόδωρος
2506 4218 2532 4274 ὁ
2568 4222 2829 4293 γενόμενος
2869 4224 3145 4285 ἐπίσκοπος
3179 4234 3271 4285 τῆς
3311 4229 3502 4301 Φαράν,

1926 4323 2084 4392 κῦρος
2121 4316 2145 4370 ὁ
2180 4315 2571 4391 ’Δλεξανδρείας,
2605 4319 2803 4392 Σέργιος
2847 4319 2872 4373 ό
2914 4322 3502 4389 κωνσταντινουπόλεως,

1927 4412 2009 4463 καὶ
2039 4410 2083 4462 oi
2113 4410 2296 4463 τούτου
2321 4408 2581 4481 διάδοχοι,
2616 4412 2809 4487 Πύρρος
2831 4414 2916 4465 καί
2942 4414 3151 4476 Παῦλος,
3182 4419 3273 4472 την
3296 4420 3387 4467 τοῦ
3408 4435 3504 4484 με-

1926 4500 2078 4572 γάλου
2109 4496 2236 4555 Θεοῦ
2266 4503 2348 4554 καί
2387 4508 2614 4576 Σωτῆρος
2644 4504 2783 4573 ἡμῶν
2822 4504 3129 4570 οἰκονομίαν,
3156 4504 3228 4562 εἰς
3253 4503 3503 4578 ατρετικήν

252 4573 893 4642 φουειθιιιίηοροιίιοιιιιε,
924 4575 1008 4628 vel
1038 4574 1153 4642 ejns
1190 4589 1553 4639 successores,
1592 4575 1815 4646 Pyrrhus

1933 4593 2359 4665 μεταστρέφοντες
2387 4592 2723 4661 καινοτομίαν,
2753 4593 2838 4644 καί
2866 4591 2949 4645 τὸν
2971 4589 3293 4664 ἀγοράσαντα
3321 4592 3507 4651 αὐτούς

252 4679 308 4723 et
342 4668 561 4729 Paulus,
590 4669 764 4734 magni
795 4667 884 4721 Dei
914 4676 967 4720 et
1003 4669 1300 4723 Salvatoris
1328 4672 1495 4722 nostri
1544 4669 1821 4738 dispensa-

254 4760 455 4811 tionem
482 4758 533 4810 in
565 4757 867 4811 haereticam
896 4759 1182 4813 novitatem
1211 4769 1602 4830 retorquentes,
1630 4772 1683 4815 et
1709 4777 1829 4815 eum

255 4852 348 4919 qui
390 4852 526 4904 emit
578 4864 694 4916 eos,
724 4848 995 4904 Christum
1050 4851 1334 4904 Dominum
1383 4852 1728 4920 denegantes,
1761 4868 1831 4906 ex

258 4942 363 5000 hoc
400 4940 547 5011 quod
589 4942 641 4995 in
688 4942 887 5011 scripto
921 4951 1164 4997 asserunt
1210 4943 1429 5009 minime
1468 4961 1588 4999 eum
1638 4946 1833 5001 habere

262 5037 557 5089 secundum
604 5033 831 5089 formam
860 5038 1021 5100 servi,
1052 5036 1137 5089 vel
1183 5037 1473 5090 secundum
1521 5038 1661 5105 quod
1708 5053 1833 5107 pro-

264 5136 381 5195 pter
432 5142 532 5181 nos
579 5126 749 5180 iactus
795 5134 878 5181 est
917 5126 1099 5191 homo,
1142 5127 1472 5183 voluntatem
1519 5139 1609 5182 aut
1653 5145 1836 5197 opera-

268 5219 464 5271 tionem
524 5217 852 5283 naturalem,
902 5216 994 5270 sed
1038 5218 1155 5272 sine
1205 5219 1499 5272 substantia
1554 5234 1673 5273 eum
1724 5222 1837 5275 sive

266 5316 474 5371 natura,
504 5318 562 5360 et
590 5322 695 5359 non
734 5306 904 5362 solum
937 5307 1054 5361 sine
1077 5308 1276 5373 anima,
1309 5317 1361 5362 et
1389 5309 1833 5378 irrationabilem,

264 5406 319 5450 et
362 5396 729 5451 insensibilem
778 5397 1071 5450 secundum
1113 5412 1206 5452 eos
1253 5399 1504 5465 existere,
1534 5402 1654 5468 quia
1702 5402 1840 5455 sicut

263 5501 359 5541 nos
410 5486 631 5557 gloriosi
681 5486 935 5541 Ecclesia:
979 5486 1168 5542 Patres
1215 5486 1538 5557 docuerunt,
1581 5490 1835 5559 quidquid

263 5579 462 5647 absque
508 5580 785 5633 voluntate
824 5580 1068 5632 consistit
1113 5588 1168 5633 et
1216 5582 1524 5648 operatione
1574 5584 1639 5635 ab
1688 5584 1833 5636 omni

266 5678 412 5722 caret
450 5667 786 5723 substantiali
835 5677 1060 5721 natura:
1093 5684 1189 5738 pro
1218 5686 1318 5735 qua
1354 5687 1409 5723 re
1443 5673 1615 5738 ipsum
1658 5672 1841 5740 gloriae

268 5759 433 5816 lteum
472 5769 527 5813 et
573 5759 861 5814 Dominum
910 5772 1148 5813 nostrum
1195 5760 1378 5815 Jesnm
1426 5762 1692 5817 Christum
1744 5780 1839 5833 per

269 5862 562 5923 utramque,
586 5869 653 5909 ex
682 5853 879 5923 quibus
908 5846 1154 5907 consistit
1185 5856 1385 5909 naturis
1416 5866 1569 5925 atque
1598 5860 1836 5928 apprrti-

1933 4681 2183 4741 δεσπότην
2224 4682 2436 4758 Χριστὸν
2480 4682 2787 4755 ἀρνούμενοι,
2828 4678 2910 4734 διὰ
2942 4685 3092 4734 τοῦτο
3128 4680 3283 4751 λέγειν
3318 4683 3509 4743 αυτούς

1934 4771 2209 4845 ἐγγράφως,
2237 4776 2302 4837 μή
2333 4769 2474 4840 ἔχειν
2504 4769 2675 4832 αὑτὸν,
2702 4770 2832 4825 κατά
2848 4774 2937 4828 τήν
2966 4774 3056 4824 τοῦ
3087 4767 3266 4824 δούλου
3296 4777 3507 4848 μορφὴν,

1933 4863 2043 4921 ἤτοι
2071 4864 2190 4917 καθὸ
2221 4860 2283 4915 δι’
2303 4863 2436 4931 rip.ch
2460 4861 2655 4933 γέγονεν
2682 4857 2959 4936 ἄνθρωπος,
2985 4861 3179 4919 θέλησιν
3202 4862 3232 4922 ἦ
3259 4863 3511 4937 ἐνέργειαν

1936 4959 2168 5026 φυσικήν,
2202 4952 2305 5007 ἀλλ’
2334 4950 2565 5006 ἀνούσιον
2590 4952 2742 5008 αὑτὸν
2769 4956 2855 5006 καί
2878 4951 3203 5029 ἀνύπαρκτον
3226 4994 3242 5019 ,
3268 4954 3378 5010 κατ’
3408 4957 3509 5008 ab-

1935 5048 2054 5105 τοὺς
2076 5042 2356 5119 ὑπάρχειν
2381 5042 2528 5105 ἦττον
2550 5046 2651 5119 γάρ
2680 5045 2839 5098 εἰπεῖν
2866 5042 3019 5115 ἆψυχ
3028 5066 3081 5099 ον
3105 5048 3189 5101 καὶ
3216 5042 3411 5116 ἄλογον,
3432 5050 3514 5100 καὶ

1937 5136 2165 5201 ἀνόητον,
2189 5134 2383 5201 ἐπειδὴ,
2414 5138 2573 5196 καθὼς
2602 5136 2735 5201 ἡμᾶς
2752 5136 2798 5188 οἱ
2822 5133 3073 5209 περίὸοξοι
3099 5143 3192 5195 τῆς
3223 5134 3513 5194 Ἐκκλησίας

1938 5230 2154 5301 Πατέρες
2203 5223 2504 5279 διδάσκουσι
2529 5267 2543 5293 ,
2588 5224 2648 5279 τὸ
2692 5226 2863 5283 πάσης
2904 5222 3111 5299 ἄμοιρον
3150 5224 3391 5296 ὑπάρχον
3430 5224 3511 5276 θε-

1938 5317 2131 5375 λησεως
2152 5318 2237 5369 καὶ
2264 5316 2533 5388 ἐνεργείας,
2564 5316 2647 5368 καί
2666 5315 2836 5373 πάσης
2860 5311 3043 5387 ἔρημόν
3069 5315 3208 5368 ἐστιν
3234 5310 3513 5371 οὑσιὼδους

1939 5410 2208 5479 ὑπάρξεως
2226 5420 2240 5434 '
2299 5405 2408 5460 ὅθεν
2437 5407 2589 5460 αυτόν
2620 5406 2706 5458 τὸν
2732 5412 2821 5463 τῆς
2850 5403 2990 5467 δόξης
3018 5404 3140 5458 Θεὸν
3173 5404 3349 5476 Κύριον
3374 5403 3514 5473 ἡμῶν

1941 5498 2133 5556 Ἰησοῦν
2155 5499 2387 5570 Χριστόν,
2404 5496 2505 5549 καθ’
2522 5496 2755 5570 ἑκατέραν
2784 5501 2880 5549 τῶν
2911 5495 2959 5557 ἐξ
2984 5491 3051 5547 ὧν
3075 5496 3157 5547 καί
3185 5494 3232 5545 ἐν
3260 5489 3339 5551 αἷς
3366 5492 3513 5546 συνέ-

1944 5610 2096 5646 στηκε
2155 5591 2389 5658 φύσεων,
2425 5590 2512 5641 καί
2559 5593 2657 5640 τῶν
2708 5584 3000 5660 προσόντων
3052 5586 3237 5644 αὑταῖς
3290 5590 3513 5654 φυσικῶν

1945 5678 2227 5749 ἰδιωμάτων
2276 5678 2455 5732 τέλειον
2503 5673 2623 5730 ὄντα
2663 5678 2794 5731 κατά
2839 5678 3006 5729 πάντα
3046 5676 3194 5744 μόνης
3243 5673 3380 5745 δίχα
3424 5684 3517 5733 τῆς

1945 5768 2200 5840 ἁμαρτίας
2229 5768 2488 5840 ἐκήρυξαν.
2520 5770 2576 5820 Εἰ
2602 5764 2655 5819 δέ
2682 5766 2861 5820 τέλειον
2889 5766 3020 5818 κατὰ
3050 5766 3236 5828 πάντα,
3260 5773 3369 5825 πῶς
3389 5765 3515 5831 οὑχί

1948 5862 2030 5914 καὶ
2059 5860 2104 5911 ἐν
2131 5858 2323 5915 θελήσει
2353 5864 2413 5930 τῇ
2457 5856 2559 5909 καθ’
2579 5857 2710 5925 ἡμᾶς
2758 5861 2939 5925 φυσικῇ
2968 5858 3049 5910 καί
3091 5857 3341 5929 inpr/sia;
3369 5855 3518 5909 Δῆλον
