4002 6350
467 349 577 406 εει

1645 344 1886 403 ΒΛΝΟἸἸ
1927 335 2210 395 ΜᾹῘΠΊΝΙ
2249 338 2452 398 ΡΛΡιΕ
2493 341 2511 397 l

3619 343 3731 404 12’s

461 473 562 547 γάρ
593 471 676 532 ἅτε
703 469 887 530 ἰδιότης
913 475 1096 542 φυσική
1123 477 1212 529 τῆς
1235 467 1340 523 καθ’
1355 469 1489 534 ἡμᾶς
1513 468 1688 526 οὐσίας
1719 465 2046 521 καθέστηκεν.

2155 460 2403 515 ﬂentibus
2449 462 2649 517 eisdem
2701 463 3027 520 naturalibus
3075 465 3492 536 proprietatibus
3541 470 3723 539 perle-

465 567 496 623 ἡ
524 562 774 624 ούσιὼδης
799 565 955 624 αὐτῆς
987 564 1207 636 ἐνέργεια
1246 563 1330 614 καί
1365 559 1582 619 “hanc.
1617 555 1708 619 Ἷις
1735 555 2042 628 ἀναιρουμί-

461 674 572 714 νης.
599 656 683 709 καί
709 653 739 709 ἡ
769 653 919 725 φύσις
943 653 1072 709 αύτη
1099 657 1482 726 συναναιρεῖται
1510 650 1733 706 πάντως,
1763 648 1831 706 ὡς
1859 648 1948 698 ουκ
1971 643 2047 700 ἔτι

463 743 798 815 γνωριζομένη
827 739 910 796 διά
954 748 1040 800 τῆς
1079 738 1342 800 οὐσιωδῶς
1379 737 1866 815 χαρακτηριζούσηε
1895 738 2046 795 αὐτὴν

464 839 680 904 φυσικῆς
717 829 987 891 ἰδιότητος.
1031 831 1112 884 Διό
1160 834 1246 884 καί
1285 832 1584 903 ἰσαρίθμους
1623 835 1738 887 ταῖς
1771 828 2046 895 ἡνωμέναις

463 924 617 978 αὐτοῦ
650 922 754 976 καθ’
775 922 1066 977 ὑπόστασιν
1089 924 1291 992 φύσεσι,
1320 920 1409 974 δύο
1440 941 1491 974 τε
1522 921 1674 973 αὐτοῦ
1715 920 1936 977 θελήσειε
1959 921 2044 971 καί

465 1015 718 1091 ἐνεργείας
752 1023 948 1088 φρονεῖν
985 1017 1100 1086 ἡμῖν
1135 1011 1592 1087 παραδεδώκασιν..
1621 1011 1773 1082 ἤγουν
1807 1007 2042 1064 ἀντιστον

463 1110 547 1161 καί
575 1114 814 1166 κτιστήν,
846 1109 978 1161 θείαν
1006 1111 1090 1160 καί
1129 1106 1437 1178 ἀνθρωπίνην
1480 1109 1727 1176 συμφυῶς
1753 1101 2042 1170 ἡνωμένας,

464 1203 547 1254 καί
576 1207 924 1276 μαρτυροῦσιν
945 1201 987 1253 οῖ
1007 1200 1200 1254 τούτων
1220 1198 1357 1270 λόγοι
1389 1206 1452 1271 τῇ
1480 1198 1661 1272 πράξει
1690 1203 1786 1250 τῶν
1817 1197 2044 1266 ὑπομνη-

465 1294 637 1363 μάτων
666 1296 801 1363 ἡμῶν
828 1296 1128 1365 ὶνταγίντες.
1155 1279 1229 1352 i';
1257 1289 1508 1354 ἀπόδειξιν
1543 1299 1634 1350 τῆς
1673 1291 1895 1349 ἀληθείας
1915 1329 1928 1350 ,
1961 1291 2046 1343 καί

463 1388 631 1446 πάσης
673 1387 1083 1460 ύπερλάμποντες
1121 1385 1325 1443 ἡλιακῆς
1367 1386 1583 1443 ἀκτῖνος.
1614 1383 1784 1435 Αὐτῶν
1829 1377 1916 1434 οὐν
1945 1389 2046 1434 τῶν

462 1484 629 1532 ταῦτα
651 1476 988 1532 διδασκόντων
1011 1479 1145 1545 ἡμᾶς
1169 1475 1324 1547 ἁγίων
1353 1482 1557 1548 Πατρῶν
1580 1478 1670 1532 τὴν
1697 1475 1884 1527 εύθείαν
1910 1469 2042 1537 ὁδὸν,

463 1570 620 1643 ἤγουν
648 1575 737 1630 τήν
759 1569 1014 1644 ιῖρθόδιιξον
1040 1574 1213 1625 πίστιν
1235 1569 1564 1639 ἀπωσάμενοί
1589 1588 1641 1622 τε
1664 1571 1748 1622 καί
1775 1565 2047 1620 ἀπολιπόνο

463 1683 547 1722 τες
579 1663 623 1715 oi
652 1663 882 1734 ῥηθέντες
910 1663 1234 1733 ἀντικείμενοι
1257 1657 1456 1731 ἄδρες,
1485 1661 1826 1733 ἐπορεύθησαν
1854 1666 1915 1728 τῇ
1946 1653 2045 1725 όδρ

463 1761 553 1809 τοῦ
596 1753 819 1823 Βαλαὰμ.
861 1760 950 1806 τοῦ
1001 1755 1178 1827 Βοσὸρ.
1219 1754 1454 1807 τουτέστι
1498 1759 1558 1824 τῇ
1600 1751 1908 1822 κακοπιστίκ
1947 1755 2046 1802 τῶν

2146 562 2288 607 clum
2317 568 2435 608 esse
2465 553 2517 609 in
2549 557 2817 624 omnibus,
2849 558 3048 629 absque
3080 562 3448 617 tantummodo
3475 574 3725 632 peccato,

2148 646 2522 714 praedicarunt.
2553 647 2610 702 Si
2659 664 2788 719 ergo
2839 651 3132 720 perfectum
3184 653 3236 708 in
3285 655 3555 724 omnibus,
3583 672 3724 722 quo-

2146 739 2306 791 modo
2353 755 2458 792 non
2489 752 2540 794 et
2573 740 2624 795 in
2656 742 2932 800 voluntate
2974 755 3034 801 et
3070 747 3381 817 Operatione
3421 749 3721 804 secundum

2147 837 2384 883 nostram
2414 840 2652 886 naturam
2672 833 2694 887 τ
2717 832 2933 888 Certum
2962 843 3045 892 est
3068 836 3233 905 enim,
3261 837 3386 908 quia
3418 839 3726 908 proprietas

2148 921 2402 974 naturalis
2427 934 2621 978 nostrae
2645 925 2980 994 Substantim,
3005 930 3252 984 consistit
3274 930 3578 986 essentialis
3604 929 3730 999 ejus

2147 1011 2389 1076 operatio
2437 1023 2492 1067 et
2543 1016 2824 1083 voluntas;
2869 1033 2972 1087 qua
3039 1021 3366 1089 proprietate
3423 1030 3724 1091 amputata,

2149 1101 2331 1169 utique
2372 1113 2425 1156 et
2471 1103 2581 1173 ipsa
2614 1116 2803 1162 natura
2836 1124 2955 1163 cum
2989 1109 3075 1164 illa
3111 1111 3410 1180 perimitur,
3442 1113 3564 1182 quia
3611 1113 3730 1183 jam

2147 1192 2397 1259 cognosci
2428 1206 2613 1250 natura
2664 1199 2814 1254 nullo
2845 1201 3006 1255 modo
3035 1211 3214 1270 potest
3244 1219 3340 1273 per
3377 1206 3728 1260 essentialem

2149 1280 2510 1352 designantem
2533 1301 2651 1342 eam
2677 1291 2978 1348 naturalem
3005 1293 3406 1364 proprietatem.
3435 1295 3732 1364 Propterea

2147 1380 2207 1428 et
2253 1375 2374 1443 pari.
2421 1392 2656 1432 numero.
2699 1381 2863 1438 unitis
2913 1385 3333 1442 Substantialiter
3386 1386 3435 1440 ei
3488 1387 3730 1453 naturis,

2147 1467 2390 1536 ejusdem
2416 1473 2718 1530 voluntates
2747 1484 2812 1532 et-
2830 1479 3174 1548 operatioues
3201 1496 3393 1550 sapere
3433 1483 3588 1538 nobis
3618 1493 3734 1538 tra-

2147 1556 2418 1626 diderunt,
2445 1563 2547 1620 hoc
2575 1574 2680 1632 est,
2714 1567 3003 1625 inereatam
3035 1581 3090 1626 et
3115 1582 3376 1639 creatam,
3405 1574 3640 1630 divinam
3671 1583 3733 1631 et

2151 1648 2468 1716 humanam,
2486 1654 2821 1712 cohmrenter
2847 1659 3044 1725 unitas.
3075 1671 3132 1716 ut
3163 1670 3428 1737 testantur
3452 1664 3612 1718 verba
3636 1680 3735 1720 eo-

2150 1753 2266 1792 rum
2298 1739 2501 1797 actibus
2529 1746 2725 1802 nostris
2756 1746 2806 1802 in
2831 1749 3474 1818 approbationeveritatis
3503 1753 3736 1820 inserta,

464 1845 747 1922 αίρετικῶν,
777 1848 858 1898 καὶ
887 1853 948 1918 τῇ
972 1845 1241 1916 αὐτονομίᾳ
1270 1851 1359 1902 τῆς
1387 1843 1578 1902 πλάνης
1609 1839 1775 1897 αὐτῶν
1799 1841 2047 1911 ἐξεχύθη-

2152 1839 2206 1885 et
2246 1845 2405 1900 super
2451 1847 2663 1890 omnem
2712 1837 2916 1892 radium
2967 1841 3098 1896 solis
3149 1841 3396 1898 nitentia.
3429 1843 3594 1914 Igitur
3628 1860 3734 1900 eo-

463 1956 582 1999 σαν,
605 1938 686 1991 καί
710 1945 771 2008 τῇ
797 1937 1050 2010 ἀντιλογίᾳ
1088 1945 1177 1996 τῆς
1218 1937 1474 1994 ἀπειθείας
1512 1937 1678 1988 αὐτῶν
1718 1934 2050 2010 ἐσκληρύνθη-

465 2048 584 2086 σαν,
612 2029 830 2102 ἀστέρες
875 2025 1011 2088 ὄντες
1056 2029 1323 2086 πλανῆται.
1361 2030 1442 2080 γαί
1488 2026 1676 2098 νεφέλαι
1711 2021 1936 2098 ἄν·.δροι.
1967 2027 2055 2078 καί

467 2117 653 2192 δένδρα
695 2121 1027 2196 φθινοπωρινά
1058 2118 1286 2195 ἄκαρπα,
1324 2118 1398 2180 δὶς
1447 2117 1764 2173 ἀποθανόντα
1789 2120 1872 2170 καί
1907 2117 2046 2189 ἰκρι-

468 2212 708 2274 ζωθέντα,
737 2212 939 2282 κύματα
967 2209 1123 2285 ἄγρια
1149 2213 1408 2271 θαλάσσης
1438 2213 1778 2280 ἀπαφρὶζαντα
1803 2210 1900 2267 τάς
1925 2206 2050 2260 εαυ-

468 2311 570 2358 τῶν
595 2303 859 2376 αἰσχύνας
879 2345 892 2368 ,
923 2302 990 2367 οἷς
1025 2305 1049 2361 ό
1086 2306 1228 2378 ζόφος
1259 2313 1349 2360 τοῦ
1377 2305 1590 2363 σκότους
1620 2304 1689 2364 εἰς
1718 2305 1872 2356 α’ὡνα
1901 2303 2048 2357 τετή-

469 2410 622 2467 ρηται
661 2399 729 2464 μή
778 2395 1231 2466 μεταϐαλῗιομένοις
1251 2438 1266 2461 ,
1293 2395 1414 2449 ἀλλά
1450 2393 1567 2467 τῇδε
1594 2397 1816 2464 κᾴκεῖσε.
1845 2393 1928 2446 τὸν
1952 2412 2049 2461 μο-

467 2481 662 2554 λυσμὸν
701 2492 792 2545 τῆς
843 2486 1025 2544 οἰκείας
1075 2486 1344 2561 αἱρέσεως,
1373 2485 1570 2557 ἀφόϐως
1618 2485 2045 2548 ἐξακοντίζουσιν,

469 2575 648 2634 οἵτινες
677 2578 982 2646 μετήλλαξαν
1009 2583 1097 2637 τήν
1125 2579 1354 2636 ἀλήθειαν
1386 2584 1476 2632 τοῦ
1515 2583 1646 2632 Θεοῦ
1675 2578 1724 2629 ἐν
1747 2584 1818 2645 τῷ
1847 2572 2046 2645 ψεύδει,

469 2667 552 2719 καί
609 2666 972 2726 ἰσεϐάσθησαν
1033 2671 1112 2723 καί
1173 2669 1474 2744 προέκριναν
1528 2675 1626 2723 τῶν
1691 2667 1909 2722 εὐσεϐῶν
1956 2674 2048 2724 τῆς

467 2756 730 2817 καθολικῆς
784 2757 1076 2820 Ἐκκλησίας
1139 2758 1406 2834 δογμάτων
1431 2803 1444 2824 ,
1489 2762 1556 2815 τά
1627 2766 1728 2814 τῶν
1787 2760 2049 2835 αἶρετικῶν

466 2851 760 2920 ἠπατημένοι
804 2853 1180 2929 συγγράμματα
1224 2853 1351 2928 πρὸς
1375 2854 1436 2908 τὸ
1465 2859 1597 2907 πᾶσι
1637 2851 1845 2923 τρόποις
1884 2871 2050 2906 σπου·

467 2941 668 3010 δάζειν,
715 2945 744 3004 ἦ
808 2947 1052 3007 πλανῆσαι
1114 2952 1236 3010 τούς
1305 2953 1727 3028 ἀκεραιοτὲρους,
1777 2949 1808 3008 ἦ
1875 2947 2050 3012 διῶξαι

465 3036 586 3094 τούς
613 3037 661 3089 ἰν
691 3039 854 3114 Κυρίῳ
883 3041 1273 3115 μονιμωτέρους.
1306 3038 1469 3114 Ὀπερ
1491 3041 1584 3100 ἧ²η
1613 3043 1693 3094 καί
1737 3044 1802 3098 εἰς
1836 3040 2048 3100 πολλοὺς

464 3133 565 3178 τῶν
600 3128 824 3182 εύσεξῶν
852 3128 1040 3202 ἀνδρῶν
1071 3131 1430 3205 ἒξειργάσαντο
1451 3171 1465 3196 ,
1503 3139 1799 3204 σωματικῶς
1830 3132 2046 3194 τούτους
2076 3170 2122 3234 C

465 3225 914 3290 κακοποιῆσαντες,
948 3221 1118 3282 ἐπειδή
1148 3223 1384 3295 ψυχικῶς
1414 3226 1497 3278 οὐκ
1526 3227 1830 3296 ἐξίσχυσαν,
1862 3232 1924 3300 τῇ
1950 3227 2044 3280 πέ-

465 3330 566 3385 τρᾳ
591 3321 682 3372 τῆς
717 3314 877 3367 αὐτῶν
904 3317 1277 3388 προσραγέντες
1308 3315 1569 3390 ὀρθοόόξου
1598 3320 1823 3378 πίστεως
1846 3358 1860 3382 ,
1893 3318 1961 3389 ἐφ’
1975 3316 2048 3379 οἷς

465 3397 549 3454 διά
590 3403 684 3463 τάς
727 3403 949 3463 ἀτόπους
992 3406 1158 3460 αὐτῶν
1203 3407 1410 3479 πράξεις
1447 3411 1532 3461 καί
1569 3408 1661 3467 τάς
1690 3409 2048 3479 ἀτοπωτέρους

464 3497 788 3565 καινοτομίας
816 3497 1225 3570 σπαραττόμενοι
1275 3501 1362 3552 καί
1397 3502 1462 3554 τά
1489 3501 1788 3575 αἰσθητήρια
1819 3524 2048 3572 μαιμασ-

463 3584 667 3655 σόμενοι
693 3594 782 3646 τῆς
823 3586 1034 3662 καρδίας
1079 3592 1206 3644 κατά
1237 3593 1319 3644 τὸν
1348 3593 1470 3645 θεῖον
1503 3591 1763 3666 Ἰερεμίαν,
1787 3593 1832 3646 οἱ
1861 3593 1908 3645 ἐν
1945 3615 2046 3663 μα-

464 3677 620 3749 καρίᾳ
659 3685 719 3749 τῇ
763 3681 932 3748 μνήμῃ
981 3683 1384 3752 προηγησάμενοι
1435 3684 1568 3752 ἡμᾶς
1617 3685 1903 3758 ἀρχιερεῖς,
1957 3685 2047 3738 οὐκ

465 3767 754 3820 ἐπαύσαντο
801 3771 1171 3846 μαρτυρόμενοι
1223 3775 1304 3825 καί
1347 3782 1710 3846 παραινοῦντες
1750 3777 1939 3838 αὐτοῖς,
1973 3777 2047 3828 ἔνο

465 3855 640 3913 δοῦναι
662 3867 753 3920 τῆς
783 3862 1022 3922 τοιαύτης
1051 3865 1216 3918 αὐτῶν
1260 3866 1504 3935 αἱρέσεως
1543 3869 1626 3919 καὶ
1667 3867 1963 3941 προσελθεῖν
1985 3876 2046 3943 τῇ

467 3950 765 4022 ὑγιαινούσῃ
793 3949 1114 4028 διδασκαλίᾳ,
1140 3957 1334 4021 μήποτε
1356 3955 1560 4029 ὀργισθῇ
1586 3958 1783 4028 Κύριος,
1809 3958 1889 4010 καί
1919 3958 2046 4011 ἀποο

466 4039 671 4096 λοῦνται
711 4042 908 4105 τελείως
942 4045 992 4097 ἐκ
1019 4053 1110 4106 τῆς
1138 4043 1254 4100 όδοῦ
1293 4055 1392 4100 τῶν
1419 4045 1635 4112 δικαίων,
1668 4048 1821 4122 ἤγουν
1851 4057 1939 4109 τῆς
1969 4051 2048 4104 εύ-

467 4133 651 4192 σεϐοῦς
671 4141 768 4189 τῶν
790 4134 942 4208 ἀγίων
970 4145 1174 4214 πατρῶν
1203 4137 1482 4212 ὁμολογίας.
1505 4147 1665 4196 Τοῦτο
1696 4139 1746 4194 δέ
1774 4163 2045 4211 προνοητι-

467 4229 565 4286 κῶς
593 4226 649 4278 οὐ
679 4227 828 4297 μόνον
867 4230 1008 4284 αὐτοί
1046 4236 1380 4290 πεποιήιασιν
1403 4274 1415 4296 ,
1445 4234 1572 4288 ἀλλά
1602 4237 1686 4288 καί
1721 4235 1886 4309 ἕτεροι
1913 4237 2048 4290 πλεῖ·

468 4339 585 4375 στοι
611 4327 709 4375 τῶν
735 4323 805 4381 εἰς
832 4320 1094 4395 διαφόρους
1125 4327 1383 4400 ἐπαρχίας
1409 4329 1792 4400 παροικούντων
1826 4329 2047 4381 ιῦλαϐὧν

469 4410 789 4476 ἰπισκόπων,
819 4411 848 4472 ἦ
875 4415 1057 4483 μᾶλλον
1083 4419 1260 4483 εἰπεῖν,
1305 4418 1559 4489 ὁλόκληροι
1596 4417 1802 4474 σύνοδοι
1843 4417 1922 4474 διὰ
1948 4427 2046 4474 τῶν

2153 1920 2396 1976 rumdem
2423 1934 2728 1981 sanctorum
2757 1926 2996 1993 Patrum,
3019 1930 3106 1999 qui
3141 1929 3256 1985 haec
3285 1947 3382 1987 nos
3405 1933 3730 2001 docuerunt,

2152 2017 2352 2063 rectam
2399 2010 2574 2079 viam,
2623 2016 2724 2070 hoc
2770 2025 2886 2082 est,
2937 2018 3288 2075 orthodoxam
3335 2020 3740 2079 confessionem

2151 2100 2398 2168 superius
2425 2101 2554 2157 dicti
2581 2107 2836 2160 contrarii
2867 2110 3110 2164 veritatis
3137 2121 3453 2177 respuentes
3477 2129 3540 2168 ac
3567 2113 3730 2170 dere-

2153 2191 2474 2264 linquentes,
2505 2199 2911 2258 ambulaverunt
2953 2205 3006 2259 in
3049 2205 3197 2266 viam
3216 2205 3431 2262 Bataam
3471 2210 3535 2264 de
3565 2209 3736 2266 Βοεοε·

2154 2283 2242 2357 (Il
2276 2285 2387 2343 Pet.
2415 2290 2500 2360 ιι),
2540 2290 2639 2346 hoc
2669 2304 2771 2360 est,
2801 2293 2854 2349 in
2888 2296 3107 2364 perﬁdia
3147 2297 3543 2368 hmreticorum,
3575 2312 3631 2358 et
3671 2304 3739 2358 in

2151 2389 2447 2448 spontaneo
2474 2397 2659 2438 eorum
2691 2401 2878 2442 errore
2917 2387 3068 2443 elTusi
3111 2401 3266 2456 sunt,
3308 2395 3551 2462 atquein
3589 2408 3729 2450 con-

2152 2472 2469 2528 tradictione
2513 2474 2884 2532 inobedientia:
2935 2493 3046 2533 suae
3091 2479 3338 2536 obdurati
3379 2495 3527 2548 sunt,
3555 2483 3734 2539 sidera

2152 2565 2420 2621 existentes
2449 2569 2655 2634 erroris,
2683 2579 2729 2623 et
2757 2572 2910 2624 nubes
2939 2571 3047 2626 sine
3069 2589 3225 2643 aqua,
3257 2591 3350 2628 nec
3386 2592 3488 2629 non
3522 2577 3737 2633 arbores

2152 2660 2496 2727 autumnales,
2540 2661 2895 2732 infructuose,
2932 2663 3007 2718 bis
3050 2675 3287 2732 mortuae,
3317 2668 3592 2723 eradicatur
3625 2673 3735 2739 [ἵεις

2152 2758 2260 2804 ctus
2301 2752 2492 2819 feroces
2542 2753 2719 2818 maris,
2761 2765 3052 2824 spumantes
3097 2757 3334 2827 praprias
3377 2759 3735 2829 confusion“,

2150 2845 2334 2913 quibus
2375 2847 2540 2915 caligo
2583 2847 2904 2902 tenebrarum
2945 2849 2997 2902 in
3040 2858 3284 2904 aternum
3321 2861 3616 2906 conservata
3651 2861 3735 2906 est

2151 2936 2358 2990 minime
2386 2937 2739 3002 penitentibus
2771 2937 2922 3008 (Iud.
2953 2939 3038 3004 12,
3074 2939 3184 3009 15),
3211 2940 3305 2997 sed
3349 2941 3450 2996 huc
3496 2941 3737 3012 illucque

2151 3028 2408 3080 maculam
2443 3027 2668 3096 propriae
2710 3027 2974 3084 haereseos
3015 3030 3216 3100 absque
3249 3031 3441 3088 timore
3476 3031 3737 3101 jactantir

2153 3119 2249 3174 bus
2272 3135 2287 3174 :
2314 3121 2413 3185 Qui
2433 3133 2867 3176 commutaverunt
2896 3124 3155 3178 veritatem
3179 3123 3274 3180 Dei
3303 3127 3356 3180 in
3380 3127 3747 3195 mendacium,

2150 3220 2198 3265 et
2226 3213 2490 3266 coluerunt
2521 3211 2700 3285 (Rom.
2727 3213 2790 3282 t),
2821 3225 2874 3270 et
2899 3228 3306 3285 praeposuerunt
3331 3219 3605 3274 catholica:
3627 3219 3750 3276 Eoos

2147 3300 2326 3356 clesiae
2360 3303 2458 3372 piis
2489 3303 2824 3371 dogmatibus
2855 3306 3228 3364 haereticorum
3259 3310 3563 3366 seductiosa
3592 3325 3735 3365 con.

2147 3394 2393 3467 scriptaJ
2419 3406 2769 3466 properantes
2812 3400 3060 3455 omnibus
3111 3402 3286 3458 modis
3331 3413 3424 3459 aut
3471 3402 3754 3474 decipere~

2147 3485 2521 3557 simpliciores,
2561 3499 2652 3544 aut
2684 3491 2931 3560 persequi
2975 3507 3070 3549 eos
3113 3494 3203 3564 qui
3251 3496 3301 3550 in
3337 3496 3563 3552 Domino
3606 3511 3750 3567 νοτε,

2148 3588 2381 3633 manent.
2413 3577 2546 3647 Quid
2593 3579 2790 3653 [Quod]
2827 3581 2936 3650 jam
2983 3593 3035 3638 et
3070 3585 3122 3639 in
3173 3586 3352 3655 plures
3393 3586 3732 3644 orthodosos

2149 3673 2293 3729 viros
2323 3679 2528 3744 operati
2568 3686 2713 3742 sunt,
2742 3679 3093 3746 corporaliter
3123 3694 3214 3734 eos
3243 3679 3564 3747 allicientes,
3592 3697 3735 3752 quo-

2150 3766 2292 3820 niam
2332 3769 2561 3823 animam
2610 3778 2827 3837 captare
2877 3787 2983 3824 non
3027 3772 3326 3838 valuerunt,
3358 3773 3410 3827 in
3456 3783 3601 3843 petra
3632 3789 3734 3830 or-

2150 3859 2393 3914 thodoxze
2427 3860 2546 3913 ﬁdei
2579 3861 2794 3915 illorum
2842 3863 3036 3917 eollisi.
3072 3864 3302 3935 Ideoque
3354 3876 3572 3935 propter
3604 3881 3734 3934 pra-

2151 3968 2245 4005 vas
2274 3967 2458 4006 eorum
2490 3952 2922 4020 adinventiones,
2950 3966 3003 4010 et
3027 3959 3269 4023 praviora
3301 3960 3558 4014 novitatis
3583 3975 3735 4016 com-

2151 4053 2350 4108 menta,
2374 4053 2427 4098 et
2453 4044 2503 4098 in
2527 4045 2783 4098 interiora
2807 4047 3003 4114 cordis,
3029 4048 3177 4117 juxta
3203 4049 3414 4106 beatum
3437 4051 3734 4108 Jeremiam

2151 4131 2365 4207 (Irrem.
2392 4132 2500 4204 tv),
2544 4136 2848 4190 conturbati
2887 4139 3162 4194 catholicas
3207 4143 3593 4197 recordationis
3631 4157 3750 4197 νει-ι

2151 4234 2446 4282 tecessorcs
2476 4226 2643 4280 nostri
2684 4228 2992 4298 pontiﬁces,
3025 4243 3128 4285 non
3169 4230 3493 4288 destiterunt
3531 4233 3732 4289 admu-

2151 4333 2341 4378 nentes
2407 4339 2501 4380 eos
2555 4335 2612 4381 et
2670 4335 3038 4383 contestantes
3098 4331 3353 4386 recedere
3396 4345 3429 4384 ιι
3469 4345 3564 4385 sua
3621 4331 3733 4387 bu-

2146 4413 2379 4481 jusmodi
2421 4416 2634 4482 haeresi,
2663 4427 2719 4473 et
2761 4432 2944 4472 sanam
2990 4419 3286 4475 doctrinam
3325 4421 3597 4490 amplecti,
3629 4438 3726 4477 ne-

469 4507 655 4561 οίκείων
701 4511 1014 4582 γραμμάτων
1066 4513 1152 4565 οὐκ
1195 4512 1407 4573 ἐκείνους
1451 4513 1851 4588 προτρεπόμενοι
1895 4513 2043 4582 μόνον

2150 4509 2351 4576 quando
2381 4510 2637 4563 irascatur
2666 4509 2916 4566 Dominus
2957 4509 3127 4583 (Psal.
3152 4512 3234 4582 tt),
3261 4520 3318 4568 et
3363 4523 3582 4581 pereant
3610 4512 3740 4568 fun-

467 4593 831 4672 διορθῶσασθαι
860 4605 950 4659 τήν
972 4603 1156 4656 οἰκείαν
1181 4605 1394 4677 αἵρεσιν,
1419 4605 1540 4659 ἀλλά
1571 4609 1650 4659 καὶ
1679 4608 1812 4676 ἡμᾶς
1837 4607 2044 4670 αὐτούς,

465 4685 619 4758 ἤγουν
664 4689 751 4741 τόν
795 4691 1035 4766 ἡμέτερον
1075 4694 1404 4760 ἀποστολικόν,
1447 4697 1648 4770 θρόνον,
1681 4697 2045 4767 ἐπευχόμενοι,

468 4779 555 4831 καί
578 4786 964 4852 παρεγγνῶντες
1008 4778 1331 4840 διαναστῆναι
1359 4792 1644 4846 κανονικῶῗν
1677 4789 1760 4839 καὶ
1787 4791 1855 4858 μή
1887 4787 2049 4860 μέλῃ

468 4869 642 4929 τέλους
669 4877 929 4944 παρεᾶσαι
957 4876 1222 4947 νεμομένην
1245 4876 1292 4927 ἐν
1316 4878 1580 4936 τοσούτοις
1605 4877 1808 4947 χρόνοις
1837 4880 1931 4939 τάς
1956 4875 2049 4933 τού

467 4962 598 5012 Θεοῦ
627 4960 885 5021 καθολικάς
907 4961 1195 5024 Ἐκκλησίας
1215 4971 1306 5023 τήν
1326 4973 1424 5020 τῶν
1453 4963 1682 5020 ἐναντίων
1709 4971 2045 5039 καινοτομίαν.

465 5043 611 5100 Ὀθεν
641 5048 692 5100 ἐκ
718 5047 919 5104 πάντων
953 5049 1144 5122 σχεδὸν
1191 5055 1519 5124 ἀγαπητικῶς
1553 5056 2048 5125 ύπομιμνησκὸμενοι

465 5143 567 5191 τῶν
585 5139 768 5213 ἱερέων,
783 5143 873 5194 οὐκ
887 5139 1079 5197 ἔκλιναν
1100 5143 1156 5198 τό
1172 5140 1260 5198 οὖς
1276 5146 1438 5200 αὐτῶν
1458 5148 1659 5201 εἰσακοῦ
1669 5169 1760 5204 σαι
1780 5157 1870 5210 τῆς
1887 5156 2050 5221 φωνῆς

465 5236 568 5284 τῶν
610 5231 1036 5306 παρακαλούντων
1077 5236 1285 5298 αὐτούς,
1329 5234 1443 5291 οὔτε
1473 5240 1554 5292 τόν
1582 5239 1776 5309 αὐχένα
1815 5248 1904 5300 τῆς
1934 5262 2052 5316 nap-

467 5317 580 5379 δίας
613 5323 776 5376 αὐτῶν
817 5324 1070 5393 ἰμαλαξαν
1113 5329 1182 5385 εἰς
1225 5329 1283 5381 τὸ
1332 5328 1637 5404 ἐπιστρέψαι
1681 5333 1810 5404 πρὸς
1841 5333 2046 5406 Κύριον.

466 5408 590 5464 Ἀλλ’
615 5409 742 5488 ὅπερ
780 5419 900 5486 φησί
940 5419 1060 5490 περί
1096 5423 1193 5472 τῶν
1235 5417 1623 5475 ἀπειθούντωνό
1663 5418 1871 5493 κύριος,
1902 5429 2050 5476 τοῦτο

466 5504 551 5555 καί.
573 5503 653 5556 ἐπὶ
679 5507 876 5567 τούτοις
907 5508 1187 5580 γεγένηται.
1241 5513 1382 5581 Λέγει
1407 5513 1507 5585 γάρ
1537 5510 1622 5569 διὰ
1650 5521 1739 5568 τοῦ
1768 5521 2049 5590 προφήτου”

462 5587 577 5647 Ὀτι
599 5594 925 5657 ἰξαπὲστειλα
952 5601 1086 5673 πρὸς
1117 5599 1309 5660 αὐτούς
1349 5600 1548 5664 πάντας
1570 5607 1688 5664 τούς
1711 5601 1926 5666 δούλους
1951 5628 2051 5677 μου

468 5686 584 5743 τούς
624 5693 882 5760 προφήτας
923 5691 1115 5766 ἡμέρας
1164 5694 1250 5745 καί
1297 5689 1517 5769 ὄρθρου,
1546 5699 1628 5748 καί
1666 5698 1942 5753 ἀπέστειλα
1969 5701 2050 5753 καί

469 5774 560 5828 οὐκ
587 5780 888 5838 εἰσήκουσάν
913 5801 1029 5848 μον,
1064 5785 1149 5836 xxi
1173 5785 1228 5837 ού
1255 5785 1526 5857 προσέσχε
1555 5787 1611 5842 τό
1641 5783 1727 5848 οὖς
1751 5791 1938 5853 αὐτῶν,
1969 5794 2050 5845 καί

2150 4598 2288 4673 ditus
2316 4598 2384 4654 de
2431 4600 2517 4653 via
2549 4600 2842 4668 justomm,
2878 4604 2978 4657 hoc
3007 4612 3111 4668 est.
3143 4605 3228 4673 pia
3271 4613 3580 4660 sanctorum
3622 4607 3732 4662 Pa-

2152 4671 2288 4742 trum
2331 4688 2684 4746 confessione.
2715 4691 2826 4746 lloc
2853 4701 3030 4748 autem
3072 4671 3468 4752 consultissime
3499 4713 3604 4751 non
3633 4711 3734 4754 so-

2151 4781 2258 4834 lum
2301 4781 2398 4849 ipsi
2441 4779 2685 4837 ell'ecisse
2723 4791 3036 4852 noscuntur,
3064 4785 3160 4840 sed
3200 4794 3256 4841 et
3280 4787 3372 4842 alii
3421 4788 3603 4857 plures
3632 4788 3726 4844 di-

2150 4886 2329 4925 vorsas
2359 4872 2660 4941 provincias
2685 4872 2991 4930 habitantes
3012 4877 3440 4933 reverendissimi
3464 4879 3733 4951 episcopi,

2149 4969 2204 5016 ct
2247 4962 2417 5030 majus
2461 4971 2544 5016 est
2589 4963 2794 5030 dicere,
2837 4966 3217 5035 generalitates
3257 4970 3584 5040 synodorum
3631 4986 3738 5042 per

2150 5068 2245 5107 sua
2271 5053 2466 5122 scripta
2495 5068 2600 5108 non
2629 5054 2802 5108 solum
2833 5057 3116 5114 invitantes
3141 5060 3430 5117 emendare
3457 5063 3744 5133 propriam

2151 5146 2418 5205 haeresim.
2448 5148 2540 5200 sed
2572 5157 2625 5201 et
2669 5165 2764 5201 nus
2809 5149 2970 5216 ipsos,
3001 5151 3051 5204 id
3093 5161 3196 5218 est,
3225 5154 3571 5221 apostolicam
3619 5169 3726 5210 no-

2151 5249 2315 5291 stram
2363 5238 2545 5292 sedent
2594 5239 2973 5308 conjurantes,
3025 5249 3079 5296 et
3122 5253 3481 5312 protestantes
3519 5245 3736 5315 erigere

2150 5328 2439 5383 secundum
2474 5330 2774 5399 regularem
2804 5333 3198 5400 auctoritatem,
3229 5345 3282 5391 et
3323 5353 3428 5392 non
3459 5352 3628 5408 usque
3658 5339 3728 5399 ad

2153 5416 2311 5473 tinem
2347 5434 2439 5488 per
2477 5429 2552 5472 tot
2583 5428 2822 5488 tempora
2863 5423 3171 5491 permittere
3206 5428 3599 5483 contrariorum
3632 5445 3730 5484 no-

2152 5515 2370 5569 vitatetn
2421 5523 2636 5567 sanctas
2684 5513 2774 5569 Dei
2827 5516 3121 5572 catholicas
3167 5520 3382 5587 depasci
3434 5521 3727 5578 Ecclesias.

2152 5603 2380 5674 Ideoque
2408 5620 2474 5659 es
2504 5606 2752 5660 "niuibus
2799 5620 2935 5674 pene
2981 5609 3351 5666 sacerdotibus
3389 5625 3510 5667 cum
3541 5611 3728 5668 chari»

2155 5707 2262 5754 tate
2303 5697 2589 5764 admoniti,
2631 5714 2735 5754 non
2787 5699 3180 5758 inclinaverunt
3224 5720 3408 5759 aurem
3463 5720 3614 5759 suam
3660 5707 3729 5762 ad

2153 5787 2467 5845 audiendam
2516 5803 2700 5846 vocem
2751 5792 3130 5861 postulantium
3173 5809 3288 5864 eos,
3335 5811 3509 5868 neque
3546 5797 3728 5858 cordis
