4002 6350
556 376 656 431 ΙΞἹ

1735 375 1975 431 SANCTI
2014 370 2298 428 MARTINI
2342 373 2541 429 PAPzE
2582 374 2597 429 Ι

3717 376 3824 433 H8

550 491 625 549 Ού
655 494 830 569 χάριν,
850 494 917 553 ὡς
944 489 1162 568 ε”ρηταε,
1189 494 1269 545 καί
1289 491 1430 560 ἡμεῖς
1460 490 1587 545 κατά
1608 495 1695 548 τήν
1723 488 2004 564 ἀδιαίρετον
2026 510 2125 542 κοι-

2235 500 2352 541 sum
2404 489 2512 542 Deo
2558 486 2845 542 amabilem
2907 489 3349 559 conventionem,
3400 488 3821 557 destruxernnt,

550 588 725 641 νωνίαν
754 592 844 639 τοῦ
866 588 1147 653 πνεύματος
1174 581 1256 637 ἰπὶ
1285 584 1343 637 τό
1364 583 1484 637 αὒτό
1513 580 1845 643 συνελθόντες,
1868 578 2127 635 ἕσπουὸάο

554 697 712 746 σαμεν
739 675 820 735 die}
844 676 1074 750 πράξεως
1097 675 1473 745 ὑπομνημάτων
1496 673 1788 745 παράλληλα
1807 674 1979 726 θέσθαι
1997 676 2130 728 κατὰ

554 765 819 825 διαστολὴν
848 770 1046 841 εὐκρινῆ
1064 809 1078 833 ,
1113 767 1234 821 τμῗτε
1264 773 1361 821 τῶν
1399 766 1554 836 ἁγίων
1590 773 1791 839 Πατρῶν
1827 769 1909 817 καί
1936 771 2034 817 τῶν
2058 769 2131 819 oi-

556 866 858 928 κουμενικῶν
885 861 1029 914 πέντε
1056 857 1277 913 συνόδων
1308 859 1416 933 ίερά
1446 859 1792 929 θεσπίσματα,
1820 861 1902 912 καί
1926 862 1991 913 τὰ
2018 858 2132 932 δόγ-

554 971 696 1019 ματα
725 957 821 1005 τῶν
859 951 1089 1008 ἀπίστων
1126 951 1405 1022 αίρετικῶν,
1432 958 1532 1003 τῶν
1564 970 1618 1003 τε
1648 950 1877 1005 παλαιῶν
1916 953 1994 1003 καί
2031 958 2131 1005 τῶν

554 1046 642 1095 νῦν
668 1042 983 1112 ἁναφυέντων
1007 1042 1135 1097 κατὰ
1160 1048 1249 1100 τῆς
1281 1043 1491 1099 πίστεως
1516 1042 1642 1109 μετὰ
1670 1048 1759 1100 τῆς
1788 1042 2009 1101 ἀσεϐοῦς
2036 1044 2130 1094 αύ-

553 1140 655 1188 τῶν
684 1134 941 1195 ἐκθέσεως,
966 1135 1048 1186 καὶ
1075 1140 1165 1187 τοῦ
1196 1132 1536 1206 ἀσεϐεστέρου
1568 1134 1760 1197 τύπου,
1788 1135 1917 1207 πρὸς
1947 1134 2002 1187 τὸ
2032 1131 2137 1187 δεῖ-

552 1225 632 1291 ξαι
672 1231 806 1280 πᾶσι
831 1234 937 1287 τοῖς
965 1226 1339 1296 ἐντυγχάνουσι
1357 1230 1449 1283 τήν
1484 1223 1725 1298 διαφορὰν
1746 1232 1835 1280 τοῦ
1868 1226 2025 1294 φωτός
2055 1230 2137 1281 καί

553 1324 644 1373 τοῦ
669 1319 905 1381 σκότους,
926 1318 1080 1387 ἤγουν
1104 1326 1194 1381 τῆς
1214 1326 1461 1389 πατρικῆς
1484 1318 1715 1378 ἀληθείας
1738 1320 1819 1371 καί
1842 1326 1932 1377 τῆς
1957 1319 2137 1391 αἰρετιο

554 1420 645 1471 κῆς
684 1408 991 1479 κακοδοξίας,
1018 1412 1099 1464 καί
1128 1412 1194 1469 ὡς
1225 1407 1434 1479 οὐδεμία
1480 1412 1703 1463 κοινωνία
1732 1417 1836 1470 τοῖς
1862 1411 2136 1483 αἱρετικοῖς

553 1501 809 1577 ὑπάρχει,
848 1504 973 1576 πρὸς
1028 1504 1148 1560 τοὺς
1195 1500 1370 1571 ἁγίους
1420 1503 1679 1577 Πατίρας,
1711 1502 1835 1557 ἀλλά
1883 1502 1990 1557 καθ’
2015 1502 2136 1557 ὅσον

552 1593 839 1663 ἀπέχουσιν
866 1593 1122 1648 ’Λνκτολαὶ
1150 1596 1249 1648 ἀπὸ
1278 1601 1494 1664 Δυσμῶν
1520 1633 1534 1657 ,
1562 1602 1803 1648 τοσοῦτον
1845 1597 2136 1665 ἀπέχουσιν

551 1684 600 1738 οἵ
623 1685 829 1744 ἀσεϐεῖς
870 1684 1108 1758 αἱρετικοί
1149 1686 1275 1755 λόγος)
1314 1706 1365 1739 τε
1404 1689 1490 1739 καί
1532 1684 1727 1760 διανοίᾳ
1755 1694 1853 1740 τῶν
1893 1688 2137 1758 θεολόγων

551 1772 759 1851 ἀνδρῶν.
790 1772 936 1829 Ὅθεν
970 1779 1092 1835 τοὺς
1132 1777 1222 1845 μὲν
1262 1774 1433 1845 ἁγίους
1466 1777 1687 1849 Πατέοιας
1723 1775 1987 1849 ὁριστικῶς
2016 1778 2132 1830 ἐκυ-

2234 576 2500 643 ba-rr-sim,
2534 588 2590 634 et
2632 594 2816 633 omnes
2865 580 3141 635 haereticos
3171 594 3453 648 superasse
3485 592 3816 651 noscuntur,

2231 670 2518 736 eripientes
2562 672 2627 724 de
2668 686 2850 727 errore
2889 686 3075 726 eorum
3119 672 3445 726 catholicam
3485 671 3814 727 Ecclesiam.

2232 758 2363 824 Quae
2393 760 2535 813 enim
2567 776 2634 815 ex
2665 775 2816 816 sacra
2862 764 3241 828 concursione,
3285 766 3387 818 hoc
3429 772 3533 829 est,
3584 764 3820 833 spiritali

2232 852 2580 905 consonantia
2612 862 2917 907 sanctorum
2974 855 3185 909 Patru'n
3238 866 3629 924 exsequuntur,
3676 853 3822 908 vali-

2235 943 2435 998 diorem
2468 945 2662 999 habent
2685 956 2868 1000 contra
2894 946 3229 1002 adversarios
3258 956 3311 1002 et
3339 948 3822 1016 inexpugnabilem

2234 1033 2500 1088 virtutem.
2534 1034 2599 1089 In
2643 1052 2731 1090 ore
2766 1038 2921 1101 enim,
2953 1036 3148 1107 inquit,
3176 1037 3395 1091 duorum
3436 1036 3510 1091 vel
3541 1040 3697 1090 trium
3732 1048 3821 1092 tc-

2235 1128 2386 1180 stium
2421 1127 2575 1179 stabit
2602 1144 2749 1181 omne
2780 1130 2984 1181 verbum
3035 1128 3223 1197 (Dent.
3256 1145 3373 1194 xtx;
3411 1128 3599 1182 Matth.
3632 1128 3825 1200 xvttt);

2235 1226 2289 1273 et
2322 1234 2336 1271 :
2371 1214 2653 1270 Fttniculus
2696 1218 2881 1287 triplex
2928 1218 3133 1287 difﬁcile
3175 1220 3441 1285 rumpitur
3486 1218 3670 1288 (Eccl.
3707 1220 3823 1289 tv);

2236 1319 2289 1362 et
2323 1328 2334 1362 :
2370 1308 2554 1364 Frater
2580 1313 2666 1381 qui
2695 1315 2977 1385 adjuvetur
3006 1332 3038 1368 a
3068 1316 3245 1384 fratre,
3283 1319 3433 1385 quasi
3463 1317 3638 1371 civitas
3667 1317 3829 1385 ﬁrma

2240 1399 2508 1468 (Proverb.
2538 1404 2723 1471 xvut);
2767 1405 3075 1472 praevalebit
3113 1416 3292 1461 autem
3341 1407 3495 1460 sicuti
3544 1406 3829 1461 fundatum

2238 1490 2547 1559 imperium.
2578 1492 2866 1561 Pr0pterea
2902 1505 2956 1550 et
2993 1511 3111 1565 nos,
3143 1506 3201 1551 ut
3238 1497 3443 1551 dictum
3488 1508 3591 1563 est,
3622 1514 3831 1553 secun-

2238 1581 2361 1634 dum
2408 1582 2688 1637 indivisam
2734 1587 3170 1642 communionem
3216 1589 3439 1657 spiritus
3489 1590 3540 1643 in
3590 1592 3829 1657 idipsum

2237 1674 2649 1739 convenientes,
2703 1678 3104 1745 properavimus
3152 1694 3248 1748 per
3292 1690 3563 1747 gestorum
3617 1682 3825 1736 seriem

2236 1768 2689 1831 comparationem
2721 1768 3020 1823 adinvicem
3054 1786 3148 1840 per
3188 1772 3588 1828 distinctionem
3618 1774 3835 1829 discre-

550 1868 813 1943 ρὼσαμεν,
836 1868 965 1935 μετά
986 1867 1186 1919 πάντων
1207 1872 1305 1918 τῶν
1331 1866 1471 1937 ἱερῶν
1493 1867 1656 1920 αὐτῶν
1677 1869 2026 1938 κηρυγμάτων,
2052 1872 2133 1921 καί

2243 1867 2346 1912 tatn
2379 1857 2612 1925 allicere,
2640 1869 2747 1913 tam
2778 1872 3082 1918 sanctorum
3113 1864 3329 1920 Patrum
3361 1877 3415 1921 et
3441 1869 3833 1923 universallum

551 1962 751 2013 πάντων
803 1965 900 2011 τῶν
951 1962 1043 2011 σύν
1092 1961 1207 2025 ἡμῖν
1256 1958 1527 2033 εἰλικρινῶς
1574 1960 1757 2019 αύτούς
1785 1981 1838 2013 τε
1871 1965 1953 2015 καί
2001 1964 2138 2017 αὐτὰ

549 2048 992 2125 προσδεχομένων.
1038 2054 1171 2111 Tm);
1200 2050 1253 2105 δὲ
1284 2049 1553 2109 δυσσεϐεῖς
1584 2051 1865 2124 αίρετικούς
1894 2054 2133 2121 ἀνεθεμα-

548 2142 764 2209 τίσαμεν
791 2140 919 2209 μετά
946 2139 1149 2195 πάντων
1189 2149 1287 2197 τῶν
1316 2142 1539 2212 βεϐήλων
1570 2145 1737 2197 αὐτῶν
1763 2140 2029 2213 δογμάτων
2057 2148 2137 2199 καί

547 2237 639 2288 τῆς
684 2228 900 2290 ἀσεϐοῦς
936 2230 1178 2292 ἐκθέσεως
1206 2236 1288 2286 καί
1318 2237 1406 2285 τοῦ
1440 2232 1781 2303 ἀσεϐεστέρου
1827 2234 1995 2289 τύπου
2015 2275 2028 2297 ,
2060 2241 2137 2291 καί

548 2326 750 2376 πάντων
791 2330 889 2377 τῶν
919 2326 1118 2383 τούτοις
1161 2323 1257 2381 εἴτε
1303 2334 1402 2379 τῶν
1445 2326 1566 2396 παρ’
1583 2328 1745 2379 αὐτῶν
1780 2326 2076 2383 ἐκδοθέντων
2106 2332 2135 2390 ἧ

547 2412 897 2487 ἀκροωμένων,
921 2413 949 2473 ἦ
974 2413 1371 2481 διεκδικούντων,
1408 2416 1437 2475 ή
1469 2417 2017 2493 ύπεραπολογουμένων
2046 2425 2136 2475 αύ-

546 2511 668 2569 τῶν,
698 2507 777 2560 ἵνα
815 2510 897 2562 καί
926 2509 1070 2576 ὑμεῖς
1093 2509 1281 2568 πάντες
1311 2510 1355 2561 οί
1396 2512 1525 2565 κατά
1567 2516 1740 2565 πᾶσαν
1774 2522 2136 2587 παροικοῦντες

546 2599 638 2654 τήν
667 2600 957 2668 οἰκουμένην
999 2599 1226 2659 εὐσεϐεῖς
1256 2603 1337 2653 καί
1368 2600 1640 2672 όρθόδοξοι,
1667 2610 1832 2657 ταῦτα
1861 2605 1977 2677 παρ’
1998 2608 2135 2673 ήμῶν

546 2689 771 2749 εὐσεϐῶς
825 2692 1126 2763 πραχθέντα
1171 2695 1521 2762 γινώσκοντες,
1576 2696 1646 2754 εἰς
1702 2697 1978 2768 ἀσφάλςιαν
2042 2708 2133 2758 τῆς

545 2780 804 2845 καθολικῆς
829 2781 1123 2842 Ἐκκλησίας
1152 2786 1431 2855 συμφώνως
1468 2788 1583 2855 ἡμῖν
1610 2790 1675 2841 τά
1706 2787 1859 2858 ὅμοια
1886 2792 2129 2862 πράξητε,

544 2874 625 2926 καί
648 2876 911 2947 κυρὼσητε
937 2878 1026 2944 μὲν
1051 2876 1244 2935 πάντας
1266 2878 1381 2936 τούς
1404 2876 1579 2946 ἁγίους
1604 2881 1847 2953 Πατέρας,
1872 2882 2132 2953 ἐγγράφως

544 2970 897 3025 σννσινοῦντες
923 2967 1097 3026 αὐτοῖς
1117 2987 1170 3021 τε
1196 2971 1277 3019 κκί
1302 2970 1415 3040 ἡμῖν
1437 2972 1508 3028 εἰς
1531 2976 1618 3027 τήν
1646 2968 1907 3039 ὀρθόδοξον
1932 2976 2127 3038 πίστιν,

546 3054 944 3124 ἀναθεματίσητε
976 3054 1028 3111 δὲ
1055 3062 1137 3112 καί
1164 3057 1363 3119 πάντας
1406 3062 1525 3119 τούς
1558 3062 1847 3135 αἱρετικους
1877 3065 1998 3121 τούς
2029 3066 2132 3118 πά-

543 3140 627 3195 λαι
654 3145 735 3197 καί
771 3149 881 3210 νῦν,
914 3146 1072 3203 αὐτήν
1096 3151 1186 3204 τήν
1214 3146 1497 3219 ἀγιωτάτην
1530 3151 1665 3217 ἡμῶν
1702 3154 1877 3205 πίστιν
1912 3152 2130 3213 ἀναιδῶς
2159 3185 2203 3249 c

614 3234 631 3249 .
725 3240 734 3249 .
1093 3241 1102 3249 .
1181 3247 1197 3249 _
1268 3241 1278 3249 .
1362 3240 1383 3249 -
1422 3246 1440 3249 μ
1508 3241 1519 3249 .
1558 3242 1601 3249 -.
1855 3245 1863 3249 -
2023 3246 2032 3249 -

544 3234 948 3308 πολεμήσαντας,
981 3241 1111 3308 μετά
1138 3247 1228 3299 τῆς
1256 3240 1473 3301 ἀσεϐοῦς
1501 3241 1757 3307 ἐκθέσεως,
1784 3245 1866 3295 καί
1893 3250 1979 3296 τοῦ
2013 3246 2133 3299 ἀσε-

549 3325 793 3401 ϐεστίρου
824 3330 1012 3390 τύπου,
1051 3332 1137 3383 καί
1164 3337 1262 3384 τῶν
1292 3332 1513 3395 τούτοις,
1543 3331 1653 3389 ήτοι
1683 3341 1784 3386 τῶν
1816 3335 2021 3393 ἀτόπως
2047 3337 2132 3388 ὲκ-

542 3421 779 3474 τεθέντων
823 3419 940 3493 παρ’
958 3423 1125 3477 αὐτῶν
1162 3420 1618 3497 προσδεχομένων,
1653 3426 1732 3477 ἵνα
1761 3427 1954 3500 καρπὸν
1991 3428 2137 3481 εύσεο

544 3512 666 3573 ϐοῦς
704 3512 989 3585 ὁμολογίας,
1018 3520 1109 3574 τήν
1151 3522 1249 3570 τῶν
1296 3518 1484 3570 οἰκείων
1525 3517 1926 3591 κληρονομήσητε
1966 3542 2136 3578 σωτη-

543 3608 675 3677 ρίαν.
714 3608 802 3659 Διά
830 3613 983 3660 τοῦτο
1029 3609 1129 3681 γὰρ
1171 3608 1235 3662 τὰ
1264 3609 1543 3683 παρ’ἡμῶν
1584 3609 1715 3683 ύπὲρ
1756 3618 1845 3671 Ini;
1873 3611 2133 3670 καθολικῆς

542 3692 837 3755 Ἐκκλησίας
861 3694 1137 3756 συνοδικῶς
1171 3699 1494 3773 πραχθέντα.
1529 3704 1805 3768 πανταχοῦ
1835 3707 1942 3758 τοῖς
1971 3706 2133 3753 πᾶσιν

543 3786 855 3854 ὶστείλαμεν,
878 3789 962 3846 ἶνα
983 3790 1150 3844 τὸτοῦ
1179 3794 1371 3843 σκοποῦ
1404 3789 1515 3859 πλη⁵
1540 3792 1766 3847 ὡσαντες
1796 3787 1962 3862 ἔργον,
1990 3794 2132 3861 ἡμεῖς

543 3878 638 3948 μὶν
678 3877 887 3941 ἑαυτοὺς
928 3880 1228 3937 ἀνευθύνους
1272 3875 1419 3938 ὄντας
1451 3883 1771 3954 γνωρίσωμεν
1807 3882 2013 3934 ἐνώπιον
2042 3887 2130 3934 τοῦ

542 3976 694 4033 Θεοῦ,
727 3972 809 4027 καί
837 3978 934 4024 τῶν
964 3971 1201 4025 ἐκλεκτῶν
1246 3972 1467 4042 ἀγγέλων
1488 4011 1501 4027 .
1536 3970 1610 4041 ἐφ’
1632 3971 1696 4024 ὧν
1719 3973 1804 4026 ὑπ’
1827 3975 1986 4027 αὐτοῦ
2027 3994 2132 4048 κρι-

542 4061 798 4132 θησόμεθα
824 4106 836 4128 ,
868 4063 998 4131 μετά
1022 4070 1121 4118 τῶν
1164 4069 1331 4120 ταῦτα
1372 4064 1493 4137 παρ’
1518 4066 1654 4133 ήμῶν
1683 4063 1972 4138 δεχομένων
2001 4070 2131 4121 κατά

543 4159 635 4213 τήν
655 4156 812 4211 αὐτοῦ
834 4156 1049 4230 φοϐεράν
1070 4157 1375 4228 ἐπιφάνειαν.
1405 4159 1809 4231 ἀναπολογήτους
1839 4157 1892 4213 δὲ
1918 4163 2038 4220 τοὺς
2059 4166 2130 4231 μή

543 4249 869 4317 πειθομένους
888 4247 1247 4320 ἀποδείξωμεν,
1272 4252 1339 4310 ὡς
1365 4249 1595 4323 οὐδεμίαν
1625 4250 1843 4322 ἔχοντας
1873 4251 2129 4325 πρόφασιν

544 4342 665 4416 περὶ
692 4347 782 4399 τῆς
809 4340 997 4397 ἑαυτῶν
1027 4342 1274 4402 ἀπιστίας
1308 4344 1437 4413 μετά
1470 4347 1561 4401 τήν
1582 4346 1865 4420 φανέρωσιν
1893 4354 1981 4405 τῆς
2012 4347 2131 4405 ἀλη-

544 4432 702 4494 θείας.
721 4433 865 4507 Λέγει
883 4434 980 4509 γάρ
1002 4432 1028 4489 ὁ
1050 4435 1251 4508 κύριος’
1266 4436 1322 4487 Ei
1338 4439 1407 4505 μή
1431 4431 1570 4493 ἦλθον
1593 4439 1673 4489 καί
1694 4436 1913 4495 ἐλάλησα
1933 4439 2127 4507 αὐτοῖς,

2242 1950 2476 2019 quinque
2524 1952 2851 2021 synodorutn
2896 1970 3080 2009 sacras
3128 1959 3605 2028 promulgationes.
3640 1971 3693 2014 et
3727 1959 3831 2014 do-

2241 2055 2415 2111 gmata
2480 2042 2770 2099 inﬁdelium
2836 2046 3248 2115 ltzereticorttm,
3297 2059 3402 2105 tant
3459 2053 3828 2117 anteriorum,

2239 2148 2507 2201 quantque
2538 2151 2679 2191 nunc
2709 2141 3100 2209 emergentium
3132 2148 3321 2196 contra
3357 2143 3536 2206 tidem,
3570 2158 3691 2196 cum
3727 2145 3834 2197 iut-

2240 2225 2322 2292 pia
2354 2239 2538 2279 eorum
2582 2228 2809 2296 eetltcsi,
2847 2245 3059 2285 necnon
3093 2233 3415 2302 itnpiissitno
3460 2244 3607 2304 typo,
3645 2236 3834 2301 prole-

2239 2328 2437 2387 retttes,
2470 2329 2527 2374 ut
2574 2324 2823 2378 omnibus
2852 2326 3199 2381 ostendamus
3253 2329 3612 2398 relegentibus
3656 2329 3833 2384 σηιε-

2238 2413 2465 2467 rentiam
2506 2414 2722 2469 luminis
2766 2427 2821 2471 et
2870 2408 3232 2482 tenebFarum,
3264 2422 3364 2475 hoc
3393 2432 3493 2485 eat,
3528 2425 3687 2477 clara:
3720 2424 3830 2476 Pa-

2240 2511 2378 2555 trum
2411 2504 2693 2572 doctrinae,
2726 2518 2778 2562 et
2810 2511 3115 2566 trmttlentat
3156 2515 3532 2569 haereticorum
3562 2518 3830 2581 vesania,

2237 2604 2286 2648 et
2317 2594 2436 2661 quia
2470 2598 2609 2647 nulla
2637 2600 2940 2654 communia
2976 2601 3243 2659 ltmrcticis
3270 2606 3507 2659 existunt
3537 2622 3657 2660 cum
3690 2623 3822 2661 san-

2236 2686 2336 2737 ctis
2370 2686 2627 2753 Patriltus,
2658 2692 2751 2743 sed
2784 2706 3036 2759 quantum
3068 2697 3230 2750 distat
3255 2697 3450 2753 Oriens
3480 2700 3547 2751 ab
3577 2701 3817 2766 Occasu,

2239 2786 2553 2848 tantumque
2610 2783 2813 2837 distant
2866 2786 3012 2855 itnpii
3065 2788 3299 2843 ltreretici
3336 2791 3497 2845 verbo
3528 2801 3582 2845 et
3639 2804 3830 2848 ntetttc

2236 2881 2265 2921 a
2317 2868 2423 2923 Deo
2473 2871 2744 2937 inSpiratis
2797 2874 2942 2929 viris.
2997 2877 3277 2944 Propterea
3330 2890 3545 2934 sanctos
3592 2883 3819 2949 quidem

2236 2958 2421 3013 Patres
2471 2965 2867 3018 sentcntialiter
2910 2968 3349 3023 conﬁrmavimus
3396 2984 3519 3024 cum
3568 2973 3829 3027 omnibus

2237 3053 2408 3105 sacris
2460 3056 2933 3122 prmdieationibus
2982 3076 3190 3128 eorum,
3226 3078 3323 3117 nec
3356 3079 3458 3118 non
3490 3066 3569 3119 eis
3597 3067 3685 3133 qui
3721 3081 3831 3119 no-

2236 3140 2439 3195 biseum
2480 3143 2689 3200 sincere
2720 3147 2865 3215 ipsos
2910 3158 2963 3203 et
2993 3151 3207 3206 easdem
3261 3154 3580 3222 suscipiunt.
3624 3156 3836 3223 Itnpios

2237 3242 2416 3287 autent
2467 3234 2771 3302 htereticos,
2799 3253 2919 3293 cum
2949 3242 3198 3296 omnibus
3239 3244 3570 3311 pravissimis
3602 3247 3839 3315 dogma-

2239 3320 2378 3373 tibus
2421 3335 2631 3387 eorum,
2662 3332 2715 3377 et
2756 3324 2975 3394 impiam
3019 3328 3257 3383 cetltesin
3308 3331 3389 3385 vel
3440 3331 3831 3399 impiissimum

2237 3424 2439 3485 typum,
2469 3424 2524 3471 et
2552 3431 2739 3473 omnes
2777 3420 2866 3490 qni
2913 3435 3006 3475 eos
3047 3422 3129 3476 vel
3162 3423 3447 3492 quidquam
3480 3424 3548 3479 de
3594 3425 3676 3480 his
3702 3441 3835 3495 qua:

2234 3512 2477 3579 exposita
2522 3522 2649 3566 sunt
2690 3514 2741 3567 in
2776 3514 2875 3580 eis,
2909 3516 3209 3583 suscipiunt
3248 3526 3340 3571 aut
3370 3518 3690 3587 defendunt,
3727 3535 3835 3575 seu

2238 3605 2397 3657 verba
2434 3620 2528 3672 pro
2558 3607 2635 3660 eis
2663 3605 2865 3661 faciunt
2890 3607 2940 3662 in
2974 3610 3197 3677 scripto,
3228 3611 3829 3677 anathematizavimus,

2236 3705 2291 3747 ut
2328 3704 2383 3751 et
2414 3710 2508 3749 vos
2539 3710 2752 3763 omnes,
2787 3698 2876 3767 qui
2925 3712 3018 3767 per
3044 3714 3263 3753 omnrm
3308 3710 3566 3755 terrarum
3613 3701 3835 3755 inhabi—

2235 3798 2346 3843 tare
2369 3790 2654 3845 noscimini
2686 3793 2757 3860 pii
2782 3802 2837 3847 et
2861 3794 3170 3858 orthodoxi,
3198 3794 3313 3850 haec
3340 3797 3420 3864 pie
3441 3811 3469 3848 a
3495 3796 3646 3850 nobis
3670 3806 3829 3865 gesta

2233 3892 2619 3951 cognoscentes
2652 3900 2746 3951 pro
2780 3885 3007 3940 tuitione
3049 3888 3325 3941 catholicas
3375 3887 3653 3951 Ecclesize,
3683 3902 3830 3942 eon-

2232 3982 2488 4027 snnanter
2519 3973 2794 4028 nobiscum
2847 3975 3045 4030 similia
3090 3977 3487 4044 exsequamini,
3527 3987 3580 4032 et
3627 3992 3832 4033 omnes

2232 4064 2446 4131 quidem
2474 4074 2693 4120 sanctos
2726 4066 2908 4121 Patres
2934 4068 3260 4124 conlirmctis
3290 4070 3341 4124 in
3373 4070 3593 4139 scripto,
3618 4085 3827 4124 conso-

2233 4169 2421 4210 nantes
2452 4156 2556 4211 illis
2588 4156 2848 4227 nohisque
2877 4158 2930 4213 itt
2962 4161 3254 4215 orthodoxa
3288 4161 3423 4227 lide;
3457 4162 3829 4216 anathemati-

2232 4246 2361 4301 zetis
2392 4258 2570 4304 autem
2603 4264 2792 4306 omnes
2833 4249 3116 4307 ltzereticos
3151 4252 3241 4321 qui
3270 4253 3653 4322 prtesumptive
3684 4252 3834 4309 hanc

2231 4341 2354 4393 olim
2379 4350 2431 4395 et
2458 4357 2599 4397 nunc
2623 4354 3082 4413 expugnaverunt,
3115 4361 3216 4399 una
3246 4361 3367 4399 cum
3409 4348 3679 4401 scelerosa
3723 4362 3829 4402 ec—

2232 4434 2365 4487 thesi
2396 4444 2449 4489 et
2473 4436 2784 4504 itnpiissimo
2811 4447 2958 4508 typo,
2983 4437 3075 4492 sed
3103 4449 3155 4493 et
3190 4440 3418 4507 quieos,
3444 4448 3537 4494 aut
3563 4440 3826 4509 quiddam

542 4528 797 4603 ἁμαρτίαν
838 4531 930 4585 οὐκ
970 4527 1134 4602 εἶχον*
1166 4538 1255 4586 νῦν
1283 4528 1335 4585 δέ
1363 4530 1617 4604 πρόφασιν
1654 4533 1739 4585 οὐκ
1778 4530 1973 4603 ἔχουσι
2012 4538 2130 4609 περὶ

2235 4526 2298 4577 de
2331 4526 2410 4579 liis
2443 4542 2559 4593 quat
2588 4527 2653 4581 ab
2698 4528 2776 4582 eis
2822 4529 3080 4598 implicite
3121 4530 3359 4601 exposita
3391 4540 3534 4597 sunt,
3563 4545 3832 4599 suscepe-

542 4635 634 4688 τῆς
665 4627 923 4703 ἁμαρτίας
948 4629 1136 4682 αὐτῶν.
1168 4628 1251 4681 καί
1279 4625 1304 4681 ὁ
1326 4625 1627 4687 ’Δπόστολος
1649 4623 1776 4682 εἷπε·
1803 4636 2127 4700 ιὶατανοῶμιν

545 4718 786 4780 ἀλλήλους
826 4720 896 4779 είς
939 4718 1266 4794 παροξυσμὸν
1302 4720 1506 4792 ἀγάπης
1536 4721 1618 4773 καί
1646 4720 1804 4773 καλῶν
1837 4717 2028 4794 ἔργων,
2061 4726 2131 4789 μή

547 4809 961 4881 ἐγκαταλιπόντες
984 4814 1073 4868 τήν
1102 4812 1483 4881 ἒπισυναγωγήν
1510 4810 1704 4864 ἑαυτῶν
1729 4810 1895 4869 καθὼς
1923 4808 2033 4869 ἔθος
2064 4831 2133 4863 τι·

551 4903 655 4966 σίν,
670 4900 791 4954 ἀλλὰ
804 4902 1208 4976 παρακαλοῦντες
1224 4906 1307 4957 καί
1323 4910 1567 4958 τοσοῦτον
1583 4903 1788 4973 μᾶλλον,
1807 4900 1926 4957 ὅσον
1942 4904 2130 4974 βλέπο-

546 5012 636 5063 μεν
660 4992 952 5065 ἐγγίζουσαν
974 4998 1063 5051 τήν
1085 4995 1293 5067 ἡμέραν.
1320 4998 1588 5054 Ἑκουσίως
1608 4997 1709 5067 γάρ
1738 4995 2131 5068 ἁμαρτανόντων

547 5085 708 5154 ήμῶν,
739 5086 869 5154 μετὰ
894 5086 951 5138 τό
970 5085 1142 5139 λαϐεῖν
1168 5091 1257 5144 τήν
1282 5087 1551 5156 ἐπίγνωσιν
1579 5096 1671 5146 τῆς
1695 5089 1943 5151 ἀληθείας,
1962 5089 2133 5142 οὗκέτι

546 5182 666 5253 περί
693 5177 947 5256 ἁμαρτιῶν
975 5179 1302 5235 ἀπολείπεται
1338 5181 1509 5234 θυσία·
1544 5180 1735 5253 φοϐερά
1758 5178 1811 5234 δέ
1836 5201 1913 5238 τις
1940 5179 2130 5250 ἐκδοχή

547 5274 782 5346 κρίσεως,
808 5273 892 5323 καί
921 5271 1081 5344 πυρὸς
1103 5270 1244 5334 ζῆλος
1271 5271 1447 5325 ἐσθίειν
1480 5270 1742 5339 μέλλοντος
1768 5272 1887 5330 τούς
1915 5271 2134 5325 ὑπεναν-

545 5363 705 5420 τίους.
731 5356 949 5429 Οἴδαμεν
971 5360 1070 5434 γὰρ
1096 5361 1182 5414 τὸν
1210 5360 1432 5415 ε’πόντα’
1456 5363 1595 5431 Ἐμοί
1613 5358 1886 5423 ἐκδίκησις,
1920 5362 2018 5433 ἐγὼ
2046 5364 2133 5414 ἀν-

544 5454 857 5522 ταποδώσω,
888 5455 1020 5527 λέγει
1060 5456 1259 5529 κύριος.
1291 5453 1365 5510 Οὗ
1398 5457 1551 5529 χάριν
1590 5457 1975 5527 ἀσφαλιζόμενος
1998 5460 2134 5527 ἡμᾶς

542 5546 865 5617 προστάσσει
897 5546 1073 5618 λέγων’
1102 5549 1192 5600 καί
1229 5548 1317 5611 σὺ,
1344 5548 1423 5600 υίέ
1468 5548 1757 5620 ἀνθρώπου,
1785 5547 2002 5605 litim-ou
2030 5556 2133 5610 τοῖς

543 5639 677 5699 υἷοῖς
702 5645 790 5693 τοῦ
821 5639 942 5695 λαοῦ
971 5660 1089 5706 σου,
1121 5641 1204 5694 καί
1229 5641 1360 5714 ἐρεῖς
1389 5640 1517 5714 πρὸς
1545 5640 1768 5701 αὐτούς’
1799 5648 1865 5698 Γῆ
1897 5639 1967 5712 ἐφ’
1989 5642 2047 5699 ήν
2074 5636 2132 5694 ἂν

545 5731 737 5786 ἐπέλθοι
762 5734 985 5805 ῥομφαία
1011 5732 1089 5790 ἐπ’
1108 5736 1279 5799 αὐτήν,
1308 5737 1388 5789 καί
1427 5736 1573 5789 λάϐοι
1604 5734 1628 5789 ὁ
1652 5735 1771 5795 λαός
1799 5745 1889 5794 τῆς
1917 5746 2012 5807 γῆς
2046 5734 2134 5790 ἄν·

543 5825 741 5897 θρωπον
782 5827 870 5883 ἕνα
909 5828 961 5892 ἐξ
1000 5829 1201 5897 αὐτῶν,
1234 5832 1314 5884 καὶ
1355 5827 1609 5884 δώσουσιν
1648 5830 1796 5884 ιςᾶτόν
1839 5831 2012 5888 αὐτοῖς
2060 5832 2129 5890 εἰς

2234 4618 2358 4679 rint,
2392 4627 2657 4683 quatenus
2695 4617 2924 4673 fructum
2975 4621 3077 4688 piae
3124 4621 3478 4677 confessionis
3522 4630 3828 4677 vestrarum

2233 4710 2533 4763 animat-nm
2588 4710 2907 4766 ltzrreditare
2972 4712 3193 4767 valeatis
3229 4713 3479 4767 Salutem.
3530 4713 3831 4781 Propterea

2234 4800 2374 4851 cuin
2408 4814 2467 4851 ea
2510 4815 2629 4867 qua:
2660 4814 2689 4852 a
2720 4800 2873 4854 nobis
2904 4816 3002 4870 pro
3028 4802 3288 4857 catholica
3322 4802 3554 4858 Ecclesia
3584 4803 3828 4872 synoda-

2236 4890 2359 4943 litrr
2386 4902 2537 4959 gesm
2564 4900 2711 4959 sunt,
2741 4892 2993 4947 omnibus
3020 4892 3338 4961 direximus,
3375 4904 3430 4949 ut
3461 4894 3629 4949 noStri
3657 4893 3827 4948 studii

2237 4985 2575 5050 pertitvientes
2616 4997 2771 5052 Opus,
2816 4999 2914 5038 nos
2960 4985 3173 5054 quidem
3216 4984 3360 5055 ipsos
3408 4984 3653 5038 innoxios
3700 4998 3832 5039 esse

2234 5076 2591 5142 a;-probemns
2621 5091 2801 5130 coram
2835 5077 2941 5132 Deo
2971 5087 3023 5131 et
3064 5078 3250 5133 electis
3279 5078 3502 5146 angelis,
3536 5087 3661 5130 ante
3684 5092 3848 5144 quos

2234 5166 2301 5219 alt
2326 5182 2394 5219 eo
2419 5167 2689 5234 judieantli
2723 5182 2907 5221 sntnns
2938 5184 3057 5222 enm
3088 5172 3166 5223 eis
3193 5170 3282 5238 qui
3318 5172 3431 5224 haec
3476 5182 3506 5221 a
3544 5167 3698 5221 nobis
3729 5184 3828 5221 su-

2236 5256 2529 5323 sceperint,
2572 5257 2624 5309 itt
2671 5257 2891 5311 terribili
2943 5256 3060 5326 t-jns
3108 5258 3385 5323 adventu;
3427 5252 3825 5313 inexeusabiles

2235 5361 2411 5401 autem
2441 5364 2531 5403 eos
2562 5347 2653 5418 qui
2686 5364 2790 5404 non
2833 5350 3108 5416 obcdiunt,
3141 5350 3668 5412 demonstremus,nt
3696 5361 3825 5417 pote

2236 5439 2431 5493 nullam
2473 5442 2729 5498 habentes
2771 5444 3103 5497 occasionem
3142 5459 3236 5512 pro
3289 5458 3382 5498 sua
3430 5441 3647 5511 perﬁdia
3696 5450 3824 5509 post

2236 5532 2475 5585 veritatis
2523 5532 2910 5593 ostensionent,
2950 5532 3175 5587 Domino
3220 5533 3431 5587 dicente
3462 5550 3472 5583 :
3501 5531 3562 5585 Si
3592 5546 3691 5582 non
3736 5546 3825 5583 ve-

2234 5621 2417 5674 nissem
2448 5630 2490 5673 et
2526 5622 2722 5675 locutus
2750 5624 2821 5675 eis
2850 5624 3079 5690 fuissem,
3118 5634 3381 5693 peccatum
3410 5639 3514 5675 tton
3538 5621 3822 5687 haberem,-

2235 5731 2367 5768 tiunc
2395 5723 2562 5769 autem
2591 5716 2975 5768 excusationem
3017 5732 3117 5769 non
3148 5716 3331 5768 habent
3377 5718 3440 5766 de
3472 5722 3682 5779 peccata
3724 5728 3823 5765 suo

2234 5808 2410 5877 (Joan.
2447 5810 2552 5877 xv).
2588 5808 2693 5865 Sed
2730 5817 2780 5863 et
2811 5810 3098 5879 Apostolus
3129 5810 3318 5865 iterum
3372 5806 3620 5878 perlubet
3646 5823 3657 5857 :
3686 5803 3828 5865 Com
