4002 6350
533 312 627 380 εει

1728 301 1969 367 SANCTI
2010 302 2288 362 ΜΑΙΠΙΝΙ
2328 302 2531 365 PAPJ‘Z
2571 304 2588 358 Ι

3678 286 3790 359 ιεε

526 444 662 503 τίοις.
692 438 834 512 Λέγει
874 437 971 512 γάρ
1001 430 1026 490 ό
1056 430 1248 510 κύριος·
1276 432 1426 487 Πᾶσα
1454 430 1686 503 βασίλεῖα
1732 426 1801 499 ἐφ’
1821 428 1975 484 αὐτῆς
2004 444 2099 495 με⁶

2223 420 2347 491 ρείε,
2376 421 2647 473 anathema
2676 418 2761 472 sit.
2788 416 2944 472 Modo
2966 418 3137 472 autem
3166 416 3454 473 hominibus
3481 419 3788 484 suademus,

529 535 770 608 ρισθεῖσα
788 570 804 594 ,
839 533 896 583 οῦ
940 530 1251 585 σταθήσεται
1277 564 1293 589 ,
1328 527 1409 578 καί
1437 528 1540 583 πᾶς
1569 519 1684 594 ὄρος
1710 522 1795 573 καί
1818 517 1970 587 νόμος
1991 559 2005 580 ,
2038 513 2110 586 ἐφ’

529 607 717 680 ἐαυτοῦ
748 622 1003 695 μερισθεὶς
1027 660 1041 679 .
1066 621 1123 673 οῦ
1152 619 1481 675 aruerint-etv
1509 616 1591 691 καί
1621 614 1663 667 εί
1692 610 1716 665 ὁ
1746 609 1906 669 τύπος
1934 607 2112 661 ἐκϐάλ-

527 713 603 766 λει
626 715 711 767 τόν
739 712 897 763 τύπον
916 717 963 771 ⁸.
990 710 1019 766 ἡ
1049 709 1136 777 μέν
1155 708 1372 778 λέγουσα
1388 708 1500 777 μίαν
1518 696 1681 774 ἐχειν,
1704 700 1730 755 ό
1755 698 1806 755 δέ
1835 700 1988 769 λέγων
2011 720 2113 790 μναῖ

529 798 703 870 δεμίαν
752 796 901 868 ἔχειν
939 796 1025 851 τόν
1068 797 1243 869 Κύριον
1280 795 1494 859 θέλὴσιν,
1540 792 1567 850 ἦ
1605 792 1877 863 ἐνέργειαν,
1911 784 2014 861 ἄρα
2043 788 2097 856 ἐφ

529 888 721 944 ἑαυτῶν
747 889 983 961 ἐμερίσθη
1013 888 1205 941 τούτων
1234 885 1499 960 ἑκάτερον,
1529 890 1637 942 πῶς
1667 876 1754 935 οὖν
1800 881 2113 937 σταθήσεται

527 990 627 1037 τῶν
649 982 875 1036 ἐναντίοιν
898 981 925 1038 ἠ
948 979 1168 1054 αἵρεσις,
1193 978 1275 1048 ὑφ’
1296 978 1480 1035 ἑαυτῆς
1501 973 1881 1045 καταργηθεῖσα
1908 969 2110 1042 μᾶλλον,

527 1074 559 1134 ἧ
587 1073 860 1151 παρ’ἦμῶν
888 1073 954 1132 ὡς
978 1072 1126 1132 ἕωλος
1155 1075 1235 1123 καί
1257 1057 1494 1128 ἀϐέϐαιος
1517 1083 1529 1130 ;
1558 1070 1635 1124 Μὴ
1661 1065 1823 1118 τοίνυν
1851 1075 2113 1135 παρερχο-

528 1166 651 1239 μίνῃ
683 1162 805 1236 σκία
845 1162 1023 1233 μᾶλλον
1050 1159 1104 1215 δέ
1132 1160 1343 1231 λυομένῃ
1374 1160 1529 1229 φθορᾷ
1556 1161 1646 1213 τήν
1675 1158 1746 1213 είς
1784 1154 1999 1226 Χριστῖν
2029 1152 2114 1206 τόν

532 1256 653 1310 Θεὸν
685 1252 942 1329 όρθόδοξον
964 1255 1102 1324 ὑμῶν
1123 1253 1296 1305 πίστιν
1315 1246 1708 1316 ἀπεμπολήσητε
1730 1285 1744 1307 ,
1771 1244 2113 1314 θαυμάζοντες

536 1348 602 1399 τά
645 1344 903 1420 πρόσωπα
942 1342 1174 1413 ὠτελείας
1212 1342 1391 1413 χάριν,
1424 1333 1595 1393 ἐπειδὴ
1636 1336 1702 1393 ὡς
1740 1330 1877 1392 ἄνθος
1918 1332 2111 1406 χόρτου

533 1433 905 1511 παρελεύσεται
925 1448 940 1464 ⁸
971 1434 1220 1488 ἀνέστειλε
1248 1434 1346 1505 γὰρ
1372 1429 1397 1485 ό
1425 1430 1558 1489 ἣλιος
1582 1430 1676 1483 σὺν
1700 1433 1770 1495 τῷ
1794 1428 2015 1479 καύσωνι
2038 1428 2116 1478 καὶ

532 1524 735 1601 ἐξήρανε
762 1528 848 1580 τόν
878 1525 1090 1599 χόρτον,
1126 1526 1211 1578 καί
1235 1526 1293 1577 τὸ
1328 1519 1471 1580 ἄνθος
1506 1521 1665 1574 αὐτοῦ
1698 1518 1949 1581 ἐξέπεσεν,
1978 1518 2060 1569 καί
2086 1518 2116 1574 ἡ

533 1618 805 1691 εὐπρέπεια
840 1622 931 1671 τοῦ
974 1618 1257 1690 προσώπου
1299 1614 1452 1668 αὐτοῦ
1496 1610 1747 1664 ἀπώλετο.
1781 1608 1954 1667 Ο·ἷτως
1981 1610 2062 1660 καί
2091 1604 2116 1659 ὁ

532 1703 777 1765 πλούσιος
806 1704 853 1757 ἐν
880 1712 991 1764 ταῖς
1011 1705 1238 1778 πορείαις
1261 1702 1413 1754 αὐτοῦ
1435 1699 1833 1768 μαρανθήσεται,
1856 1697 1935 1748 ἵνα
1961 1700 2029 1764 μή
2056 1702 2118 1769 τῇ

2212 528 2277 564 an
2302 511 2408 564 Deo
2435 510 2486 581 (1
2496 512 2663 581 vid)?
2704 520 2792 563 aut
2823 511 3112 580 quaerimus
3142 511 3429 565 hominibus
3455 513 3695 581 placere?
3721 513 3791 567 Si

2213 604 2379 656 adhuc
2426 604 2710 656 hominibus
2768 603 3062 670 placerem,
3112 602 3280 671 inquit
3319 603 3505 657 beatus
3559 604 3787 671 Paulus,

2214 693 2406 749 Christi
2438 711 2609 748 servus
2650 712 2751 747 non
2795 711 2951 748 essent
2984 692 3066 766 (ll
3097 692 3233 748 Tim.
3264 694 3325 765 ι).
3354 694 3506 750 Sicut
3532 710 3660 765 ergo
3690 710 3794 750 ac-

2212 786 2430 854 cepistis
2463 784 2734 839 Christum
2783 800 2812 837 a
2870 786 3068 840 sanctis
3115 785 3575 855 pradicatoribus,
3608 786 3686 840 sic
3732 785 3797 842 in

2213 888 2333 930 eum
2364 877 2586 940 credite,
2617 876 2810 930 bonum
2856 874 3155 944 depositum
3186 891 3356 946 usque
3394 876 3448 932 in
3495 877 3654 931 linem
3691 891 3798 933 ωδ

2212 966 2404 1020 stodite
2431 981 2523 1035 per
2547 967 2800 1033 Spiritum
2846 976 3114 1033 sanctum,
3163 968 3253 1035 qtii
3286 968 3491 1023 habitat
3518 968 3571 1023 ln
3602 967 3796 1034 vobis,

2213 1057 2463 1125 qu0niam
2494 1058 2703 1113 (irinum
2753 1059 3153 1114 fundamentum
3190 1061 3279 1116 Dei
3317 1070 3444 1126 stat,
3476 1060 3680 1115 habens
3708 1061 3797 1115 si:-

2213 1150 2495 1218 gnacnlum
2529 1149 2627 1204 hoc
2653 1166 2666 1203 :
2696 1150 2851 1204 Novit
2880 1150 3123 1205 θοηιὶηιιε
3150 1152 3237 1221 qui
3258 1160 3373 1205 sunt
3403 1151 3516 1221 ejus
3536 1149 3619 1222 (ll
3645 1149 3793 1204 Tini.

2217 1240 2276 1312 ιι)
2304 1259 2318 1306 ;
2352 1252 2404 1295 et
2432 1243 2669 1297 discedat
2694 1243 2761 1298 ab
2809 1243 3087 1313 iniquitate
3116 1243 3289 1297 omnis
3314 1244 3405 1312 qui
3451 1243 3663 1297 invocat
3691 1257 3803 1296 no.

2216 1348 2335 1389 men
2356 1334 2586 1389 Domini.
2614 1336 2922 1406 Propterea,
2952 1340 3163 1402 fratres,
3190 1336 3443 1403 profanas
3470 1351 3660 1390 vocum
3692 1351 3798 1390 no-

2218 1422 2407 1476 vitales
2461 1424 2744 1488 evitantes,
2795 1426 3099 1480 nullatenus
3144 1436 3238 1481 eos
3269 1426 3355 1495 qui
3382 1413 3450 1481 de
3496 1434 3637 1481 terra
3681 1426 3802 1480 cla—

2219 1524 2386 1580 mant,
2416 1523 2471 1569 et
2503 1532 2605 1568 non
2654 1528 2717 1572 ex
2764 1532 2859 1572 ore
2901 1518 3106 1572 Domini
3139 1518 3449 1588 laquuntur,
3482 1517 3800 1585 suscipiatis

2220 1603 2478 1659 adversus
2523 1605 2680 1661 fidem
2734 1618 2906 1678 typos,
2962 1617 3055 1661 aut
3103 1610 3267 1678 leges,
3317 1608 3399 1662 vel
3427 1606 3801 1674 deﬁnitiones,

2220 1703 2314 1749 aut
2360 1697 2728 1765 expositiones
2789 1698 3068 1754 hazreticas
3116 1710 3495 1769 agnoscentes,
3541 1700 3804 1771 quoniam

531 1796 704 1868 ἀγάπῃ
733 1800 823 1849 τοῦ
850 1794 1047 1864 κόσμου
1075 1791 1519 1867 προσπασχόντων
1548 1790 1707 1858 ήμῶν,
1738 1787 1862 1860 ῥηθῇ
1884 1789 1966 1839 καί
1998 1786 2117 1859 περί

2226 1786 2340 1839 haec
2378 1787 2555 1838 onmia
2590 1787 2940 1856 requisiturus
2981 1788 3388 1858 etjndicaturus
3435 1798 3516 1844 est
3545 1790 3656 1858 ipse
3682 1790 3809 1859 glo-

532 1888 692 1956 ἠμῶν,
722 1903 742 1937 ι
770 1884 1067 1956 Ἠγοὶπησαν
1090 1887 1191 1956 γὰρ
1212 1888 1300 1940 τήν
1334 1880 1479 1945 δόξαν
1508 1887 1605 1934 τῶν
1628 1878 1899 1955 ἀνθρώπων
1926 1875 2111 1946 μᾶλλον

530 1978 661 2051 ὑπὲρ
678 1981 765 2034 τήν
785 1974 932 2039 δόξαν
947 1982 1037 2029 τοῦ
1058 1974 1211 2045 μόνου
1228 1978 1377 2037 Θεοῦ,
1416 1989 1434 2022 t
1466 1974 1551 2024 καὶ
1569 1968 1907 2038 ῦποπέσωμεν
1932 1968 2112 2035 αἰωνίῳ

532 2071 759 2142 κρίματι.
804 2066 1029 2137 Φοϐερὸν,
1062 2064 1283 2136 ἀδελφοί,
1312 2064 1369 2118 τό
1397 2064 1637 2134 ἐμπεσεῖν
1666 2062 1738 2120 εἰς
1768 2066 1957 2129 χεῖρας
1982 2062 2111 2112 Θεοῦ

532 2167 740 2227 ζῶντος,
770 2167 862 2216 τοῦ
892 2160 1288 2233 ἀποφαινομένου
1331 2161 1413 2211 καὶ
1454 2157 1698 2229 λέγοντος·
1722 2152 1813 2213 ⁸ος
1841 2151 2115 2227 ἀρνήσεταί

530 2268 593 2322 με
624 2254 709 2307 καί
737 2254 857 2311 τοὺς
887 2254 1036 2322 ίμοῦς
1063 2251 1243 2321 λόγους
1265 2246 1547 2317 ἔμπροσθεν
1574 2253 1672 2301 τῶν
1703 2245 1995 2321 ἀνθρώπων.
2022 2244 2113 2314 ἀρ-

535 2348 757 2415 νήσομαι
786 2346 922 2415 κᾴγώ
958 2344 1109 2397 αὐτόν
1138 2341 1428 2415 ἔμπροσθεν
1457 2345 1546 2393 τοῦ
1590 2337 1786 2411 Πατρός
1815 2355 1909 2408 μου
1939 2342 2029 2390 τοῦ
2065 2336 2115 2388 ἐν

536 2446 643 2498 τοῖς
664 2439 911 2510 οὐρανοῖς.
934 2432 1370 2492 ’Δποκαλόπτεται
1392 2434 1491 2505 γὰρ
1515 2433 1638 2505 ὀργὴ
1660 2435 1783 2483 Θεοῦ
1808 2425 1893 2481 ἀπ’
1905 2429 2113 2501 οὐρανοῦ

530 2530 615 2582 ἐπὶ
642 2534 815 2583 πᾶσαν
846 2527 1079 2581 ἀσέϐειαν
1105 2527 1187 2579 καί
1216 2523 1413 2579 ἀδικίαν
1437 2524 1728 2595 ἀνθρώπων,
1758 2527 1857 2574 τῶν
1882 2525 1972 2578 τήν
1995 2520 2117 2577 ἀλή-

534 2620 667 2672 θειαν
688 2619 737 2672 ἐν
762 2616 919 2690 ἀδίκῳ
950 2617 1317 2689 πολεμούντων,
1340 2614 1368 2674 ἦ
1391 2611 1725 2688 προῗιδόντων
1748 2612 1961 2687 αἱρέσει.
1986 2612 2117 2665 Διότι

531 2712 589 2766 τό
616 2711 839 2784 γνωστόν
867 2716 957 2764 τοῦ
985 2714 1114 2765 Θεοῦ
1133 2750 1143 2768 .
1177 2708 1388 2783 φανερὸν
1434 2708 1629 2780 γέγονεν
1675 2705 1868 2765 αὐτοῖς.
1907 2702 1966 2759 Ὀ
1994 2704 2119 2764 Θεὸς

530 2804 632 2875 γὰρ
659 2803 826 2863 αὐτοῖς
853 2804 1127 2879 ἐφανέρωσε
1169 2798 1252 2855 διὰ
1275 2815 1328 2854 τε
1358 2806 1457 2854 τῶν
1486 2798 1640 2869 ἁγίων
1670 2795 1966 2850 ἀποστόλων
1987 2834 2003 2859 ,
2033 2796 2121 2848 καί

532 2900 827 2968 προφητῶν,
855 2896 941 2948 καί
969 2891 1281 2948 διδασκάλων
1298 2931 1313 2954 ,
1349 2893 1435 2945 καί
1459 2897 1557 2943 τῶν
1583 2891 1934 2962 οἷκουμενικῶν
1964 2888 2113 2941 πέντε

536 2980 779 3043 συνόδων,
806 2978 871 3034 ὧν
894 2984 962 3036 τά
988 2980 1215 3051 δόγματα
1248 2980 1396 3052 νόμος
1418 2987 1509 3041 τῆς
1533 2979 1789 3037 καθολικῆς
1809 2975 2114 3036 Ἐκκλησίας

536 3070 864 3147 ὑπάρχουσί.
917 3073 1004 3126 καί
1056 3069 1196 3141 ὅμως
1235 3069 1428 3125 τούτων
1479 3069 1749 3133 ἁπάντων,
1789 3073 1878 3127 τήν
1934 3069 2119 3121 οἰκείαν

2218 1875 2313 1929 riae
2367 1868 2648 1944 Dominus,
2705 1887 2759 1933 et
2800 1879 2920 1950 quia
2979 1880 3157 1935 nullus
3210 1880 3515 1945 hominum,
3565 1895 3806 1950 quorum

2215 1968 2351 2021 sicut
2384 1967 2563 2022 fenum
2593 1968 2709 2025 dies
2746 1971 2985 2036 illorum,
3037 1986 3133 2040 pro
3172 1971 3324 2025 nobis
3358 1971 3646 2026 cruciﬁxus
3686 1980 3802 2037 est,

2216 2074 2389 2127 neque
2417 2060 2469 2114 in
2500 2063 2713 2116 nomine
2748 2064 3058 2133 cujusquam
3091 2080 3275 2118 eorum
3313 2064 3557 2133 baptizati
3586 2078 3807 2128 sumus,

2216 2149 2309 2204 sed
2340 2151 2393 2206 in
2443 2163 2669 2208 mortem
2698 2153 2897 2211 Christi
2932 2154 3025 2209 Dei
3069 2170 3163 2224 per
3193 2158 3460 2211 lavacrum
3506 2166 3810 2224 regenera-

2217 2241 2379 2298 tionis
2410 2244 2648 2298 renovati
2692 2244 3082 2314 dignoscimur,
3122 2247 3211 2316 qui
3257 2248 3545 2301 cruciﬁxus
3590 2256 3672 2300 est
3702 2260 3812 2315 pro

2218 2332 2376 2388 nobis
2403 2335 2503 2389 sub
2531 2336 2721 2391 Pontio
2750 2336 2919 2392 Pilato
2944 2354 2957 2391 :
2992 2340 3225 2393 maxime
3250 2340 3588 2408 apertissime
3617 2338 3811 2393 (tonsi-’-

2220 2424 2476 2481 derantes
2516 2429 2770 2496 quoniam
2809 2440 2864 2486 et
2895 2445 2989 2499 per
3018 2445 3078 2487 se
3124 2447 3216 2486 sua
3245 2431 3489 2500 dogmata
3519 2431 3813 2487 destruunt

2218 2520 2494 2573 contrarii.
2528 2520 2661 2576 Dicit
2708 2523 2851 2578 enim
2887 2524 3180 2578 Dominus:
3210 2524 3371 2582 Omne
3400 2540 3612 2594 regnum
3649 2525 3704 2577 in
3748 2538 3813 2578 se

2219 2610 2437 2665 divisum
2468 2628 2569 2666 non
2596 2613 2746 2666 stabit
2772 2612 2991 2685 (Matth.
3024 2620 3147 2686 xtl),
3195 2626 3250 2671 et
3293 2616 3468 2670 omnis
3508 2615 3808 2682 sententia,

2218 2699 2331 2768 lex,
2354 2702 2636 2759 adversum
2665 2720 2724 2761 se
2754 2705 2944 2775 divisa,
2999 2723 3105 2761 non
3135 2707 3325 2772 stabit;
3357 2717 3407 2761 et
3432 2706 3476 2761 si
3511 2716 3668 2777 typus
3709 2705 3817 2761 de-

2220 2792 2382 2845 struit
2420 2796 2703 2861 ecthcsim,
2737 2796 2830 2850 sed
2871 2807 2924 2851 et
2947 2797 3183 2851 ecthesis
3207 2797 3430 2851 destruit
3462 2806 3642 2867 typum
3671 2814 3686 2862 ;
3715 2796 3814 2852 illa

2222 2883 2439 2952 quidem
2488 2885 2674 2940 dicens
2728 2902 2887 2940 unam
2918 2888 3138 2955 habere,
3211 2888 3298 2943 hic
3336 2898 3513 2944 autem
3551 2902 3815 2944 asserens

2221 2991 2324 3029 non
2358 2990 2517 3031 unum
2553 2979 2751 3034 habere
2793 2978 3074 3035 Dominum
3108 2991 3348 3035 nostrum
3388 2982 3717 3037 voluntatem
3749 2991 3818 3036 et

2222 3070 2592 3138 Operationem
2628 3089 2639 3124 :
2673 3086 2801 3141 ergo
2833 3072 2883 3125 in
2932 3087 2991 3126 se
3031 3072 3260 3125 divi-um
3292 3079 3376 3126 est
3415 3081 3715 3143 utrumque,-
3749 3080 3816 3127 et

536 3164 834 3238 προέκριναν
853 3163 1190 3231 καινοτομίαν.
1220 3159 1399 3222 Μηδεὶς
1422 3155 1508 3215 οὖν
1528 3165 1661 3231 ὑμᾶς
1684 3160 1985 3224 ἐξαπατάτω
2005 3181 2115 3214 και-

2234 3163 2503 3231 quomodo
2530 3164 2693 3219 stabit
2723 3163 3152 3218 :ulrerSariorum
3194 3163 3435 3228 haeresis,
3465 3166 3631 3233 magis
3659 3178 3688 3217 ο
3719 3178 3818 3217 sea

536 3259 639 3313 νοῖς
660 3251 845 3323 λόγοις.
873 3254 963 3306 Διά
989 3258 1154 3307 ταῦτα
1181 3253 1281 3325 γὰρ
1310 3249 1523 3326 ξοχεται
1554 3253 1584 3309 ἡ
1614 3251 1738 3325 ὀργή
1764 3256 1855 3306 τοῦ
1880 3256 2008 3306 Θεοῦ
2038 3250 2120 3305 ἐπὶ

534 3346 659 3404 τοὺς
702 3345 843 3405 υίοῦς
872 3352 963 3404 τῆς
1006 3345 1282 3405 ἀπειθείας·
1316 3348 1385 3414 μή
1426 3339 1512 3399 οὖν
1548 3348 1738 3418 γίνεσθε
1791 3345 2118 3417 συμμέτοχοι

536 3442 635 3490 τῶν
666 3433 931 3508 δογμάτων
961 3436 1143 3501 αὐτῶν,
1175 3440 1298 3508 μήτε
1328 3443 1603 3493 κοινωνεῖτε
1633 3446 1740 3496 το”ς
1769 3436 1927 3509 λόγοις
1956 3439 2121 3492 αὐτῶν

535 3533 647 3586 τοῖς
686 3528 952 3601 ἀκάρποις.
998 3527 1199 3582 Μᾶλλον
1231 3526 1283 3583 δέ
1314 3532 1397 3584 καί
1423 3528 1679 3599 ἐλέγχετε,
1707 3525 1880 3587 ἐπειδή
1910 3528 2122 3589 σύνοδος

537 3617 845 3671 ἀθετοῦντων
873 3619 974 3673 είσί
992 3658 1006 3683 ,
1033 3622 1114 3673 καί
1148 3620 1388 3675 ἐνέτειναν
1414 3626 1500 3679 τήν
1524 3624 1760 3693 γλῶσσαν
1788 3621 1956 3675 αὐτῶν
2000 3622 2121 3674 ὡσεὶ

538 3704 713 3772 τόξον,
745 3704 927 3775 ψεῦδος
958 3711 1042 3761 καί
1084 3712 1141 3762 οῦ
1167 3712 1340 3770 πίστις
1386 3713 1659 3780 ἐνίσχυσεν
1700 3713 1769 3771 εἰς
1804 3713 2004 3772 αὐτοὺς,
2041 3708 2123 3765 ὅτε

538 3796 593 3851 ἐκ
621 3804 779 3851 κακῶν
808 3802 880 3857 εἰς
903 3802 1035 3854 κακά
1064 3801 1353 3867 ἐξήλθοσαν,
1376 3804 1460 3855 καί
1489 3804 1572 3872 ἐμέ
1602 3803 1685 3854 οῦκ
1716 3800 1966 3873 ἔγνωσαν,
2002 3804 2124 3873 φησι

539 3889 737 3964 κύριος.
781 3888 1030 3947 ’Λλήθειαν
1076 3893 1178 3964 γὰρ
1229 3892 1286 3945 οὐ
1329 3897 1398 3960 μή
1445 3892 1740 3953 λαλήσωσι,
1780 3893 2058 3963 μεμάθηκεν
2092 3894 2122 3949 ἡ

539 3978 751 4050 γλῶσσα
779 3981 944 4034 αὐτῶν
971 3981 1139 4034 λαλεῖν
1184 3979 1368 4052 ψευδῆ.
1399 3981 1677 4046 ἠσέϐησαν,
1708 3984 1790 4035 καί
1820 3983 1875 4036 οὐ
1903 3981 2122 4037 διέλιπον

540 4073 630 4122 τοῦ
673 4069 1001 4144 ἐπιστρέψαι,
1030 4074 1114 4123 καί
1157 4073 1243 4124 οὐκ
1278 4073 1521 4131 ἠθέλησαν
1556 4078 1644 4126 τοῦ
1672 4070 1849 4127 εἰδέναι
1888 4076 2122 4146 με,λέγει

542 4160 740 4231 κύριος.
781 4170 930 4219 Στῆτε
959 4156 1042 4214 οὖν
1068 4164 1234 4230 ὑμεῖς,
1262 4165 1509 4235 ἀγαπητοί
1533 4205 1547 4228 ,
1581 4164 1663 4219 ἐπὶ
1700 4172 1812 4224 ταῖς
1855 4164 2007 4229 ὁδοῖς,
2041 4169 2125 4220 καί

541 4246 671 4305 ἴδετε
708 4254 789 4305 καί
828 4253 1120 4325 ἐρωτήσατε
1160 4255 1369 4327 τρίϐους
1401 4258 1576 4327 κυρίου
1606 4261 1812 4317 αἰωνίοις
1836 4298 1849 4320 ,
1880 4261 1965 4310 καί
1996 4257 2126 4314 ἴδετε

544 4339 667 4392 ποία
695 4340 830 4393 ἐστίν
855 4342 884 4397 ἠ
908 4339 1019 4399 ὁδός
1055 4343 1084 4398 ἡ
1120 4343 1279 4412 ἀγαθὴ
1306 4350 1403 4397 τῶν
1430 4344 1583 4414 ἀγίων
1609 4354 1834 4418 Πατρῶν,
1859 4350 1944 4401 καί
1974 4346 2124 4416 βαδί-

544 4446 670 4485 σατε
695 4428 745 4485 ἐν
772 4433 922 4506 αὐτῇ·
954 4436 1039 4487 καί
1067 4433 1307 4507 εὑρήσετε
1332 4436 1567 4508 ἁγνισμὸν
1588 4444 1700 4496 ταῖς
1730 4437 1928 4507 ψυχαῖς
1960 4438 2120 4503 ὑμῶν,

2224 3255 2447 3323 metipsa
2479 3254 2709 3308 invalida
2750 3264 2802 3309 et
2854 3254 3029 3309 inanis
3068 3255 3323 3319 existens,
3357 3270 3515 3324 quant
3564 3269 3593 3307 a
3645 3253 3816 3310 nobis

2227 3345 2544 3399 destructa?
2585 3345 2721 3415 Ergo
2770 3345 2917 3399 nullo
2969 3344 3129 3399 modo
3173 3360 3266 3414 per
3295 3344 3650 3399 transitoriam
3687 3360 3819 3399 um-

2225 3433 2398 3502 bram,
2427 3436 2599 3504 pmius
2635 3446 2812 3489 autem
2851 3437 3205 3505 corruptelam
3238 3435 3570 3502 dissolutam,
3600 3435 3810 3489 Christi

2227 3525 2321 3581 Dei
2352 3539 2583 3582 vestram
2631 3528 2989 3581 orthodoxam
3024 3526 3178 3582 fidem
3223 3527 3497 3593 amittatis,-
3547 3527 3812 3582 mirantes

2225 3630 2486 3685 personas
2536 3628 2772 3684 quaestus
2816 3633 3015 3685 causa,
3066 3620 3314 3687 quoniam
3372 3619 3508 3670 sicut
3551 3616 3647 3671 llos
3702 3615 3818 3673 feni

2226 3710 2466 3763 transiet.
2500 3706 2731 3762 Exortus
2763 3721 2834 3763 est
2855 3710 2986 3763 enim
3028 3712 3106 3763 sol
3134 3726 3251 3762 cum
3280 3711 3488 3772 ardore,
3521 3722 3567 3763 et
3598 3712 3821 3779 arefecit

2224 3797 2422 3867 fenum,
2450 3809 2496 3852 et
2526 3801 2625 3869 ﬂos
2666 3805 2775 3872 ejus
2804 3801 3014 3865 decidit,
3047 3813 3092 3855 et
3135 3804 3284 3855 decor
3313 3802 3478 3856 vultus
3509 3797 3617 3874 ejus
3643 3803 3812 3870 depe-

2223 3888 2309 3940 riit
2341 3905 2359 3940 :
2382 3890 2451 3940 ita
2484 3898 2530 3941 et
2570 3890 2707 3943 dives
2736 3891 2786 3943 iu
2818 3891 3076 3945 itineribus
3123 3895 3229 3946 suis
3258 3896 3522 3948 marcescit
3555 3892 3694 3965 (Jac.
3732 3900 3771 3964 ι)
3798 3913 3817 3961 ς,

2226 3986 2279 4031 ut
2333 3994 2398 4031 ne
2444 3992 2540 4048 pro
2588 3980 2873 4035 dilectione
2917 3983 3094 4036 tnuudi
3143 3986 3592 4054 compatientibus
3641 3987 3807 4042 nobis

2224 4067 2429 4124 dicatur
2468 4068 2624 4123 etiam
2680 4071 2748 4126 de
2799 4073 2952 4127 nobis
2987 4091 2998 4126 :
3035 4073 3330 4129 Dilexerunt
3371 4078 3589 4146 gloriam
3634 4078 3811 4131 ltomi-s

2226 4174 2346 4210 num
2381 4161 2541 4229 magis
2585 4177 2736 4229 quam
2786 4162 3006 4232 gloriam
3049 4165 3208 4217 solius
3241 4164 3335 4218 Dei
3365 4164 3549 4232 (Joan.
3576 4165 3707 4235 xtl);
3753 4177 3821 4223 et

2227 4253 2599 4322 suhjaceatnus
2622 4267 2822 4308 aeterno
2841 4255 3075 4324 judicio:
3105 4256 3441 4311 llorreudum
3467 4270 3557 4323 est,
3588 4260 3809 4327 fratres.

2225 4343 2450 4397 incidere
2493 4344 2545 4397 iu
2596 4362 2776 4397 utanus
2809 4344 2905 4398 Dei
2948 4348 3158 4401 viventis
3203 4347 3356 4419 (lleb.
3390 4348 3463 4418 ι),
3500 4350 3588 4418 qui
3632 4358 3817 4419 prote-

2228 4444 2417 4497 statur,
2453 4435 2636 4490 dicitns
2669 4453 2680 4487 :
2712 4436 3008 4505 Quicunque
3048 4454 3125 4491 me
3151 4441 3405 4508 negaverit
3436 4449 3480 4492 et
3520 4442 3665 4493 verba
3692 4456 3813 4494 mea

544 4523 647 4576 ἀλλ’
670 4525 712 4577 εί
738 4526 820 4577 καί
850 4526 1089 4594 πάσχετε
1121 4523 1202 4579 διὰ
1241 4530 1480 4601 Χριστῦν,
1510 4530 1747 4602 μακάριοί
1776 4551 1911 4585 εστι.
1942 4533 2040 4585 Τὸν
2069 4530 2119 4586 δὲ

2230 4540 2401 4578 coram
2429 4525 2737 4590 hominibus,
2765 4543 2795 4578 η
2829 4527 2957 4595 gubu
2988 4538 3035 4580 et
3065 4544 3156 4598 ego
3179 4545 3291 4580 eum
3319 4545 3490 4581 coram
3522 4526 3673 4583 Patre
3698 4547 3814 4585 meo

547 4614 698 4684 φόϐον
743 4616 904 4669 αὐτῶν
931 4621 998 4685 μή
1020 4617 1290 4685 φοϐηθῆτε,
1317 4622 1384 4688 μή
1415 4616 1467 4672 δε
1496 4621 1815 4689 ταραχθῆτε.
1847 4622 2031 4695 Κύριον
2072 4621 2124 4677 δέ

548 4704 632 4755 τὸν
658 4704 778 4755 Θεὸν
807 4703 1047 4774 όιγιὰῖατε
1076 4711 1124 4758 έν
1148 4715 1260 4765 ταῖς
1289 4705 1517 4781 καρδίαις
1559 4709 1723 4778 ὑμῶν.
1767 4709 1932 4765 Αῦτοῦ
1959 4712 2127 4783 λέγον-

552 4813 663 4857 τος,
686 4790 1026 4850 ἐπακούσατε⁴
1056 4802 1132 4854 Μή
1162 4798 1402 4868 φοϐηθῆτε
1428 4800 1528 4853 ἀπό
1541 4807 1639 4855 τῶν
1664 4801 2050 4857 ἀποκτεινόντων
2072 4802 2127 4855 τό

551 4892 724 4956 σῶμα.
747 4891 836 4944 τήν
860 4884 913 4940 δέ
938 4886 1117 4958 ψυχὴν
1142 4894 1209 4959 μή
1236 4888 1520 4960 δυναμένων
1540 4895 1613 4946 ἀπ
1630 4901 1760 4947 ικπεῖ
1789 4910 1860 4948 αι’
1886 4894 2127 4966 φοϐηθῆτε

552 4976 738 5046 μᾶλλον
783 4977 865 5031 τόν
905 4975 1173 5047 δυνάμενον
1214 4985 1296 5036 καί
1341 4982 1521 5052 ψυχὴν
1567 4986 1649 5039 καί
1695 4991 1845 5054 σῶμα
1884 4987 1931 5037 ἐν
1959 4988 2128 5057 γεέννῃ

553 5071 821 5125 ἀπολέσαι.
867 5073 1007 5141 Ουχί
1048 5070 1138 5127 δύο
1181 5078 1419 5150 στρουθία
1460 5079 1715 5152 ἀσσαρίου
1742 5077 2015 5140 πωλεῖται;
2049 5082 2131 5133 ναί

552 5157 602 5213 ἐν
628 5156 678 5223 ἐξ
705 5160 868 5214 αὐτῶν
904 5162 959 5214 οὐ
991 5171 1221 5218 πεσεῖται
1264 5166 1348 5218 ἐπὶ
1388 5170 1476 5223 τὴν
1518 5173 1608 5238 γῆν
1652 5163 1768 5218 ἄνευ
1805 5172 1896 5220 τοῦ
1940 5172 2132 5239 Πατρός

556 5254 725 5323 ὑμῶνς
757 5252 895 5323 ὑμῶν
923 5250 975 5307 δέ
1000 5256 1081 5308 καί
1100 5255 1149 5308 αἶ
1173 5257 1354 5328 τρίχες
1381 5264 1471 5315 τῆς
1499 5258 1705 5329 κεφαλῆς
1734 5264 1900 5311 πᾶσαι
1923 5261 2132 5333 deﬂem-

555 5343 696 5412 μέναι
726 5344 845 5397 εἶσί·
887 5350 955 5413 μὴ
991 5339 1079 5398 οὖν
1120 5345 1363 5417 φοϐηθῆτε
1405 5346 1612 5407 αὐτοὺς,
1640 5346 1830 5399 πολλῶν
1858 5349 2135 5420 στρουθίων

555 5431 808 5509 διαφέρετε
837 5436 1001 5507 ὑμεῖς.
1032 5435 1414 5503 ’.ἀναλογίσασθε
1442 5439 1537 5512 γὰρ
1561 5478 1575 5502 ,
1607 5437 1824 5509 ἀδελφοί,
1854 5440 1936 5491 τόν
1964 5441 2133 5493 τοιαύ-

559 5543 649 5581 την
670 5525 1077 5597 ὑπομεμενηκότα
1105 5527 1205 5581 ὑπὸ
1228 5534 1326 5583 τῶν
1354 5527 1664 5602 ἁμαρτωλῶν
1690 5532 1759 5588 είς
1787 5530 1965 5583 ἑαυτὸν
1994 5531 2131 5582 ἀντι-

560 5614 727 5687 λογίαν
746 5654 761 5679 ,
791 5618 868 5670 ἶνα
897 5622 967 5687 μὴ
992 5618 1230 5675 ἐκκακῆτε
1270 5626 1385 5677 ταῖς
1415 5618 1620 5688 ψυχαῖς
1661 5620 1801 5691 ὑμῶν
1830 5621 2133 5690 ἐκλυόμενοι·

561 5701 705 5759 οὔπω
733 5707 919 5778 μέχρις
947 5708 1159 5777 αἵματος
1186 5711 1570 5768 ἀντικατέστητε
1606 5715 1735 5785 πρὶς
1764 5718 1853 5770 τὴν
1888 5711 2138 5790 ἁμαρτίαν

2230 4620 2316 4685 qui
2344 4618 2394 4669 in
2425 4619 2561 4672 ctrlis
2586 4629 2657 4672 εει
2685 4618 2799 4687 (Ma
2824 4620 2897 4673 ιΙι.
2932 4621 3009 4688 x).
3043 4620 3316 4674 licvelatur
3342 4623 3478 4675 enim
3514 4622 3592 4675 ira
3621 4621 3714 4675 Dei
3744 4625 3816 4677 de

2229 4708 2352 4760 cmlo
2379 4725 2531 4777 super
2555 4726 2749 4763 omnem
2777 4713 3081 4781 impietatem
3123 4722 3166 4765 et
3189 4713 3491 4781 iujustitiam
3522 4713 3813 4780 hominum,

2229 4798 2317 4865 qui
2348 4800 2602 4851 veritatem
2650 4815 2744 4867 per
2789 4801 3026 4855 illicitatn
3079 4802 3322 4855 haeresim
3368 4812 3672 4871 expugnant
3718 4814 3817 4858 aut

2232 4887 2517 4958 denegant,
2548 4891 2668 4956 quia
2697 4891 2835 4959 quod
2865 4902 3041 4944 notum
3086 4904 3157 4945 est
3191 4893 3305 4959 Dei,
3362 4893 3683 4962 titanifestum
3730 4893 3817 4963 fu-

2233 4990 2367 5034 ctum
2399 4994 2469 5035 est
2500 4981 2551 5035 in
2580 4982 2705 5036 illis.
2731 4982 2868 5036 Deus
2894 4985 3028 5036 enim
3058 4984 3161 5037 illis
3195 4986 3534 5051 manifestarit
3565 4984 3739 5054 (Rom.
3771 4986 3815 5055 ι)

2236 5089 2330 5144 per
2355 5087 2569 5131 sanctos
2612 5076 2900 5147 apostolos,
2944 5086 2997 5130 et
3029 5076 3333 5145 prophetas,
3366 5087 3419 5132 et
3445 5077 3716 5145 doctores,
3758 5087 3817 5133 et

2241 5166 2570 5221 universales
2618 5168 2851 5237 quinque
2898 5168 3150 5237 synodos,
3185 5184 3409 5233 quorum
3450 5169 3694 5237 dogmata
3727 5171 3811 5223 lex

2235 5257 2510 5310 catholicae
2544 5258 2794 5312 Ecclesia:
2836 5258 3099 5313 existunt:
3132 5268 3185 5311 et
3231 5268 3405 5314 tamen
3453 5258 3534 5313 his
3564 5260 3747 5313 omnib
3770 5275 3814 5314 rs

2239 5351 2501 5417 propriam
2553 5352 2841 5405 novitatem
2892 5360 3339 5419 praeposuerunt:
3369 5349 3533 5404 Nemo
3569 5367 3688 5420 ergo
3729 5368 3818 5407 ros

2236 5442 2444 5494 seducat
2484 5442 2721 5497 inanibus
2769 5444 2930 5497 verbis
2970 5442 3185 5512 (Ep/tes.
3222 5442 3296 5509 v).
3350 5443 3631 5510 l’ropteret
3670 5447 3815 5499 enim

2238 5534 2380 5589 venit
2419 5535 2494 5589 ira
2525 5535 2614 5589 Dci
2644 5552 2805 5603 super
2839 5535 2974 5588 lilios
3018 5534 3350 5589 dillidentius.
3384 5534 3553 5589 Nolite
3588 5550 3711 5603 ergo
3738 5536 3820 5588 ef-

2242 5624 2321 5677 ﬁci
2352 5626 2759 5695 cotnporticipes
2795 5625 3102 5694 dogmatum
3136 5640 3341 5688 t'Ol‘lllll,
3376 5641 3541 5693 neque
3571 5640 3817 5678 commu-

2243 5717 2430 5771 nicetis
2459 5718 2800 5772 infructuosis
2834 5719 3006 5772 verbis
3052 5718 3261 5772 illorum
3290 5736 3300 5770 :
3331 5719 3499 5787 magis
3537 5727 3713 5771 autem
3763 5725 3822 5774 et

629 5832 651 5858 °
684 5824 836 5881 D.cst
857 5825 1087 5895 aliquid;
1124 5826 1401 5895 legendum
1439 5846 1450 5880 :
1479 5831 1555 5884 καὶ
1585 5832 1629 5884 εἰ
1658 5832 1683 5884 ὁ
1713 5833 1875 5892 τύπος
1897 5830 2119 5887 ἐκϐάλλει

2223 5854 2241 5883 ν
2274 5828 2497 5900 ἔκδεσιν,
2521 5833 2606 5886 καί
2636 5832 2664 5887 ἡ
2687 5828 2878 5891 ἴκδεσις
2906 5831 2991 5886 τόν
3016 5831 3197 5885 τύπον.
3233 5828 3384 5885 Eutr.
