4002 6350
512 339 614 396 iss
1715 325 1953 384 SANCTI
1999 324 2278 380 ΜΑΒἸΊΝΙ
2322 324 2519 380 estne
2561 325 2578 378 ι
3679 298 3788 369 iss

514 455 834 509 naturaliter
864 454 1208 513 existentem,
1231 449 1351 504 licet
1380 455 1597 518 proritet
1632 461 1726 500 nos
1751 460 1874 498 caro
1898 445 2066 497 factus
2093 445 2182 509 sil,
2212 455 2254 498 et
2277 460 2362 496 vos
2385 453 2622 510 tanquam
2641 438 2835 510 lapides
2855 435 2949 492 vivi
2971 433 3295 496 adiﬁcemitti
3319 432 3500 485 domus
3525 430 3790 498 spiritua-

511 552 598 611 ιη.
622 549 676 601 in
703 549 1038 600 sacerdotium
1065 554 1317 608 sanctum,
1347 540 1611 607 oﬂ'erentes
1638 537 1892 607 spiritales
1927 536 2116 588 hostias
2147 536 2248 602 ipsi
2272 536 2324 588 in
2351 534 2554 586 odorem
2582 531 2842 586 suavitatis
2862 530 2910 601 (Ι
2941 529 3080 582 Petr.
3101 529 3180 595 ιι).
3202 527 3305 580 Sed
3338 535 3381 579 et
3405 528 3791 594 nunc,fratrer,

512 638 922 689 commendamus
959 650 1133 686 attines
1162 648 1246 684 vos
1282 630 1525 692 Domino,
1553 639 1598 680 et
1626 626 1773 678 rcrbo
1812 627 1991 695 gratia:
2015 629 2126 688 eius
2160 626 2298 691 (Act.
2331 626 2443 692 xx),
2473 625 2562 692 qui
2605 632 2773 691 potest
2802 620 3058 690 perﬁcere
3083 626 3137 672 ct
3164 618 3294 671 dare
3329 617 3702 670 litereditatem
3735 614 3795 669 in

515 729 764 782 omnibus
825 727 1197 780 sanetiticalis.
1250 723 1365 793 lpse
1420 733 1594 776 autem
1654 718 1794 772 Deus
1853 717 1998 785 pacis
2054 723 2108 769 et
2155 716 2531 768 consolationis
2585 714 2676 767 det
2738 712 2885 764 vobis
2947 710 3172 777 idipsum
3236 721 3426 776 sapere
3481 706 3533 759 in
3587 706 3797 760 alteru-

516 832 656 876 trum
678 863 691 883 ,
725 829 779 874 et
824 820 877 873 in
928 821 1044 888 ipso
1074 834 1310 884 semper,
1345 827 1399 871 ut
1429 820 1477 871 in
1522 816 1773 869 omnibus
1815 813 2116 876 unanimes,
2153 827 2256 864 uno
2301 826 2396 864 ore
2421 819 2474 864 et
2505 825 2608 863 uno
2637 811 2794 862 corde
2828 805 3242 859 lionoriticemus
3279 817 3400 858 eum
3442 801 3494 855 in
3557 815 3792 856 concor-

514 915 601 970 dia
640 914 954 969 orthodoxa:
996 913 1114 967 iidei
1144 915 1323 984 (Itoni.
1358 913 1470 980 xv),
1501 911 1588 978 qui
1628 918 1805 976 potens
1854 917 1925 959 est
1968 907 2270 973 conﬁrmare
2297 921 2389 957 nos
2416 904 2691 957 secundum
2735 899 3066 968 Evangelium
3100 901 3232 964 eius,
3280 897 3561 950 secundum
3592 896 3796 949 revela-

515 1008 701 1059 tionem
735 1015 910 1074 mystet
926 1004 961 1056 ii
991 1004 1294 1072 temporibus
1339 1002 1538 1054 a'ternis
1588 1000 1747 1062 taciti,
1797 996 2039 1066 patefacti
2069 1004 2235 1048 autem
2266 1011 2353 1064 per
2383 994 2678 1063 Scriptura:
2726 1001 2948 1053 sanctas,
3000 997 3053 1044 et
3095 997 3306 1056 patrum
3353 987 3788 1042 orthodoxorum

517 1097 807 1158 doctrinas,
849 1097 1125 1148 secundum
1156 1101 1460 1162 prteceptunt
1507 1089 1682 1142 wterni
1718 1087 1833 1149 Dei,
1865 1086 1932 1136 ad
1963 1083 2299 1137 obedientium
2330 1081 2471 1148 ﬁdei,
2502 1082 2554 1133 in
2582 1081 2813 1133 omnibus
2861 1079 3006 1131 nobis
3047 1077 3240 1147 cogniti
3268 1076 3445 1146 (llam.
3491 1076 3628 1144 xw).
3663 1075 3788 1130 Soli

511 1187 743 1258 sapienti
774 1187 881 1240 Deo
915 1186 1136 1237 Domino
1165 1190 1348 1236 nostro
1370 1178 1494 1233 Jesu
1526 1178 1758 1238 Christo,
1783 1189 1901 1228 eum
1929 1174 2084 1227 Patre
2117 1183 2170 1227 et
2195 1172 2398 1240 Spiritu
2431 1181 2635 1234 sancto,
2664 1171 2852 1239 gloria,
2889 1170 3078 1235 honor,
3109 1169 3407 1238 imperium,
3453 1177 3506 1222 et
3545 1175 3792 1236 petestas

520 1281 575 1334 in
607 1279 801 1334 saecula
832 1278 1168 1330 saeculorum.
1199 1276 1389 1326 Anien.
1422 1270 1561 1323 Deus
1594 1282 1690 1320 vos
1717 1265 2011 1318 incolumes
2037 1262 2321 1328 custodiat,
2347 1262 2677 1315 dilectissimi
2712 1262 2918 1314 fratres.

1564 1465 2450 1601 EPISTULA
2545 1473 2660 1593 ΙΙ
2681 1570 2707 1613 ,

916 1687 1258 1753 MAllTlNl
1307 1684 1531 1746 PAPIE
1575 1690 1598 1716 “
1647 1683 1752 1740 AD
1799 1677 2204 1738 AMANDUM
2251 1675 2693 1738 EPISCOPUM
2740 1677 3384 1740 TRAJECTENSEM.

511 1773 849 1884 Dissttadei
881 1837 956 1878 ne
999 1817 1424 1895 episcopatum
1474 1808 1750 1873 abdicet:
1790 1802 2164 1895 mit‘tit‘a‘cta
2191 1799 2422 1895 synodi
2455 1802 2765 1891 Romanae,
2800 1806 2868 1895 ut
2896 1800 2980 1895 Dab
3015 1801 3334 1895 episcopis.
3358 1799 3604 1895 Galliae,
3636 1819 3804 1895 cort-

521 1371 3792 1422 -____,___________________————————————-———————————I—————-—H

590 1912 848 1980 gregata
879 1880 1143 1980 synodo,
1180 1883 1633 1980 conﬁrmentur
1656 1891 2009 1980 rmonet’ut
2033 1880 2350 1980 Sigeberto
2391 1883 2520 1959 regi
2551 1891 2843 1958 suggerat
2869 1883 2940 1941 de
2968 1881 3284 1942 mittendis
3315 1880 3379 1941 in
3410 1881 3617 1942 urbem
3651 1887 3799 1964 cpi-

589 1963 821 2058 ἷοοῇίε,
854 1963 960 2055 qui
998 1963 1412 2054 legatione'ud
1445 1971 1869 2046 imperatorem
1901 1963 2281 2039 fungantur.

583 2178 934 2234 Dilectissimo
966 2173 1113 2228 fratri
1143 2170 1384 2226 Amando
1420 2168 1700 2222 Martinus.

585 2266 954 2324 Fraternitatis
1008 2275 1109 2318 tum
1154 2266 1329 2318 smdio
1362 2264 1577 2329 pietatis
1624 2270 1932 2328 congestam
1981 2261 2092 2329 epi-

516 2363 708 2417 stolam
739 2359 1113 2427 suscipientes,
1147 2359 1355 2409 anitnos
1387 2365 1598 2408 nostros
1629 2356 1857 2408 relevari
1901 2371 2092 2422 COglltP

510 2454 732 2508 scimus.
781 2451 988 2519 Quippe
1035 2450 1286 2517 quoniam
1349 2445 1504 2513 hujus
1551 2447 1731 2498 sa'culi
1780 2445 2094 2512 noctivagas

513 2556 675 2616 atque
716 2542 1054 2596 transitorios
1101 2539 1482 2606 despicientem
1537 2538 1948 2602 oblectationes,
2004 2539 2093 2590 iila

509 2653 630 2703 quae
661 2644 918 2706 perpetua
944 2642 999 2687 et
1026 2632 1273 2684 sublimia
1322 2629 1459 2682 dona
1493 2645 1588 2695 pro
1618 2630 1829 2682 Domini
1869 2630 1957 2681 Dei
1994 2646 2091 2680 no-

514 2731 612 2786 stri
634 2727 907 2795 obsequiis
949 2725 1276 2785 tribuuntur,
1322 2733 1576 2790 appetere
1607 2730 1811 2772 eertum
1865 2728 1966 2772 est.
2017 2721 2090 2771 lix

509 2820 769 2875 relatione
800 2818 982 2886 igitur,
1009 2816 1158 2882 juxta
1194 2825 1435 2867 tenorem
1465 2822 1570 2863 tn.c
1598 2810 1954 2864 fraternitatis
1975 2810 2092 2877 ept-

508 2914 684 2974 stolae,
731 2909 1071 2977 praesentium
1115 2908 1319 2970 latoris,
1373 2905 1610 2958 laborum
1663 2913 1871 2955 tuorum
1919 2915 2091 2953 certa-

509 3018 630 3058 men
662 3001 1030 3071 cognovimus,
1062 3015 1124 3052 ex
1150 2999 1337 3065 quibus
1361 2998 1596 3050 caelestis
1625 3005 1805 3057 pati-ne
1827 3008 2083 3057 ascensu,

513 3095 831 3149 humilitatis
885 3091 1172 3149 tuentibus,
1224 3098 1381 3155 atque
1437 3086 1681 3137 Cotttt‘itis
1737 3083 2090 3151 corporibus,

509 3184 660 3240 vobis
687 3181 982 3236 futurorum
1011 3179 1328 3248 gaudiorum
1364 3177 1632 3242 largienda
1674 3184 1801 3227 sunt
1847 3190 2088 3227 munera.

511 3277 642 3330 Nam
672 3291 791 3329 cum
822 3274 892 3327 sit
929 3273 1055 3326 nulli
1107 3271 1326 3324 omnino
1381 3269 1768 3336 comparationi
1809 3283 2092 3334 eoa'quan-

513 3371 637 3423 dum
661 3369 799 3437 quod
841 3383 868 3420 a
900 3367 1154 3419 (Ire-atere
1196 3371 1381 3416 nostro
1427 3377 1520 3428 pro
1563 3361 1714 3414 bonis
1745 3360 1980 3414 servitiis
2010 3374 2093 3412 re-

517 3475 788 3530 pensatur,
821 3461 946 3512 dum
982 3458 1121 3511 brevi
1154 3467 1314 3524 atque
1344 3471 1508 3522 parvo
1543 3452 1798 3520 temporis
1829 3453 1999 3521 spatio
2033 3452 2092 3503 {i-

516 3556 734 3608 ninntur
780 3552 988 3603 labores
1017 3564 1150 3617 quos
1181 3562 1276 3615 pro
1316 3545 1606 3598 dilectione
1651 3545 1816 3612 ipsius
1857 3547 2090 3598 stistine-

519 3662 660 3706 tuns,
714 3643 1140 3696 consideratione
1187 3638 1450 3706 refrigerii
1500 3652 1597 3689 nos
1650 3646 1860 3704 oportet
1909 3637 2092 3690 libenti

514 3734 692 3786 animo
726 3733 953 3784 tolerare
985 3727 1266 3797 praesentis
1315 3728 1435 3778 vita:
1463 3726 1755 3793 angustias.
1789 3725 1892 3780 Sed
1927 3743 2096 3794 quatt-

521 3836 630 3880 tntn
689 3824 844 3877 nobis
899 3823 1138 3874 laborum
1198 3828 1495 3872 vestrorum
1548 3819 1788 3884 operatio
1848 3834 2094 3887 magnam

515 3916 693 3986 gaudii
723 3913 1019 3966 ubertatem
1065 3910 1287 3972 inducit,
1322 3919 1524 3960 tantum
1563 3923 1657 3973 pro
1681 3908 1875 3960 duritia
1915 3922 2096 3961 Sacer-

513 4009 699 4062 dotutn
732 4005 907 4074 gentis
934 4001 1076 4055 illius
1103 4000 1453 4063 conterimur,
1484 3999 1649 4068 quod,
1676 3999 1988 4066 postpositis
2016 4015 2100 4052 sa-

517 4099 640 4149 lutis
664 4109 776 4148 sua:
817 4091 1104 4161 snﬂ‘ragiis,
1157 4102 1316 4159 atque
1355 4089 1727 4156 Redemptoris
1767 4091 1936 4143 nostri
1975 4105 2100 4141 cou-

523 4186 810 4240 temnendo
855 4183 1097 4247 servitia,
1151 4182 1402 4234 vitiorum
1437 4180 1714 4235 fmtoribus
1761 4180 2098 4252 [lmtleribus]

521 4277 900 4345 ingravantur,
968 4275 1162 4342 quibus
1219 4273 1283 4324 ad
1348 4273 1747 4340 pt‘aiparandatn
1811 4270 2096 4325 salutentb

518 4366 956 4437 quandoquidem
1007 4373 1210 4418 tantum
1262 4379 1358 4418 nos
1401 4378 1622 4418 necesse
1667 4376 1748 4418 est
1781 4364 2100 4433 importunis

521 4459 993 4529 prtedicationibus
1053 4459 1352 4520 imminere,
1404 4468 1658 4526 quantum
1713 4474 1806 4512 nos
1851 4459 2102 4526 perfecta

520 4551 896 4621 negotiationis
939 4551 1266 4606 creditorum
1304 4551 1460 4604 nobis
1503 4554 1819 4604 talentorum
1865 4551 2102 4618 duplicat

517 4641 806 4708 assignatio
827 4649 988 4708 atque
1015 4640 1305 4693 Dominicae
1328 4642 1474 4693 vocis
1497 4641 1559 4693 ad
1577 4640 1969 4708 suscipiendam
1987 4641 2102 4709 ejus

518 4733 752 4800 requiem
781 4736 1066 4798 persuadet
1109 4733 1359 4784 asset-tio.
1394 4733 1713 4800 Suggestum
1745 4743 1826 4784 est
1872 4749 2103 4800 namque

521 4824 698 4888 nobis,
743 4839 807 4876 eo
836 4824 976 4890 quod
1003 4823 1325 4891 presbyteri,
1372 4839 1465 4878 seu
1500 4824 1734 4888 diaconi,
1783 4824 1977 4891 aliique
2010 4839 2097 4877 sa-

2123 2177 2172 2233 Α
2203 2169 2440 2222 iteraverit
2484 2183 2640 2236 usque
2683 2167 2736 2220 in
2783 2165 2936 2236 ﬁnem
2986 2165 3204 2238 (Manli.
3250 2186 3303 2236 x,
3356 2169 3457 2239 2:2;
3497 2184 3640 2242 xxiv,
3679 2177 3793 2245 15),

2207 2262 2360 2316 Unde
2411 2276 2639 2327 namque
2692 2261 2843 2314 beata
2895 2264 3311 2328 perseverantia,
3362 2266 3460 2319 nisi
3502 2266 3570 2320 de
3598 2269 3799 2326 virtute

2199 2352 2502 2420 patientiae?
2532 2353 2673 2418 quia,
2721 2351 3015 2404 secundum
3073 2356 3420 2419 apostolicam
3456 2358 3816 2422 prmdicatiao"

2196 2461 2316 2498 nem
2350 2463 2360 2496 :
2397 2445 2581 2498 Omnes
2603 2446 2690 2500 aui
2714 2443 2962 2496 coluerint
2985 2446 3036 2497 ia
3070 2444 3273 2500 Christo
3295 2450 3375 2515 p’e
3403 2451 3586 2517 vivere,
3618 2469 3798 2520 perse-

2195 2537 2422 2588 cutiones
2468 2536 2724 2602 patientur
2776 2533 2859 2604 (ll
2905 2534 3040 2587 Tim.
3087 2552 3162 2601 Ill,
3199 2538 3310 2606 12).
3346 2538 3595 2607 ideoque,
3629 2542 3798 2597 fratet‘

2196 2626 2535 2694 chariSsime,
2584 2641 2689 2679 non
2736 2639 2831 2679 vos
2879 2625 3229 2682 afﬂictionutn
3273 2631 3575 2685 amaritudo
3620 2647 3648 2685 a
3701 2633 3796 2701 pio

2196 2716 2391 2769 mentis
2422 2723 2615 2769 vestra:
2649 2714 2920 2783 proposito
2960 2727 3199 2770 coarctet
3240 2719 3513 2784 recedere,
3543 2721 3796 2776 conside-

2198 2819 2322 2859 rans
2370 2815 2569 2876 quanta
2621 2820 2719 2873 pro
2764 2804 3102 2860 absolutione
3148 2808 3314 2863 nostri
3370 2819 3424 2863 et
3475 2810 3794 2866 liberatione

2197 2896 2423 2950 Creator
2457 2897 2820 2964 Dominusque
2851 2905 3032 2951 noster
3065 2899 3364 2967 pertulerit,
3400 2901 3695 2971 quibusque
3728 2919 3795 2959 se

2197 2990 2535 3042 contumeliis
2568 2990 2908 3043 al'ticietidtttu
2943 2992 3237 3057 tradiderit,
3270 3003 3327 3048 ut
3367 3009 3461 3048 nos
3499 3013 3527 3048 a
3561 2996 3794 3052 vinculis

2198 3081 2472 3134 diabolieze
2504 3082 2778 3146 pultSlJliS
2827 3082 3101 3135 liberaret.
3157 3082 3443 3152 Propterea
3485 3088 3790 3143 nullatenus

2198 3172 2249 3224 in
2285 3171 2588 3239 hujusntodi
2623 3182 2842 3238 pecean
2873 3173 3302 3242 delinquentibus
3351 3177 3415 3230 ad
3466 3178 3793 3232 dest-rttetios

2198 3280 2316 3317 nem
2349 3279 2611 3317 canonum
2641 3264 3068 3330 eompassionem
3097 3264 3372 3320 exhibeas.
3409 3266 3536 3321 Nam
3568 3268 3657 3336 qui
3688 3283 3788 3322 sed

2201 3355 2303 3407 mel
2340 3362 2458 3421 post
2482 3368 2631 3406 suam
2661 3354 3054 3408 ordinationem
3081 3353 3130 3406 in
3163 3355 3367 3419 lapsum
3391 3357 3662 3422 ceciderit,
3689 3357 3792 3414 ded

2200 3443 2381 3510 inceps
2407 3444 2515 3511 jam
2545 3442 2819 3507 depositus
2847 3444 2970 3507 erit,
3003 3444 3313 3511 nullumque
3346 3447 3567 3513 gradum
3605 3462 3791 3502 sacer-

2200 3535 2328 3588 dotii
2358 3534 2550 3600 poterit
2579 3533 2832 3602 adipisci;
2859 3533 2952 3588 sed
2983 3535 3213 3586 sul't‘teiat
3235 3534 3281 3588 ei
3312 3535 3788 3592 lamentationibus

2203 3626 2518 3693 lleiibusqne
2567 3623 2796 3676 383itilli$
2854 3638 3131 3692 quousque
3184 3624 3445 3679 advixerit
3494 3627 3545 3679 in
3597 3629 3791 3684 eadem

2203 3718 2512 3786 pmiiitentia
2567 3719 2875 3783 perdurare,
2926 3726 2983 3769 tit
3027 3719 3372 3772 commissum
3417 3720 3668 3776 delictum
3706 3724 3794 3779 di-

2204 3810 2321 3863 vina
2358 3823 2524 3876 grana
2555 3810 2898 3876 exstinguere
2940 3808 3134 3862 valeat.
3169 3809 3224 3864 Si
3255 3811 3398 3864 enim
3435 3813 3568 3866 tales
3593 3815 3796 3882 quaeri-

2204 3920 2321 3955 mus
2354 3903 2419 3954 ad
2464 3917 2642 3954 suetos
2675 3902 2890 3953 ordines
2945 3904 3354 3969 promovendos,
3404 3905 3595 3971 quibus
3640 3906 3789 3962 nulla

2203 4011 2352 4063 ruga,
2398 3997 2706 4063 nullumque
2738 3995 2857 4047 vita:
2886 3998 3186 4064 contagium
3228 4008 3434 4053 tuentes
3479 4010 3532 4054 et
3558 4015 3788 4069 corpora

2204 4087 2509 4155 pratpedial,
2543 4097 2740 4154 quanto
2764 4090 2949 4154 magis,
2981 4091 3022 4141 si
3057 4099 3172 4152 post
3200 4091 3592 4145 ordinationem
3627 4109 3786 4149 suam

2203 4179 2465 4246 quispiam
2496 4178 2546 4230 in
2583 4178 2786 4244 lapsum
2809 4180 3083 4243 cetiiderit,
3110 4190 3163 4234 et
3186 4184 3631 4248 praivaricationis
3662 4199 3791 4253 pec~

2203 4277 2324 4322 cato
2371 4267 2804 4335 deprehendatur
2844 4270 3127 4333 obnoxius,
3160 4274 3380 4325 omnino
3421 4274 3790 4343 prohibendus

2203 4371 2286 4416 est
2312 4377 2429 4417 cum
2462 4364 2708 4417 manilius
2740 4365 3007 4420 lutulentis
3037 4377 3193 4434 atque
3226 4369 3444 4434 pollutis
3471 4374 3792 4441 mysterium

2205 4464 2398 4507 DOSU'iB
2447 4456 2631 4506 salutis
2665 4457 2937 4508 tractare?
2970 4458 3154 4521 Sitque
3201 4458 3504 4527 hujusmodi
3548 4478 3787 4533 semper,

2201 4545 2350 4612 juxta
2382 4561 2658 4598 sacrorum
2687 4561 2950 4600 canonum
2985 4559 3201 4612 statuta,
3235 4550 3282 4602 in
3320 4550 3418 4606 hac
3469 4552 3572 4607 vita
3621 4554 3791 4623 depo-

2205 4638 2352 4702 situs,
2389 4648 2444 4690 ut
2470 4639 2536 4691 ab
2570 4639 2658 4692 illo
2699 4642 2785 4706 qui
2819 4641 3012 4694 mentis
3056 4642 3310 4696 interiora
3350 4659 3637 4717 scrutatur,
3671 4651 3793 4704 nul-

2209 4728 2419 4796 lamque
2449 4731 2514 4782 de
2546 4730 2735 4784 ovibus
2771 4746 2954 4786 errare
3001 4735 3320 4802 congaudet,
3363 4737 3487 4790 dum
3518 4743 3792 4805 aspexerit

2205 4819 2468 4874 sinceram
2519 4822 2884 4888 pwuitentiam
2934 4824 3069 4890 eius,
3107 4827 3155 4876 in
3210 4827 3428 4880 terribili
3465 4829 3664 4897 judicio
3696 4834 3794 4886 ha-

517 4913 808 4969 cerdotalis
848 4912 1032 4976 ofﬁcii,
1079 4925 1200 4982 post
1254 4929 1379 4968 suas
1431 4916 1795 4969 ordinationes
1844 4915 1893 4967 in
1944 4916 2096 4983 lapsu
2128 4951 2170 5013 Ο
2208 4915 2326 4969 heat
2357 4918 2781 4968 reconeiliatmn.
2815 4917 3042 4986 Ideoque
3073 4919 3265 4972 iterum
3300 4922 3575 4976 hortamur
3605 4923 3790 4978 chari-

517 5005 949 5072 coinquiuantur,
999 5014 1052 5057 et
1100 5015 1377 5073 propterea
1423 5007 1590 5058 nimio
1630 5020 1859 5059 moirore
1907 5009 2096 5059 frater-

518 5094 737 5148 nitatem
773 5101 914 5146 tuam
945 5095 1188 5162 astringi,
1218 5095 1456 5163 velleque
1491 5098 1752 5162 pastorale
1781 5095 2094 5164 obsequium

520 5197 616 5247 pro
643 5197 825 5237 eorum
856 5183 1214 5236 inobedicntia
1254 5185 1549 5252 deponere,
1585 5197 1636 5237 et
1669 5187 1997 5237 vacationem
2032 5189 2098 5238 ab

517 5276 856 5344 episc0patus
906 5275 1170 5329 laboribus
1218 5275 1434 5342 eligere,
1485 5286 1540 5329 et
1589 5277 1641 5328 in
1690 5275 1901 5328 silentio
1939 5292 2099 5344 atque

517 5366 629 5420 Otio
659 5367 814 5420 vitam
847 5366 1059 5432 degere,
1095 5382 1249 5436 quam
1285 5369 1335 5418 in
1389 5368 1468 5420 his
1516 5384 1631 5434 quae
1682 5369 1768 5420 tibi
1813 5373 2097 5425 Commissa

519 5465 644 5511 sunt
669 5473 997 5526 permanere,
1030 5459 1236 5512 dicente
1269 5459 1492 5512 Domino
1529 5475 1540 5510 :
1575 5458 1765 5513 Beatus
1803 5461 1888 5528 qui
1927 5478 2098 5530 perse-

589 5602 616 5629 ἰ
662 5592 872 5645 Martini
901 5609 1047 5659 papa:
1076 5592 1306 5656 epistola.
1339 5591 1608 5660 Synoduni
1642 5591 1930 5647 Romanam
1966 5595 2102 5647 Mar-

523 5663 615 5715 titti
652 5678 798 5729 papm
829 5664 1087 5716 adversus
1115 5663 1505 5726 .‘ilonothelitas,
1530 5665 1681 5732 cujus
1705 5676 1817 5717 acta
1849 5681 1968 5717 cum
2002 5668 2100 5718 hac

517 5735 744 5800 epistola
793 5738 840 5782 in
886 5732 1108 5784 Gallium
1156 5734 1311 5784 missa
1355 5744 1495 5797 sunt,
1529 5737 1850 5788 celebratam
1891 5743 2101 5788 Constat

526 5817 708 5858 mense
758 5802 1011 5869 Octobri,
1059 5816 1198 5855 anno
1239 5803 1438 5856 Christi
1495 5807 1618 5858 ($59.
1679 5807 1885 5875 St‘ripta
1943 5807 2100 5875 igitur
2167 5864 2178 5871 ,

2208 5019 2368 5062 tatem
2403 5020 2563 5073 tuam,
2589 5012 2838 5080 exemplo
2863 5011 2977 5073 eius
3010 5015 3096 5078 qui
3132 5030 3226 5081 pro
3254 5015 3410 5070 nobis
3440 5018 3541 5083 pati
3569 5028 3620 5072 et
3651 5022 3791 5076 moti

2205 5101 2397 5164 voluit,
2431 5115 2704 5171 promptos
2755 5118 2849 5157 vos
2899 5105 2947 5155 itt
2997 5107 3205 5158 cunctis
3253 5107 3370 5174 ejus
3407 5110 3634 5164 servitiis
3678 5127 3796 5177 per-

2205 5207 2440 5245 manere.
2473 5192 2655 5255 Nettue
2680 5196 2855 5262 pigeat
2878 5206 2896 5232 ε
2929 5210 3021 5247 vos
3052 5199 3371 5262 temporales
3403 5201 3665 5254 cruciatus
3693 5218 3793 5269 pro

2205 5281 2396 5334 Cliri~ti
2451 5285 2664 5336 nomine
2714 5285 2997 5346 sustinere,
3052 5288 3143 5338 sed
3196 5290 3554 5344 emolumenta
3599 5292 3793 5348 futurae

2205 5376 2651 5426 remittit-rationis
2688 5376 2843 5441 hujus
2867 5377 3046 5428 sareuli
3081 5377 3384 5433 vexationes
3413 5383 3640 5438 tolerare
3671 5402 3794 5451 prr-

2206 5481 2266 5516 sn
2288 5469 2487 5517 ideant.
2518 5467 2782 5532 Setiptunt
2810 5482 3038 5533 namque
3069 5479 3149 5521 est
3176 5487 3185 5520 :
3221 5471 3357 5532 Quid
3385 5473 3658 5527 retribuam
3685 5474 3792 5528 Do-

2207 5597 2443 5672 ριιὶιιοιτιΔ
2481 5598 2560 5672 vel
2607 5598 2788 5672 eodem
2841 5613 2963 5649 mox
3017 5613 3156 5650 anno
3205 5613 3453 5672 exeunte,
3501 5608 3580 5662 vel
3639 5610 3794 5668 initio

2205 5668 2493 5731 sequentis.
2531 5669 2644 5719 Jac.
2678 5671 2784 5720 Sin.

2277 5734 2303 5772 ι’
2336 5737 2431 5788 llic
2462 5741 2650 5790 deesse
2682 5739 2873 5803 aliquid
2908 5739 3136 5793 Videtur.
3181 5741 3352 5795 "sub.

2283 5816 2302 5844 ε
2348 5808 2490 5861 Εώι.
2526 5809 2676 5863 liozu.
2709 5811 2860 5864 habet
2889 5827 2995 5862 tios.
