4002 6350
223 349 312 408 137

1425 334 1804 393 EI‘iSIOL/E.
1834 360 1900 374 ο-
1928 333 2138 390 EPIST.
2192 331 2274 387 Ill.

3369 326 3470 382 I38

228 467 347 520 mino
372 477 469 533 pro
497 456 744 514 omnibus
769 471 883 527 quae
905 452 1134 510 retribuit
1166 451 1331 506 mihi?
1353 447 1576 505 Calicem
1600 450 1795 503 aaluta-
1825 453 1875 514 Α
1903 447 2020 513 bus,
2070 461 2175 501 uno
2228 459 2323 500 ore
2370 457 2580 514 unoque
2617 443 2814 512 spiritu
2864 441 3357 505 condemnavimus,
3416 446 3478 494 ut

221 556 282 610 rit
299 553 569 620 occipiam,
593 561 640 605 et
665 565 853 603 nomen
879 545 1084 600 Domini
1105 545 1367 598 invocabo.
1396 544 1626 597 Tantum
1651 542 1793 597 enim

221 645 410 700 nobis
435 641 700 711 exigitur,
725 647 983 708 quantum
1006 650 1288 706 possumus
1319 635 1603 688 famulatus
1629 633 1796 686 nostri

223 733 470 802 obsequio
498 729 876 786 commodare.
909 727 1151 797 Cumque
1180 735 1370 781 cuncta
1400 741 1517 793 qua:
1548 725 1702 778 nobis
1731 723 1796 778 ad

221 821 594 878 confortandos
643 818 996 875 fraternitatis
1048 825 1246 871 vestrae
1300 816 1506 869 animos
1556 823 1801 882 pcterant

221 913 545 978 ministrari,
587 912 847 982 largiente
889 922 1133 978 supernae
1181 907 1470 977 Majestatis
1518 904 1799 958 clementia

222 1003 359 1060 vobis
379 1003 492 1059 sint
518 1005 710 1074 procul
739 1001 902 1056 dubio
933 998 1292 1064 manifestata,
1320 1007 1484 1053 restat
1508 1007 1559 1050 ut
1592 997 1657 1051 de
1685 997 1801 1050 aliis

220 1109 324 1163 qua:
351 1109 454 1150 nos
485 1109 584 1162 per
603 1108 701 1149 sua
722 1094 916 1162 scripta
943 1089 1222 1155 consuluit,
1255 1088 1578 1142 fraternitati
1608 1094 1802 1140 vestra:

219 1181 604 1253 signiﬁcemus.

278 1274 567 1331 Credimus
597 1273 800 1330 etenim
844 1273 910 1328 ad
937 1287 1032 1328 vos
1063 1271 1381 1340 pervenisse
1425 1269 1696 1339 quomodo
1750 1268 1801 1321 in

221 1367 626 1422 contnrbatione
655 1374 815 1420 rectae
847 1365 991 1430 fidei,
1015 1372 1069 1418 et
1095 1362 1371 1418 catholica:
1399 1361 1654 1416 Ecclesiae
1679 1375 1806 1413 cou-

220 1456 548 1521 culcatione,
582 1465 709 1510 ante
748 1455 847 1510 hos
873 1468 1043 1508 annos
1069 1454 1186 1523 plus
1216 1452 1389 1508 minus
1419 1451 1741 1520 quindecim,
1775 1465 1803 1501 a

221 1545 403 1616 Sergio
429 1545 579 1600 falso
607 1546 862 1614 episcOpo
887 1544 1498 1612 ConstantinOpolitano,
1524 1543 1574 1596 in
1609 1542 1807 1596 auxilio

222 1634 446 1690 habente
476 1645 605 1689 tunc
656 1636 1006 1703 imperantem
1041 1633 1366 1698 Heraclium,
1400 1631 1724 1688 exsecranda
1755 1641 1838 1685 ct‘

223 1724 585 1780 abominanda
610 1725 847 1780 "heresis
886 1724 1188 1796 pullulavit,
1222 1724 1718 1793 Apollinaristarnm
1755 1733 1808 1776 et

1897 546 2283 606 cognoscentes
2313 534 2542 589 universi
2572 549 2808 588 errorem
2839 535 2927 602 qui
2961 533 3010 586 in
3041 533 3119 587 eis
3149 532 3474 596 continetur,

1897 643 2081 682 eorum
2116 628 2402 696 pollutione
2432 628 2734 682 nullatenus
2763 627 3117 680 tnaculcntur.
3156 624 3306 679 Unde
3337 638 3478 691 pra:-

1903 717 2132 773 vidimus
2172 720 2438 774 volumina
2465 728 2733 790 gestorum
2765 719 3095 790 synodalium
3127 719 3177 771 in
3228 717 3480 785 praesenti

1899 811 2050 864 vobis
2079 809 2324 879 dirigere,
2353 825 2451 863 una
2481 825 2600 864 cum
2627 811 2860 880 encyclia
2901 819 3103 863 noStra.
3143 808 3220 862 Ex
3253 823 3480 877 quorum

1901 903 2040 957 serie
2069 904 2244 956 omnia
2292 902 2556 956 subtiliter
2587 903 2812 970 potestis
2843 902 3123 954 addiscere
3148 910 3200 954 et
3233 899 3480 953 tenebras

1905 993 2115 1046 illorum
2147 992 2447 1059 nobiscum,
2481 1001 2538 1046 ut
2566 991 2657 1045 filii
2690 992 2844 1059 fut-is,
2879 993 3238 1061 exstinguere.
3280 991 3483 1044 Idcirco

1903 1087 2116 1142 studeat
2142 1085 2447 1141 fraternitas
2478 1095 2568 1140 tua
2610 1087 2857 1142 omnibus
2902 1087 3087 1142 eadem
3119 1086 3481 1152 innotescere,

1906 1190 1962 1234 ut
2005 1191 2108 1234 tam
2153 1179 2563 1234 abominandam
2606 1179 2849 1234 haeresim
2879 1179 3155 1234 nobiscum
3192 1192 3484 1234 exsecren-

1909 1281 2012 1335 tur,
2045 1285 2311 1340 quamque
2339 1284 2448 1324 sua:
2491 1269 2680 1324 salutis
2723 1277 3059 1325 Sacramenta
3085 1271 3366 1325 addiscere
3397 1285 3488 1322 va-

1909 1362 2072 1427 leattt,
2119 1373 2282 1431 atque
2332 1361 2574 1432 synodali
2605 1362 2960 1416 conventione
2988 1363 3223 1416 omnium
3263 1361 3488 1416 fratrum

1907 1465 1958 1507 et
1987 1453 2425 1520 coepiscoporum
2459 1463 2761 1505 nostrorum
2791 1451 3019 1519 partium
3044 1453 3251 1506 illarum
3277 1449 3487 1518 effecta,

1909 1544 2197 1599 secundum
2246 1553 2482 1597 tenorem
2510 1543 2764 1611 encyclia:
2794 1559 2822 1596 a
2854 1544 3008 1597 nobis
3033 1543 3252 1598 directa:
3288 1543 3488 1610 scripta

1911 1650 2012 1688 una
2033 1649 2154 1688 cum
2175 1632 2649 1701 subscriptionibus
2673 1633 2864 1687 vestris
2883 1633 3149 1687 nobismet
3171 1633 3488 1688 destiuanda

1911 1725 2304 1787 concelebrent,
2337 1720 2716 1776 confirmantes
2764 1730 2923 1790 atque
2967 1723 3367 1776 consentientes
3413 1722 3490 1776 eis

223 1813 660 1880 Severianorum,
715 1813 1236 1884 Eutychianistarnm
1285 1823 1445 1884 atque
1491 1813 1806 1866 Manicluro-
1844 1838 1884 1896 Β
1913 1834 2030 1887 quae
2063 1832 2157 1887 pro
2183 1817 2496 1880 orthodoxa,
2517 1816 2620 1870 fide
2647 1826 2699 1868 et
2729 1815 3092 1870 destructione
3121 1817 3489 1871 haereticomtn

224 1920 335 1960 rum
369 1919 618 1961 errorem
651 1921 919 1960 renovatis
953 1923 965 1958 :
995 1922 1152 1974 quam
1190 1917 1470 1961 successor
1514 1908 1628 1974 ejus
1674 1904 1802 1974 Pyr-

227 1997 365 2062 rhus,
400 1997 660 2066 idemque
690 1997 992 2066 episcopus,
1027 1998 1114 2065 qui
1144 1996 1449 2051 ambitionis
1487 1995 1624 2049 fastu
1663 1995 1806 2049 Con-

222 2089 754 2157 ctantinopolitanam
791 2089 972 2142 sedem
999 2089 1246 2157 arripuit,
1280 2088 1334 2142 in
1377 2087 1610 2140 deterius
1639 2085 1806 2139 auxit.

225 2177 325 2234 Pro
351 2193 458 2249 qua
501 2195 567 2234 re
603 2179 802 2249 saepius
831 2179 1121 2248 apostolica
1161 2179 1316 2234 sedes
1347 2179 1804 2247 persuasionibus,

223 2271 706 2327 oontestationibus
733 2280 894 2338 atque
925 2271 1379 2340 increpationibus
1413 2269 1678 2338 plurimis,
1715 2268 1807 2323 ad.

226 2364 430 2421 monuit
455 2377 575 2432 eos,
601 2372 865 2432 quatenus
888 2363 956 2416 ab
975 2362 1234 2432 ejusmodi
1261 2377 1446 2418 errore
1473 2361 1805 2427 recederent,

228 2462 280 2509 et
303 2453 369 2507 ad
395 2451 580 2508 lumen
611 2453 842 2521 pietatis,
873 2466 940 2507 ex
986 2466 1092 2522 quo
1121 2452 1250 2520 lapsi
1293 2464 1436 2517 sunt,
1484 2455 1806 2506 remearent.

232 2543 292 2598 Et
313 2557 422 2597 non
449 2543 624 2597 solum
653 2541 753 2597 hoc
782 2542 956 2597 facere
985 2543 1287 2598 nullatenus
1308 2544 1613 2607 voluerunt,
1637 2543 1730 2597 sed
1757 2552 1812 2597 et

231 2649 368 2690 nunc
395 2648 681 2690 successor
706 2637 823 2704 ejus
864 2636 1078 2699 Paulus,
1109 2646 1396 2692 temerator
1426 2630 1568 2702 fidei,
1599 2639 1810 2704 episco-

241 2740 338 2795 pus
364 2725 1006 2796 Constantinopolitanus,
1051 2727 1193 2782 aliud
1230 2727 1451 2798 nequius
1494 2729 1815 2797 excogitavit

239 2819 290 2873 in
317 2818 683 2886 pmjndicium
709 2817 984 2873 catholica:
1016 2819 1137 2875 fidei
1175 2834 1468 2887 conamen,
1503 2820 1654 2888 quasi
1695 2834 1812 2889 qua:

229 2907 660 2964 adecessoribus
707 2909 821 2964 suis
877 2911 1124 2965 heretica
1171 2911 1417 2980 exposita
1469 2910 1687 2965 fuerunt
1721 2910 1816 2964 de-

230 3010 466 3070 strucns,
487 3010 546 3057 et
565 3001 898 3070 imperiaiem
931 3011 1135 3073 typum,
1175 3004 1443 3072 sacrilego
1472 3019 1623 3066 ausu,
1652 3003 1814 3057 totius

233 3091 446 3159 plenum
497 3091 755 3162 perfidia,
802 3107 832 3146 a
880 3091 1300 3148 clementissimo
1347 3093 1588 3164 principe
1631 3101 1815 3147 nostro

1911 1909 2144 1964 vesaniae
2177 1922 2348 1976 nuper
2375 1919 2576 1962 exortae
2605 1922 2633 1959 a
2661 1907 2814 1960 nobis
2863 1915 3064 1960 statuta
3095 1916 3238 1960 sunt.
3272 1908 3334 1961 Et
3358 1916 3382 1944 α
3406 1906 3491 1962 Si-

1909 2000 2184 2070 gebertum
2232 1999 2783 2067 praecellentissimum
2834 1994 2998 2050 filium
3041 2008 3279 2050 nostrum
3311 2012 3491 2066 regem

1912 2091 2256 2154 Francorum,
2286 2106 2382 2160 pro
2407 2105 2518 2144 sua:
2547 2089 2968 2144 Christianitatis
3013 2090 3248 2143 remedio
3276 2092 3494 2144 consul-

1911 2185 2117 2238 tissime
2163 2183 2390 2236 admone
2437 2192 2594 2252 atque
2641 2195 2902 2250 precare,
2956 2179 3186 2250 dirigere
3235 2180 3386 2233 nobis
3425 2194 3495 2234 ex

1909 2288 2135 2344 corpore
2164 2274 2382 2328 fratrum
2415 2281 2720 2328 nostrorum
2759 2257 3142 2326 dilectissimos
3193 2271 3497 2340 episcopos,

1909 2366 1998 2436 qui
2046 2364 2192 2419 sedis
2237 2365 2547 2433 apostolicae
2600 2363 2898 2432 legatione,
2936 2361 3114 2417 divina
3165 2363 3498 2417 concedente

1915 2456 2306 2525 propitiatione,
2340 2453 2487 2526 fungi
2521 2455 2770 2522 debeant,
2792 2464 2846 2510 et
2875 2469 2993 2524 quae
3023 2456 3076 2508 in
3089 2465 3281 2509 nostro
3305 2457 3492 2510 conci-

1910 2547 1984 2601 lio
2012 2555 2221 2616 peracta
2252 2556 2390 2612 sunt,
2423 2545 2450 2585 ι’
2481 2561 2602 2602 cum
2646 2546 2730 2601 his
2767 2547 3110 2618 synodalibus
3137 2548 3382 2616 apicibus
3410 2562 3501 2602 ve-

1913 2637 2040 2694 stris
2066 2680 2084 2707 ,
2132 2638 2197 2690 ad
2237 2639 2710 2694 clementissimum
2762 2639 3056 2708 principem
3098 2650 3337 2694 noSIrum
3382 2641 3499 2692 sine

1914 2730 2074 2785 dubio
2096 2739 2390 2798 asportare,
2415 2740 2470 2784 ut
2494 2738 2794 2784 nostrorum
2819 2731 3058 2784 laborum
3087 2732 3351 2799 particeps
3370 2729 3502 2784 effe-

1913 2832 2052 2886 ctus,
2087 2821 2347 2876 mercedis
2373 2821 2646 2875 cumulum
2677 2820 2896 2890 adipisci
2931 2821 3122 2888 valeat,
3153 2829 3207 2875 et
3233 2822 3315 2874 sui
3347 2821 3499 2890 regni

1916 2921 2272 2984 protectorem
2321 2913 2559 2968 inveniat
2586 2927 2734 2978 eum,
2761 2911 2912 2982 cujus
2955 2926 3114 2968 causa
3154 2911 3381 2981 flagitari
3405 2912 3499 2966 di-

1883 2992 1886 2995 1
1916 3012 2210 3082 gnoscitur.
2247 3008 2358 3064 lloc
2385 3023 2615 3077 namque
2647 3016 2704 3064 et
2745 3007 2798 3062 in
2828 3006 2944 3077 ejus
2973 3006 3199 3076 epistola
3227 3005 3499 3061 exhortari

1917 3117 2037 3156 eum
2068 3099 2434 3168 cognovimus.
2471 3097 2743 3167 Reliquias
2767 3113 2896 3152 vero
2925 3107 3253 3161 sanctorum,
3285 3099 3353 3153 de
3383 3100 3500 3166 qui-

205 3179 345 3235 ‘ﬁel'i
390 3183 680 3250 persuasit,
729 3183 782 3238 in
831 3198 937 3254 quo
985 3185 1373 3254 promulgatum
1415 3195 1497 3240 est
1540 3194 1599 3240 υῑ
1625 3200 1811 3241 omnes
1840 3199 1886 3262 ο
1918 3193 2014 3247 bus
2053 3194 2392 3260 prarsentium
2443 3190 2580 3244 lator
2629 3205 2725 3244 nos
2763 3189 3066 3256 admonuit,
3097 3191 3210 3245 dari
3243 3189 3494 3259 praecepi-

232 3273 406 3341 populi
447 3271 737 3331 Christiani
779 3277 1001 3332 credere
1046 3277 1374 3333 debuissent.
1432 3279 1660 3349 ldeoque
1719 3296 1808 3335 ne-

231 3377 380 3419 cesse
413 3363 722 3431 habuimus,
768 3380 836 3421 ne
853 3382 958 3437 pro
982 3368 1206 3438 quadam
1256 3368 1571 3439 negligentia
1602 3379 1654 3424 et
1698 3371 1811 3424 ani-

233 3466 437 3507 marum
465 3453 788 3510 detrimento
810 3470 930 3526 qum
957 3455 1107 3511 nobis
1135 3459 1435 3512 commissae
1461 3467 1608 3523 sunt,
1641 3458 1812 3526 culpa:

235 3551 376 3595 reatu
428 3542 830 3611 astringamur,
876 3555 1071 3601 emtum
1121 3549 1420 3616 generalem
1479 3547 1700 3603 fratrum
1758 3559 1811 3602 et

235 3633 604 3700 coepiscornm
633 3644 936 3690 nostrorum
969 3638 1021 3690 in
1050 3635 1148 3691 hac
1168 3635 1409 3690 Romana
1442 3637 1653 3693 civitate
1682 3653 1813 3692 con-

236 3733 474 3788 gregare.
510 3721 568 3774 In
595 3737 820 3790 quorum
863 3725 1142 3792 praesentia
1186 3735 1599 3780 memoratorum
1648 3727 1814 3780 haere-

239 3809 460 3864 ticorum
479 3812 748 3867 scelerosa
771 3815 1070 3884 conscripta
1092 3819 1389 3872 examinata
1414 3828 1571 3886 atque
1591 3818 1817 3871 denuda-

240 3907 288 3952 ta
311 3904 837 3972 sunt,etapostolico
857 3920 1134 3973 mucrone,
1153 3905 1478 3978 Patremque
1494 3905 1818 3964 definitioni-

238 4099 252 4112 .
304 4040 344 4115 '_
369 4031 693 4115 Sigebertum
735 4053 922 4115 regem,
966 4039 1253 4115 pagoberti
1283 4055 1473 4109 nempe
1489 4042 1692 4115 tilium,
1731 4040 1818 4115 qui

237 4103 592 4180 i_r_t__A_t_tst_r_asia
639 4103 914 4180 regnabat.
952 4103 1071 4180 ‘Ex'
1090 4111 1242 4164 Actis
1282 4103 1441 4180 porro
1488 4112 1618 4166 Vita:
1649 4103 1820 4165 sancti

239 4169 540 4256 litigii,‘lib.
572 4189 612 4237 t,
647 4169 765 4243 cap.
797 4179 888 4241 53,
930 4178 1096 4244 liquet
1112 4169 1319 4256 eadem
1358 4190 1506 4256 gesta
1547 4183 1822 4256 synodalia

234 4241 298 4296 ad
319 4243 647 4298 ulodoveum
672 4241 882 4316 quoque
906 4241 1084 4318 regem
1109 4241 1386 4320 Sigeberti
1397 4241 1614 4306 fratrem
1638 4252 1824 4318 missa,

242 4352 1288 4385 ..__________________

1223 4375 2133 4606 EPISTOLA
2225 4473 2460 4620 111,

1914 3301 2052 3340 mus.
2087 3285 2215 3339 Nam
2239 3284 2450 3340 codices
2468 3283 2582 3354 jam
2611 3269 3012 3339 exiuanitisunt
3033 3300 3059 3337 a
3089 3295 3268 3338 nostra
3297 3285 3494 3338 biblio-

1915 3377 2087 3442 theca,
2125 3385 2181 3430 et
2222 3376 2360 3430 unde
2396 3377 2444 3429 ei
2481 3377 2609 3430 dare
2644 3376 2946 3429 nullatenus
2986 3375 3293 3438 habuimus;
3343 3383 3493 3426 tran-

1913 3471 2148 3523 scribere
2187 3476 2364 3522 autem
2411 3481 2514 3520 non
2567 3467 2758 3535 potuit,
2799 3467 3045 3533 quoniam
3088 3465 3398 3519 festinanter
3424 3464 3495 3519 de

1917 3561 2014 3615 hac
2043 3560 2253 3614 civitate
2283 3557 2483 3626 regredi
2521 3557 2842 3624 properavit.
2879 3557 2966 3609 llis
2997 3557 3154 3624 igitur
3185 3556 3493 3626 prmlibatis,

1915 3667 2034 3719 qua:
2065 3665 2094 3702 a
2122 3649 2275 3704 nobis
2300 3662 2390 3715 per
2421 3647 2699 3716 epistolam
2725 3646 2872 3701 vobis
2892 3647 3088 3716 scripta
3111 3657 3256 3712 sunt,
3280 3645 3492 3701 effectui

1919 3741 2209 3811 mancipari
2257 3739 2639 3793 fraternitatem
2684 3747 2910 3793 vestram
2953 3738 3248 3792 hortamur.
3279 3738 3416 3791 Deus
3449 3749 3500 3792 te

1887 3889 1892 3897 .
1917 3837 2238 3893 incolumem
2267 3832 2555 3899 custodiat,
2589 3831 2934 3886 dilectissime
2961 3830 3142 3886 frater.

1921 4037 2008 4107 qui
2041 4035 2092 4090 in
2123 4032 2364 4107 Neustria
2390 4041 2444 4107 et
2466 4028 2791 4107 Burgundio,
2809 4029 2910 4083 hoc
2932 4038 3033 4095 e51,
3061 4029 3110 4081 in
3135 4030 3300 4083 altera
3329 4029 3498 4081 Frau-

1924 4101 2023 4162 éici
2050 4104 2199 4173 regni
2232 4114 2396 4170 parte,
2431 4102 2740 4168 imperabat.
2777 4101 2848 4154 In.

1998 4177 2022 4258 ξι
2064 4170 2204 4229 Edit.
2240 4173 2394 4228 Rom.
2429 4191 2442 4227 :
2474 4188 2589 4226 cum
2631 4173 2744 4225 altis
2789 4170 3117 4240 synodalibus
3155 4171 3382 4239 apicibus
3409 4185 3499 4222 no-

1925 4257 2062 4300 stris.

2589 4367 2615 4384 Γ

1141 4669 1246 4729 AD
1291 4667 1822 4730 CONSTANTEM
1869 4663 2454 4727 IMPERATOREM
2489 4671 2538 4722 ⁸.

278 4786 566 4850 Nuntiat
595 4785 1166 4849 Monothelitarum
1189 4786 1465 4848 haeresim
1497 4787 1565 4846 in
1594 4785 1892 4856 concilio,
1921 4783 2100 4860 cujus
2123 4789 2262 4842 acta
2287 4779 2695 4860 transmittit,
2732 4779 3102 4846 damnatam,
3137 4779 3458 4860 ipsumque

1133 4867 1215 4927 ad
1240 4865 1500 4926 eamdem
1527 4865 1803 4924 hwresim
1831 4859 2242 4922 damnandam
2276 4859 2597 4918 hortatur.

553 5056 902 5126 ιῦσεϐεστάτῳ
919 5059 1002 5110 καὶ
1023 5055 1340 5129 ’γαληνοτάτῳ
1355 5062 1514 5127 νικιτῇ
1534 5055 1809 5128 «perrarou-

1993 5047 2217 5102 Domino
2245 5045 2482 5114 piissimo
2511 5052 2566 5100 et
2593 5047 2936 5100 serenissimo
2977 5045 3164 5101 victori
3195 5047 3497 5117 triumpha-

237 5172 322 5221 χῳ
342 5153 438 5218 υἱῷ
457 5153 725 5220 ἀγαπῶντι
751 5148 834 5203 τὸν
861 5148 982 5202 Θεὸν
1003 5151 1090 5202 καὶ
1115 5149 1292 5223 Κύριον
1312 5149 1450 5219 ἡμῶν
1469 5143 1671 5204 Ἰησοῦν
1695 5155 1816 5218 Χρι-

235 5240 352 5294 nev
384 5240 740 5304 ιωνσταντίνῳ
771 5235 1307 5309 ΔύγούστῳΜαρτῖνος
1335 5239 1612 5298 ἐπίσκοπος
1639 5235 1816 5296 δοῦλος

235 5339 331 5384 τῶν
357 5330 551 5385 δούλων
572 5327 663 5384 τοῦ
687 5337 812 5384 Θεοῦ
859 5333 940 5384 καὶ
962 5335 1110 5385 πᾶσα
1136 5332 1166 5388 ἡ
1186 5329 1417 5395 σύνοδος,
1443 5333 1474 5388 ἡ
1495 5331 1544 5383 ἐν
1574 5332 1734 5402 ταύτῃ
1755 5337 1816 5403 τῇ

235 5422 372 5476 πέλει
401 5421 565 5497 Ῥώμῃ
596 5425 934 5490 συναχθεῖσα.

307 5558 328 5583 ⁸
361 5550 455 5603 lla:
495 5551 746 5604 undecim
798 5563 1080 5618 sequentes
1140 5551 1274 5605 beati
1319 5551 1533 5607 Martini
1569 5555 1802 5620 epistolae

235 5617 420 5673 Graece
451 5629 668 5675 exstant
691 5621 744 5674 in
773 5617 1359 5691 vetnsttglllanuscripto
1395 5624 1583 5678 Grmco
1604 5617 1807 5682 Codice

237 5691 446 5743 concilii
474 5692 539 5743 ab
561 5692 758 5750 eodem
789 5692 1038 5756 pontifice
1074 5693 1254 5745 Romae
1287 5695 1338 5747 in
1374 5694 1634 5748 Laterano
1662 5699 1806 5750 cele-

241 5756 371 5812 brati
396 5771 577 5814 (antra
608 5763 854 5813 hmresim
887 5761 1370 5819 Monothelitarutn.
1393 5764 1498 5820 Nos
1517 5781 1605 5820 cas
1623 5782 1652 5821 e
1672 5769 1802 5822 Cod.

518 5853 797 5912 PATBOL.
850 5851 1225 5915 LXXXVII.

1923 5139 2044 5200 tori,
2070 5137 2176 5191 filio
2201 5137 2436 5206 diligenti
2461 5137 2628 5191 Deum
2657 5146 2712 5191 et
2741 5137 3020 5190 Dominum
3046 5148 3282 5192 nostrum
3314 5139 3493 5194 Jesum

1921 5214 2212 5291 Christum,
2239 5229 2586 5282 Constantino
2610 5227 2926 5298 [Constanti]
2953 5231 3212 5297 Augusto,
3241 5229 3495 5283 Martinus

1922 5324 2199 5390 episc0pus
2221 5336 2406 5375 servus
2432 5335 2703 5375 servorum
2743 5322 2855 5385 Dei,
2883 5330 2936 5374 et
2981 5320 3220 5374 universa
3251 5319 3492 5380 synodus

1923 5413 1975 5466 in
2008 5415 2106 5467 hac
2138 5414 2266 5467 urbe
2298 5414 2462 5465 linum
2487 5421 2828 5480 congregata.

1919 5543 2218 5597 Barbcrinaz
2263 5543 2503 5596 ltililiotlt.
2563 5541 2750 5604 Roma,
2809 5540 2872 5592 ad
2905 5555 2999 5594 nos
3028 5543 3194 5594 ctnitt.
3235 5540 3291 5594 S.
3329 5541 3388 5592 li.
3429 5543 3491 5598 Ε.

1917 5616 2064 5668 Card.
2098 5615 2359 5667 Francisci
2406 5613 2672 5666 Barberini
2730 5613 2902 5661 studio
2957 5620 3112 5683 atque
3159 5611 3492 5683 humanitate

1919 5688 2245 5750 transmisso,
2280 5685 2571 5750 descriptas
2603 5683 2694 5734 tibi
2721 5694 2858 5732 nunc
2893 5682 3227 5734 exhibemus.

2987 5853 3027 5917 ὃ
