4002 6350
495 388 598 445 150

1706 380 1951 439 SANCTI
1989 380 2267 437 MARTINI
2315 381 2513 437 ΡΑΡΑΞ
2547 380 2566 434 ι

3642 380 3749 440 HG

562 500 776 557 Ctelcsti
805 498 1118 557 saculorum
1146 496 1254 569 regi
1284 496 1494 553 Christo
1526 496 1632 551 Deo
1671 497 1759 566 qui
1812 511 1904 564 per
1932 511 2061 550 car-
2088 496 2116 555 Δ

2234 502 2319 567 Τῷ
2350 497 2636 569 ἐπουρανίῳ
2666 492 2869 564 βασιλεῖ
2915 500 3013 547 τῶν
3061 494 3249 548 αἰώνων
3298 500 3502 569 Χριστῷ
3547 503 3619 566 τῷ
3640 504 3754 567 Θεῷ

494 610 617 650 nam
648 607 804 647 unam
836 607 954 647 cum
989 602 1166 646 mente
1213 592 1525 651 animatam,
1568 598 1621 642 et
1651 588 1749 656 ipsi
1780 586 2073 642 secundum

2217 589 2257 644 :a't
2284 590 2474 664 σαρκὸς
2503 589 2583 642 έπὲ
2619 595 2712 658 γῆς
2737 588 2938 659 φανέντι
2961 594 3051 647 τῆς
3079 595 3263 660 νοερῶς
3299 578 3641 658 ἐψυχωμένης
3671 590 3758 642 καί

498 681 829 754 hypostasim
879 681 1103 746 unitam,
1138 681 1189 735 in
1223 681 1377 736 terris
1403 678 1665 748 apparuit,
1697 678 1831 747 magi
1865 686 2074 732 terrena

498 791 721 831 munera
752 783 995 845 prompte
1026 772 1351 838 obtulerunt,
1400 785 1504 825 non
1555 770 1722 837 magis
1750 785 1869 838 quae
1898 769 2073 823 divina

500 867 667 937 gloria
698 865 866 935 ipsius
892 865 1046 935 digna
1077 873 1259 919 essent
1285 863 1390 933 (est
1434 861 1575 916 enim
1624 860 2077 930 incomparabilis)

501 972 658 1026 quam
682 970 803 1025 qua:
829 963 1129 1024 promptam
1151 969 1337 1009 eorum
1358 954 1684 1007 voluntatem
1715 949 2075 1014 declararent;

503 1047 594 1099 illa
622 1045 764 1099 enim
796 1044 1004 1099 inﬁnita
1055 1053 1160 1109 est,
1216 1044 1329 1097 hazc
1356 1041 1678 1109 singularem
1709 1040 1819 1095 Deo
1844 1057 2079 1097 antorem

504 1137 741 1191 exhibet.
773 1135 935 1191 Vobis
962 1146 1162 1201 autem,
1209 1132 1572 1200 serenissime,
1603 1134 1689 1201 qui
1719 1133 1771 1187 in
1818 1142 1957 1188 terra
1989 1149 2083 1202 per

508 1230 677 1293 ipsum
711 1227 944 1299 regnatis
984 1235 1039 1281 et
1080 1224 1143 1280 ad
1193 1240 1313 1279 eum
1372 1227 1695 1295 properatis,
1744 1240 1863 1279 cum
1919 1228 2082 1279 multa

508 1320 753 1375 libertate
808 1318 1041 1389 pretiosa
1075 1326 1099 1354 ι
1131 1316 1408 1372 offerimus
1454 1317 1614 1383 dona,
1656 1316 1745 1385 qui
1778 1331 1965 1371 omnes
1994 1332 2087 1386 per

510 1415 735 1483 gratiam
767 1412 1072 1467 sacerdotes
1100 1413 1218 1481 ejus
1247 1412 1563 1474 existimus;
1613 1410 1864 1465 salutaria
1896 1424 2088 1479 nempe

511 1517 815 1560 sanctorum
849 1503 1064 1558 Patrum
1118 1514 1173 1558 et
1222 1502 1551 1574 synodornm
1587 1501 1870 1569 prmconia,
1904 1500 1969 1555 ad
1997 1516 2087 1555 ve-

515 1611 625 1648 ram
668 1596 1025 1649 ostensionem
1088 1593 1309 1647 interna:
1360 1606 1481 1660 erga
1512 1592 1681 1661 ipsum
1716 1591 1999 1647 Dominum
2030 1604 2092 1645 ac

518 1688 681 1739 Deum
713 1694 948 1741 nostrum
975 1684 1267 1747 charitatis,
1324 1692 1379 1736 ct
1423 1696 1549 1753 erga
1600 1698 1717 1748 vos,
1772 1682 1860 1751 qui
1893 1683 2091 1738 sinceri

515 1778 630 1843 eius
656 1778 782 1832 estis
810 1776 1060 1831 ministri.
1100 1778 1162 1830 Et
1180 1776 1428 1844 quoniam
1460 1792 1608 1829 omne
1628 1777 1806 1829 datum
1827 1777 2091 1847 optimum,

2174 678 2434 738 ἐνωθείσης
2464 679 2599 748 αύτῷ
2627 678 2732 731 καθ’
2750 676 3059 743 ὑπόστασιν,
3090 680 3156 732 τά
3185 678 3287 731 ἀπὸ
3314 684 3408 749 γῆς
3452 676 3594 753 δῶρα
3620 699 3755 754 προ·

2174 771 2345 840 θύμως
2374 770 2419 822 οί
2450 770 2606 841 μάγοι
2655 772 2999 842 προσήγαγον,
3032 764 3089 821 οὗ
3113 768 3297 839 μᾶλλον
3326 777 3417 827 τῆς
3446 769 3597 823 αὐτοῦ
3620 769 3760 829 θείας

2175 857 2298 917 ὄντα
2322 858 2468 924 δόξης
2498 861 2680 923 ἐπάξια
2717 860 3047 934 (ἀσύγκριτος
3080 858 3225 935 γὰρ),
3257 858 3287 917 ἦ
3311 867 3403 920 τῆς
3439 861 3607 914 αὐτῶν
3633 880 3763 936 προσ

2178 956 2366 1024 θυμίας
2394 950 2663 1010 δηλωτικὰ.
2690 962 2739 1005 'n
2776 953 2865 1021 μέν
2894 953 2989 1024 γάρ
3018 952 3152 1005 ἔστιν
3179 950 3454 1023 ἀόριστος,
3496 952 3527 1009 ἡ
3566 948 3618 1004 δέ
3644 948 3764 1005 δια·

2180 1040 2424 1121 φερόντως
2445 1042 2685 1114 φιλόθεος.
2708 1049 2848 1110 Ὑμῖν
2870 1038 2945 1106 δέ,
2973 1041 3327 1109 γαληνότατοι,
3346 1048 3453 1101 τοῖς
3476 1040 3559 1094 έπί
3578 1048 3673 1111 γῆς
3694 1038 3766 1095 δι’

2182 1134 2333 1187 αύτοῦ
2354 1132 2709 1203 βασιλεύουσι,
2740 1134 2821 1185 καί
2854 1132 2985 1202 πρὸς
3012 1131 3163 1183 αὐτόν
3189 1130 3525 1201 ἐπειγομένοις
3551 1127 3634 1183 διὰ
3662 1134 3768 1184 τῶν

2183 1225 2394 1301 ἀρετῶν,
2442 1226 2508 1278 τὰ
2553 1224 2605 1285 ἐξ
2650 1223 2861 1293 ούρανοῦ
2900 1223 2983 1273 καί
3013 1222 3082 1279 είς
3112 1222 3352 1293 οὐρανούς
3398 1222 3775 1287 ἀνακομίζοντκ

2184 1312 2639 1385 τούςδεχομένους
2664 1315 2759 1368 σὺν
2808 1314 3073 1389 παρρησίᾳ
3101 1313 3256 1384 πολλῇ
3282 1314 3606 1387 προσάγομεν
3625 1315 3773 1381 τίμια

2188 1404 2330 1482 δῶρα
2365 1407 2551 1465 πάντες
2594 1408 2761 1478 ἡμεῖς,
2794 1405 2838 1458 οί
2864 1405 3018 1458 αὐτοῦ
3066 1404 3193 1458 κατά
3231 1401 3391 1476 χάριν
3436 1404 3773 1476 ύπάρχοντις

2191 1501 2366 1575 ἱερεῖς,
2409 1500 2645 1555 τουτέστι
2672 1500 2738 1552 τά
2762 1502 2991 1572 σωτήρια
3026 1503 3124 1551 τῶν
3164 1495 3315 1565 ἁγίων
3362 1502 3572 1564 πατρῶν
3604 1513 3659 1549 τε
3689 1494 3777 1548 καί

2191 1588 2413 1644 συνόδων
2433 1593 2740 1663 κηρύγματα
2759 1591 2891 1663 πρὸς
2912 1586 3116 1651 ἔνδειξιν
3139 1586 3290 1643 ἀληθῆ
3313 1593 3405 1645 τῆς
3427 1587 3498 1643 εἷς
3514 1585 3667 1639 αὐτὸν
3687 1586 3777 1637 τὸν

2196 1682 2368 1752 κύριον
2395 1681 2555 1749 ἡμῶν,
2604 1680 2689 1731 καί
2714 1679 2857 1742 Θεὸν,
2890 1680 2977 1731 καί
3003 1677 3137 1747 ύμᾶς
3169 1678 3290 1734 τούς
3331 1678 3492 1729 αὺτοῦ
3535 1675 3780 1745 γνησίους

2195 1772 2534 1845 θεράποντας,
2582 1770 2866 1827 ἐνδιαθέτου
2913 1777 3169 1844 στοργῆς,
3223 1767 3393 1826 ἐπειδὴ
3436 1775 3586 1823 πᾶσα
3634 1766 3780 1827 δόσις

514 1880 560 1920 et
589 1883 736 1922 omne
765 1868 951 1921 donum
976 1866 1253 1935 perfectum
1283 1866 1552 1919 desursum
1605 1876 1696 1929 est,
1731 1866 2034 1919 descendens
2064 1880 2095 1916 ιε

2217 1862 2358 1931 ὶγαθή
2401 1861 2493 1919 sud
2510 1866 2616 1916 πᾶν
2640 1858 2854 1935 δώρημα
2881 1860 3064 1914 τέλειον
3081 1901 3094 1924 ,
3128 1858 3312 1914 ἄνωθέν
3340 1860 3452 1913 ἐστι
3477 1858 3783 1913 καταϐαῖνον

522 1957 681 2011 Patre
706 1959 956 2013 luminum
1005 1954 1145 2026 (Jac.
1197 1971 1236 2023 ι,
1290 1955 1402 2025 17),
1456 1966 1700 2024 tanquam
1757 1955 2092 2025 splendidum

523 2067 712 2103 aurtttn
743 2050 1074 2118 possidemus
1103 2048 1308 2101 firmam
1341 2049 1390 2100 in
1447 2063 1567 2100 enm
1599 2056 1653 2101 et
1680 2046 2093 2101 sincerissimam

523 2142 951 2206 cnnfcssittncm;
986 2140 1305 2209 theologiam
1336 2154 1488 2203 vero,
1524 2139 1643 2192 thus
1675 2156 1862 2207 purum
1912 2149 1967 2194 et
1988 2138 2097 2192 exi-

526 2236 688 2287 mium
740 2240 794 2286 et
840 2229 1023 2298 optimi
1064 2230 1277 2295 odoris;
1328 2233 1599 2300 myrrham
1652 2231 2097 2285 conservatricem

526 2326 810 2388 bonorum,
840 2332 896 2378 et
943 2321 1332 2377 contrariorum
1375 2320 1728 2389 expultricem
1778 2319 2097 2375 doctrinam.

531 2413 653 2466 llaec
698 2412 841 2467 enim
898 2411 1163 2467 stabiliter
1210 2411 1471 2466 custodita
1515 2409 1883 2467 eruntditioni
1912 2422 2103 2467 vestrze
2148 2452 2155 2456 -

530 2518 728 2559 corona
754 2503 990 2570 decoris,
1017 2512 1071 2558 et
1094 2502 1336 2557 diadema
1367 2502 1550 2572 gloria:
1593 2503 1647 2557 in
1678 2516 1838 2556 manu
1868 2502 2103 2559 Domini.

535 2595 665 2649 Nam
695 2594 844 2666 regni
875 2604 1245 2649 ornamentum
1277 2601 1360 2649 est
1382 2593 1616 2649 veritatis
1645 2593 1897 2663 cognitio,
1929 2597 2105 2664 splen-

526 2688 645 2741 ditia
676 2696 732 2743 et
759 2686 1235 2750 immarcescibilis,
1293 2698 1515 2754 quaeque
1571 2685 1839 2739 invenitur
1886 2686 1967 2739 his
2015 2685 2108 2755 qui

531 2792 648 2831 eam
675 2786 918 2847 quierunt
951 2793 967 2831 :
997 2776 1249 2846 quoniam
1284 2777 1396 2829 haec
1422 2774 1611 2844 dignos
1652 2790 1709 2829 se
1732 2775 1924 2830 circuit
1952 2791 2110 2845 qua:-

531 2883 677 2934 rcns,
708 2866 846 2922 etiis
875 2880 935 2921 se
956 2865 1209 2930 oStendit,
1260 2866 1349 2934 qui
1375 2880 1493 2920 eam
1539 2879 1644 2919 non
1695 2875 1920 2920 tentant.
1967 2868 2109 2934 Qua-

533 2972 755 3026 propter
785 2958 957 3019 vobis,
991 2956 1190 3025 optime
1212 2956 1524 3024 imperator,
1563 2966 1619 3011 ut
1650 2956 1933 3010 Dominum
1959 2973 2109 3027 qua:-

538 3049 778 3103 rt-ntibus
800 3049 853 3104 in
881 3049 1221 3118 simplicitate
1250 3048 1448 3114 cordis,
1482 3057 1536 3103 et
1581 3051 1632 3102 in
1661 3050 1854 3104 mentis
1876 3050 2112 3105 bonitate

539 3143 606 3192 de
630 3155 695 3193 eo
723 3140 921 3195 sentire
969 3140 1398 3209 properantibus,
1436 3139 1733 3195 studuimus
1760 3138 1875 3209 ejus
1897 3156 2113 3194 annun-

2196 1952 2298 2004 ἀπὸ
2330 1955 2417 2005 τοῦ
2444 1950 2643 2021 Πατρός
2672 1956 2772 2005 τῶν
2794 1951 2989 2021 φώτων,
3026 1951 3225 2021 χρυσόν
3268 1950 3445 2024 ὥσπερ
3483 1948 3664 2022 διαυγῆ
3694 1967 3783 2001 κιο

2198 2041 2617 2109 κτημένους,τήν
2663 2039 2881 2112 στερρἀ
2909 2044 2981 2100 εἰς
3024 2041 3176 2100 αὐτόν
3221 2042 3304 2092 καί
3357 2040 3788 2113 είλεκρινεστάτην

2200 2130 2486 2202 ὁμολογίαν·
2510 2131 2712 2184 λίϐανον
2740 2128 2793 2184 δέ
2831 2131 3046 2204 καθαρόν
3088 2133 3173 2182 καί
3216 2130 3445 2204 ὑπερφυῆ
3498 2132 3581 2182 καί
3616 2127 3788 2187 εὐώδη

2200 2220 2464 2292 θεολογίαν,
2507 2223 2592 2275 καί
2634 2222 2861 2294 σμύρναν
2910 2226 2999 2277 τὴν
3037 2220 3330 2292 φυλακτικην
3374 2228 3471 2273 τῶν
3511 2220 3671 2273 καλῶν
3698 2221 3788 2272 καί

2203 2315 2497 2373 ἀπωστικὴν
2515 2322 2614 2369 τῶν
2635 2314 2864 2369 ἐναντίων
2888 2312 3231 2369 διδασκαλίαν.
3244 2311 3488 2369 Ἔσονται
3498 2317 3563 2387 γά
3569 2336 3599 2389 ρ
3618 2322 3794 2371 ταῦτα

2204 2407 2435 2477 παγίως,
2474 2412 2548 2478 τῷ
2590 2406 2827 2481 ύμετέρῳ
2875 2406 3257 2478 συντηρούμενα
3303 2408 3498 2478 κράτει.
3547 2409 3793 2478 στέφανος

2206 2497 2442 2564 κάλλους,
2492 2501 2574 2552 καί
2602 2495 2823 2567 διάδημα
2853 2497 3019 2561 δόξης,
3069 2498 3118 2550 ἐν
3145 2501 3285 2571 χειρί
3331 2501 3543 2572 Κυρίου.
3583 2501 3796 2570 Κόσμος

2207 2589 2303 2661 γὰρ
2328 2586 2587 2660 βασιλείας
2618 2589 2778 2652 ἐστίν,
2804 2590 2834 2645 ἠ
2860 2596 2950 2646 τῆς
2976 2586 3207 2647 ἀληθείας
3237 2589 3529 2659 ἐπίγνωσις,
3576 2586 3798 2664 λαμπροὶ

2208 2685 2291 2735 καί
2333 2682 2620 2756 ἀμάραντος
2648 2676 2801 2745 οὖσα,
2851 2684 2938 2735 καί
2965 2682 3291 2756 εύρισκομένη
3328 2688 3435 2740 τοῖς
3466 2682 3799 2745 ἐπιζητοῦσιν

2211 2777 2366 2833 αὐτην
2389 2814 2405 2840 ,
2458 2773 2539 2829 ὅτι
2566 2776 2687 2835 τούς
2727 2775 2895 2838 ἀξίους
2938 2775 3064 2831 αὐτή
3103 2774 3431 2845 περιέρχεται
3461 2777 3686 2837 ζητοῦσα
3712 2776 3802 2829 και

2212 2866 2533 2937 ἐμφανίζεται
2560 2872 2671 2925 τοῖς
2700 2870 2770 2935 μη
2796 2865 3127 2939 πειράζουσιν
3155 2864 3334 2921 αὑτήν.
3364 2859 3434 2917 Οὗ
3464 2865 3624 2934 χάριν
3648 2864 3797 2936 ύμῖν,

2214 2957 2453 3032 κράτιστε
2480 2958 2752 3029 βασιλέων,
2795 2958 2863 3016 ὡς
2890 2958 2939 3009 έν
2962 2956 3206 3014 ἁπλότητι
3244 2954 3457 3031 καρδίας
3498 2958 3803 3021 ἐπιζητοῦσι

2215 3054 2297 3105 τόν
2324 3052 2516 3125 Κύριον,
2548 3052 2633 3105 καί
2654 3052 2703 3103 έν
2731 3048 3004 3119 ἀγαθότητι
3032 3046 3252 3107 διανοίας
3274 3047 3337 3103 τὰ
3357 3052 3472 3124 περί
3496 3049 3649 3105 αὐτοῦ
3676 3068 3807 3123 φρο-

2215 3150 2313 3197 νεῖν
2342 3143 2700 3216 έπειγομένοις,
2733 3142 3033 3215 ἐξαγγέλλειν
3063 3144 3221 3195 αὺτοῦ
3250 3142 3308 3194 τὸ
3336 3145 3582 3216 σωτήριον
3607 3142 3805 3196 ἐσπου-

539 3232 673 3285 tiare
716 3231 949 3285 salutare
992 3230 1090 3285 hac
1138 3231 1414 3285 relationis
1472 3238 1669 3286 nostra:
1726 3230 2109 3289 mediocritate.

2218 3201 2471 3303 animum:
2517 3232 2599 3287 διὰ
2626 3230 2779 3289 τῆσδε
2822 3201 2913 3293 τός
2939 3233 3149 3305 μετρίας
3188 3232 3326 3299 ἡμῶν
3355 3201 3626 3305 ἀναφορᾶς.
3658 3240 3812 3305 Ἡμῖν

542 3323 708 3378 Nobis
733 3322 875 3377 enim
927 3336 1020 3391 per
1076 3325 1239 3376 Amos
1278 3321 1590 3391 prophetam
1620 3321 1685 3378 de
1710 3337 1768 3377 se
1797 3324 2114 3379 annuntiare

542 3413 819 3482 praecepit,
872 3412 1056 3466 dicens
1102 3430 1114 3465 :
1163 3410 1468 3467 Sacerdotes
1516 3412 1710 3478 audite,
1761 3422 1807 3465 ct
1862 3414 2118 3482 testiﬁca-

542 3506 667 3557 ntini
719 3503 894 3557 domui
949 3502 1137 3567 Israel,
1194 3503 1317 3555 dicit
1350 3487 1599 3557 Dominus
1632 3502 1769 3557 Deus
1801 3506 2119 3574 omnipotens

544 3596 741 3657 (glutis.
775 3591 876 3662 tu).
913 3592 1212 3646 Edocemus
1245 3593 1402 3660 igitur
1433 3591 1573 3661 pium
1599 3603 1833 3647 vestrum
1866 3607 1928 3646 ac
1974 3608 2121 3647 sere-

550 3700 675 3736 nam
704 3683 1011 3753 imperium,
1045 3683 1184 3751 quod
1218 3684 1268 3735 in
1319 3685 1417 3737 hac
1464 3683 1554 3738 Dei
1586 3692 1798 3738 amante
1824 3692 1877 3738 ct
1899 3684 2123 3740 cttltrice

553 3782 726 3827 vestra
759 3776 889 3827 urbe
924 3774 1088 3825 Roma
1120 3773 1505 3826 convenientes
1531 3787 1629 3827 nos
1656 3788 1864 3835 omnes,
1922 3775 2010 3844 qui
2056 3773 2123 3827 ad

553 3862 1015 3917 mansuetudinem
1059 3870 1294 3916 vestram
1346 3862 1703 3931 confugimus,
1737 3878 1801 3917 ex
1833 3864 2123 3932 apostolica

559 3967 613 4009 ct
642 3954 905 4025 spirituali
934 3956 1280 4008 unanimitate
1298 3944 1350 4008 et
1367 3969 1655 4021 consensu,
1676 3956 1724 4009 in
1744 3955 1928 4009 eadem
1950 3964 2130 4010 mente

557 4056 609 4098 ct
637 4044 820 4099 eadem
846 4045 1131 4107 sententia,
1167 4045 1305 4112 piam
1355 4043 1666 4098 orthodoxae
1717 4043 1838 4098 ﬁdei
1864 4044 2133 4099 definitio-

562 4152 684 4188 nem
742 4133 1197 4197 cnttfirmavimus,
1256 4144 1309 4188 et
1363 4144 1719 4204 congruenter
1742 4135 2133 4189 infirmavimus

564 4227 1021 4281 inconvenientem
1052 4225 1420 4279 haereticorum
1471 4239 1797 4290 sermonem,
1840 4227 1929 4294 qui
1959 4243 2134 4294 quon-

563 4324 684 4370 dam
713 4316 909 4386 quique
938 4328 1077 4368 nunc
1122 4315 1456 4383 propriorum
1488 4330 1740 4369 sensuum
1786 4317 2045 4385 pravitate
2076 4331 2137 4369 se

570 4427 598 4462 a
632 4408 858 4462 veritate
885 4416 1218 4475 separarunt,
1253 4406 1361 4474 qui,
1398 4410 1533 4459 intra
1581 4406 1786 4475 seipsos
1835 4422 1940 4459 non
1993 4418 2138 4460 recte

574 4499 897 4566 ratiocinati,
929 4498 1177 4553 dixetttnt
1208 4515 1309 4552 non
1345 4498 1541 4552 habere
1575 4500 1625 4552 in
1660 4500 2003 4555 humanitatis
2029 4514 2138 4553 sua:

2192 3318 2315 3399 ’γὰρ
2340 3324 2736 3399 παρακελεύεται
2760 3320 2843 3377 διὰ
2855 3322 3017 3393 Ἀμώς
3038 3329 3130 3376 τοῦ
3159 3326 3443 3397 προφήτου,
3482 3324 3547 3376 τά
3571 3326 3687 3399 περὶ
3711 3324 3814 3377 αύ-

2218 3422 2310 3469 τοῦ
2338 3412 2661 3486 διαγγέλλειν,
2701 3412 2923 3483 φάσκων
2956 3420 3126 3483 Ἰερεῑς
3167 3414 3443 3474 ἀκούσατε,
3473 3415 3558 3465 καί
3588 3414 3813 3486 έπιμαρυ

2220 3506 2409 3579 τύρατε
2455 3514 2527 3578 τῷ
2554 3504 2671 3577 οἴκῳ
2698 3506 2909 3582 Ἰσραὴλ,
2945 3506 3071 3577 λέγει
3119 3506 3291 3577 κύριος
3336 3503 3508 3561 ὁΘεός
3552 3502 3578 3556 ό
3617 3522 3815 3557 παντο-

2222 3604 2444 3677 κράτωρ.
2475 3598 2854 3669 Ἐκδιδάσκομεν
2894 3594 2981 3651 οὖν
3026 3600 3084 3652 τὸ
3123 3598 3334 3656 εὐσεϐές
3373 3597 3513 3666 ὑμῶν
3542 3598 3625 3648 καί
3650 3595 3817 3664 γαλή-

2225 3717 2321 3749 νιον
2342 3696 2545 3771 κράτος,
2575 3692 2653 3748 ὅτι
2680 3693 2809 3748 κατά
2832 3690 2973 3749 τήνδε
3002 3696 3091 3751 την
3121 3690 3447 3762 φιλόχριστον
3471 3692 3551 3742 καί
3577 3685 3819 3746 δουλικὴν

2228 3788 2369 3855 ὑμῶν
2398 3790 2496 3837 τῶν
2525 3783 2777 3851 Ῥωμαίων
2808 3779 2947 3835 πόλιν
2971 3780 3053 3833 έπί
3086 3781 3139 3834 τό
3164 3780 3289 3833 αὐτὸ
3324 3778 3639 3836 συνελθόντες
3663 3777 3821 3845 ἡμεῖς

2230 3872 2449 3931 ἅπαντες
2463 3872 2507 3924 oi
2525 3879 2614 3929 τῆς
2631 3880 2725 3932 σῆς
2742 3870 3046 3945 ἡμερότητος
3058 3867 3372 3942 πρόσφυγες,
3390 3868 3438 3930 ἐξ
3450 3866 3819 3925 ἀποστολικῆς.

2229 3964 2379 4033 ἤγουν
2392 3971 2705 4032 πτευματιής
2720 3960 2885 4031 ὁμοψυ
2891 3962 3014 4030 χίας
3032 3980 3079 4013 τε
3100 3961 3180 4013 καί
3200 3960 3504 4029 συμφωνίας,
3525 3957 3570 4007 έν
3586 3963 3655 4023 τῷ
3674 3956 3825 4023 αύτῷ

2230 4052 2299 4105 vo‘.
2325 4055 2484 4123 καὶτῇ
2507 4054 2630 4125 αἰτῇ
2648 4053 2837 4123 γνώμῃ,
2868 4050 2951 4103 τόν
2978 4048 3156 4106 εὐσεϐῆ
3189 4057 3276 4108 τῆς
3299 4046 3559 4121 όρθοδὸξου
3588 4049 3825 4105 πίστεως

2237 4140 2513 4202 συνοδικῶς
2533 4143 2861 4214 ἐκυρώσαμεν
2886 4138 2914 4193 ὅ
2916 4160 3024 4214 ρον,
3042 4142 3446 4214 ἀπεκυρὼσαμεν
3466 4137 3518 4192 δὲ
3540 4136 3832 4208 προσηκόν-

2236 4254 2336 4292 τως
2356 4233 2437 4286 τόν
2457 4238 2555 4286 τῶν
2584 4232 2844 4305 αίρετικῶν
2875 4229 3167 4301 ἀσύμϐατον
3192 4228 3351 4299 λόγον,
3376 4234 3529 4282 τῶντε
3549 4228 3705 4279 πάλαι
3732 4228 3833 4280 καί

2238 4330 2336 4377 τῶν
2355 4329 2440 4375 νῦν
2459 4321 2746 4378 σκολιότητι
2770 4328 2867 4374 τῶν
2887 4322 3076 4374 οἰκείων
3090 4321 3341 4391 λογισμῶν
3358 4320 3458 4372 ἀπὸ
3478 4327 3567 4376 τῆς
3586 4318 3831 4376 ἀληθείας

2241 4412 2451 4470 ἑαυτούς
2481 4408 2843 4482 χωρισάντων,
2891 4410 2938 4462 οἷ
2966 4430 3096 4469 τινες
3128 4406 3265 4464 εἷπον
3291 4411 3339 4461 έν
3367 4408 3569 4467 έαυτοῖς
3612 4407 3837 4477 λογισά-

2244 4522 2379 4572 μενοι
2406 4503 2493 4555 ούκ
2522 4500 2701 4574 ὀρθῶς,
2727 4505 2795 4570 μη
2825 4498 2966 4569 ἔχειν
2996 4500 3192 4557 θέλησιν
3218 4498 3247 4557 ἦ
3276 4500 3522 4574 ἐνέργειαν
3547 4504 3758 4568 φυσικήν
3778 4500 3838 4551 έν

573 4606 758 4650 natura
776 4594 1101 4648 voluntatem
1124 4596 1591 4661 aut0perationem
1622 4596 1938 4661 naturalem,
1968 4594 2116 4663 ipsttn

2244 4600 2305 4664 τῇ
2331 4592 2476 4659 φύσει
2502 4598 2591 4649 τῆς
2611 4587 2719 4643 κατ’
2742 4589 2889 4643 αὐτὸν
2911 4588 3288 4663 ἀνθρωπὸτητος
3317 4588 3468 4641 αὐτόν
3496 4588 3577 4641 τόν
3605 4583 3666 4640 δι’
3688 4589 3841 4656 ἡμᾶς

571 4688 659 4753 qni
686 4695 900 4754 propter
931 4700 1028 4739 nos
1072 4685 1391 4738 humanatus
1415 4692 1513 4749 est,
1552 4685 1867 4752 Dominum;
1902 4688 1993 4741 sed
2027 4689 2141 4741 sine

575 4780 848 4830 voiuntate
874 4775 1044 4841 ipsum
1074 4775 1324 4841 existere,
1351 4790 1412 4829 ac
1444 4776 1559 4829 sine
1598 4778 1935 4845 operatione,
1968 4778 2146 4831 intan-

581 4867 897 4935 gibiletnqtte
925 4877 979 4921 et
1027 4866 1312 4921 inanimem
1343 4882 1489 4933 esse;
1521 4876 1575 4922 et
1619 4869 1860 4937 quidem,
1892 4885 2012 4922 cum
2047 4871 2144 4922 Pa.

588 4969 725 5011 trum
769 4956 1032 5023 doctrina,
1079 4966 1265 5012 testem
1296 4958 1531 5011 veritatis
1576 4961 1845 5027 propritim
1890 4960 2147 5013 habentes

586 5058 853 5111 naturam,
885 5047 950 5101 ad
980 5047 1397 5117 retlarguendam
1440 5062 1580 5113 eam,
1628 5063 1744 5116 quae
1769 5048 1835 5102 de
1864 5050 1965 5102 boc
1990 5050 2054 5100 ab
2084 5048 2147 5101 iis

582 5139 986 5208 dogmatizatur,
1019 5138 1420 5203 absurditatettt,
1466 5152 1586 5193 cum
1620 5138 1969 5192 substantiam
2000 5153 2147 5192 suam

587 5238 797 5292 videant
824 5235 892 5289 ab
917 5235 1032 5304 ipso
1063 5233 1311 5289 Creatore
1338 5232 1609 5286 voluntate
1641 5230 1918 5299 praeditam
1952 5241 2006 5285 et
2024 5245 2151 5299 ope-

588 5331 834 5385 ratoriam
865 5325 1054 5382 factam
1082 5340 1218 5392 esse,
1248 5322 1515 5394 quomodo
1565 5322 1720 5391 igitur
1754 5336 1783 5375 a
1830 5337 1889 5376 se
1931 5320 2155 5375 fabrica-

595 5434 722 5485 tam,
753 5430 808 5476 et
836 5418 1045 5489 propria
1101 5414 1461 5472 incarnatione
1502 5420 1834 5481 assumptum
1864 5427 1893 5465 a
1924 5413 2154 5465 natura'i

600 5514 869 5568 voluntate
907 5518 960 5564 ct
983 5508 1287 5578 operatione
1316 5504 1601 5571 deminuit,
1656 5520 1760 5558 non
1794 5518 1919 5557 vere
1963 5502 2162 5557 faciens

599 5602 910 5657 substantia
949 5608 1145 5653 nostra:
1174 5597 1225 5650 in
1279 5610 1337 5649 se
1380 5596 1560 5657 fidem,
1610 5592 1703 5647 sed
1757 5592 2067 5662 imaginarie
2112 5605 2163 5644 et

596 5694 854 5763 fallaciter
874 5689 1324 5758 dispensationem
1355 5688 1647 5741 secundum
1676 5685 1795 5739 illos
1828 5695 2160 5752 perpetratis,

2246 4685 2694 4759 ένανθρωτήσαντα
2725 4684 2920 4756 Κύριον*
2954 4683 3053 4735 ἀλλ’
3073 4682 3359 4738 ἀνεθέλητον
3386 4682 3643 4751 ύπάρχειν
3675 4682 3845 4734 αὐτόν

2248 4779 2329 4829 καὶ
2356 4775 2703 4845 ἀνενέργητον,
2741 4772 2960 4827 ἆναπτόν
2988 4792 3040 4825 τε
3068 4776 3146 4825 καί
3175 4770 3406 4842 ἄψυχον,
3438 4774 3515 4823 καί
3541 4792 3618 4824 τοι
3643 4773 3740 4823 σύν
3767 4780 3842 4843 τῇ

2248 4876 2469 4943 πατρικῇ
2502 4864 2817 4937 διδασκαλίᾳ,
2868 4868 3108 4940 μάρτυρα
3137 4873 3228 4924 τῆς
3263 4866 3492 4923 ἀληθείας
3530 4868 3618 4921 τήν
3648 4866 3845 4917 οἰκείαν

2251 4962 2460 5032 ἔχοντες
2497 4960 2673 5032 φύσιν.
2712 4961 2781 5017 εἰς
2810 4958 3025 5027 ἔλεγχον
3063 4966 3152 5017 τῆς
3181 4961 3298 5032 περί
3321 4958 3501 5011 τούτου
3526 4955 3851 5028 δογματιζο-

2251 5056 2398 5124 μένης
2428 5054 2599 5110 αὐτοῖς
2646 5050 2883 5109 ἀτοπίας.
2926 5050 3185 5107 θελητικῄν
3218 5050 3427 5125 ὁρῶντες
3471 5050 3549 5101 καί
3579 5049 3850 5121 ἐνεργητι-

2252 5148 2344 5200 κην
2370 5148 2458 5199 τήν
2487 5142 2681 5194 ἑαυτῶν
2713 5140 2891 5192 οὐσίαν
2919 5137 3007 5190 ὑπ’
3030 5139 3182 5190 αὑτοῦ
3206 5138 3467 5211 γενομένην
3494 5142 3585 5191 τοῦ
3616 5139 3855 5188 κτίσαν-

2252 5255 2361 5292 τος.
2387 5241 2495 5292 Πῶς
2515 5227 2599 5284 οὖν
2625 5235 2714 5288 την
2744 5228 2874 5283 οὕτω
2902 5226 3361 5299 δημιουργηθεῐσαν
3387 5228 3418 5280 ύ
3430 5225 3642 5281 πάύτοῦ
3668 5247 3819 5298 προσ
3841 5258 3856 5267 ·

2256 5326 2519 5397 ληφθεῖσαν
2656 5324 2818 5395 οἰκείᾳ
2863 5322 3115 5393 σαρκώσει
3156 5322 3287 5373 κατά
3316 5323 3524 5389 φυσικήν
3550 5320 3859 5387 ἀπεμείωσε

2259 5416 2453 5470 θέλησιν
2482 5414 2567 5465 καί
2588 5412 2857 5483 ἐνέργειαν,
2890 5411 2946 5464 ού
2971 5412 3355 5476 πιστωσάμενος
3384 5411 3573 5469 ἀληθῶς
3597 5412 3645 5463 ἐν
3672 5410 3866 5480 ἐαυτῷ

2267 5509 2355 5562 τὴν
2377 5504 2625 5576 ἡμετέραν
2650 5498 2847 5565 οὓσίαν,
2870 5502 2990 5557 ἀλλά
3010 5503 3265 5573 φαντάσας
3287 5502 3554 5563 ἀπαπλῶς
3580 5499 3695 5555 κατ’
3721 5502 3871 5554 έκείο

2268 5613 2381 5654 νους
2408 5597 2495 5651 τὴν
2535 5594 2837 5661 οἰκονομίαν,
2870 5591 2915 5646 οἳ
2953 5590 3035 5647 διὰ
3056 5599 3221 5667 ,τοῦτο
3248 5595 3332 5645 καί
3352 5596 3468 5661 μίαν
3497 5599 3587 5650 τῆς
3615 5591 3873 5651 θεότητος

2271 5689 2427 5741 αὐτοῦ
2469 5688 2552 5741 καί
2579 5694 2671 5745 τῆς
2696 5686 3078 5762 ἀνθρωπότητος
3100 5687 3360 5760 ύπάρχειν
3399 5684 3734 5757 ίδογμάτισαν
3772 5685 3841 5740 θέ

681 5844 704 5871 ι
731 5836 781 5888 ltt
813 5833 997 5887 ϐιαιςο
1020 5829 1223 5885 additur
1259 5847 1267 5882 ;
1302 5827 1424 5892 Qum
1446 5828 1506 5878 de
1535 5823 1654 5878 (ωό
1683 5834 1820 5889 sunt,
1845 5832 1887 5874 et
1907 5822 1970 5875 ad
1995 5823 2259 5889 t'wlcs'pcr
2286 5826 2456 5875 ’ucuut
2492 5836 2573 5873 cos
2602 5820 2685 5888 qui
2715 5820 2821 5871 Ita'c
2851 5822 3154 5887 suscipiunt.
3186 5816 3352 5879 Hann.
