4002 6350
263 360 347 417 Nl
1469 354 1838 417 EPISTULA}.
1881 390 1949 402 --
1979 362 2187 420 EPIST.
2222 356 2304 419 lli.

3407 370 3507 433 ιιι

260 479 393 534 λησιν
422 480 501 531 καί
522 470 797 546 ἐνέργειαν.
820 472 999 549 Ἐφὀἷς
1018 476 1068 528 ἐκ
1084 476 1285 529 πάντων
1308 471 1501 545 σχεδὸν
1518 481 1618 529 τῶν
1640 474 1834 547 ἑτέραις

1950 474 2027 542 qui
2051 475 2116 528 ob
2149 476 2246 529 hoc
2273 491 2426 531 unam
2456 475 2741 535 divinitatis
2789 480 2903 550 ejus
2957 490 3112 550 atque
3165 483 3507 542 hnmanTtatis

259 569 529 640 ἔπαρχίαις
541 568 925 641 παροικούντων
941 565 1169 638 θεοφιλῶν
1183 566 1490 630 ἐπισκόπων,
1503 568 1692 619 καὶτῶν
1702 565 1831 619 κατὰ

260 659 446 715 ταύτην
467 655 745 729 ἱδρυμένων
771 663 864 716 τήν
889 658 1239 732 πρεσϐυτέραν
1266 655 1453 726 Ῥώμην
1490 655 1835 717 ἀποστολικῶν

258 750 540 824 ἀρχιερέων
565 752 895 821 ἀγαπητικῶς
911 749 1397 821 ὑπομιμνησκόμενοι
1419 749 1502 801 καί
1521 746 1838 815 νουθετούμε-

255 861 333 897 am
362 849 453 901 τῆς
480 843 719 901 τοιαύτης
742 842 909 896 αὐτῶν
924 839 1235 899 έπιϐλαϐοῦς
1255 840 1589 911 ἀποσχέσθαι
1609 856 1838 891 καινοτο·

256 932 396 999 μίας,
418 934 491 991 εἰς
517 928 788 1006 διόρθωσιν
819 932 907 1000 μὲν
928 932 1015 985 οὒκ
1042 928 1203 989 ἦλθον
1228 931 1314 985 ὶπί
1340 928 1394 985 δὲ
1414 931 1471 984 τό
1490 937 1667 1003 χεῖρον
1685 929 1840 1003 προέ-

253 1019 442 1089 κοψαν,
468 1020 751 1081 συνελόντες
866 1020 977 1076 κατ’
997 1022 1144 1075 αὐτόν
1169 1022 1446 1095 ἀνθρωπίνῃ
1461 1060 1476 1083 ,
1500 1023 1581 1075 καί
1600 1025 1690 1078 τόν
1713 1019 1846 1073 θείαν

255 1110 415 1163 αὐτοῦ
438 1111 631 1167 θέλησιν
656 1113 742 1163 καί
768 1111 1029 1184 ἐνέργειαν·
1056 1107 1137 1165 οἷα
1155 1109 1401 1182 μηδαμῶς
1421 1108 1671 1180 μηδεμίαν
1697 1108 1728 1163 ἕ
1730 1130 1845 1179 χειν

248 1200 407 1255 αὐτὸν
435 1201 486 1253 ἐν
514 1201 725 1275 ἑκατέρᾳ
752 1208 851 1255 τῶν
886 1198 952 1255 ὧν
989 1205 1074 1256 καί
1101 1204 1152 1255 ἐν
1182 1198 1261 1262 αἷς
1291 1202 1428 1256 ἔστιν
1469 1203 1849 1272 ἀποφηνάμενοι

254 1294 462 1364 φύσεων
486 1294 675 1350 θέλησιν
696 1296 782 1347 καί
800 1294 1067 1368 ἐνέργειαν,
1100 1290 1210 1347 ἄλλ’
1231 1294 1518 1353 ἀνεθέλητον
1552 1289 1674 1347 εἶναι
1699 1294 1849 1366 φύσιι

254 1387 695 1457 καίάνενέργητον,
721 1385 849 1461 ὅπερ
872 1388 1072 1441 πάντων
1092 1407 1145 1441 τε
1168 1390 1254 1441 καί
1270 1394 1449 1441 πασῶν
1470 1394 1565 1441 τῶν
1584 1386 1737 1458 ἁγίων
1756 1408 1850 1441 πα-

254 1484 392 1551 τρῶν
424 1480 511 1531 καί
537 1485 632 1531 τῶν
654 1479 1015 1546 οἰκουμενικῶν
1037 1478 1181 1533 πέντε
1198 1475 1419 1532 συνόδων
1439 1479 1709 1550 ἀνατρέπει
1728 1479 1849 1544 τούς

254 1568 570 1641 ὅρους,κατά
582 1571 744 1625 πάντα
754 1572 938 1626 τέλειον
947 1571 1032 1627 τόν
1043 1574 1185 1627 αὐτὸν
1200 1573 1249 1626 έν
1260 1573 1470 1634 θεότητι,
1479 1574 1566 1625 καί
1579 1571 1756 1627 τέλειον
1766 1572 1851 1625 τὸν

255 1660 406 1715 αὐτὸν
434 1660 490 1711 ἐν
510 1660 851 1730 ἀνθρωπιὴητι
869 1663 1209 1735 κηρυξάντων,
1232 1662 1388 1728 μόνης
1412 1660 1542 1733 δίχα
1562 1671 1653 1721 τῆς
1677 1661 1849 1735 ἀμαρ-

257 1754 392 1811 τίας⁸
424 1754 490 1805 οὐ
522 1756 619 1827 γάρ
648 1750 699 1807 ἔν
741 1753 970 1830 ἁμαρτίᾳ
993 1756 1050 1809 τὸ
1076 1754 1261 1816 ἐντελές
1289 1754 1467 1829 όρᾶται
1502 1763 1595 1815 τῆς
1623 1756 1844 1826 φύσεως,

1937 566 2260 619 voluntatem
2314 577 2369 620 et
2429 568 2790 636 Operationem
2848 585 2967 626 esse
3031 572 3507 641 doginatizarunt‘!

1936 656 2265 723 Quapropter
2295 659 2362 709 ab
2387 660 2634 713 omnibus
2686 662 2794 716 fere
2834 662 3057 716 aliarum
3106 667 3501 732 provinciarum

1944 746 2056 799 Deo
2087 746 2406 803 amabilibus
2432 750 2723 820 episcopis,
2775 761 2831 807 et
2872 753 2941 807 ab
2969 756 3275 824 apostolicis
3302 761 3512 826 pontifi-

1945 837 2095 891 cibus
2121 840 2171 892 in
2198 837 2296 893 hac
2322 841 2534 897 seniore
2566 843 2733 898 Roma
2777 846 3103 915 constitutis,
3147 849 3199 903 in
3229 849 3513 905 dilectione

1945 928 2252 995 admonitis,
2283 940 2339 985 ut
2361 932 2428 986 ab
2456 931 2717 1002 ejusmodi
2740 936 3028 992 damnabili
3081 940 3317 994 novitate
3342 942 3514 996 absti-

1947 1030 2158 1083 nerent,
2188 1022 2253 1074 ad
2286 1014 2672 1078 correctiOnem
2702 1042 2807 1081 non
2835 1038 3112 1093 venerunt,
3148 1031 3242 1086 sed
3284 1034 3337 1086 in
3368 1034 3515 1089 dete-

1949 1112 2058 1166 rius
2092 1116 2355 1183 progressi
2383 1125 2524 1181 sunt,
2552 1116 2783 1172 divinam
2804 1120 2919 1189 ejus
2951 1123 3282 1178 voluntatem
3308 1133 3362 1180 et
3384 1139 3516 1193 0pc-

1948 1200 2207 1255 rationem
2236 1203 2288 1256 in
2316 1204 2600 1258 humanam
2629 1210 3028 1275 contrahentes,
3085 1226 3148 1266 ac
3178 1213 3340 1267 veluti
3366 1228 3515 1269 asse-

1950 1302 2127 1345 rentes
2157 1293 2356 1347 nttl'am
2390 1296 2497 1349 ul'o
2527 1297 2685 1352 modo
2719 1314 2838 1352 cum
2888 1300 2940 1353 in
2969 1311 3191 1371 utraque
3215 1319 3416 1371 earum,
3448 1320 3513 1361 ex

1947 1384 2136 1452 quibus
2184 1396 2238 1439 et
2292 1388 2343 1439 in
2392 1387 2586 1456 quibus
2615 1399 2696 1443 est
2738 1401 3073 1457 naturarum,
3116 1397 3438 1451 voluntatem
3465 1408 3517 1451 et

1948 1477 2316 1544 operationem
2347 1479 2561 1543 habere,
2594 1482 2687 1536 sed
2730 1482 2931 1552 absque
2975 1486 3244 1541 voluntate
3273 1499 3515 1544 naturam

1948 1580 2092 1632 esse,
2128 1577 2181 1621 et
2210 1567 2411 1638 absque
2440 1573 2750 1639 operatione
2778 1591 2793 1627 :
2820 1575 2960 1643 quod
2987 1578 3221 1631 omnium
3254 1590 3363 1633 tum
3388 1595 3519 1635 san-

1948 1670 2158 1714 ciorum
2192 1660 2431 1728 Patrum,
2466 1673 2574 1717 tum
2606 1662 3061 1722 mcumenicorum
3081 1670 3311 1740 quinque
3341 1674 3519 1728 conci-

1950 1754 2138 1807 liorum
2165 1753 2505 1809 definitiones
2530 1756 2737 1821 evertit,
2763 1772 2880 1825 quae
2910 1773 3004 1826 per
3021 1762 3201 1815 omnia
3226 1763 3518 1830 perfectum

258 1842 381 1895 ἀλλὰ
409 1845 478 1896 τό
507 1845 721 1914 ἐμπαθές
768 1854 860 1906 τῆς
884 1847 1024 1916 ἡμῶν
1050 1847 1437 1918 ἐπιγινώσκεται
1474 1846 1839 1920 παραϐάσεως·

1950 1844 2195 1898 eamdem
2255 1845 2306 1897 in
2360 1845 2651 1911 divinitate,
2683 1856 2737 1900 et
2766 1845 2817 1901 in
2856 1849 3182 1905 humanitate
3224 1851 3517 1919 perfectum

261 1937 300 1987 εί
325 1923 381 1989 δέ’
404 1936 595 1990 τέλειον
621 1940 752 1992 κατὰ
778 1939 968 2004 πάντα,
1015 1936 1237 1997 δηλονότι
1280 1941 1366 1991 καὶ
1388 1940 1516 1992 κατά
1543 1939 1735 1995 θέλησιν
1761 1941 1844 1991 καὶ

263 2027 535 2098 ἐνέργειαν,
566 2028 739 2100 ὥσπερ
766 2030 848 2082 καὶ
874 2025 1020 2099 φύσιν
1042 2025 1273 2100 ἆναρχόν
1300 2048 1355 2083 τε
1384 2030 1471 2082 καί
1496 2024 1733 2083 ἅκτιστον
1761 2030 1846 2081 καί

258 2119 387 2170 κατά
418 2119 730 2191 ἀνθρωπίνην
759 2118 954 2174 θέλησιν
978 2122 1062 2171 καὶ
1090 2119 1359 2192 ὶνὲργειαν,
1389 2119 1563 2191 ὥσπερ
1591 2122 1673 2172 καὶ
1695 2118 1846 2187 φύσιν

256 2208 509 2278 ἣργμένην
530 2227 586 2260 τε
615 2209 699 2261 καί
722 2212 930 2265 κτιστήν
954 2208 1202 2263 τελείωσιν
1226 2207 1251 2261 ό
1287 2207 1468 2267 αὐτός’
1514 2211 1600 2263 τόν
1624 2210 1724 2283 γάρ
1751 2230 1845 2264 κα-

259 2299 322 2352 τά
345 2319 397 2351 τι
422 2305 563 2365 μεῖον
589 2304 634 2361 ⁸,
653 2297 822 2353 ἀθετεῖ
848 2296 1109 2369 προδήλως
1128 2298 1213 2353 τὸν
1235 2305 1324 2353 τοῦ
1355 2298 1543 2353 τελείου
1564 2298 1709 2369 λόγου
1737 2299 1845 2353 ἔνο·

258 2392 446 2464 ρᾶσθαι
466 2387 710 2458 μηδαμῶς
732 2389 879 2443 αὐτὸν
900 2382 1207 2465 οῶγχωρῶν,
1231 2388 1315 2444 διά
1327 2394 1416 2449 τόν
1433 2397 1523 2445 τοῦ
1546 2393 1676 2445 κατὰ
1696 2393 1845 2463 φύσιν

260 2484 601 2553 προσήκοντος
630 2478 848 2549 ἔλλειψιν
866 2523 879 2542 ,
906 2481 963 2538 ἣν
992 2482 1038 2533 oi
1069 2479 1134 2535 δι’
1154 2480 1399 2545 ἐναντίας,
1429 2483 1588 2552 φαμέν
1612 2481 1696 2547 δὴ,
1726 2478 1849 2536 Θεό·

265 2570 423 2645 δωρος
451 2570 478 2626 ὁ
500 2581 594 2631 τῆς
618 2574 781 2645 Φαράν
809 2573 1088 2633 ἐπίσκοπος
1112 2577 1348 2647 γεγονὼς,
1382 2576 1465 2629 καί
1491 2575 1653 2650 Κύρος
1678 2574 1703 2629 ό
1725 2574 1848 2630 ’Δλε-

268 2662 536 2736 indui“,
564 2664 761 2736 Σέργιος
789 2662 814 2717 ὁ
843 2673 934 2724 τῆς
962 2662 1252 2735 βασιλίδος,
1282 2668 1365 2718 καί
1391 2666 1434 2718 οἱ
1454 2665 1644 2720 τούτου
1676 2664 1847 2721 διάδο-

276 2776 381 2824 χοι,
400 2756 587 2827 Πύῥρος
602 2759 688 2809 καί
707 2755 915 2819 Παῦλος,
934 2755 983 2808 ἐν
1001 2758 1178 2829 πρώτη
1196 2776 1250 2810 τε
1272 2759 1360 2810 καί
1380 2754 1594 2830 δευτέρᾳ
1614 2757 1847 2820 συντάξει

1950 1933 2390 2003 praedicaverunt,
2409 1943 2611 1989 tantum
2630 1936 2833 2007 absque
2853 1950 3092 2007 peccato.
3110 1940 3237 1995 Nam
3257 1943 3309 1994 in
3331 1957 3521 2012 pecca-

1950 2033 2001 2078 to
2033 2033 2233 2078 naturae
2252 2025 2508 2094 perfectio
2538 2041 2641 2080 non
2664 2027 3005 2096 conspicitur,
3029 2031 3121 2083 sed
3143 2031 3324 2085 vitium
3350 2047 3516 2102 agno-

1947 2118 2110 2171 scitur
2137 2127 2331 2170 nostrae
2368 2119 2827 2187 transgressionis.
2857 2119 3008 2185 Quod
3052 2120 3095 2174 si
3125 2122 3391 2190 perfectus
3411 2138 3517 2192 est,

1946 2206 2193 2259 viJelicet
2240 2206 2502 2275 perfecms
2558 2209 2847 2262 secundum
2898 2210 3129 2265 divinam
3190 2215 3515 2269 voluntatem

1947 2308 2001 2353 et
2051 2300 2443 2370 operationem,
2474 2300 2920 2368 quemadmodum
2973 2312 3027 2357 et
3078 2306 3224 2373 juxta
3277 2319 3519 2362 naturam

1950 2388 2195 2457 principii
2240 2397 2513 2457 expertem
2567 2398 2727 2459 atque
2773 2391 3088 2459 increatam,
3119 2403 3172 2448 ct
3221 2396 3512 2450 secundum

1950 2478 2235 2531 humanam
2285 2494 2495 2548 quoque
2545 2488 2655 2533 tum
2708 2481 3061 2547 voluntatem,
3097 2495 3204 2538 tum
3249 2488 3519 2555 operatio-

1950 2583 2110 2634 nem,
2157 2578 2213 2623 υῑ
2260 2579 2314 2623 ει
2358 2570 2653 2626 secundum
2701 2583 2941 2628 naturam
2993 2586 3251 2643 creatam,
3304 2586 3359 2632 et
3404 2593 3522 2647 qnfe

1953 2657 2273 2728 principium
2304 2660 2507 2715 habuit.
2558 2661 2659 2729 Qui
2692 2677 2821 2718 vero
2852 2663 2902 2718 in
2952 2665 3130 2735 aliquo
3175 2683 3295 2723 eum
3346 2669 3523 2723 immi-

1951 2750 2087 2813 nuit,
2117 2749 2399 2804 manifeste
2427 2756 2620 2806 evertit
2654 2753 2876 2820 perfecti
2908 2757 3192 2821 rationem,
3224 2774 3341 2812 eain
3390 2774 3521 2814 con-

1950 2838 2082 2910 spici
2114 2840 2258 2893 nullo
2299 2844 2457 2895 modo
2490 2842 2803 2910 permittens
2849 2854 3065 2913 propter
3093 2844 3208 2915 ejus
3237 2847 3380 2916 quod
3428 2865 3524 2903 na-

1955 2941 2087 2986 turae
2118 2932 2376 2986 convenit
2405 2931 2671 2987 defectum
2704 2953 2715 2986 :
2748 2949 2903 3003 quem
2932 2935 3246 3003 adversarii,
3276 2938 3522 2995 Tlieodoo

1954 3038 2067 3090 rus,
2099 3024 2373 3089 videlicet,
2424 3025 2514 3095 qui
2546 3025 2752 3079 Pharan
2782 3026 3060 3098 episcopus
3089 3029 3204 3096 fuit,
3257 3040 3311 3085 et
3348 3030 3521 3104 Cyrus

1954 3117 2041 3183 qui
2070 3118 2427 3184 Alexandrim,
2474 3121 2695 3188 Sergius
2735 3122 2825 3189 qui
2859 3122 3020 3192 regite
3047 3123 3213 3189 urbis,
3240 3138 3309 3179 ac
3337 3139 3523 3180 eorum

258 3216 434 3288 ὥσπερ
457 3208 547 3267 οὖν
564 3217 650 3267 καί
676 3216 741 3267 τά
761 3219 854 3268 τοῦ
876 3216 925 3267 ἐν
947 3216 1166 3287 μακαρίᾳ
1185 3215 1318 3289 ἁπλῇ
1345 3223 1406 3289 τῇ
1434 3219 1603 3288 μνήμη
1630 3218 1846 3271 πάππου

1954 3223 2298 3264 successores
2334 3210 2572 3280 Pyrrhus
2600 3220 2650 3264 et
2684 3212 2899 3281 Paulus,
2931 3214 2984 3267 in
3018 3214 3182 3283 prima
3212 3216 3522 3271 etsecunda

1949 3302 2343 3370 conseriptionc
2385 3303 2690 3369 dogmatum
2721 3318 2939 3359 suorum
2974 3322 3079 3359 non
3122 3308 3294 3361 solum
3325 3323 3520 3376 posue-

1952 3400 2095 3458 runt,
2140 3392 2234 3446 scd
2264 3394 2423 3447 etiam
2466 3395 2801 3463 studuerunt,
2850 3404 2909 3448 ut
2934 3395 3035 3449 sibi
3066 3396 3154 3450 illa
3188 3412 3282 3465 per
3310 3399 3525 3466 exposio

1952 3484 2145 3537 tionem
2176 3483 2505 3556 [ecthesim],
2550 3484 2663 3538 liter.
2695 3500 2788 3553 per
2813 3486 3090 3540 formulam
3126 3488 3358 3559 [typum]
3385 3503 3519 3543 con-

1954 3572 2276 3637 firmaretur,
2304 3573 2463 3642 idque
2493 3584 2678 3628 contra
2706 3575 2862 3630 tidem
2895 3593 2909 3629 :
2936 3575 3140 3632 nefarie
3169 3579 3523 3646 subrepentes

1950 3672 2140 3717 vestra:
2169 3663 2475 3716 serenitatis
2504 3664 2742 3731 auribus,
2792 3674 2847 3718 ut
2874 3674 2929 3720 et
2956 3675 3111 3721 antea
3144 3669 3365 3724 auribus
3398 3671 3523 3725 beas

1953 3763 2020 3807 ta:
2048 3754 2322 3809 memoria:
2360 3755 2444 3807 avi
2486 3756 2916 3810 mansuetudinis
2956 3766 3168 3823 vestrm,
3222 3767 3281 3813 ut
3312 3760 3522 3829 culpam

1951 3860 2103 3899 suam
2135 3845 2328 3900 callide
2359 3847 2478 3900 aliis
2505 3858 2869 3916 aspergerent,
2918 3848 3089 3918 deque
3120 3866 3279 3905 manu
3310 3852 3523 3908 Domini

1954 3935 2091 3989 hanc
2137 3936 2207 3991 ob
2255 3950 2473 3991 causam
2515 3936 2746 4005 duplicia
2799 3951 3018 4007 peccata
3058 3956 3151 3996 sua
3203 3943 3523 4011 reciperent,

1949 4027 2143 4097 justas,
2176 4028 2443 4095 videlicet,
2494 4045 2590 4100 pro
2622 4031 2686 4085 iis
2715 4046 2920 4100 ρωπος,
2973 4043 3156 4103 utputt:
3187 4038 3274 4104 qui
3303 4051 3363 4091 ea
3393 4052 3525 4106 pcc-

1954 4122 2215 4187 caverint,
2270 4136 2335 4176 ex
2363 4122 2555 4190 quibus
2587 4138 2691 4176 non
2721 4124 2909 4192 exigua
2952 4126 3284 4194 perturbatio
3333 4129 3515 4182 tandiu

1958 4204 2266 4266 universam
2299 4222 2496 4266 terram
2521 4224 2705 4278 vexat;
2739 4214 2879 4283 quod
2908 4230 3011 4268 non
3042 4218 3212 4269 solum
3244 4216 3311 4285 pii
3343 4220 3522 4288 populi

1956 4305 2425 4371 scandalizentur,
2477 4306 2572 4360 sed
2620 4305 2767 4374 impii
2810 4307 2973 4362 etiam
3025 4307 3233 4362 barbari
3278 4324 3525 4378 magnum

267 2853 366 2900 τῶν
407 2848 600 2901 οἰκείων
647 2845 949 2917 δογμάτων,
1003 2848 1059 2900 οὐ
1096 2848 1241 2917 μόνον
1276 2848 1575 2919 ἐνήργησαν,
1615 2847 1739 2902 ἀλλὰ
1766 2850 1849 2901 καί

261 2936 610 3002 ἕσπούδασαν,
642 2943 733 2996 τήν
768 2940 859 3008 μέν
884 2936 943 2992 δι’
974 2938 1211 2998 ἐκθέσεως
1242 2939 1411 2998 αὐτοῖς
1436 2939 1739 3013 κυρωθῆναι,
1760 2943 1850 2998 τήν

258 3027 313 3083 δὲ
347 3028 432 3084 διὰ
457 3031 623 3084 τύπου
654 3029 1011 3102 βεϐαιωθῆναί,
1060 3032 1191 3083 κατὰ
1218 3036 1309 3088 τῆς
1343 3033 1584 3090 πίστεως⁶
1613 3030 1853 3104 ὑφαρπά-

252 3144 444 3182 σαντες
482 3125 734 3193 ἀθεμίτως
776 3123 867 3181 τάς
893 3129 982 3181 τῆς
1010 3120 1260 3191 ὑμετέρας
1297 3120 1633 3191 γαληνότητος
1670 3123 1847 3187 ἀκοάς,

258 3314 347 3367 τῆς
374 3311 518 3377 ὑμῶν
547 3307 881 3379 ἡμερότητος,
907 3307 986 3361 ἵνα
1003 3306 1089 3359 τόν
1107 3306 1295 3361 ἑαυτῶν
1317 3309 1616 3381 πανούργως
1646 3308 1848 3381 ἐτέρους

256 3395 686 3471 προσ-τρίκλιωνταῑ
732 3402 935 3465 μῶμον,
982 3398 1065 3450 καί
1095 3395 1274 3457 διπλᾶς
1310 3399 1365 3451 έκ
1410 3399 1585 3471 χειρὸς
1634 3403 1843 3473 Κυρίου,

258 3492 440 3542 τούτου
467 3490 649 3559 χάριν,
673 3486 912 3550 δέξωνται
937 3490 1027 3547 τάς
1056 3488 1248 3543 ἑαυτῶν
1275 3487 1552 3564 ἁμαρτίας.
1581 3490 1766 3544 ταυτὸν
1794 3489 1847 3545 δὲ

258 3578 433 3651 λέγειν,
465 3580 559 3637 τάς
598 3578 729 3653 ὑπὲρ
770 3579 935 3632 αὐτῶν
974 3577 1169 3638 δικαίας
1213 3579 1456 3644 ἐκτίσεις,
1505 3583 1572 3641 ὡς
1612 3584 1754 3637 αὐτοί
1793 3603 1847 3637 τε

258 3674 740 3743 παρανομήσαντες,
771 3670 820 3734 ἐξ
844 3667 910 3722 ὧν
936 3670 1025 3724 οὐκ
1056 3671 1220 3742 ὀλίγος
1248 3672 1483 3746 τάραχος
1513 3674 1563 3725 ἒν
1584 3676 1849 3735 τοσούτοις

259 3762 471 3833 χρόνοις
513 3760 730 3829 συνέχει
768 3758 857 3818 τὴν
894 3761 1173 3830 σύμπασαν
1210 3768 1323 3831 γῆν⁶
1352 3758 1433 3816 οἶα
1475 3766 1545 3832 μή
1579 3761 1728 3830 μόνον
1751 3769 1850 3816 τῶν

259 3853 483 3906 εὖσεῖῶν
523 3849 987 3920 σκανδαλιζομένων
1021 3850 1168 3916 λαῶν,
1217 3851 1320 3905 ἀλλ’
1362 3850 1457 3910 ἤδη
1497 3871 1597 3907 που
1640 3854 1852 3906 καὶτῶν

259 3942 416 3995 ἀθέων
443 3940 726 4014 βαρϐάρων
746 3940 806 3995 τό
832 3941 960 4012 μέγα
986 3947 1078 3999 τῆς
1108 3941 1246 4012 ἡμῶν
1287 3939 1553 4014 ὁμολογίας
1582 3940 1851 4014 διακωμω-

256 4033 483 4090 δούντων
502 4038 807 4109 μυστήριον,
825 4042 897 4107 τῷ
918 4040 989 4105 μή
1012 4039 1100 4093 τόν
1120 4038 1323 4113 πρώτην
1343 4038 1487 4107 μόνον
1510 4043 1592 4093 καί
1608 4043 1854 4116 κυριωτά-

256 4147 353 4184 tu
386 4127 493 4180 ὑπὸ
536 4133 637 4179 τῶν
664 4126 894 4179 ἐναντίων
937 4126 1230 4185 ἀθετηθῆναι
1270 4130 1461 4192 πίστιν,
1509 4130 1632 4183 ἀλλά
1659 4134 1742 4184 καὶ
1765 4136 1853 4189 τὴν

254 4219 417 4277 εἰη-ἧς
455 4216 810 4273 st”
853 4217 1032 4271 θᾶττον
1059 4216 1147 4270 ὑπ’
1190 4218 1353 4272 αὐτῶν
1395 4223 1767 4293 καταργηθῆναι
1789 4230 1851 4297 τῇ

257 4318 350 4369 τῆς
372 4310 676 4382 καινοτέρας
703 4309 1005 4382 άντεισφορᾷ
1033 4311 1279 4370 κακίστης
1304 4311 1570 4386 αἱρέσεως,
1617 4316 1686 4374 ὡς
1726 4313 1851 4385 μηδέ

256 4403 523 4471 γινώσκειν
546 4399 579 4453 ἕ
581 4421 629 4454 τι
646 4400 819 4453 λοιπὸν
841 4401 1071 4464 ἐκείνους,
1087 4404 1137 4456 τί
1150 4402 1209 4456 τό
1228 4402 1591 4474 πιστευόμενόν
1608 4404 1746 4459 ἐστιν
1763 4407 1848 4459 αὐ-

1956 4396 2314 4450 coufessionis
2346 4405 2545 4450 nostra:
2574 4398 2883 4467 mysterium
2918 4397 3216 4464 traducant,
3264 4401 3387 4467 quia
3420 4416 3525 4455 non

256 4499 393 4554 τοῖς,
422 4489 456 4549 ἦ
494 4487 845 4560 δοξαζόμενον,
878 4491 928 4554 ἐξ
951 4488 1221 4546 ἀνενδότου
1261 4500 1362 4548 τῶν
1393 4495 1584 4548 οἰκείων
1610 4515 1848 4569 περιτρο-

1957 4487 2129 4541 solum
2163 4487 2330 4556 prima
2361 4502 2426 4541 ac
2456 4488 2731 4555 potissima
2782 4488 2908 4542 fides
2938 4490 3004 4541 ah
3033 4489 3350 4544 adversariis
3379 4490 3525 4546 labe-

254 4589 380 4641 τῆς.
415 4577 489 4635 οὗ
522 4580 685 4653 χάριν
712 4581 765 4635 ἐκ
790 4579 994 4637 πάντων
1014 4580 1202 4650 σχεδόν
1225 4590 1325 4636 τῶν
1348 4586 1570 4639 εὐσεϐῶν
1595 4587 1769 4662 ἱερέων
1796 4608 1848 4641 τε

1961 4576 2204 4644 factetur,
2234 4579 2325 4633 sed
2349 4593 2411 4632 ea
2433 4579 2613 4643 etiam,
2643 4592 2799 4646 quam
2828 4577 3218 4647 excogitarnnt,
3249 4581 3425 4634 statim
3455 4584 3522 4636 ab

253 4676 343 4725 καί
360 4674 499 4725 λαῶν
517 4675 614 4731 τὰς
627 4673 887 4732 έκϐοήσεις
906 4672 1020 4727 κατ’
1032 4676 1203 4728 αὐτῶν
1220 4673 1425 4735 δικαίως
1447 4675 1472 4729 ὁ
1492 4677 1848 4737 ’Δποστολικός

1961 4670 2025 4724 iis
2055 4683 2363 4734 evacuemr,
2406 4671 2650 4739 opposita
2678 4684 2809 4723 nova
2843 4669 3087 4737 pessimze
3116 4671 3380 4726 haereseos
3411 4689 3525 4742 pra-

251 4762 548 4833 δεχόμενος
573 4765 762 4836 θρόνος,
794 4765 1139 4835 ένευχομένων
1167 4767 1315 4843 αὐτὸν
1335 4771 1419 4822 καί
1448 4766 1848 4843 διαμαρτυρομέ-

1960 4762 2141 4828 vitate,
2176 4775 2229 4814 ut
2259 4761 2326 4815 de
2355 4771 2550 4815 caetero
2580 4774 2648 4813 ne
2678 4759 2750 4814 illi
2782 4761 2997 4827 quidem
3031 4760 3352 4831 intelligant,
3394 4767 3520 4834 quid

252 4876 353 4908 νωι
481 4858 649 4929 χρι
666 4857 839 4916 τέλους
861 4856 1023 4916 οὕτως
1044 4858 1314 4913 ὑπἀὐτῶν
1328 4858 1709 4914 κινδυνεύουσαν
1721 4881 1824 4933 παρ
1838 4890 1848 4899 ε

1957 4857 2026 4910 ab
2066 4855 2171 4911 illis
2199 4854 2451 4910 credatur
2480 4863 2570 4907 aut
2614 4854 2969 4919 existimetur,
3027 4865 3244 4926 propter
3283 4859 3524 4913 obstina-

254 4944 383 4999 ιδεῐν
428 4952 520 5004 τήν
552 4946 808 5003 καθολικὴν
843 4946 1161 5005 Ἐκκλησίαν·
1204 4946 1328 5003 ἀλλά
1362 4947 1691 5011 διαναστωαι
1728 4973 1848 5028 προ⁴

1960 4957 2063 5002 tam
2115 4947 2447 5015 propriarum
2494 4946 2805 5014 opinionum
2856 4948 3215 5003 eversionem.
3266 4949 3524 5018 Quocirca

256 5038 453 5109 θύμως,
477 5040 571 5092 καί
596 5040 1007 5111 περισώσασθοιι,
1023 5037 1088 5094 δι’
1105 5040 1343 5115 ἀκριϐοῦς
1364 5048 1469 5095 τῶν
1487 5052 1746 5116 πατρικῶν
1773 5049 1848 5099 καὲ

1956 5039 2192 5091 omnium
2230 5036 2342 5092 fere
2373 5038 2583 5107 piorum
2614 5038 2954 5093 sacerdowm
2983 5046 3035 5092 et
3059 5040 3371 5107 populorum
3396 5055 3525 5097 con-

255 5126 545 5182 συνοόικῶν
578 5126 713 5203 ὅρων
736 5130 1119 5203 παραφλακῆς,
1158 5134 1248 5188 τὴν
1286 5133 1551 5203 ἀμώμητον
1581 5136 1720 5203 ἡμῶν
1756 5143 1848 5187 τῶν

1959 5137 2035 5181 tra
2087 5145 2180 5181 eos
2210 5130 2471 5183 clamores
2501 5130 2792 5197 apostolica
2834 5130 2991 5184 sedes
3038 5131 3328 5199 accipiens,
3361 5146 3529 5185 oran«

1959 5221 2087 5274 tium
2117 5230 2274 5289 atque
2300 5221 2705 5287 ohtestantium,
2757 5236 2825 5275 ne
2864 5236 3028 5291 usque
3062 5223 3114 5277 in
3148 5224 3305 5277 tinem
3333 5225 3523 5278 catho-

1958 5311 2112 5366 licam
2145 5311 2439 5367 Ecclesiam
2463 5312 2530 5367 ab
2556 5312 2685 5382 ipsis
2714 5313 2765 5366 in
2800 5314 3090 5380 periculum
3120 5314 3398 5367 adductam
3430 5330 3525 5369 nc-

1957 5403 2239 5472 gligamus,
2269 5405 2360 5458 sed
2409 5420 2759 5473 exsurgamns
2788 5406 3006 5470 acriter,
3036 5416 3092 5459 et
3130 5406 3524 5464 immaculatam

1955 5494 2313 5547 Christianam
2347 5492 2504 5548 fidem
2546 5493 2791 5563 diligenti
2822 5509 3163 5564 paternarum
3210 5507 3266 5550 et
3305 5496 3527 5567 synodi-

1955 5599 2136 5638 carum
2183 5582 2522 5637 traditionum
2553 5584 2935 5641 observatione
2978 5601 3375 5653 conservemus,
3428 5605 3527 5645 nos

1958 5692 2143 5729 omnes
2191 5675 2505 5728 sacerdotali
2568 5677 2759 5731 ordine
2812 5676 3143 5745 convocavit,
3180 5687 3238 5732 ut
3284 5694 3312 5732 a
3371 5682 3527 5736 nobis

1959 5772 2135 5821 omina
2180 5768 2296 5819 adv»
2320 5771 2609 5821 rxariorum
2655 5769 2903 5837 dogmata
2934 5778 3250 5833 tractentur,
3283 5782 3335 5827 et
3365 5785 3527 5826 cano-

1959 5861 2075 5915 nicc
2102 5876 2198 5932 per
2224 5861 2729 5937 commentariorum
2754 5868 2870 5915 acta
2894 5860 3227 5936 judicentur,
3248 5865 3313 5922 de
3334 5864 3524 5937 quibus

255 5227 589 5291 Χριστιανῶν
616 5223 814 5274 πίστιν·
844 5225 1040 5280 πάντας
1062 5222 1196 5291 ἡμᾶς
1223 5220 1529 5298 ίεραρχικῶς
1560 5226 1853 5278 συνεκάλεσε

254 5310 396 5382 πρὸς
423 5310 482 5364 τὸ
510 5309 639 5386 παρ’
669 5311 809 5377 ἡμῶν
838 5308 1042 5365 ἅπαντα
1080 5310 1421 5380 ψηλαφηθῆναί
1440 5333 1493 5366 τε
1521 5317 1603 5366 καί
1632 5315 1855 5387 κριθῆναι

254 5408 561 5463 munire,
606 5397 694 5453 διὰ
730 5400 958 5471 πράξεως
998 5402 1372 5471 ὑπομνημάτων
1410 5410 1509 5457 τῶν
1545 5406 1773 5459 ἐναντίων
1792 5408 1856 5461 τά

252 5488 517 5562 δόγμα-ια’
560 5494 684 5565 περὶ
710 5488 777 5544 ὧν
819 5498 901 5547 καί
949 5496 1107 5547 εἰπεῖν
1128 5495 1504 5565 ἀπετόλμησαν,
1544 5500 1617 5557 εἰς
1656 5500 1855 5558 ἀπάτην

262 5590 365 5637 τῶν
399 5585 791 5658 ἀκεραιοτέρων,
844 5588 1007 5640 ταῦτα
1049 5594 1138 5645 τῆς
1186 5588 1447 5647 εὐσεϐείας
1486 5588 1746 5665 ὑπάρχων
1792 5592 1857 5645 τά

254 5672 525 5744 ὃὴματα,
571 5675 603 5729 ά
629 5673 1046 5748 παραδεδώκασιν
1079 5679 1127 5731 οἵ
1168 5680 1255 5732 ἀπ’
1276 5681 1448 5752 ἀρχῆς
1481 5682 1732 5735 αὐτόπται
1773 5687 1859 5736 καί

253 5765 512 5836 ὑπηρέται
560 5771 650 5817 τοῦ
698 5765 840 5834 λόγον
875 5766 1161 5835 γενόμενοι,
1209 5773 1291 5822 καὶ
1333 5771 1378 5822 οἶ
1424 5772 1629 5833 καθεξῆς
1668 5774 1858 5825 τούτων

249 5852 487 5923 μαθηταί
515 5856 601 5909 καί
629 5852 869 5926 διάδοχοι
897 5856 1216 5912 θεόπνευστοι
1262 5868 1348 5921 τῆς
1383 5860 1635 5920 καθολικῆς
1657 5861 1851 5921 Ἐκκλη-
