4002 6350
493 365 588 437 ΗΞ

1687 361 1926 416 SANCTI
1969 360 2247 416 MARTlNl
2291 362 2486 418 ΡΛΡίΕ
2527 365 2542 418 Ι

3650 375 3759 431 ιιι

492 478 823 548 ορῑιιίοηΙ>ιιε
853 479 961 534 suis
990 478 1055 532 ad
1083 475 1436 543 simpliciores
1482 474 1744 530 fallendos
1788 477 1900 528 ausi
1933 485 2055 529 sunt

2182 480 2275 537 ria;
2302 478 2612 544 διδάσκαλοι,
2644 482 2828 535 ταυτὸν
2867 481 2918 536 δὲ
2951 484 3129 557 λέγειν,
3161 486 3212 539 αί
3234 484 3370 560 ἅγιαι
3412 491 3491 543 καί
3519 491 3758 562 οίκςυμε·

494 572 692 635 dicere,
728 571 839 624 haec
868 568 1073 636 pietatis
1115 581 1234 622 esse
1264 566 1533 634 dogmata,
1577 578 1693 634 qum
1722 564 2063 619 tradiderunt

494 662 579 728 qui
612 664 677 715 ab
708 662 859 715 initio
892 660 987 729 ipsi
1030 659 1296 723 viderunt,
1348 668 1403 713 et
1448 657 1672 712 ministri
1708 655 1920 710 fuerunt
1950 670 2065 710 ser-

495 753 689 816 monis,
739 752 935 821 quiquc
963 752 1215 817 deinceps
1245 765 1431 804 eorum
1475 747 1719 815 discipuli
1751 756 1807 802 et
1846 761 2062 802 succes-

492 858 641 896 sores
685 842 851 905 fuere,
900 843 1176 896 catholica:
1222 842 1473 895 Ecclesiae
1514 838 1772 893 divinitus
1814 840 2059 909 inspirali

494 936 757 995 doctores,
791 932 838 983 id
871 941 972 992 est,
1006 942 1203 984 sancta:
1227 940 1283 985 et
1327 929 1672 983 meumenicce
1704 930 1937 998 quinque
1979 945 2066 998 sy-

497 1022 638 1076 nodi.
674 1023 750 1078 Ad
783 1023 1025 1078 veritatis
1057 1023 1217 1091 igitur
1246 1020 1630 1086 ostensionem,
1669 1030 1723 1075 et
1750 1021 2067 1076 denudatio-

494 1132 614 1171 nem
661 1116 942 1170 calumnia:
989 1114 1459 1175 adversariorum,
1511 1112 1801 1165 absurdam
1854 1113 2065 1166 illorum

495 1207 814 1273 doctrinam,
860 1216 912 1260 et
942 1207 1078 1276 piam
1106 1213 1412 1258 sanctorum
1458 1204 1677 1257 Patrum
1712 1203 2067 1271 synodorum-

494 1314 598 1366 que
640 1298 1096 1367 przedit'ationem,
1130 1296 1349 1350 adversa
1378 1293 1611 1348 dilucide
1645 1295 1781 1348 inter
1821 1309 1879 1346 se
1924 1309 2069 1348 com-

496 1397 763 1456 parantes,
800 1402 897 1440 nec
927 1387 1114 1440 horum
1144 1386 1210 1439 ad
1242 1385 1333 1440 illa
1364 1384 1521 1438 ullam
1549 1384 1977 1438 convenientiam
2018 1393 2072 1438 et

493 1480 866 1548 cognationem
899 1480 1258 1544 invenientes,
1308 1475 1761 1546 quemadmodum
1794 1491 1893 1530 nec
1929 1484 2071 1531 tene-

494 1570 603 1623 bris
646 1584 860 1638 prorsus
891 1570 956 1624 ad
990 1570 1185 1635 lucem,
1219 1570 1353 1634 hate,
1383 1576 1443 1622 ut
1470 1567 1723 1633 diximus,
1756 1568 2071 1623 deﬁnientes

494 1661 834 1727 sancivimus,
888 1660 1141 1715 salutaria
1176 1674 1368 1729 nempe
1411 1670 1716 1713 sanctorum
1756 1659 1969 1714 Patrum
2020 1668 2075 1714 et

491 1752 813 1821 synodorum
848 1751 1064 1807 decreta
1100 1769 1113 1805 :
1149 1751 1235 1805 illa
1270 1767 1396 1805 vero
1420 1766 1630 1816 omnes,
1666 1760 1723 1806 ut
1747 1753 1851 1822 piis
1881 1753 2075 1808 deﬁni-

2164 578 2294 628 νικαί
2324 578 2471 630 πέντε
2504 575 2728 632 σύνοδοι⁶
2758 576 2834 633 διὸ
2859 581 2987 654 πρὸς
3026 579 3280 645 ἀπόδειξιν
3306 592 3397 643 τῆς
3420 586 3650 645 ἀληθείας
3675 591 3761 640 καί

2165 668 2524 737 ἀπογύμνωσιν
2552 678 2643 729 τῆς
2685 677 2783 724 τῶν
2804 673 3038 726 ἐναντίων
3085 680 3440 744 συκοφαντίας,
3474 680 3537 731 τὰ
3559 679 3760 734 τούτων

2166 758 2336 814 ἄτοπα
2374 761 2624 832 δόγματα,
2670 768 2755 818 καί
2777 766 2843 819 τὰ
2873 772 2971 819 τῶν
3012 766 3164 837 ἁγίων
3189 777 3396 844 Πατρῶν
3422 791 3475 824 τε
3498 775 3582 825 καί
3608 773 3762 827 συνό-

2166 847 2265 904 δων
2303 852 2490 909 εὐσεϐῆ
2522 855 2819 927 κηρύγματα
2848 852 2981 910 κατὰ
3004 854 3270 915 διαστολὴν
3315 861 3550 934 εὑκρινῶς
3584 883 3760 932 παρα·

2166 940 2375 1008 θέμενοι,
2400 945 2480 997 καί
2501 941 2748 1013 μηδεμίαν
2772 943 3039 1017 εὑράμενοι
3066 949 3256 1001 τούτων
3285 951 3414 1022 πρὸς
3444 951 3602 1006 ἐκεῖνα
3624 973 3760 1023 συγ-

2167 1034 2381 1102 γένειαν,
2425 1036 2600 1109 ὥσπερ
2653 1034 2769 1089 οὐδέ
2808 1035 3022 1097 σκότους
3067 1040 3323 1101 παντελῶς
3361 1044 3488 1118 πρὸς
3534 1045 3592 1097 τό
3632 1051 3759 1114 φῶς*

2167 1125 2233 1177 τὰ
2277 1125 2390 1193 μέν,
2429 1126 2496 1184 ὡς
2538 1124 2756 1197 ἔφαμεν,
2810 1127 3077 1196 όριστικῶς
3118 1130 3465 1203 έκυρώσαμεν,
3501 1132 3653 1205 ἤγουν
3699 1135 3768 1189 τὰ

2168 1215 2392 1288 σωτήρια
2422 1221 2521 1266 τῶν
2547 1213 2701 1285 ἁγίων
2723 1224 2930 1289 Πατρῶν
2972 1238 3025 1271 τε
3056 1220 3135 1271 καί
3167 1218 3387 1273 συνόδων
3410 1221 3763 1290 Θεσπίσματα⁹

2169 1301 2233 1354 τὰ
2257 1299 2309 1354 δέ
2342 1304 2617 1373 συμφώνως
2664 1307 3021 1377 κατεκρίναμεν
3051 1305 3271 1367 ἅπαντες
3293 1348 3307 1374 ,
3341 1311 3403 1368 ὡς
3437 1311 3631 1364 ἐναντία
3664 1320 3770 1367 τῶν

2171 1394 2389 1447 εὐσεϐῶν
2436 1392 2566 1467 ὅρων
2594 1395 2909 1469 ὑπάρχοντα
2948 1401 3033 1451 καί
3079 1398 3313 1467 πολέμια,
3365 1403 3673 1462 καί-αύτούς
3710 1425 3767 1458 τε

2173 1488 2292 1545 τούς
2322 1486 2607 1557 αἰρετικούς
2634 1486 2786 1559 ἤγουν
2814 1492 2935 1549 τούς
2967 1491 3256 1565 εἰρημένους
3299 1488 3487 1566 ἄνδρας
3517 1496 3643 1561 μετά
3672 1502 3770 1553 τῆς

2172 1578 2455 1649 έξηγὴσεως
2500 1579 2687 1641 αὑτῶν,
2723 1582 2807 1633 καί
2831 1582 2972 1655 παρὰ
2992 1579 3214 1651 διδαχῆς
3241 1585 3500 1653 γενομένης
3530 1583 3771 1642 ἐκθέσεως

2176 1674 2258 1723 καί
2291 1677 2384 1723 τοῦ
2425 1671 2653 1743 ῥηθέντος
2687 1673 2855 1725 τύπου
2878 1675 2961 1725 καί
2989 1674 3191 1727 πάντων
3218 1680 3317 1725 τῶν
3337 1674 3466 1750 ὑπέρ
3490 1674 3651 1726 αὑτῶν
3674 1693 3771 1728 πε-

2178 1762 2473 1835 πραγμένων
2516 1763 2697 1822 αὑτοῖς
2744 1763 3119 1834 γεγραμμένων,
3166 1763 3247 1815 ἶνα
3294 1766 3381 1819 τήν
3422 1762 3668 1836 ὑμετέραν
3722 1762 3772 1815 έν

493 1844 722 1897 tionibus
772 1845 1039 1898 contraria
1087 1852 1142 1896 et
1189 1843 1419 1908 inimica,
1469 1858 1573 1897 una
1604 1858 1735 1898 voce
1788 1844 2061 1898 damnavi-

2182 1858 2334 1907 πᾶσιν
2362 1850 2660 1911 ἁκηλίδωτον
2689 1851 3062 1923 διαφυλάξωμεν
3092 1852 3191 1906 ὑπὸ
3214 1859 3313 1907 τῶν
3334 1853 3564 1906 ἐναντίων
3586 1852 3773 1925 έγγρά-

493 1951 630 2004 tnus,
676 1937 928 2005 ipsosque
972 1936 1133 1989 etiam
1184 1934 1485 2001 ltmreticos,
1543 1937 1826 2005 prtedictos
1874 1952 2073 2007 nempe

498 2026 763 2092 homines,
794 2040 896 2079 una
943 2041 1066 2080 cum
1100 2024 1333 2095 ipsorum
1379 2027 1711 2095 expositione
1755 2036 1811 2082 et
1858 2029 2070 2095 praelata

491 2118 737 2182 formula,
782 2126 895 2170 orta
938 2131 1000 2170 ex
1043 2118 1379 2187 suggestione
1424 2126 1478 2171 et
1527 2133 1690 2185 pravo
1718 2133 1905 2172 eorum
1954 2118 2058 2171 (ιο-

492 2219 693 2278 gntate,
727 2223 957 2277 cumque
986 2210 1256 2276 omnibus,
1291 2225 1411 2279 quae
1443 2224 1536 2278 pro
1571 2210 1636 2265 iis
1681 2219 1797 2265 acta
1845 2210 1988 2279 scrip
2013 2226 2072 2263 a-

493 2315 597 2365 que
642 2309 783 2363 sunt,
818 2309 872 2352 nt
903 2308 1133 2353 vestram
1174 2300 1227 2354 in
1268 2302 1517 2355 omnibus
1564 2301 1678 2355 sine
1711 2301 1815 2355 ulla
1862 2303 2068 2355 macula

498 2390 701 2443 felit-ent
727 2390 1196 2446 conversationem
1222 2400 1485 2457 tueamur,
1502 2408 1620 2460 qum
1642 2393 2071 2447 adversariorum

496 2480 710 2548 scriptis
734 2490 1006 2551 gravatur.
1039 2482 1096 2536 In
1124 2497 1283 2550 quam
1306 2483 1417 2536 ausi
1441 2490 1567 2537 sunt
1593 2481 1857 2553 religiosis
1880 2482 2074 2539 Africa:

494 2572 760 2640 epist-epis
792 2572 994 2642 dicere,
1029 2574 1348 2641 scribentes,
1398 2575 1539 2645 quod
1584 2585 1764 2631 mente
1814 2576 2071 2631 consilio-

498 2677 601 2730 que
632 2663 779 2731 regio
815 2679 935 2718 \‘6'8
964 2665 1203 2731 excitati,
1239 2676 1586 2720 memoratam
1616 2667 1755 2736 piam
1788 2668 2074 2723 formulam

498 2757 846 2821 exposuistis,
905 2759 1299 2828 praecipientem
1354 2760 1421 2814 de
1476 2760 1639 2815 nimia
1697 2762 2075 2818 observatione

503 2848 716 2914 paulum
750 2849 864 2904 sine
910 2850 1107 2904 damno
1140 2853 1433 2907 remittere.
1490 2854 1614 2907 llaec
1642 2864 1819 2907 autem
1847 2856 2079 2921 scripse-

500 2948 622 2992 runt
649 2942 846 2994 sanctis
880 2942 1124 2996 Patribus
1150 2943 1297 2997 nullo
1330 2944 1489 2998 modo
1519 2946 1909 3010 auscultantes,
1937 2946 2079 3015 quod

499 3029 554 3083 itt
586 3029 652 3084 iis
690 3046 809 3099 quae
839 3033 903 3084 ad
937 3032 1103 3087 Deum
1131 3033 1421 3101 pertinent,
1474 3034 1634 3102 inque
1663 3033 1859 3088 divinis
1884 3034 2079 3102 praedi-

501 3122 822 3185 cationibus,
866 3122 918 3176 id
944 3123 1083 3191 quod
1116 3137 1303 3193 parum
1336 3124 1510 3189 abest,
1561 3125 1882 3195 paulumque
1912 3134 2077 3179 muta-

504 3226 614 3267 tuut
647 3226 747 3280 est,
796 3230 898 3269 non
943 3230 1162 3285 parvum
1195 3225 1371 3270 tamen
1404 3225 1487 3271 est
1516 3216 1839 3271 ducendum.
1883 3218 1988 3272 Sed
2030 3218 2083 3273 in

506 3321 572 3361 eo
604 3307 686 3362 vel
720 3308 951 3361 maxime
995 3317 1187 3362 vestra:
1237 3311 1490 3379 pote~tati
1538 3308 1738 3374 labem,
1783 3319 1839 3364 ut
1883 3310 2082 3365 dictum

470 3458 473 3461 _
509 3407 614 3464 est,
645 3398 855 3453 inurere
889 3410 1243 3467 properarunt
1276 3400 1326 3454 in
1357 3416 1421 3455 co
1448 3400 1589 3471 quod
1620 3401 1759 3454 illam
1790 3398 2075 3455 formulam

506 3502 701 3559 prmlcr
729 3503 973 3548 exactam
997 3493 1260 3547 rationem
1292 3507 1412 3549 esse
1437 3493 1612 3547 testati
1643 3504 1784 3555 sunt,
1813 3504 1866 3547 et
1884 3493 2083 3563 scripto

501 3586 617 3637 aliis
638 3583 1027 3653 significarunt.
1059 3586 1295 3653 Quorum
1328 3586 1378 3640 in
1414 3588 1496 3641 Itis
1529 3586 1815 3655 nequitiam
1843 3597 1899 3641 et
1936 3588 2073 3641 fran-

500 3675 620 3727 dent
669 3686 999 3742 aversantes,
1027 3692 1146 3731 cum
1189 3677 1271 3729 bis
1320 3676 1449 3744 ipsis
1498 3688 1551 3731 et
1602 3692 1785 3730 eorum
1834 3677 2079 3731 ltmresim

503 3768 759 3818 canonice
787 3765 1182 3831 damnavimus,
1224 3767 1418 3833 ubique
1447 3766 1697 3821 omnibus
1728 3775 1783 3819 et
1811 3778 1934 3819 ante
1962 3783 2082 3820 om-

502 3872 597 3909 lll‘S
646 3869 837 3911 vestrae
868 3859 1123 3912 divinitus
1165 3859 1419 3913 stabilitas
1467 3858 1742 3913 serenitati
1790 3869 1972 3914 notum
2007 3859 2086 3913 fa-

501 3949 708 4002 cientes
741 3963 833 4016 per
863 3962 925 4003 ea
956 3964 1074 4017 qua:
1104 3947 1361 4019 synodiee
1393 3964 1423 4002 a
1456 3948 1610 4002 nobis
1653 3965 1748 4013 pro
1777 3948 2077 4003 orthodoxa

503 4038 606 4095 fide
645 4039 696 4092 in
743 4039 993 4109 prmsenti
1022 4050 1137 4093 acta
1184 4048 1326 4103 sunt,
1375 4041 1512 4109 quod
1565 4042 1699 4096 duas
1739 4042 1978 4110 ejusdem
2028 4055 2082 4099 et

502 4132 657 4187 nnins
686 4130 883 4187 Cltriszi
923 4133 1011 4187 Dei
1046 4133 1263 4187 edicunt
1310 4134 1539 4203 theologi
1574 4144 1788 4188 naturas
1814 4135 1928 4189 sive
1957 4137 2081 4190 sub-

501 4226 725 4279 stantius
773 4226 1040 4289 contitcri,
1088 4226 1385 4281 secundum
1421 4227 1752 4297 ltypostasim
1799 4230 1973 4282 unitas
2007 4230 2085 4283 in-

502 4316 727 4373 confuse
757 4328 811 4372 et
841 4318 1067 4373 indivise
1097 4336 1109 4372 :
1144 4328 1197 4373 et
1227 4318 1365 4374 duas
1387 4320 1538 4388 juxta
1566 4328 1812 4381 naturam
1842 4321 2086 4375 volunta-

506 4417 606 4472 tes,
640 4407 878 4477 duasquc
904 4409 1052 4477 juxta
1101 4420 1343 4464 naturam
1374 4413 1739 4480 operationes,
1772 4411 2003 4485 divinam
2032 4422 2086 4466 et

505 4500 815 4563 humanam,
858 4500 1151 4555 inrt'eat’am
1198 4510 1252 4555 et
1278 4508 1510 4555 creatam
1549 4502 1835 4569 conjuncte
1887 4501 2082 4563 unitas,

2176 1965 2278 2015 φως
2303 1944 2654 2019 βαρυνομένην.
2686 1942 2800 1997 Καθ’
2826 1942 2879 2003 ἧς
2908 1946 2993 1995 καί
3011 1943 3169 2013 λέγειν
3205 1942 3489 2012 ἐτόλμησαν
3514 1950 3616 2002 τοῖς
3640 1944 3774 1998 κατὰ

2176 2040 2265 2092 την
2288 2040 2514 2110 ’Δφρικὴν
2546 2035 2812 2089 εύλαϐέσιν
2842 2034 3158 2097 ἐπισκόποις,
3188 2035 3584 2102 ἐπιστέλλοντες,
3614 2035 3773 2107 βασι-

2176 2126 2298 2199 λικῷ
2323 2129 2450 2202 πρὸς
2475 2128 2700 2185 ἀληθειαν
2729 2130 3007 2202 φρονήματί
3049 2148 3101 2181 τε
3129 2130 3212 2182 καί
3236 2127 3545 2198 βουλεύματι
3591 2126 3777 2183 διανα·
3854 2152 3869 2173 τ

2177 2220 2387 2280 στάντες
2423 2222 2505 2275 τόν
2530 2222 2779 2296 είρημένον
2821 2221 3005 2278 εύσιϐἧ
3040 2223 3202 2274 τύπον
3231 2220 3481 2285 ἐξέθεσθε,
3513 2229 3603 2279 τῆς
3638 2217 3775 2290 ἄγαν

2178 2310 2437 2384 ἀκριϐείας
2468 2311 2700 2371 ἀϐλαϐῶς
2728 2310 2955 2366 ἐνδοῦναι
2974 2311 3154 2385 μικρὸν
3180 2309 3557 2385 διαγορεύοντα.
3593 2319 3778 2366 Ταῦτα

2177 2399 2232 2456 δέ
2261 2405 2657 2474 γεγραφήκασιν,
2703 2398 2779 2456 οἷα
2802 2386 3051 2473 μηδαμῶὲ
3087 2408 3185 2456 τῶν
3208 2400 3361 2471 ἁγίων
3399 2408 3606 2471 Πατρῶν
3643 2400 3778 2454 im:-

2181 2491 2479 2553 κούσαντες,
2527 2493 2595 2551 ὡς
2639 2491 2696 2544 οὑ
2736 2492 2913 2564 μικρὸν
2952 2490 3011 2544 τὸ
3052 2492 3198 2562 παρά
3234 2490 3409 2563 μικρὸν
3452 2490 3500 2542 έν
3524 2496 3627 2548 τοῖς
3656 2491 3781 2565 περὶ

2181 2586 2309 2634 Θεοῦ
2335 2583 2417 2634 καί
2459 2581 2592 2633 θείου
2632 2580 2867 2654 ὑπάρχει
2909 2582 3248 2651 κηρύγμασιν.
3284 2576 3406 2632 Ἀλλ’
3426 2576 3686 2632 ἔσπευσαν
3723 2578 3778 2630 έν

2180 2672 2348 2740 τούτῳ
2388 2667 2448 2727 δὴ
2487 2669 2710 2735 μάλιστα
2738 2674 2828 2725 τήν
2864 2669 3063 2728 οἰκείαν,
3097 2669 3165 2723 ὡς
3194 2664 3411 2741 εἴρηται,
3444 2673 3517 2737 τῷ
3545 2666 3778 2738 ὑμετέρῳ

2182 2762 2353 2835 κράτει
2381 2758 2795 2836 προστρίψασθαι
2827 2758 3013 2817 λώϐην,
3053 2759 3103 2811 ἐν
3128 2753 3199 2828 τῷ
3226 2758 3369 2831 παρά
3398 2762 3486 2814 την
3516 2756 3782 2829 ἀκρίϐειαν

2186 2851 2216 2907 έ’
2220 2873 2334 2923 χειν
2357 2852 2512 2911 αὐτῆς
2539 2852 2622 2904 τόν
2649 2849 2808 2905 τύπον
2838 2852 3223 2924 μαρτύρασθαι.
3260 2850 3343 2902 καὶ
3382 2845 3562 2907 ἄλλους
3592 2849 3782 2919 ἐγγρά-

2185 2966 2289 3015 φως
2330 2951 2721 3014 κατασημανεῖν’
2774 2940 2840 2994 ὧν
2878 2947 2967 3000 τήν
2998 2942 3081 2993 ἐπί
3124 2940 3326 2998 τούτοις
3370 2939 3546 2997 αὐτοῖς
3576 2940 3660 2990 καί
3689 2941 3785 2996 τὴν

2185 3034 2384 3108 αἵρεσιν
2411 3035 2579 3089 αὑτῶν
2623 3040 2887 3092 νανονικῶς
2932 3033 3311 3105 κατεκρίναμεν·
3359 3034 3633 3099 πανταχοῦ
3665 3036 3787 3089 τοῖς

2191 3130 2322 3179 πᾶσι
2362 3126 2446 3178 καί
2474 3125 2575 3196 πρό
2606 3124 2805 3178 πάντων
2836 3129 2897 3194 τῇ
2940 3122 3162 3193 ὑμετέρᾳ
3209 3120 3550 3189 θεοστηρίκτῳ
3590 3118 3786 3191 γαλήνῃ

2110 3197 2157 3259 c
2189 3214 2527 3289 γνωρίσαντες
2553 3212 2637 3269 διὰ
2665 3220 2763 3269 τῶν
2785 3210 3059 3271 συνοδικῶς
3085 3213 3200 3284 igitr
3230 3211 3359 3286 ὑπέρ
3384 3218 3475 3269 τῆς
3515 3206 3784 3281 όρθοδῧξου

2189 3312 2411 3367 πίστεως
2433 3308 2518 3361 ἐπὶ
2545 3303 2636 3360 τοὺ
2665 3305 2912 3380 παρόντος
2939 3304 3273 3373 πραχθέντων
3301 3304 3368 3362 ὡς
3397 3299 3487 3356 δύο
3509 3307 3600 3357 τοῦ
3625 3303 3785 3356 αὐτοῦ

2187 3402 2272 3454 καί
2299 3399 2404 3459 ἑνός
2446 3404 2671 3470 Χριστοῦ
2701 3402 2790 3452 τοῦ
2819 3402 2949 3450 Θεοῦ
2978 3397 3320 3469 κηρύττουσιν
3357 3401 3403 3448 οἱ
3430 3394 3647 3465 θεολόγοι
3686 3396 3789 3454 τὰς

2188 3493 2381 3564 φύσεις,
2414 3490 2569 3563 ἤγουν
2597 3491 2779 3548 οῦσίας
2808 3487 3098 3559 ὁμολογεῖν,
3130 3485 3240 3540 καθ’
3270 3486 3556 3540 ὑπόστασιν
3584 3486 3781 3555 ἡνωμέ-

2186 3604 2274 3643 νας
2305 3579 2630 3655 ἀσυγχύτως
2657 3584 2740 3634 καὶ
2768 3578 3088 3652 ἀδιαιρέτως,
3137 3580 3216 3632 καί
3242 3575 3332 3631 δύο
3354 3579 3445 3637 τὰς
3472 3576 3603 3631 κατά
3631 3577 3786 3647 φύσιν

2186 3676 2405 3735 θελγὶσεις
2428 3677 2507 3728 καί
2528 3672 2617 3727 δύο
2634 3675 2731 3734 τὰς
2744 3673 2874 3725 κατά
2894 3668 3043 3741 φύσιν
3063 3672 3333 3744 ένεργείας,
3348 3669 3480 3721 θείαν
3500 3667 3787 3740 καίὰνθρω-

2187 3772 2353 3834 πίνην,
2368 3766 2605 3823 ἅκτιστον
2626 3770 2707 3820 καί
2720 3768 2945 3827 κτιστην,
2965 3769 3207 3835 συμφυῶς
3219 3762 3489 3831 ἡνωμένας,
3504 3764 3576 3819 εἰς
3589 3762 3789 3813 πίστω-

2188 3882 2266 3915 σιν
2288 3859 2442 3917 ἀληθῆ
2476 3864 2589 3923 τοῦ,
2623 3859 2743 3911 Θεὸν
2777 3858 2926 3927 φύσει
2948 3855 3127 3910 τέλειον
3161 3855 3244 3906 καί
3264 3848 3525 3925 ἄνθρωπον
3542 3850 3692 3921 φύσει
3707 3850 3791 3903 τέ·

2188 3952 2314 4006 λειον
2336 3951 2419 4005 τὸν
2440 3949 2588 4003 αὑτὸν
2604 3947 2784 4023 κυρίως
2800 3943 3081 4021 ὑπάρχειν,
3100 3946 3183 3999 καί
3203 3944 3288 3997 ἕνα
3310 3953 3343 3995 X
3352 3943 3528 4016 ριστὸν
3544 3944 3627 3994 καί
3644 3941 3783 4003 rte»,
3868 3996 3875 4005 η

2189 4047 2274 4097 καὶ
2304 4040 2381 4096 ὅτι
2406 4042 2593 4099 πάντες
2628 4042 2671 4093 οἱ
2693 4040 2935 4114 αἱρετικοί
2966 4045 3070 4096 τοῖς
3100 4034 3264 4107 ἁγίοις
3284 4033 3600 4107 ἀντιρρόπως
3624 4031 3788 4090 εόντες

2189 4132 2468 4206 Ιιατροίσιν,
2490 4132 2535 4184 οἷ
2554 4152 2607 4184 τε
2632 4138 2693 4203 τῇ
2715 4125 2979 4201 συγχύσει
3000 4130 3083 4182 καὶ
3106 4134 3168 4199 τῇ
3190 4124 3435 4197 διαιρέσει
3464 4131 3560 4177 τῶν
3588 4125 3787 4175 οἰγείων

2188 4225 2450 4297 δογμάτων
2473 4224 2883 4297 καταφθαρέντες,
2914 4224 3031 4291 μίαν
3049 4220 3247 4275 θέλησιν
3280 4220 3364 4271 καί
3387 4218 3504 4288 μίαν
3532 4216 3787 4287 ἐνέργειαν

2186 4317 2266 4371 ἔπ’
2278 4318 2431 4370 αὑτοῦ
2446 4314 2711 4375 δυσσεϐῶς
2734 4312 3081 4383 ὡμολόγησαν
3099 4311 3145 4363 οί
3165 4311 3277 4379 μέν,
3295 4310 3375 4361 ἵνα
3396 4306 3477 4361 διὰ
3498 4314 3638 4364 κενῆς·
3659 4327 3789 4376 φαν-

2188 4412 2397 4475 τασίας,
2417 4410 2459 4462 οί
2481 4407 2533 4462 δέ
2562 4410 2643 4460 ἵνα
2672 4402 2756 4460 διὰ
2772 4406 2951 4477 ψυχῆς
2969 4403 3283 4475 ὁμωνυμίας,
3300 4402 3357 4453 τὸ
3376 4401 3503 4471 μέγα
3518 4397 3791 4456 τῆςἚνανο

2189 4504 2497 4577 θρωπήσεως
2516 4506 2605 4555 τοῦ
2623 4505 2845 4575 Χριστοῦ
2866 4500 3145 4570 μυστήριον
3159 4501 3424 4568 προπετῶς
3443 4493 3787 4548 ἀθετήσωσιν.

508 4594 570 4643 ad
602 4606 776 4647 veram
815 4593 1305 4655 continuationem,
1347 4592 1488 4663 quod
1524 4593 1662 4646 Deus
1693 4602 1878 4646 natura
1913 4590 2076 4659 petfe-

2191 4592 2334 4649 Ὅθεν
2362 4597 2526 4665 ἡμεῖς,
2549 4594 2594 4647 οἱ
2624 4601 2713 4651 τῆς
2740 4593 2987 4667 ὑμετέρας
3026 4588 3322 4663 πρόσφυγες
3367 4584 3645 4645 εὐσεϐείας.
3694 4584 3790 4638 ἵνα

507 4696 644 4744 ctus,
678 4695 731 4736 et
764 4683 925 4737 homo
955 4694 1140 4738 natura
1172 4683 1355 4738 itidem
1382 4683 1668 4752 perfectus,
1695 4684 1835 4738 idem
1873 4684 2087 4751 proprie

508 4782 609 4838 est,
636 4784 689 4826 et
719 4789 855 4826 unus
884 4775 1128 4828 L'ltristus
1164 4789 1228 4828 ac
1257 4774 1431 4840 filius;
1475 4775 1724 4845 quodque
1754 4790 1940 4828 omnes
1964 4788 2088 4829 son-

508 4867 607 4919 ctis
657 4867 897 4921 l'att-ibus
940 4875 1315 4921 contraruntes
1362 4868 1624 4935 haeretici,
1673 4866 1868 4935 quique
1899 4866 2088 4921 conit-

507 4958 682 5023 sione,
728 4959 925 5026 quique
950 4958 1214 5015 divisione
1244 4960 1473 5029 propriis
1513 4959 1853 5028 dogmatibus
1895 4959 2088 5026 depra-

511 5050 617 5104 vati
655 5058 799 5115 sunt,
848 5051 1016 5120 impie
1058 5065 1216 5105 unam
1265 5051 1318 5106 in
1348 5066 1413 5106 eo
1454 5051 1781 5106 voluntatem
1827 5061 1881 5104 et
1925 5067 2083 5105 ouant

506 5142 872 5209 operationem
893 5150 1017 5195 sunt
1035 5142 1289 5209 confessi,
1317 5142 1403 5196 alii
1426 5142 1637 5212 quidem
1665 5149 1723 5195 ut
1747 5156 1838 5208 per
1872 5141 2083 5196 inat.ent

504 5235 759 5299 speciem,
790 5233 879 5288 alii
926 5250 1052 5289 vero
1084 5241 1143 5289 ut
1172 5250 1266 5304 per
1307 5234 1500 5288 nudam
1532 5235 1806 5299 nominum
1836 5232 2088 5287 similitu-

504 5325 705 5391 dinem,
752 5326 864 5380 sive
898 5343 991 5393 per
1031 5341 1215 5396 puram
1248 5325 1672 5395 ambiguitatem,
1719 5339 1968 5395 magnum
2005 5325 2089 5378 ln-

504 5417 830 5472 carnationis
849 5418 1044 5472 Christi
1068 5418 1381 5489 mysterium
1408 5416 1693 5470 temerarie
1712 5417 2081 5484 reprobarettt.

509 5505 658 5562 Unde
688 5524 785 5562 nos
808 5510 873 5563 ad
902 5511 1153 5578 pietatem
1183 5514 1417 5563 vestram
1450 5504 1837 5575 confugientes,
1864 5514 1922 5559 ut
1942 5514 2085 5559 otto-

509 5618 730 5672 runtque
754 5612 861 5657 tum
886 5612 1230 5671 paternorum
1256 5602 1569 5672 piorumque
1588 5600 1955 5665 decretorum,
1975 5610 2085 5655 tum

511 5690 788 5763 impiorum
821 5694 1093 5749 hominum
1141 5707 1203 5748 ac
1250 5693 1558 5763 dogmatutn
1605 5691 1959 5748 differentiam
1999 5707 2088 5745 ve-

2189 4692 2277 4745 τὴν
2315 4686 2588 4757 ἑκατέρων,
2612 4684 2847 4737 τουτέστι
2893 4688 2990 4736 τῶν
3034 4688 3125 4738 τῆς
3167 4678 3431 4739 εὐσεϐείας
3460 4681 3661 4750 πατρῶν
3699 4676 3789 4727 καί

2194 4778 2321 4855 ὅρων
2345 4780 2429 4831 καί
2456 4784 2555 4832 τῶν
2580 4775 2779 4849 ἀσεϐᾧν
2824 4771 3016 4848 ἀνδρῶν
3057 4773 3144 4825 καί
3164 4768 3426 4842 δογμάτων
3451 4763 3522 4835 τῷ
3548 4766 3788 4837 ὑμετέρῳ

2189 4874 2368 4946 κράτει
2404 4874 2495 4928 τήν
2534 4868 2777 4944 διαφορὰν
2819 4868 3059 4940 εύκρινῶς
3086 4864 3525 4937 παραστήσωμεν,
3558 4858 3688 4910 αὑτὰ
3718 4858 3787 4909 τὰ

2189 4972 2309 5036 παρ’
2321 4964 2459 5030 ἡμῶν
2478 4957 2753 5017 συνοδικῶς
2770 4956 3084 5027 πραχθέντα,
3100 4954 3231 5025 μετά
3246 4958 3334 5009 τῆς
3351 4951 3541 5003 τούτων
3551 4948 3679 5020 πρὸς
3693 4954 3788 5005 τήν

2192 5050 2372 5106 έλλὰδα
2398 5055 2561 5123 φωνήν
2590 5050 2849 5124 ἑρμηνείας
2878 5044 3281 5114 ἁποστείλαμεν,
3311 5040 3532 5109 δεόμενοι
3568 5042 3652 5091 καί
3678 5059 3787 5091 πα-

2193 5141 2552 5216 ρακαλοῦντες,
2568 5141 2780 5198 τούτους
2803 5139 3031 5195 ἐπιεικῶς
3051 5138 3284 5204 ἐντυχεῖν
3305 5134 3545 5195 ἀξιοῦσαν
3567 5135 3653 5187 τὴν
3674 5130 3788 5184 θεό-

2195 5254 2346 5303 σοφον
2392 5237 2533 5303 ὑμῶν
2580 5230 2915 5303 γαληνότητα’
2968 5227 3138 5296 νόμοις
3195 5227 3285 5295 μέν
3344 5222 3604 5280 εύσειῗείας
3657 5222 3784 5283 τούς

2194 5322 2486 5395 εἰρημένους
2512 5320 2794 5394 αἱρετικούς
2823 5318 2951 5388 μετὰ
2978 5324 3067 5375 τῆς
3093 5317 3262 5369 αἰτῶν
3283 5313 3552 5387 αἱρέσεως,
3576 5309 3787 5365 καταδιο

2196 5411 2371 5468 κοίσαι”
2418 5413 2581 5484 λόγοις
2624 5408 2677 5464 δὲ
2718 5409 3035 5471 θεοσεϐείας,
3085 5405 3236 5475 μόνην
3280 5406 3376 5459 σύν
3406 5406 3527 5474 ἡμῖν
3551 5409 3789 5475 κυρῶσαι

2188 5517 2295 5569 τοῖς
2325 5508 2649 5577 ἐλαχίστοις,
2693 5509 2783 5563 τήν
2806 5509 2905 5558 τῶν
2940 5500 3093 5573 ἁγίων
3117 5505 3325 5577 Πατρῶν
3349 5518 3402 5552 τε
3443 5499 3525 5551 καί
3556 5494 3785 5550 συνόδων

2193 5598 2446 5674 ὀρθόδοξον
2476 5594 2755 5669 ὁμολογίαν
2788 5598 2861 5655 εἰς
2888 5595 3138 5650 σύστασιν
3159 5594 3249 5665 μὲν
3271 5599 3363 5652 τῆς
3384 5589 3647 5647 καθολικῆς
3669 5587 3790 5641 Ἐκ-

2195 5693 2435 5758 κλησίας,
2483 5689 2753 5761 ἀσφάλειαν
2792 5684 2843 5741 δέ
2903 5693 2995 5747 τῆς
3040 5685 3376 5759 φιλοχρίστου
3416 5686 3500 5736 καὶ
3546 5679 3791 5739 δουλικῆς

578 5819 600 5845 ⁸
645 5811 783 5881 Lege
809 5809 892 5865 διὰ
921 5810 1090 5877 φίλης,
1126 5818 1179 5863 ιιι
1221 5818 1363 5865 reetc
1396 5809 1444 5863 in
1489 5810 1708 5875 Latino,
1762 5824 1850 5872 per
1880 5806 2092 5864 nudum.
2126 5805 2295 5858 iixliD.
