4002 6350
440 324 543 386 M7

1625 313 1865 375 SANCTI
1905 308 2189 368 MAliTlN'l
2232 308 2433 365 ΡΑΡᾸΕ
2474 310 2493 365 l

3592 297 3700 357 148

441 442 599 500 modo
627 437 907 497 manifeste
950 436 1247 507 praedicans
1277 453 1291 490 :
1324 434 1670 491 Multitudinis
1699 441 1868 485 autent
1895 444 2000 481 cre-

2121 422 2239 476 δῦτω
2279 422 2552 497 acamas»
2597 420 2939 497 κηρύττουσα⁶
2987 426 3084 476 Τοῦ
3116 415 3169 477 δέ
3209 419 3429 481 πλήθους
3476 424 3576 474 τῶν
3613 441 3706 477 1n-

440 537 671 589 denlium
697 541 803 587 erat
831 548 916 585 cor
946 547 1106 584 unum
1137 538 1181 583 et
1212 530 1385 583 anima
1417 545 1541 583 una.
1592 526 1659 579 Et
1694 526 1875 578 virtute
1903 538 2013 575 ma-

441 642 543 695 gna
567 623 848 679 reddebant
870 622 1093 689 apostoli
1120 622 1463 675 testimonium
1488 615 1868 674 resurrectionis
1888 613 1919 665 J
1928 628 2015 667 esu

442 716 631 771 Citriin
663 712 869 767 Domini
896 712 1080 777 nostri,
1102 721 1148 763 et
1172 712 1336 781 gratia
1361 725 1546 779 magna
1570 715 1677 760 erat
1703 705 1755 757 in
1783 702 2013 757 omnibus

442 808 546 861 illis
573 806 708 873 (Act.
742 804 840 874 tv).
886 803 1039 859 Unde
1063 801 1145 856 his
1175 803 1324 871 ipsis,
1361 800 1411 855 id
1435 808 1537 861 est,
1582 796 1685 851 ﬁde
1707 811 1768 851 ac
1793 796 2006 859 virtute,

445 900 713 953 vinculum
748 895 1024 951 charitatis
1053 909 1146 948 vos
1172 907 1403 961 quoque,
1450 889 1662 954 fratres,
1698 888 1899 942 habere
1923 900 2014 939 co.

443 995 783 1055 gnoscentes,
815 994 870 1041 et
895 999 1020 1055 erga
1046 997 1164 1051 nos,
1194 990 1250 1037 ct
1276 981 1337 1035 ad
1371 980 1795 1046 invicem,atquc
1824 975 1888 1029 ad
1918 974 2013 1029 bo-

445 1094 634 1134 norum
665 1078 865 1133 fontem
912 1077 1196 1131 Dominum
1245 1083 1481 1127 nostrum
1524 1086 1587 1125 ac
1631 1071 1797 1124 Deum
1828 1067 2013 1123 Jesum

442 1169 714 1223 Christum
784 1182 1010 1236 quaque
1074 1175 1328 1235 praeterea
1385 1160 1741 1216 confessionis
1795 1158 2016 1226 conjun-

442 1258 638 1323 ctione,
670 1258 808 1312 ultro
836 1258 1076 1325 citroque
1110 1254 1259 1324 quasi
1292 1250 1687 1314 transferendo,
1736 1248 1888 1305 facile
1919 1263 2015 1303 no-

443 1350 527 1404 bis
574 1351 1027 1415 subministratur,
1085 1347 1149 1403 ad
1196 1345 1613 1402 declarationem
1664 1342 1893 1411 piorum.
1924 1338 2027 1407 quin

443 1441 498 1493 in
529 1440 795 1494 mentibus
837 1438 1031 1493 nostris
1063 1446 1203 1500 sunt,
1255 1450 1542 1499 sensuum;
1598 1447 1693 1487 vos
1730 1430 1919 1488 merito
1946 1430 2014 1484 de

444 1529 652 1584 sincero
680 1529 839 1584 corde
866 1526 1259 1595 amplectimur,
1312 1540 1431 1579 cum
1475 1522 1725 1585 maxime,
1767 1531 2013 1589 tanquam

448 1634 709 1687 perennes
739 1618 999 1685 lucernas,
1049 1615 1405 1671 confessionis
1448 1624 1641 1668 vestr-ce
1679 1612 2014 1666 characteres

448 1711 600 1764 nobis
639 1709 1032 1777 expresseritis,
1088 1707 1199 1761 sive
1229 1704 1348 1759 huic
1395 1702 1699 1771 apostolica:
1726 1701 1861 1764 sedi,
1921 1715 2014 1768 per

448 1776 732 1867 synodales
764 1798 966 1851 litteras
1007 1806 1232 1859 vestras,
1284 1808 1416 1862 quos
1444 1803 1468 1830 ει
1518 1794 1569 1847 in
1602 1792 1755 1848 nobis
1785 1791 2014 1860 Spiritus
2044 1776 2091 1834 Β

448 1901 665 1946 sanctus
694 1890 996 1945 informavit
1024 1904 1118 1957 per
1142 1888 1393 1941 Ecclesiae
1416 1885 1692 1941 catholica:
1718 1894 2018 1951 oratorem,

449 1986 737 2055 gloriosum
770 1997 964 2050 nempe
996 1980 1383 2049 AuguStinum;
1417 1979 1718 2047 quibusque
1761 1992 1885 2033 cum
1927 1991 2022 2031 vos

451 2076 735 2141 patrissare
761 2072 1205 2140 compererimus,
1239 2080 1291 2124 et
1334 2070 1637 2124 universum
1670 2069 1723 2122 in
1747 2068 1896 2123 vobis
1922 2068 2021 2122 do-

449 2168 613 2221 ctoris
641 2168 805 2221 decus
834 2165 887 2218 in
930 2165 1121 2219 vestris
1167 2163 1417 2233 piissimis
1460 2161 1792 2231 dogmatibus
1831 2161 2024 2217 eiferre

450 2267 611 2324 atque
637 2256 955 2323 exprimere,
1002 2254 1304 2308 necessario
1350 2252 1434 2306 his
1465 2250 1603 2306 beati
1634 2251 1880 2305 Jeretnim
1905 2266 2024 2305 ver-

456 2349 536 2401 bis
567 2362 659 2401 vos
687 2362 873 2402 omnes
896 2345 1261 2401 collaudamus
1294 2363 1307 2397 :
1345 2343 1656 2398 liecordatus
1696 2359 1807 2396 sum
1832 2344 2026 2397 miseri.

455 2440 643 2493 εον-ἀίω
664 2438 1017 2492 adolescentia:
1039 2446 1159 2500 tute,
1188 2446 1233 2491 et
1262 2435 1546 2489 dilectionis
1572 2436 1894 2505 perfectionis
1923 2444 2024 2489 tua:

454 2528 666 2594 (Jerem.
711 2545 772 2593 tt,
810 2530 966 2599 juxta
1009 2527 1203 2597 LXX).
1255 2525 1682 2581 Adulescentiam
1726 2526 2021 2594 appellans,

456 2618 838 2674 misericordiae
866 2618 1120 2688 vigorem,
1178 2616 1294 2671 sive
1346 2616 1466 2670 ﬁdei
1511 2616 1773 2681 radicem,
1816 2616 2020 2671 sicutia

452 2718 638 2766 sancto
666 2711 828 2766 Paulo
849 2710 1046 2764 dictum
1069 2717 1147 2763 est
1182 2726 1195 2761 :
1223 2707 1442 2762 Credere
1471 2709 1611 2761 enim
1624 2708 1844 2776 primunt
1872 2724 2023 2778 opor-

453 2809 523 2855 tet
550 2803 865 2855 accedentem
893 2801 960 2853 ad
1006 2799 1190 2862 Deum,
1220 2800 1357 2867 quod
1385 2806 1477 2865 est,
1501 2806 1549 2851 et
1588 2799 1927 2867 qumrentibns
1970 2815 2023 2851 se

450 2892 725 2947 retributor
772 2889 951 2963 (Hebr.
982 2889 1077 2960 XI).
1112 2888 1421 2944 Dilectionis
1461 2902 1591 2942 vero
1611 2888 2017 2956 perfectionem,

453 2984 815 3053 impletionem
846 2981 1233 3037 mandatorum.
1261 2980 1399 3034 Nam
1419 2980 1506 3051 qni
1529 2980 1696 3049 diligit
1727 2994 1822 3044 me,
1855 2979 2021 3043 inquit

456 3075 732 3139 Dominus,
758 3074 1002 3126 mandata
1025 3088 1135 3127 mea
1166 3071 1381 3125 servabit
1409 3068 1583 3140 (Joan.
1613 3068 1703 3139 xv)
1731 3087 1744 3133 ;
1779 3078 1832 3123 et
1860 3085 1874 3122 :
1912 3068 2020 3139 Ego

2112 512 2391 569 στευόντων
2441 511 2498 572 ἦν
2536 514 2567 570 si
2617 511 2803 584 καρδία
2843 516 2926 567 καὶ
2968 514 2996 570 ή
3030 511 3179 581 ψυχή
3223 511 3338 582 μία,
3368 512 3454 565 καί
3494 507 3709 581 δυνάμει

2112 603 2312 677 μεγάλῃ
2343 603 2614 660 ἀπεδίδουν
2641 606 2685 658 oi
2712 602 2984 660 ἀπόστολοι
3003 605 3059 660 τὸ
3082 605 3361 680 μαρτύριον
3388 609 3477 659 τοῦ
3518 606 3704 678 κυρίου

2109 689 2273 752 Ἰησοῦ
2302 705 2395 756 τῆς
2432 694 2785 757 ἀναστάσεως.
2826 698 2982 772 Χάρις
3008 716 3061 750 τε
3092 694 3281 767 μεγάλη
3318 691 3376 753 ἦν
3402 694 3485 748 έπί
3510 696 3707 759 πάντας

2111 789 2318 848 αὺτούς.
2347 785 2492 841 Ὀθεν
2514 789 2710 848 τούτοις
2734 789 2925 851 αὐτοῖς,
2956 787 3193 841 τουτέστι
3220 784 3393 840 πίστει
3420 789 3501 840 καὶ
3522 787 3704 861 ἀρετῇ,

2112 884 2198 937 τὸν
2221 882 2499 955 σύνδεσμον
2514 892 2605 945 τῆς
2625 886 2825 957 ἀγάπης
2846 887 2930 937 καὶ
2954 884 3113 955 ὑμᾶς,
3136 881 3354 954 ἀδελφοὶ,
3377 883 3709 953 κεκτημένους

2112 977 2439 1046 γινώσκοντες
2468 977 2597 1047 πρὸς
2625 978 2758 1047 ήμᾶς
2785 996 2837 1031 τε
2864 978 2947 1029 καί
2971 975 3205 1036 ἀλλήλους
3250 977 3333 1030 καί
3358 979 3449 1034 τήν
3478 978 3708 1049 πηγαίαν

2111 1070 2212 1117 τῶν
2227 1067 2426 1136 ἀγαθῶν
2451 1068 2614 1120 αἰτίαν
2642 1068 2728 1119 τόν
2757 1066 2931 1137 κύριον
2956 1066 3093 1137 ἡμῶν
3112 1067 3196 1118 καί
3225 1064 3345 1119 Θεὸν
3367 1065 3559 1123 Ἰησοῦν
3584 1076 3710 1138 Χρι-

2113 1154 2256 1221 στόν,
2282 1153 2314 1210 ἕ
2315 1178 2365 1211 τι
2384 1153 2438 1211 δέ
2454 1158 2584 1230 πρὸς
2614 1157 2827 1214 τούτους
2840 1156 2988 1211 πάλιν
3000 1162 3071 1226 τῷ
3084 1161 3319 1227 συγγενεῖ
3333 1164 3423 1215 τῆς
3438 1154 3709 1227 ὁμολογίας

2112 1246 2336 1320 πορθμοῦ
2360 1243 2496 1303 δίκην
2519 1246 2734 1307 εὐκόλως
2754 1248 2869 1316 ἡμῖν
2896 1246 3368 1321 ἐξυπηρετουμένοις
3390 1248 3460 1306 είς
3489 1252 3578 1306 τήν
3604 1253 3708 1309 τῶν

2113 1332 2241 1386 κατά
2264 1331 2336 1402 ψυ
2348 1338 2447 1401 χήν
2475 1334 2694 1387 εὐσεϐῶν
2722 1335 2981 1405 νοημάτων
3009 1335 3304 1409 φανέρωσιν,
3338 1335 3543 1396 εἰκότως
3569 1336 3712 1405 ὑμᾶς

2114 1420 2387 1496 ὲγκαρδίως
2427 1424 2777 1499 ψησιέστερον
2814 1425 3169 1496 ἀσπαζόμεθα⁹
3217 1427 3437 1499 μάλιστα
3479 1429 3710 1502 καθάπερ

2112 1510 2420 1587 λαμπτῆρας
2441 1515 2686 1584 ἀειφανεῖς
2706 1516 2826 1574 τούς
2857 1522 3197 1588 χαρακτῆρας
3217 1521 3307 1575 τῆς
3329 1516 3579 1586 ύμετέρας
3595 1514 3713 1586 ὁμο·

2113 1603 2278 1675 λογίας
2306 1606 2715 1679 ἐνσημηναμένων
2733 1608 2877 1676 ἡμῖν,
2911 1607 3068 1678 ήγουν
3105 1614 3177 1677 τῷ
3198 1606 3307 1661 καθ’
3331 1609 3463 1679 ἡμᾶς
3486 1610 3711 1663 ἀποστο-

2116 1696 2231 1766 λικῷ
2253 1698 2405 1772 θρόνῳ
2426 1697 2509 1753 διὰ
2523 1705 2619 1753 τῶν
2633 1700 2885 1770 ἡμετέρων
2902 1698 3175 1753 συνοδικῶν
3191 1702 3524 1774 γραμμάτων,
3547 1698 3639 1761 οῦς
3658 1700 3715 1765 ἓν

2122 1788 2237 1858 ύμῖν
2260 1789 2514 1865 ἐμόρφωσε
2541 1791 2601 1842 τό
2642 1795 2840 1859 Πνεῦμα
2877 1790 2935 1843 τὸ
2973 1787 3114 1859 ἅγιον
3154 1787 3240 1844 διά
3263 1796 3352 1845 τοῦ
3379 1791 3588 1867 ῥήτορος
3616 1799 3715 1851 τῆς

2122 1877 2379 1937 καθολικῆς
2398 1878 2702 1937 Ἐκκλησίας⁶
2726 1878 3063 1948 Δύγουστίνου
3078 1878 3205 1948 λέγω
3226 1884 3314 1931 τοῦ
3328 1877 3612 1951 περιδόξου.
3638 1874 3714 1932 Δι’

2126 1966 2192 2022 ὧν
2210 1972 2566 2044 πατρώζοντας
2579 1970 2715 2038 ύμᾶς
2730 1969 2989 2042 εὑράμενοι
3005 1970 3089 2021 καί
3110 1966 3217 2021 ὅλον
3231 1967 3495 2041 ἔφ’έαυτῶν
3515 1969 3596 2023 τόν
3618 1974 3715 2025 τοῦ

2123 2060 2424 2118 διδασκάλου
2466 2063 2655 2133 κόσμον
2693 2064 2744 2116 έν
2764 2072 2870 2123 τοῖς
2892 2062 3157 2117 εὺσεϐέσιν
3185 2062 3326 2132 ὑμῶν
3354 2064 3715 2137 ἐπικομιζομέ-

2123 2176 2239 2216 νους
2268 2177 2321 2210 τε
2353 2159 2436 2211 καί
2464 2159 2939 2231 χαρακτηρίζοντας
2980 2154 3248 2228 δόγμασιν,
3287 2158 3566 2227 ἀναγκαίως
3594 2166 3715 2220 τοῖς

2122 2251 2210 2300 τοῦ
2232 2247 2732 2320 μακαρίουΊερεμίου
2746 2247 2964 2322 ῥήμασι,
2987 2252 3181 2310 πάντας
3209 2249 3347 2321 ύμᾶς
3367 2249 3713 2324 ἀνευφημοῦν-

2124 2357 2205 2396 τες
2232 2336 2456 2409 λέγομεν,
2488 2335 2763 2408 Ἐμνήσθην
2808 2340 2975 2401 ἐλέους
3002 2340 3240 2401 νεότητός
3286 2361 3377 2396 σου
3402 2344 3483 2395 καί
3508 2342 3718 2415 ἀγάπης

2123 2430 2426 2490 τελειώσεώς
2468 2445 2583 2484 σοῦ’
2614 2432 2823 2489 νεότητα
2841 2431 2992 2502 λέγων
3023 2432 3191 2491 έλέους
3230 2436 3319 2490 τήν
3346 2433 3521 2504 ἀκμήν,
3554 2433 3718 2505 ἤγουν

2124 2524 2212 2577 τήν
2233 2518 2377 2591 ῥίζαν
2397 2527 2488 2581 τῆς
2504 2523 2743 2586 πίστεως,
2760 2519 2886 2575 κατά
2905 2524 2962 2576 τό
2981 2523 3239 2596 εἰρημένον
3258 2530 3328 2594 τῷ
3342 2523 3468 2597 ἁγίῳ
3502 2526 3710 2595 Παύλῳ’

2124 2618 2397 2667 Πιστεῦσαι
2431 2616 2527 2690 γὰρ
2570 2612 2649 2668 δεῖ
2681 2622 2884 2688 πρῶτον
2927 2615 3013 2669 τόν
3049 2616 3430 2691 προερχόμενον
3472 2625 3545 2691 τῷ
3572 2626 3709 2691 Θεῷ,

2126 2706 2202 2762 ὅτι
2229 2704 2361 2773 ἔστι,
2386 2710 2587 2767 καὶτοῖς
2611 2708 2902 2772 ἐκζητοῦσιν
2928 2708 3077 2763 αὐτόν
3098 2710 3477 2780 μισταποδότης
3496 2714 3711 2784 γίνεται.

2125 2797 2347 2869 ’Λγάπην
2388 2795 2441 2851 δέ
2469 2797 2789 2861 τελειώσεως,
2812 2804 2899 2857 τήν
2932 2799 3244 2875 ἐκπλήρωσιν
3264 2811 3362 2857 τῶν
3392 2803 3621 2858 incidis.
3653 2803 3715 2859 ὀ

2124 2886 2223 2959 γάρ
2252 2888 2461 2957 ἀγαπῶν
2479 2908 2558 2959 με,
2581 2891 2725 2961 φησίν
2754 2888 2778 2942 ό
2800 2892 2993 2962 κύριος,
3018 2890 3109 2951 τάς
3132 2892 3328 2955 ἐντολάς
3346 2914 3445 2963 μου
3471 2898 3707 2968 τηρήσει,

2124 2976 2258 3046 κάγώ
2286 2978 2369 3029 καί
2396 2975 2421 3029 ό
2446 2982 2615 3051 Πατήρ
2646 2978 2953 3051 ἐλευσόμεθα
2974 2983 3055 3035 καί
3082 2986 3229 3053 μονήν
3258 2981 3380 3057 παρ’
3404 2985 3535 3053 αὖτῷ
3561 2989 3716 3043 ποιῆ⁴

2126 3085 2310 3133 σωμεν.
2340 3065 2409 3120 Δι’
2432 3063 2495 3119 ὧν
2518 3070 2599 3121 καί
2620 3069 2690 3128 είς
2722 3066 2883 3145 ἄνδρα
2904 3070 3085 3126 τέλειον
3112 3073 3183 3132 εἰς
3206 3074 3386 3146 μέτρον
3400 3074 3591 3137 η’λικίας
3616 3082 3712 3130 τοῦ

450 3174 497 3219 et
526 3162 683 3217 Pater
712 3163 780 3217 ad
821 3179 934 3217 eum
962 3164 1239 3229 veniemus,
1280 3171 1328 3215 et
1371 3161 1684 3215 mansionem
1723 3161 1861 3228 apud
1906 3176 2020 3214 eum

2126 3154 2457 3229 πληρώματος
2478 3163 2569 3210 τοῦ
2596 3165 2819 3233 Χριστοῦ
2850 3168 3161 3217 καταντῶσιν
3188 3162 3234 3217 οἱ
3254 3170 3420 3219 ταῦτα
3446 3166 3553 3221 καθ’
3571 3168 3717 3236 ὑμᾶς

453 3258 715 3324 faciemus.
750 3257 901 3312 Unde
929 3266 984 3312 et
1025 3258 1079 3311 in
1119 3257 1290 3311 virum
1322 3255 1608 3324 perfectum
1636 3264 1692 3309 et
1720 3254 1770 3307 in
1802 3268 2021 3308 mensu-

451 3362 566 3403 ram
598 3349 773 3403 astatis
802 3348 1147 3418 plenitudinis
1167 3347 1364 3402 Christi
1394 3346 1708 3415 perveniunt
1730 3347 1761 3400 ii
1788 3346 1878 3415 qui
1910 3346 2025 3399 haec

454 3438 749 3495 secundum
773 3454 875 3494 vos
904 3439 1139 3494 studiose
1165 3447 1402 3493 servant.
1436 3436 1632 3492 Horum
1660 3438 1815 3506 igitur
1851 3445 1903 3491 et
1930 3449 2025 3489 nos

454 3542 574 3582 cum
604 3529 801 3582 virtute
851 3531 1255 3599 conjunctorum
1302 3527 1690 3597 insigniumque
1720 3528 2022 3596 dogtnatum

454 3636 737 3690 memores,
766 3639 869 3678 non
893 3623 1277 3679 infructuosum
1300 3621 1570 3676 effecimus
1595 3631 1832 3677 vestrum
1860 3637 2025 3676 temn-

456 3713 671 3768 landum
727 3729 1064 3779 consensum,
1098 3712 1191 3767 sed
1245 3727 1341 3783 per
1394 3712 1723 3781 spiritualem
1773 3712 1825 3765 in
1871 3713 2025 3766 altari

454 3801 888 3858 intercessionem
920 3803 1030 3857 Deo
1062 3812 1311 3869 tanquam
1343 3802 1483 3857 dona
1528 3801 1813 3858 offerentes
1841 3818 2023 3855 eorum

456 3910 573 3963 quas
602 3910 632 3948 a
680 3894 833 3949 vobis
859 3894 1187 3965 synodaliter
1230 3902 1376 3963 gesta
1405 3902 1551 3960 sunt,
1600 3893 1878 3947 manifeste
1925 3907 2021 3946 cx-

454 3988 734 4053 sultantes,
766 3996 820 4041 et
848 3987 1234 4041 intercedentes
1259 4001 1354 4055 pro
1395 3986 1567 4040 salute
1595 3994 1794 4048 vestra,
1837 3998 1898 4037 ea
1925 3983 2027 4038 Do-

456 4080 602 4132 mino
629 4077 919 4131 obtulimus
946 4079 997 4130 in
1037 4075 1254 4131 odorem
1280 4076 1579 4142 suavitatis,
1609 4076 1722 4130 sive
1750 4076 2024 4130 ostensio-

456 4184 577 4223 nem
608 4171 832 4223 sinceras
880 4167 932 4222 in
976 4166 1146 4236 ipsum
1193 4166 1567 4230 confessionis,
1617 4180 1681 4219 ac
1711 4178 1803 4234 per
1844 4165 2024 4220 utilem

454 4278 638 4318 eorum
687 4260 1052 4315 recitationem
1096 4274 1189 4314 vos
1235 4272 1507 4327 praecones
1564 4257 1804 4312 veritatis
1834 4258 2026 4325 ubique

455 4353 702 4408 omnibus
732 4351 1090 4406 exhibuimus.
1139 4349 1285 4404 Odor
1315 4350 1417 4405 erit
1464 4349 1605 4404 enim
1649 4350 1770 4403 vitae
1809 4362 1878 4404 ex
1918 4350 2023 4403 vita

457 4446 521 4500 iis
559 4445 649 4516 qui
676 4453 913 4499 nostram
947 4444 1106 4498 fidem
1147 4452 1329 4513 aperte
1381 4442 1675 4497 imitantur.
1736 4442 1803 4498 Ut
1844 4449 2019 4496 autem

2126 3243 2419 3305 σπουδαίως
2460 3246 2815 3319 φυλάσσοντες.
2871 3248 3073 3304 Τούτων
3119 3258 3387 3329 τοιγαροῦν
3432 3257 3515 3310 καί
3565 3258 3716 3325 ἡμεῖς

2124 3346 2221 3392 τῶν
2253 3342 2496 3414 ἐναρέτων
2519 3342 2657 3412 ὑμῶν
2684 3345 2765 3397 καί
2789 3341 3046 3416 ἐπισήμων
3078 3344 3343 3419 δογμάτων
3383 3350 3711 3421 μνησθέντες,

2124 3431 2210 3482 οὐκ
2251 3427 2477 3504 ἄκαρπον
2511 3432 2651 3501 ὑμῶν
2694 3437 2783 3492 τήν
2828 3435 3105 3498 εύζήλωτον
3130 3436 3414 3509 συνδρομήν
3461 3440 3717 3497 ἐποιήσαο

2124 3542 2235 3589 μεν.
2269 3521 2569 3598 ’Δλλδῶσπερ
2595 3522 2737 3599 δῶρα
2758 3533 2829 3598 τῷ
2858 3533 2965 3600 Θεῷ
3004 3533 3423 3603 προσκομίζοντες
3452 3528 3534 3585 διὰ
3557 3551 3718 3585 πνευ-

2124 3620 2337 3681 ματικῆς
2367 3608 2633 3677 ἐντεύξεως
2658 3614 2706 3667 έν
2734 3622 2806 3687 τῷ
2832 3615 3183 3692 θυσιαστηρίῳ
3199 3626 3297 3673 τῶν
3315 3617 3432 3695 παρ’
3448 3621 3562 3693 ἡμῖν
3587 3640 3715 3674 συν-

2124 3702 2300 3763 οδικῶς
2343 3706 2677 3778 πραχθέντων
2727 3703 2946 3782 έναργῶς
2997 3709 3387 3780 ἕπαγαλλόμενοι
3442 3714 3524 3765 καί
3553 3733 3717 3767 κατα-

2123 3796 2359 3860 τάξαντες
2386 3799 2517 3870 ὑπὲρ
2542 3805 2633 3859 τῆς
2655 3798 2794 3869 ὑμῶν
2816 3802 3069 3877 σωτηρίας
3088 3807 3253 3856 ταῦτα
3273 3799 3345 3869 τῷ
3362 3807 3530 3878 Κυρίῳ
3552 3825 3714 3877 προε-

2124 3887 2405 3952 κομίσαμεν
2434 3886 2503 3943 εἰς
2531 3887 2690 3955 ὀσμήν
2736 3885 2974 3952 εὐωδίας,
3021 3889 3175 3961 ἤγουν
3221 3890 3472 3955 ἀπόδειξιν
3518 3900 3609 3953 τῆς
3637 3896 3715 3954 εἰς

2123 3972 2273 4025 αὐτὸν
2296 3972 2583 4047 εἰλικρινοῦς
2608 3973 2893 4046 ὁμολογίας,
2916 3980 3137 4052 κήρυκας
3163 3978 3300 4050 ύμᾶς
3322 3980 3554 4040 ἀληθείας
3582 4002 3711 4035 παν·

2123 4071 2292 4133 ταχοῦ
2314 4071 2424 4123 τοῖς
2444 4069 2577 4118 πᾶσι
2594 4070 3073 4140 παραστησάμενοι,
3092 4071 3178 4128 διὰ
3204 4080 3297 4131 τῆς
3326 4075 3491 4128 αὐτῶν
3521 4075 3716 4145 ἐπωφεο

2122 4155 2238 4214 λοῦς
2260 4156 2606 4225 ἀναγνώσεως.
2634 4154 2792 4227 Ὀσμή
2815 4162 2907 4237 ἰὰρ
2930 4158 3101 4215 ἔσεται
3126 4166 3256 4226 ζωῆς
3275 4163 3326 4215 ἐκ
3348 4167 3477 4226 ζωῆς
3496 4172 3596 4224 τοῖς
3621 4170 3717 4223 τήν

2124 4246 2363 4317 ήμετὲραν
2383 4244 2553 4299 πίστιν
2581 4246 2802 4322 ἐναργῶς
2830 4251 3170 4321 μιμουμένοις.
3198 4248 3303 4306 Ἰνα
3332 4251 3383 4307 δέ
3415 4262 3506 4313 τῆς
3534 4256 3716 4309 τοιαύ-

2122 4353 2212 4393 της
2238 4335 2375 4406 ήμῶν
2400 4334 2696 4407 ύπέρλύμῶν
2724 4337 3008 4411 ἱερουργίας
3036 4341 3095 4394 τό
3122 4341 3285 4410 τίμιον
3312 4341 3456 4415 ἴργον
3486 4346 3566 4396 καί
3588 4342 3719 4414 ύμῖν

2123 4423 2297 4487 αὺτοῖς
2340 4426 2388 4480 ἓν
2420 4428 2735 4505 πληροφορίᾳ
2754 4431 2897 4502 πάσῃ
2926 4435 3234 4503 ποιήσωμεν,
3279 4436 3405 4489 αὐτά
3434 4434 3557 4508 παρ’
3572 4437 3719 4506 ἡμῶν

456 4514 757 4606 ltujusmodi
812 4535 976 4591 nostri
1033 4536 1276 4590 sacrificii
1331 4533 1626 4602 pretiosum
1679 4546 1812 4600 opus
1872 4532 2019 4588 vobis

2124 4514 2205 4567 έπί
2221 4522 2313 4570 τοῦ
2328 4517 2574 4592 παρόντος
2590 4521 2888 4593 πραχθέντα
2909 4523 3293 4593 συνειλημμένον
3310 4522 3525 4594 ἔχονται
3546 4527 3721 4590 καθὼς

455 4642 664 4697 quoque
707 4627 831 4696 ipsis
866 4627 1073 4695 penitus
1113 4637 1316 4681 certum
1365 4625 1679 4689 faceremus,
1722 4639 1782 4677 ea
1810 4638 1927 4690 quas
1967 4624 2021 4678 in

459 4716 701 4781 prmsenti
727 4730 756 4769 a
780 4716 928 4770 nobis
947 4722 1091 4784 gesta
1114 4723 1256 4781 sunt,
1284 4713 1625 4778 continentia,
1649 4712 1803 4767 sicuti
1826 4713 2022 4767 dictum

458 4813 559 4869 est,
594 4813 889 4859 vestrorum
930 4819 1233 4859 sermonum
1264 4803 1598 4873 splendorem
1627 4811 1679 4857 et
1704 4802 2025 4857 coruscatio-

462 4909 580 4947 nem
606 4908 706 4947 una
730 4907 847 4947 cum
875 4895 1072 4947 nosuis
1092 4895 1341 4964 encycliis
1370 4895 1555 4950 litteris
1579 4894 1643 4949 ad
1669 4908 1762 4948 vos
1784 4893 2025 4948 misimus

461 5002 553 5055 per
599 4985 936 5041 Theodorum
981 4995 1036 5041 et
1077 4986 1351 5041 Leontium
1408 4987 1684 5057 religiosos
1736 4985 2024 5041 monachos

458 5087 657 5134 sancta:
682 5078 888 5147 Laurre,
932 5088 989 5133 ut
1025 5080 1250 5134 scienter
1279 5081 1546 5135 intuentes
1577 5088 1753 5135 nostra
1783 5081 2026 5151 dogmata

459 5170 659 5240 (nostra
691 5168 854 5233 enim,
899 5169 1186 5225 secundum
1218 5169 1491 5224 indivisam
1524 5170 1751 5241 Spiritus
1790 5186 2029 5225 commu-

460 5264 672 5318 nionem
702 5272 875 5318 vestra
921 5260 1089 5331 sunt),
1112 5262 1161 5315 id
1190 5271 1291 5327 est,
1337 5262 1656 5330 apustolicas
1685 5270 1737 5316 et
1783 5270 2030 5329 paternas

460 5353 711 5410 Ecclesia:
737 5355 1011 5411 catholica:
1032 5353 1457 5422 prmdicationes,
1491 5351 1699 5414 dicatis.
1731 5361 1784 5406 et
1814 5352 1940 5420 ipsi,
1977 5352 2030 5405 in

461 5444 631 5501 divina
660 5448 927 5516 agnitione
952 5444 1097 5511 facti,
1121 5459 1449 5514 nequaquam
1472 5446 1524 5497 in
1558 5460 1780 5500 excessu
1810 5448 2027 5511 mentis,

464 5550 642 5589 verum
681 5548 891 5603 semper
921 5534 1184 5590 mentibus
1226 5535 1504 5603 vigilantes
1536 5553 1548 5588 :
1585 5534 1698 5590 Hoc
1726 5551 1859 5589 nunc
1885 5552 1940 5591 os
1968 5552 2033 5592 ea:

462 5627 652 5681 ossibus
696 5631 901 5693 nostris,
943 5636 990 5679 et
1036 5640 1171 5681 caro.
1203 5626 1266 5679 de
1314 5641 1467 5680 carne
1512 5635 1687 5682 nostra
1731 5626 1886 5699 (Gen.
1916 5630 1980 5701 ll)
2014 5646 2031 5699 ;

536 5809 573 5840 ι
593 5800 712 5867 GL,
732 5802 783 5856 in
807 5799 965 5871 vobis,
998 5806 1159 5857 recte.
1195 5800 1365 5857 lianc.

2125 4601 2383 4676 είξοηταιτό
2397 4606 2597 4679 διαυγές
2612 4607 2719 4665 ἦτοι
2735 4609 2790 4663 τό
2803 4611 3136 4686 μαργαρῶδες
3147 4621 3245 4668 τῶν
3260 4614 3353 4685 ύμε
3358 4615 3416 4689 ρέ
3416 4633 3518 4688 ρων
3529 4615 3715 4688 λόγων,

2124 4691 2255 4761 μετά
2273 4701 2364 4754 τῆς
2384 4696 2639 4766 ἐγκυκλίου
2660 4700 2797 4769 ήμῶν
2817 4701 3107 4767 ἐπιστολῆς,
3124 4704 3252 4778 πρός
3262 4703 3396 4775 ύμᾶς
3421 4705 3723 4761 ἀπεστείλα·

2124 4801 2213 4851 μεν
2228 4778 2312 4835 διά
2333 4782 2592 4858 Θεοδώρου
2614 4789 2697 4839 καί
2724 4791 2958 4845 Λεοντίου
2993 4798 3091 4847 τῶν
3115 4793 3338 4847 εὐλαϐῶν
3359 4802 3603 4866 μοναχῶν
3627 4804 3723 4856 τῆς

2127 4874 2441 4946 εύαγοῦςλαύ
2445 4896 2558 4949 ρας,
2572 4877 2654 4933 ἶνα
2665 4886 2771 4940 τοῖς
2787 4883 2817 4939 ή
2820 4885 2937 4952 μετέ
2939 4903 3046 4956 ροις
3058 4884 3402 4956 ἐπιστημόνως
3415 4888 3726 4943 ένατενίσαν-

2128 4985 2213 5026 τες
2230 4964 2475 5039 δόγμασιν
2500 4968 2659 5043 (ὑμῶν
2686 4973 2782 5043 γάρ
2804 4974 2903 5026 εἰσι
2922 4975 2987 5027 τά
3009 4974 3225 5049 ἡμέτερα
3245 4977 3375 5031 κοιτά
3390 4975 3478 5035 τήν
3496 4976 3725 5054 ἀδιαίρε-

2128 5080 2215 5114 τον
2225 5064 2476 5115 κοινωνίαν
2486 5069 2572 5116 τοῦ
2586 5064 2892 5132 Πνεύματος)
2902 5106 2913 5126 ,
2927 5066 3111 5119 ταυτὸν
3126 5063 3177 5118 δέ
3189 5066 3365 5135 λέγειν,
3379 5076 3481 5128 τοῖς
3496 5069 3725 5123 ἀποστοα

2128 5150 2281 5211 λικοῖς
2296 5154 2379 5207 καὶ
2403 5159 2665 5224 πατρικοῖς
2679 5161 2769 5213 τῆς
2791 5155 3046 5216 κατολικῆς
3066 5156 3359 5218 Ἐκκλησίας
3378 5159 3721 5234 κηρύγμασιν,

2131 5236 2301 5297 εἴπητε
2331 5244 2415 5294 καί
2441 5242 2585 5311 ὑμεῖς
2613 5242 2660 5293 ἐν
2689 5244 2959 5315 ἐπιγνώσει
2983 5244 3090 5317 θείᾳ
3112 5245 3391 5316 γενόμενοι,
3422 5251 3491 5317 μή
3514 5245 3727 5303 ἐκστάν-

2130 5351 2215 5391 τες
2243 5329 2367 5392 ὄλως
2395 5334 2523 5387 κατά
2549 5333 2753 5405 ψυχήν,
2785 5335 2909 5390 ἀλλά
2928 5343 3291 5413 γρηγοροῦντες
3312 5340 3391 5393 ἀεί
3413 5346 3475 5411 τῇ
3502 5337 3722 5412 διανοίᾳ’

2131 5427 2291 5477 Τοῦτο
2312 5417 2402 5476 οῦν
2422 5424 2601 5493 ὀστοῦν
2626 5426 2681 5477 έκ
2715 5433 2815 5479 τῶν
2837 5428 3001 5481 ὀστῶν
3016 5429 3176 5499 ἡμῶν,
3192 5432 3274 5484 καί
3299 5432 3427 5506 σάρξ
3453 5431 3505 5482 ἐκ
3526 5437 3616 5489 τῆς
3631 5451 3726 5483 σοι⁹

2134 5514 2251 5586 ρκὸς
2274 5515 2433 5585 ἡμῶν
2460 5514 2547 5569 ἅτε
2570 5513 2630 5574 δή
2649 5520 2738 5573 τήν
2756 5518 2907 5578 αὐτήν
2930 5520 2978 5572 ἐν
2996 5527 3101 5581 τοῖς
3115 5520 3244 5594 ύπέρ
3264 5521 3490 5580 ἀληθείας
3504 5521 3740 5590 νοήμασέ.

2133 5628 2187 5663 τε
2218 5611 2299 5664 καί
2326 5608 2518 5682 ῥήμασι
2558 5607 2641 5665 διά
2666 5609 2871 5669 πάντων
2896 5614 3207 5689 εὑρίσκοντες
3232 5614 3523 5687 συγγένειάν
3552 5630 3605 5668 τε
3636 5613 3743 5671 καὶ
