  <div class='ocr_page' id='page_1' title='image "/cluster/home/n/w/nwhite01/storage/ocr_20150623/87/hvd.32044015469471/081.png"; bbox 0 0 4002 6350; ppageno 0'>
   <div class='ocr_carea' id='block_1_1' title="bbox 463 316 558 369">
    <p class='ocr_par' dir='ltr' id='par_1_1' title="bbox 463 316 558 369">
     <span class='ocr_line' id='line_1_1' title="bbox 463 316 558 369; baseline 0.011 -2"><span class='ocrx_word' id='word_1_1' title='bbox 463 316 558 369; x_wconf 64' lang='lat' dir='ltr'><strong><em>liii</em></strong></span> 
     </span>
    </p>
   </div>
   <div class='ocr_carea' id='block_1_2' title="bbox 1676 302 2545 363">
    <p class='ocr_par' dir='ltr' id='par_1_2' title="bbox 1676 302 2545 363">
     <span class='ocr_line' id='line_1_2' title="bbox 1676 302 2545 363; baseline -0.002 -1"><span class='ocrx_word' id='word_1_2' title='bbox 1676 304 1917 363; x_wconf 67' lang='lat' dir='ltr'><strong><em>SANCTI</em></strong></span> <span class='ocrx_word' id='word_1_3' title='bbox 1957 302 2240 358; x_wconf 74' lang='lat' dir='ltr'><strong><em>MARTINI</em></strong></span> <span class='ocrx_word' id='word_1_4' title='bbox 2281 304 2487 360; x_wconf 76' lang='grc' dir='ltr'><strong><em>ΡΑΡεΕ</em></strong></span> <span class='ocrx_word' id='word_1_5' title='bbox 2525 304 2545 360; x_wconf 86' lang='grc' dir='ltr'><strong><em>ι</em></strong></span> 
     </span>
    </p>
   </div>
   <div class='ocr_carea' id='block_1_3' title="bbox 453 417 2027 497">
    <p class='ocr_par' dir='ltr' id='par_1_3' title="bbox 453 418 2027 494">
     <span class='ocr_line' id='line_1_3' title="bbox 453 418 2027 494; baseline -0.006 -14"><span class='ocrx_word' id='word_1_6' title='bbox 453 445 554 489; x_wconf 78' lang='lat' dir='ltr'><strong><em>me,</em></strong></span> <span class='ocrx_word' id='word_1_7' title='bbox 600 435 645 477; x_wconf 90' lang='lat' dir='ltr'><strong><em>et</em></strong></span> <span class='ocrx_word' id='word_1_8' title='bbox 690 433 915 491; x_wconf 85' lang='lat' dir='ltr'><strong><em>pastores</em></strong></span> <span class='ocrx_word' id='word_1_9' title='bbox 945 422 1265 494; x_wconf 73' lang='lat' dir='ltr'><strong><em>prteraricati</em></strong></span> <span class='ocrx_word' id='word_1_10' title='bbox 1304 433 1421 476; x_wconf 83' lang='lat' dir='ltr'><strong><em>sunt</em></strong></span> <span class='ocrx_word' id='word_1_11' title='bbox 1450 423 1500 475; x_wconf 91' lang='lat' dir='ltr'><strong><em>in</em></strong></span> <span class='ocrx_word' id='word_1_12' title='bbox 1540 437 1647 488; x_wconf 81' lang='lat' dir='ltr'><strong><em>me;</em></strong></span> <span class='ocrx_word' id='word_1_13' title='bbox 1688 431 1733 474; x_wconf 82' lang='lat' dir='ltr'><strong><em>et</em></strong></span> <span class='ocrx_word' id='word_1_14' title='bbox 1777 418 2027 488; x_wconf 80' lang='lat' dir='ltr'><strong><em>prapheta</em></strong></span> 
     </span>
    </p>
   </div>
   <div class='ocr_carea' id='block_1_4' title="bbox 2131 417 3729 497">
    <p class='ocr_par' dir='ltr' id='par_1_4' title="bbox 2136 417 3729 497">
     <span class='ocr_line' id='line_1_4' title="bbox 2136 417 3729 497; baseline 0.008 -26"><span class='ocrx_word' id='word_1_15' title='bbox 2136 424 2223 478; x_wconf 72' lang='grc' dir='ltr'><strong><em>τήν</em></strong></span> <span class='ocrx_word' id='word_1_16' title='bbox 2249 418 2396 484; x_wconf 79' lang='grc' dir='ltr'>δόξαν</span> <span class='ocrx_word' id='word_1_17' title='bbox 2414 421 2566 475; x_wconf 76' lang='grc' dir='ltr'>αὑτοῦ</span> <span class='ocrx_word' id='word_1_18' title='bbox 2595 419 2643 483; x_wconf 69' lang='grc' dir='ltr'><strong><em>ἕξ</em></strong></span> <span class='ocrx_word' id='word_1_19' title='bbox 2669 417 2727 481; x_wconf 81' lang='grc' dir='ltr'>ἧς</span> <span class='ocrx_word' id='word_1_20' title='bbox 2747 420 2839 474; x_wconf 87' lang='grc' dir='ltr'><strong><em>οὑκ</em></strong></span> <span class='ocrx_word' id='word_1_21' title='bbox 2864 419 3256 494; x_wconf 66' lang='grc' dir='ltr'>ὠφεληθήσεται.</span> <span class='ocrx_word' id='word_1_22' title='bbox 3285 421 3369 478; x_wconf 85' lang='grc' dir='ltr'>Διὸ</span> <span class='ocrx_word' id='word_1_23' title='bbox 3394 425 3729 497; x_wconf 66' lang='grc' dir='ltr'>παρακαλῶ-</span> 
     </span>
    </p>
   </div>
   <div class='ocr_carea' id='block_1_5' title="bbox 453 509 2035 586">
    <p class='ocr_par' dir='ltr' id='par_1_5' title="bbox 453 509 2035 586">
     <span class='ocr_line' id='line_1_5' title="bbox 453 509 2035 586; baseline -0.006 -17"><span class='ocrx_word' id='word_1_24' title='bbox 453 516 877 586; x_wconf 79' lang='lat' dir='ltr'><strong><em>proplietaverunt</em></strong></span> <span class='ocrx_word' id='word_1_25' title='bbox 900 514 952 566; x_wconf 83' lang='lat' dir='ltr'><strong><em>in</em></strong></span> <span class='ocrx_word' id='word_1_26' title='bbox 976 512 1128 578; x_wconf 79' lang='lat' dir='ltr'><strong><em>Raal,</em></strong></span> <span class='ocrx_word' id='word_1_27' title='bbox 1148 523 1193 566; x_wconf 89' lang='lat' dir='ltr'><strong><em>et</em></strong></span> <span class='ocrx_word' id='word_1_28' title='bbox 1220 514 1423 567; x_wconf 84' lang='lat' dir='ltr'><strong><em>inutilia</em></strong></span> <span class='ocrx_word' id='word_1_29' title='bbox 1448 514 1603 567; x_wconf 87' lang='lat' dir='ltr'><strong><em>secuti</em></strong></span> <span class='ocrx_word' id='word_1_30' title='bbox 1632 521 1766 565; x_wconf 87' lang='lat' dir='ltr'><strong><em>sunt.</em></strong></span> <span class='ocrx_word' id='word_1_31' title='bbox 1802 509 2035 578; x_wconf 84' lang='lat' dir='ltr'><strong><em>Pr0pter-</em></strong></span> 
     </span>
    </p>
   </div>
   <div class='ocr_carea' id='block_1_6' title="bbox 452 599 2031 675">
    <p class='ocr_par' dir='ltr' id='par_1_6' title="bbox 452 599 2031 675">
     <span class='ocr_line' id='line_1_6' title="bbox 452 599 2031 675; baseline -0.004 -16"><span class='ocrx_word' id='word_1_32' title='bbox 452 625 511 659; x_wconf 85' lang='lat' dir='ltr'><strong><em>ea</em></strong></span> <span class='ocrx_word' id='word_1_33' title='bbox 552 605 723 658; x_wconf 80' lang='lat' dir='ltr'><strong><em>adhuc</em></strong></span> <span class='ocrx_word' id='word_1_34' title='bbox 754 603 959 675; x_wconf 85' lang='lat' dir='ltr'><strong><em>judicio</em></strong></span> <span class='ocrx_word' id='word_1_35' title='bbox 999 603 1302 655; x_wconf 73' lang='lat' dir='ltr'><strong><em>contendam</em></strong></span> <span class='ocrx_word' id='word_1_36' title='bbox 1339 620 1455 655; x_wconf 83' lang='lat' dir='ltr'><strong><em>cum</em></strong></span> <span class='ocrx_word' id='word_1_37' title='bbox 1486 604 1579 665; x_wconf 86' lang='lat' dir='ltr'><strong><em>eis,</em></strong></span> <span class='ocrx_word' id='word_1_38' title='bbox 1629 601 1699 653; x_wconf 88' lang='lat' dir='ltr'><strong><em>ait</em></strong></span> <span class='ocrx_word' id='word_1_39' title='bbox 1757 599 2031 653; x_wconf 88' lang='lat' dir='ltr'><strong><em>Dominus.</em></strong></span> 
     </span>
    </p>
   </div>
   <div class='ocr_carea' id='block_1_7' title="bbox 453 691 2033 759">
    <p class='ocr_par' dir='ltr' id='par_1_7' title="bbox 453 691 2033 759">
     <span class='ocr_line' id='line_1_7' title="bbox 453 691 2033 759; baseline -0.005 -8"><span class='ocrx_word' id='word_1_40' title='bbox 453 699 780 751; x_wconf 77' lang='lat' dir='ltr'><strong><em>Considerale</em></strong></span> <span class='ocrx_word' id='word_1_41' title='bbox 821 696 956 748; x_wconf 83' lang='lat' dir='ltr'><strong><em>enim</em></strong></span> <span class='ocrx_word' id='word_1_42' title='bbox 1002 695 1333 759; x_wconf 77' lang='lat' dir='ltr'><strong><em>vehementer,</em></strong></span> <span class='ocrx_word' id='word_1_43' title='bbox 1378 705 1426 748; x_wconf 89' lang='lat' dir='ltr'><strong><em>et</em></strong></span> <span class='ocrx_word' id='word_1_44' title='bbox 1452 694 1611 747; x_wconf 79' lang='lat' dir='ltr'><strong><em>videte</em></strong></span> <span class='ocrx_word' id='word_1_45' title='bbox 1650 691 1694 743; x_wconf 92' lang='lat' dir='ltr'><strong><em>si</em></strong></span> <span class='ocrx_word' id='word_1_46' title='bbox 1732 691 1922 759; x_wconf 82' lang='lat' dir='ltr'><strong><em>factum</em></strong></span> <span class='ocrx_word' id='word_1_47' title='bbox 1960 700 2033 744; x_wconf 86' lang='lat' dir='ltr'><strong><em>est</em></strong></span> 
     </span>
    </p>
   </div>
   <div class='ocr_carea' id='block_1_8' title="bbox 453 782 2033 858">
    <p class='ocr_par' dir='ltr' id='par_1_8' title="bbox 453 782 2033 858">
     <span class='ocr_line' id='line_1_8' title="bbox 453 782 2033 858; baseline -0.004 -17"><span class='ocrx_word' id='word_1_48' title='bbox 453 788 775 858; x_wconf 77' lang='lat' dir='ltr'><strong><em>hujusmodi;</em></strong></span> <span class='ocrx_word' id='word_1_49' title='bbox 803 788 845 839; x_wconf 86' lang='lat' dir='ltr'><strong><em>si</em></strong></span> <span class='ocrx_word' id='word_1_50' title='bbox 872 786 1081 840; x_wconf 80' lang='lat' dir='ltr'><strong><em>mutarit</em></strong></span> <span class='ocrx_word' id='word_1_51' title='bbox 1108 802 1228 854; x_wconf 84' lang='lat' dir='ltr'><strong><em>gens</em></strong></span> <span class='ocrx_word' id='word_1_52' title='bbox 1258 786 1378 838; x_wconf 91' lang='lat' dir='ltr'><strong><em>deos</em></strong></span> <span class='ocrx_word' id='word_1_53' title='bbox 1404 800 1542 851; x_wconf 80' lang='lat' dir='ltr'><strong><em>suos,</em></strong></span> <span class='ocrx_word' id='word_1_54' title='bbox 1573 794 1618 835; x_wconf 89' lang='lat' dir='ltr'><strong><em>et</em></strong></span> <span class='ocrx_word' id='word_1_55' title='bbox 1658 792 1787 835; x_wconf 87' lang='lat' dir='ltr'><strong><em>certe</em></strong></span> <span class='ocrx_word' id='word_1_56' title='bbox 1812 782 1910 851; x_wconf 87' lang='lat' dir='ltr'><strong><em>ipsi</em></strong></span> <span class='ocrx_word' id='word_1_57' title='bbox 1931 798 2033 835; x_wconf 86' lang='lat' dir='ltr'><strong><em>non</em></strong></span> 
     </span>
    </p>
   </div>
   <div class='ocr_carea' id='block_1_9' title="bbox 450 875 2032 947">
    <p class='ocr_par' dir='ltr' id='par_1_9' title="bbox 450 875 2032 947">
     <span class='ocr_line' id='line_1_9' title="bbox 450 875 2032 947; baseline -0.004 -14"><span class='ocrx_word' id='word_1_58' title='bbox 450 891 567 933; x_wconf 79' lang='lat' dir='ltr'><strong><em>sunt</em></strong></span> <span class='ocrx_word' id='word_1_59' title='bbox 607 880 701 932; x_wconf 81' lang='lat' dir='ltr'><strong><em>dii.</em></strong></span> <span class='ocrx_word' id='word_1_60' title='bbox 756 877 990 947; x_wconf 76' lang='lat' dir='ltr'><strong><em>Papulas</em></strong></span> <span class='ocrx_word' id='word_1_61' title='bbox 1022 894 1136 930; x_wconf 79' lang='lat' dir='ltr'><strong><em>vero</em></strong></span> <span class='ocrx_word' id='word_1_62' title='bbox 1167 894 1305 930; x_wconf 89' lang='lat' dir='ltr'><strong><em>meus</em></strong></span> <span class='ocrx_word' id='word_1_63' title='bbox 1342 878 1554 929; x_wconf 82' lang='lat' dir='ltr'><strong><em>mutavit</em></strong></span> <span class='ocrx_word' id='word_1_64' title='bbox 1595 875 1810 942; x_wconf 80' lang='lat' dir='ltr'><strong><em>gloriam</em></strong></span> <span class='ocrx_word' id='word_1_65' title='bbox 1837 890 1980 926; x_wconf 89' lang='lat' dir='ltr'><strong><em>suam</em></strong></span> <span class='ocrx_word' id='word_1_66' title='bbox 2013 889 2032 926; x_wconf 91' lang='lat'><em>:</em></span> 
     </span>
    </p>
   </div>
   <div class='ocr_carea' id='block_1_10' title="bbox 450 964 2034 1041">
    <p class='ocr_par' dir='ltr' id='par_1_10' title="bbox 450 964 2034 1041">
     <span class='ocr_line' id='line_1_10' title="bbox 450 964 2034 1041; baseline -0.003 -18"><span class='ocrx_word' id='word_1_67' title='bbox 450 974 513 1023; x_wconf 76' lang='lat' dir='ltr'><strong><em>de</em></strong></span> <span class='ocrx_word' id='word_1_68' title='bbox 540 987 637 1041; x_wconf 81' lang='lat' dir='ltr'><strong><em>quo</em></strong></span> <span class='ocrx_word' id='word_1_69' title='bbox 663 970 794 1024; x_wconf 84' lang='lat' dir='ltr'><strong><em>nihil</em></strong></span> <span class='ocrx_word' id='word_1_70' title='bbox 815 971 860 1023; x_wconf 86' lang='grc' dir='ltr'><strong><em>εί</em></strong></span> <span class='ocrx_word' id='word_1_71' title='bbox 885 969 1109 1039; x_wconf 81' lang='lat' dir='ltr'><strong><em>proderit</em></strong></span> <span class='ocrx_word' id='word_1_72' title='bbox 1136 968 1345 1037; x_wconf 78' lang='lat' dir='ltr'><strong><em>(lerem.</em></strong></span> <span class='ocrx_word' id='word_1_73' title='bbox 1368 971 1469 1034; x_wconf 74' lang='lat' dir='ltr'><strong><em>tv).</em></strong></span> <span class='ocrx_word' id='word_1_74' title='bbox 1497 964 1756 1032; x_wconf 86' lang='lat' dir='ltr'><strong><em>Quocirca</em></strong></span> <span class='ocrx_word' id='word_1_75' title='bbox 1782 964 2034 1019; x_wconf 87' lang='lat' dir='ltr'><strong><em>obsecra-</em></strong></span> 
     </span>
    </p>
   </div>
   <div class='ocr_carea' id='block_1_11' title="bbox 446 1056 2033 1127">
    <p class='ocr_par' dir='ltr' id='par_1_11' title="bbox 446 1056 2033 1127">
     <span class='ocr_line' id='line_1_11' title="bbox 446 1056 2033 1127; baseline -0.006 -9"><span class='ocrx_word' id='word_1_76' title='bbox 446 1078 570 1118; x_wconf 88' lang='lat' dir='ltr'><strong><em>mus</em></strong></span> <span class='ocrx_word' id='word_1_77' title='bbox 602 1076 719 1127; x_wconf 87' lang='lat' dir='ltr'><strong><em>vos,</em></strong></span> <span class='ocrx_word' id='word_1_78' title='bbox 753 1060 944 1114; x_wconf 75' lang='lat' dir='ltr'><strong><em>fratres</em></strong></span> <span class='ocrx_word' id='word_1_79' title='bbox 972 1058 1327 1118; x_wconf 74' lang='lat' dir='ltr'><strong><em>dilectissimi,</em></strong></span> <span class='ocrx_word' id='word_1_80' title='bbox 1370 1066 1423 1109; x_wconf 86' lang='lat' dir='ltr'><strong><em>ut</em></strong></span> <span class='ocrx_word' id='word_1_81' title='bbox 1450 1056 1605 1125; x_wconf 82' lang='lat' dir='ltr'><strong><em>digne</em></strong></span> <span class='ocrx_word' id='word_1_82' title='bbox 1634 1056 1909 1109; x_wconf 83' lang='lat' dir='ltr'><strong><em>ambuletis</em></strong></span> <span class='ocrx_word' id='word_1_83' title='bbox 1945 1070 2033 1109; x_wconf 80' lang='lat' dir='ltr'><strong><em>vo-</em></strong></span> 
     </span>
    </p>
   </div>
   <div class='ocr_carea' id='block_1_12' title="bbox 448 1148 2029 1223">
    <p class='ocr_par' dir='ltr' id='par_1_12' title="bbox 448 1148 2029 1223">
     <span class='ocr_line' id='line_1_12' title="bbox 448 1148 2029 1223; baseline -0.003 -16"><span class='ocrx_word' id='word_1_84' title='bbox 448 1156 647 1208; x_wconf 87' lang='lat' dir='ltr'><strong><em>catione</em></strong></span> <span class='ocrx_word' id='word_1_85' title='bbox 666 1170 766 1223; x_wconf 89' lang='lat' dir='ltr'><strong><em>qua</em></strong></span> <span class='ocrx_word' id='word_1_86' title='bbox 804 1153 969 1206; x_wconf 89' lang='lat' dir='ltr'><strong><em>vocati</em></strong></span> <span class='ocrx_word' id='word_1_87' title='bbox 996 1152 1134 1215; x_wconf 90' lang='lat' dir='ltr'><strong><em>estis,</em></strong></span> <span class='ocrx_word' id='word_1_88' title='bbox 1158 1166 1270 1202; x_wconf 85' lang='lat' dir='ltr'><strong><em>cum</em></strong></span> <span class='ocrx_word' id='word_1_89' title='bbox 1308 1151 1445 1202; x_wconf 89' lang='lat' dir='ltr'><strong><em>omni</em></strong></span> <span class='ocrx_word' id='word_1_90' title='bbox 1485 1148 1777 1201; x_wconf 76' lang='lat' dir='ltr'><strong><em>humilitate</em></strong></span> <span class='ocrx_word' id='word_1_91' title='bbox 1805 1157 1852 1201; x_wconf 92' lang='lat' dir='ltr'><strong><em>et</em></strong></span> <span class='ocrx_word' id='word_1_92' title='bbox 1880 1164 2029 1202; x_wconf 87' lang='lat' dir='ltr'><strong><em>man-</em></strong></span> 
     </span>
    </p>
   </div>
   <div class='ocr_carea' id='block_1_13' title="bbox 448 1241 2029 1313">
    <p class='ocr_par' dir='ltr' id='par_1_13' title="bbox 448 1241 2029 1313">
     <span class='ocr_line' id='line_1_13' title="bbox 448 1241 2029 1313; baseline -0.003 -14"><span class='ocrx_word' id='word_1_93' title='bbox 448 1246 740 1309; x_wconf 84' lang='lat' dir='ltr'><strong><em>suetudine,</em></strong></span> <span class='ocrx_word' id='word_1_94' title='bbox 772 1260 887 1297; x_wconf 87' lang='lat' dir='ltr'><strong><em>cum</em></strong></span> <span class='ocrx_word' id='word_1_95' title='bbox 929 1243 1169 1313; x_wconf 77' lang='lat' dir='ltr'><strong><em>patientia</em></strong></span> <span class='ocrx_word' id='word_1_96' title='bbox 1194 1250 1548 1311; x_wconf 84' lang='lat' dir='ltr'><strong><em>supportantes</em></strong></span> <span class='ocrx_word' id='word_1_97' title='bbox 1588 1242 1800 1294; x_wconf 85' lang='lat' dir='ltr'><strong><em>invicem</em></strong></span> <span class='ocrx_word' id='word_1_98' title='bbox 1825 1242 1877 1294; x_wconf 86' lang='lat' dir='ltr'><strong><em>in</em></strong></span> <span class='ocrx_word' id='word_1_99' title='bbox 1906 1241 2029 1295; x_wconf 84' lang='lat' dir='ltr'><strong><em>elia-</em></strong></span> 
     </span>
    </p>
   </div>
   <div class='ocr_carea' id='block_1_14' title="bbox 448 1332 2031 1399">
    <p class='ocr_par' dir='ltr' id='par_1_14' title="bbox 448 1332 2031 1399">
     <span class='ocr_line' id='line_1_14' title="bbox 448 1332 2031 1399; baseline -0.003 -10"><span class='ocrx_word' id='word_1_100' title='bbox 448 1338 636 1399; x_wconf 87' lang='lat' dir='ltr'><strong><em>ritate,</em></strong></span> <span class='ocrx_word' id='word_1_101' title='bbox 685 1336 889 1388; x_wconf 73' lang='lat' dir='ltr'><strong><em>solliciti</em></strong></span> <span class='ocrx_word' id='word_1_102' title='bbox 935 1349 1132 1387; x_wconf 85' lang='lat' dir='ltr'><strong><em>servare</em></strong></span> <span class='ocrx_word' id='word_1_103' title='bbox 1172 1334 1415 1385; x_wconf 87' lang='lat' dir='ltr'><strong><em>unitatem</em></strong></span> <span class='ocrx_word' id='word_1_104' title='bbox 1460 1332 1671 1394; x_wconf 87' lang='lat' dir='ltr'><strong><em>spiritus</em></strong></span> <span class='ocrx_word' id='word_1_105' title='bbox 1720 1332 1774 1385; x_wconf 89' lang='lat' dir='ltr'><strong><em>in</em></strong></span> <span class='ocrx_word' id='word_1_106' title='bbox 1829 1332 2031 1385; x_wconf 85' lang='lat' dir='ltr'><strong><em>vinculo</em></strong></span> 
     </span>
    </p>
   </div>
   <div class='ocr_carea' id='block_1_15' title="bbox 449 1425 2030 1496">
    <p class='ocr_par' dir='ltr' id='par_1_15' title="bbox 449 1425 2030 1496">
     <span class='ocr_line' id='line_1_15' title="bbox 449 1425 2030 1496; baseline -0.001 -16"><span class='ocrx_word' id='word_1_107' title='bbox 449 1430 587 1496; x_wconf 86' lang='lat' dir='ltr'><strong><em>pacis</em></strong></span> <span class='ocrx_word' id='word_1_108' title='bbox 612 1442 631 1480; x_wconf 91' lang='lat'><strong><em>:</em></strong></span> <span class='ocrx_word' id='word_1_109' title='bbox 656 1444 809 1478; x_wconf 79' lang='lat' dir='ltr'><strong><em>inium</em></strong></span> <span class='ocrx_word' id='word_1_110' title='bbox 838 1442 1021 1494; x_wconf 83' lang='lat' dir='ltr'><strong><em>corpus</em></strong></span> <span class='ocrx_word' id='word_1_111' title='bbox 1044 1433 1089 1477; x_wconf 84' lang='lat' dir='ltr'><strong><em>et</em></strong></span> <span class='ocrx_word' id='word_1_112' title='bbox 1135 1441 1265 1478; x_wconf 89' lang='lat' dir='ltr'><strong><em>unus</em></strong></span> <span class='ocrx_word' id='word_1_113' title='bbox 1289 1425 1517 1491; x_wconf 79' lang='lat' dir='ltr'><strong><em>spiritus,</em></strong></span> <span class='ocrx_word' id='word_1_114' title='bbox 1560 1425 1689 1477; x_wconf 89' lang='lat' dir='ltr'><strong><em>sicut</em></strong></span> <span class='ocrx_word' id='word_1_115' title='bbox 1722 1425 1883 1478; x_wconf 85' lang='lat' dir='ltr'><strong><em>rocati</em></strong></span> <span class='ocrx_word' id='word_1_116' title='bbox 1913 1426 2030 1478; x_wconf 81' lang='lat' dir='ltr'><strong><em>estis</em></strong></span> 
     </span>
    </p>
   </div>
   <div class='ocr_carea' id='block_1_16' title="bbox 448 1514 2025 1586">
    <p class='ocr_par' dir='ltr' id='par_1_16' title="bbox 448 1514 2025 1586">
     <span class='ocr_line' id='line_1_16' title="bbox 448 1514 2025 1586; baseline -0.001 -17"><span class='ocrx_word' id='word_1_117' title='bbox 448 1520 500 1569; x_wconf 86' lang='lat' dir='ltr'><strong><em>in</em></strong></span> <span class='ocrx_word' id='word_1_118' title='bbox 522 1534 623 1570; x_wconf 88' lang='lat' dir='ltr'><strong><em>una</em></strong></span> <span class='ocrx_word' id='word_1_119' title='bbox 651 1533 739 1586; x_wconf 83' lang='lat' dir='ltr'><strong><em>spe</em></strong></span> <span class='ocrx_word' id='word_1_120' title='bbox 762 1516 1042 1568; x_wconf 80' lang='lat' dir='ltr'><strong><em>vocationis</em></strong></span> <span class='ocrx_word' id='word_1_121' title='bbox 1066 1524 1261 1570; x_wconf 67' lang='lat' dir='ltr'><strong><em>vestro}.</em></strong></span> <span class='ocrx_word' id='word_1_122' title='bbox 1286 1514 1429 1567; x_wconf 86' lang='lat' dir='ltr'><strong><em>Unus</em></strong></span> <span class='ocrx_word' id='word_1_123' title='bbox 1456 1514 1727 1578; x_wconf 79' lang='lat' dir='ltr'><strong><em>Dominus,</em></strong></span> <span class='ocrx_word' id='word_1_124' title='bbox 1755 1532 1857 1567; x_wconf 87' lang='lat' dir='ltr'><strong><em>una</em></strong></span> <span class='ocrx_word' id='word_1_125' title='bbox 1877 1515 2025 1581; x_wconf 83' lang='lat' dir='ltr'><strong><em>ﬁdes,</em></strong></span> 
     </span>
    </p>
   </div>
   <div class='ocr_carea' id='block_1_17' title="bbox 450 1604 2031 1675">
    <p class='ocr_par' dir='ltr' id='par_1_17' title="bbox 450 1604 2031 1675">
     <span class='ocr_line' id='line_1_17' title="bbox 450 1604 2031 1675; baseline 0 -16"><span class='ocrx_word' id='word_1_126' title='bbox 450 1624 605 1661; x_wconf 87' lang='lat' dir='ltr'><strong><em>unum</em></strong></span> <span class='ocrx_word' id='word_1_127' title='bbox 639 1607 891 1674; x_wconf 84' lang='lat' dir='ltr'><strong><em>baptisma</em></strong></span> <span class='ocrx_word' id='word_1_128' title='bbox 938 1604 1151 1675; x_wconf 79' lang='lat' dir='ltr'><strong><em>(Ep/tes.</em></strong></span> <span class='ocrx_word' id='word_1_129' title='bbox 1187 1604 1300 1673; x_wconf 85' lang='lat' dir='ltr'><strong><em>tv);</em></strong></span> <span class='ocrx_word' id='word_1_130' title='bbox 1354 1620 1459 1658; x_wconf 90' lang='lat' dir='ltr'><strong><em>non</em></strong></span> <span class='ocrx_word' id='word_1_131' title='bbox 1508 1604 1818 1658; x_wconf 77' lang='lat' dir='ltr'><strong><em>deserentes</em></strong></span> <span class='ocrx_word' id='word_1_132' title='bbox 1869 1606 2031 1659; x_wconf 84' lang='lat' dir='ltr'><strong><em>colle-</em></strong></span> 
     </span>
    </p>
   </div>
   <div class='ocr_carea' id='block_1_18' title="bbox 448 1695 2026 1766">
    <p class='ocr_par' dir='ltr' id='par_1_18' title="bbox 448 1695 2026 1766">
     <span class='ocr_line' id='line_1_18' title="bbox 448 1695 2026 1766; baseline 0.002 -18"><span class='ocrx_word' id='word_1_133' title='bbox 448 1700 675 1749; x_wconf 77' lang='lat' dir='ltr'><strong><em>etionem</em></strong></span> <span class='ocrx_word' id='word_1_134' title='bbox 724 1705 955 1751; x_wconf 73' lang='lat' dir='ltr'><strong><em>vestram</em></strong></span> <span class='ocrx_word' id='word_1_135' title='bbox 1011 1714 1022 1749; x_wconf 87' lang='lat'><strong>:</strong></span> <span class='ocrx_word' id='word_1_136' title='bbox 1079 1696 1307 1766; x_wconf 90' lang='lat' dir='ltr'><strong><em>perditio</em></strong></span> <span class='ocrx_word' id='word_1_137' title='bbox 1353 1711 1536 1750; x_wconf 89' lang='lat' dir='ltr'><strong><em>eorum</em></strong></span> <span class='ocrx_word' id='word_1_138' title='bbox 1594 1711 1698 1748; x_wconf 90' lang='lat' dir='ltr'><strong><em>non</em></strong></span> <span class='ocrx_word' id='word_1_139' title='bbox 1750 1695 2026 1751; x_wconf 88' lang='lat' dir='ltr'><strong><em>dormitat.</em></strong></span> 
     </span>
    </p>
   </div>
   <div class='ocr_carea' id='block_1_19' title="bbox 2136 506 3730 587">
    <p class='ocr_par' dir='ltr' id='par_1_19' title="bbox 2136 506 3730 587">
     <span class='ocr_line' id='line_1_19' title="bbox 2136 506 3730 587; baseline 0.008 -26"><span class='ocrx_word' id='word_1_140' title='bbox 2136 530 2227 578; x_wconf 86' lang='grc' dir='ltr'><strong><em>μεν</em></strong></span> <span class='ocrx_word' id='word_1_141' title='bbox 2251 514 2409 580; x_wconf 82' lang='grc' dir='ltr'>ὑμᾶς,</span> <span class='ocrx_word' id='word_1_142' title='bbox 2434 512 2690 583; x_wconf 85' lang='grc' dir='ltr'>ἀγαπητοί</span> <span class='ocrx_word' id='word_1_143' title='bbox 2711 506 2930 583; x_wconf 74' lang='grc' dir='ltr'>ἀδελφοί,</span> <span class='ocrx_word' id='word_1_144' title='bbox 2954 513 3104 575; x_wconf 82' lang='grc' dir='ltr'>ἀξίως</span> <span class='ocrx_word' id='word_1_145' title='bbox 3124 523 3471 587; x_wconf 79' lang='grc' dir='ltr'>περιπατῆσαι</span> <span class='ocrx_word' id='word_1_146' title='bbox 3497 524 3588 578; x_wconf 77' lang='grc' dir='ltr'>τῆς</span> <span class='ocrx_word' id='word_1_147' title='bbox 3608 518 3730 582; x_wconf 75' lang='grc' dir='ltr'><strong><em>κλή⁴</em></strong></span> 
     </span>
    </p>
   </div>
   <div class='ocr_carea' id='block_1_20' title="bbox 2139 600 3731 688">
    <p class='ocr_par' dir='ltr' id='par_1_20' title="bbox 2139 600 3731 688">
     <span class='ocr_line' id='line_1_20' title="bbox 2139 600 3731 688; baseline 0.004 -27"><span class='ocrx_word' id='word_1_148' title='bbox 2139 622 2291 667; x_wconf 80' lang='grc' dir='ltr'>σεως.</span> <span class='ocrx_word' id='word_1_149' title='bbox 2324 600 2381 662; x_wconf 76' lang='grc' dir='ltr'><strong><em>ἧς</em></strong></span> <span class='ocrx_word' id='word_1_150' title='bbox 2406 602 2638 662; x_wconf 79' lang='grc' dir='ltr'><strong><em>ἐκλήθητε</em></strong></span> <span class='ocrx_word' id='word_1_151' title='bbox 2664 601 2745 659; x_wconf 82' lang='grc' dir='ltr'><strong><em>διά</em></strong></span> <span class='ocrx_word' id='word_1_152' title='bbox 2766 607 2937 664; x_wconf 81' lang='grc' dir='ltr'>πάσης</span> <span class='ocrx_word' id='word_1_153' title='bbox 2960 608 3418 681; x_wconf 65' lang='grc' dir='ltr'><strong><em>ταπεινοφροσύνης</em></strong></span> <span class='ocrx_word' id='word_1_154' title='bbox 3456 614 3539 666; x_wconf 87' lang='grc' dir='ltr'><strong><em>καί</em></strong></span> <span class='ocrx_word' id='word_1_155' title='bbox 3564 609 3731 688; x_wconf 78' lang='grc' dir='ltr'>πρᾳό-</span> 
     </span>
    </p>
   </div>
   <div class='ocr_carea' id='block_1_21' title="bbox 2134 696 3722 781">
    <p class='ocr_par' dir='ltr' id='par_1_21' title="bbox 2134 696 3722 781">
     <span class='ocr_line' id='line_1_21' title="bbox 2134 696 3722 781; baseline 0.002 -32"><span class='ocrx_word' id='word_1_156' title='bbox 2134 713 2285 751; x_wconf 83' lang='grc' dir='ltr'>τητος</span> <span class='ocrx_word' id='word_1_157' title='bbox 2306 696 2435 763; x_wconf 77' lang='grc' dir='ltr'><strong><em>μετά</em></strong></span> <span class='ocrx_word' id='word_1_158' title='bbox 2462 696 2803 770; x_wconf 78' lang='grc' dir='ltr'><strong><em>μακροθυμίας</em></strong></span> <span class='ocrx_word' id='word_1_159' title='bbox 2854 697 3157 768; x_wconf 84' lang='grc' dir='ltr'>ἀνεχόμενοι</span> <span class='ocrx_word' id='word_1_160' title='bbox 3182 698 3401 758; x_wconf 77' lang='grc' dir='ltr'>ἀλλήλων</span> <span class='ocrx_word' id='word_1_161' title='bbox 3430 702 3481 755; x_wconf 69' lang='lat' dir='ltr'><strong><em>iv</em></strong></span> <span class='ocrx_word' id='word_1_162' title='bbox 3706 720 3722 735; x_wconf 84' lang='lat'><strong>-</strong></span> 
     </span>
    </p>
   </div>
   <div class='ocr_carea' id='block_1_22' title="bbox 2136 782 3730 867">
    <p class='ocr_par' dir='ltr' id='par_1_22' title="bbox 2136 782 3730 867">
     <span class='ocr_line' id='line_1_22' title="bbox 2136 782 3730 867; baseline 0.009 -32"><span class='ocrx_word' id='word_1_163' title='bbox 2136 782 2507 848; x_wconf 77' lang='grc' dir='ltr'><strong><em>σπουδάζοντες</em></strong></span> <span class='ocrx_word' id='word_1_164' title='bbox 2554 794 2721 861; x_wconf 79' lang='grc' dir='ltr'><strong><em>τηρεῖν</em></strong></span> <span class='ocrx_word' id='word_1_165' title='bbox 2748 791 2836 847; x_wconf 74' lang='grc' dir='ltr'>τήν</span> <span class='ocrx_word' id='word_1_166' title='bbox 2863 785 3075 847; x_wconf 87' lang='grc' dir='ltr'>ένότητα</span> <span class='ocrx_word' id='word_1_167' title='bbox 3116 796 3206 845; x_wconf 90' lang='grc' dir='ltr'><strong><em>τοῦ</em></strong></span> <span class='ocrx_word' id='word_1_168' title='bbox 3228 792 3547 865; x_wconf 87' lang='grc' dir='ltr'>πνεύματος,</span> <span class='ocrx_word' id='word_1_169' title='bbox 3574 794 3625 849; x_wconf 86' lang='grc' dir='ltr'><strong><em>έν</em></strong></span> <span class='ocrx_word' id='word_1_170' title='bbox 3652 802 3730 867; x_wconf 80' lang='grc' dir='ltr'>τῷ</span> 
     </span>
    </p>
   </div>
   <div class='ocr_carea' id='block_1_23' title="bbox 2134 873 3729 958">
    <p class='ocr_par' dir='ltr' id='par_1_23' title="bbox 2134 873 3729 958">
     <span class='ocr_line' id='line_1_23' title="bbox 2134 873 3729 958; baseline 0.013 -33"><span class='ocrx_word' id='word_1_171' title='bbox 2134 873 2403 945; x_wconf 81' lang='grc' dir='ltr'><strong><em>συνδέσμῳ</em></strong></span> <span class='ocrx_word' id='word_1_172' title='bbox 2427 886 2516 936; x_wconf 82' lang='grc' dir='ltr'>τῆς</span> <span class='ocrx_word' id='word_1_173' title='bbox 2546 881 2769 953; x_wconf 75' lang='grc' dir='ltr'>εἰρήνης,</span> <span class='ocrx_word' id='word_1_174' title='bbox 2798 878 2849 934; x_wconf 83' lang='grc' dir='ltr'>ἓν</span> <span class='ocrx_word' id='word_1_175' title='bbox 2869 886 3019 951; x_wconf 88' lang='grc' dir='ltr'>σῶμα</span> <span class='ocrx_word' id='word_1_176' title='bbox 3043 885 3128 936; x_wconf 87' lang='grc' dir='ltr'>καὶ</span> <span class='ocrx_word' id='word_1_177' title='bbox 3146 880 3197 937; x_wconf 78' lang='grc' dir='ltr'>ἓν</span> <span class='ocrx_word' id='word_1_178' title='bbox 3221 889 3422 958; x_wconf 86' lang='grc' dir='ltr'>πνεῦμα</span> <span class='ocrx_word' id='word_1_179' title='bbox 3449 887 3613 948; x_wconf 78' lang='grc' dir='ltr'>καθώς</span> <span class='ocrx_word' id='word_1_180' title='bbox 3641 892 3729 945; x_wconf 83' lang='grc' dir='ltr'><strong><em>καί</em></strong></span> 
     </span>
    </p>
   </div>
   <div class='ocr_carea' id='block_1_24' title="bbox 2134 963 3731 1054">
    <p class='ocr_par' dir='ltr' id='par_1_24' title="bbox 2134 963 3731 1054">
     <span class='ocr_line' id='line_1_24' title="bbox 2134 963 3731 1054; baseline 0.013 -39"><span class='ocrx_word' id='word_1_181' title='bbox 2134 963 2360 1024; x_wconf 68' lang='grc' dir='ltr'>ἐκλήθητε</span> <span class='ocrx_word' id='word_1_182' title='bbox 2389 968 2439 1021; x_wconf 82' lang='grc' dir='ltr'>ἔν</span> <span class='ocrx_word' id='word_1_183' title='bbox 2465 974 2558 1039; x_wconf 85' lang='grc' dir='ltr'><strong><em>μιᾷ</em></strong></span> <span class='ocrx_word' id='word_1_184' title='bbox 2588 967 2750 1024; x_wconf 82' lang='grc' dir='ltr'>ἐλπίδι</span> <span class='ocrx_word' id='word_1_185' title='bbox 2770 979 2861 1031; x_wconf 82' lang='grc' dir='ltr'>τῆς</span> <span class='ocrx_word' id='word_1_186' title='bbox 2882 971 3102 1034; x_wconf 75' lang='grc' dir='ltr'><strong><em>κλήσεως</em></strong></span> <span class='ocrx_word' id='word_1_187' title='bbox 3127 975 3288 1045; x_wconf 72' lang='grc' dir='ltr'>ἡμῶν,</span> <span class='ocrx_word' id='word_1_188' title='bbox 3314 974 3384 1037; x_wconf 83' lang='grc' dir='ltr'>εἷς</span> <span class='ocrx_word' id='word_1_189' title='bbox 3411 980 3605 1054; x_wconf 73' lang='grc' dir='ltr'>κὺριος,</span> <span class='ocrx_word' id='word_1_190' title='bbox 3629 982 3731 1050; x_wconf 82' lang='grc' dir='ltr'><strong><em>μία</em></strong></span> 
     </span>
    </p>
   </div>
   <div class='ocr_carea' id='block_1_25' title="bbox 2131 1059 3729 1147">
    <p class='ocr_par' dir='ltr' id='par_1_25' title="bbox 2131 1059 3729 1147">
     <span class='ocr_line' id='line_1_25' title="bbox 2131 1059 3729 1147; baseline 0.015 -38"><span class='ocrx_word' id='word_1_191' title='bbox 2131 1060 2326 1123; x_wconf 78' lang='grc' dir='ltr'><strong><em>πίστις,</em></strong></span> <span class='ocrx_word' id='word_1_192' title='bbox 2345 1059 2395 1113; x_wconf 85' lang='grc' dir='ltr'>ἓν</span> <span class='ocrx_word' id='word_1_193' title='bbox 2412 1062 2703 1131; x_wconf 78' lang='grc' dir='ltr'><strong><em>βάπτισμα,</em></strong></span> <span class='ocrx_word' id='word_1_194' title='bbox 2719 1070 2788 1133; x_wconf 75' lang='grc' dir='ltr'>μή</span> <span class='ocrx_word' id='word_1_195' title='bbox 2809 1066 3224 1138; x_wconf 68' lang='grc' dir='ltr'><strong><em>ἐγκαταλιπόντες</em></strong></span> <span class='ocrx_word' id='word_1_196' title='bbox 3242 1074 3331 1128; x_wconf 64' lang='grc' dir='ltr'><strong><em>τήν</em></strong></span> <span class='ocrx_word' id='word_1_197' title='bbox 3343 1071 3729 1147; x_wconf 65' lang='grc' dir='ltr'><strong><em>ἐπισυναγωγὴν</em></strong></span> 
     </span>
    </p>
   </div>
   <div class='ocr_carea' id='block_1_26' title="bbox 2133 1146 3727 1239">
    <p class='ocr_par' dir='ltr' id='par_1_26' title="bbox 2133 1146 3727 1239">
     <span class='ocr_line' id='line_1_26' title="bbox 2133 1146 3727 1239; baseline 0.011 -39"><span class='ocrx_word' id='word_1_198' title='bbox 2133 1146 2348 1215; x_wconf 82' lang='grc' dir='ltr'>έαυτῶν,</span> <span class='ocrx_word' id='word_1_199' title='bbox 2380 1154 2540 1214; x_wconf 80' lang='grc' dir='ltr'>καθὼς</span> <span class='ocrx_word' id='word_1_200' title='bbox 2565 1150 2673 1213; x_wconf 71' lang='grc' dir='ltr'>ἔθος</span> <span class='ocrx_word' id='word_1_201' title='bbox 2700 1158 2853 1221; x_wconf 85' lang='grc' dir='ltr'>τισίν,</span> <span class='ocrx_word' id='word_1_202' title='bbox 2886 1154 2959 1216; x_wconf 81' lang='grc' dir='ltr'>οἷς</span> <span class='ocrx_word' id='word_1_203' title='bbox 2989 1158 3046 1214; x_wconf 86' lang='grc' dir='ltr'><strong><em>τὸ</em></strong></span> <span class='ocrx_word' id='word_1_204' title='bbox 3076 1167 3235 1233; x_wconf 85' lang='grc' dir='ltr'>κρῖμα</span> <span class='ocrx_word' id='word_1_205' title='bbox 3262 1160 3480 1217; x_wconf 77' lang='grc' dir='ltr'>ἔκπαλαι</span> <span class='ocrx_word' id='word_1_206' title='bbox 3511 1166 3603 1217; x_wconf 79' lang='grc' dir='ltr'><strong><em>οὑκ</em></strong></span> <span class='ocrx_word' id='word_1_207' title='bbox 3623 1164 3727 1239; x_wconf 84' lang='grc' dir='ltr'>ἀρ-</span> 
     </span>
    </p>
   </div>
   <div class='ocr_carea' id='block_1_27' title="bbox 2132 1244 3731 1329">
    <p class='ocr_par' dir='ltr' id='par_1_27' title="bbox 2132 1244 3731 1329">
     <span class='ocr_line' id='line_1_27' title="bbox 2132 1244 3731 1329; baseline 0.009 -34"><span class='ocrx_word' id='word_1_208' title='bbox 2132 1248 2228 1309; x_wconf 81' lang='grc' dir='ltr'>γεῖ,</span> <span class='ocrx_word' id='word_1_209' title='bbox 2257 1246 2341 1296; x_wconf 75' lang='grc' dir='ltr'>καὶ</span> <span class='ocrx_word' id='word_1_210' title='bbox 2361 1246 2390 1301; x_wconf 78' lang='grc' dir='ltr'>ἡ</span> <span class='ocrx_word' id='word_1_211' title='bbox 2413 1244 2636 1301; x_wconf 80' lang='grc' dir='ltr'>ἀπώλεια</span> <span class='ocrx_word' id='word_1_212' title='bbox 2656 1248 2896 1316; x_wconf 75' lang='grc' dir='ltr'>αὑτῶνμοὺ</span> <span class='ocrx_word' id='word_1_213' title='bbox 2917 1251 3175 1313; x_wconf 76' lang='grc' dir='ltr'>νυστάζει.</span> <span class='ocrx_word' id='word_1_214' title='bbox 3199 1256 3508 1324; x_wconf 77' lang='grc' dir='ltr'>Πεπείσμεθα</span> <span class='ocrx_word' id='word_1_215' title='bbox 3528 1252 3582 1310; x_wconf 65' lang='grc' dir='ltr'>δὲ</span> <span class='ocrx_word' id='word_1_216' title='bbox 3604 1258 3731 1329; x_wconf 73' lang='grc' dir='ltr'>περὶ</span> 
     </span>
    </p>
   </div>
   <div class='ocr_carea' id='block_1_28' title="bbox 2131 1330 3729 1418">
    <p class='ocr_par' dir='ltr' id='par_1_28' title="bbox 2131 1330 3729 1418">
     <span class='ocr_line' id='line_1_28' title="bbox 2131 1330 3729 1418; baseline 0.014 -36"><span class='ocrx_word' id='word_1_217' title='bbox 2131 1330 2301 1399; x_wconf 84' lang='grc' dir='ltr'>ὑμῶν,</span> <span class='ocrx_word' id='word_1_218' title='bbox 2336 1336 2590 1406; x_wconf 88' lang='grc' dir='ltr'>ἀγαπητοί</span> <span class='ocrx_word' id='word_1_219' title='bbox 2629 1336 2854 1410; x_wconf 78' lang='grc' dir='ltr'>ἀδελφοὶ,</span> <span class='ocrx_word' id='word_1_220' title='bbox 2885 1338 2962 1395; x_wconf 82' lang='grc' dir='ltr'>ὅτι</span> <span class='ocrx_word' id='word_1_221' title='bbox 2991 1342 3330 1417; x_wconf 80' lang='grc' dir='ltr'>εὐκοπώτερον</span> <span class='ocrx_word' id='word_1_222' title='bbox 3369 1347 3599 1418; x_wconf 82' lang='grc' dir='ltr'>ἡγεῖσθαι</span> <span class='ocrx_word' id='word_1_223' title='bbox 3635 1346 3729 1403; x_wconf 60' lang='grc' dir='ltr'><strong><em>τὸν</em></strong></span> 
     </span>
    </p>
   </div>
   <div class='ocr_carea' id='block_1_29' title="bbox 2129 1424 3725 1523">
    <p class='ocr_par' dir='ltr' id='par_1_29' title="bbox 2132 1424 3725 1514">
     <span class='ocr_line' id='line_1_29' title="bbox 2132 1424 3725 1514; baseline 0.014 -41"><span class='ocrx_word' id='word_1_224' title='bbox 2132 1424 2344 1492; x_wconf 71' lang='grc' dir='ltr'>οὑρανζν</span> <span class='ocrx_word' id='word_1_225' title='bbox 2369 1430 2452 1479; x_wconf 85' lang='grc' dir='ltr'><strong><em>καί</em></strong></span> <span class='ocrx_word' id='word_1_226' title='bbox 2472 1434 2561 1485; x_wconf 69' lang='grc' dir='ltr'>τήν</span> <span class='ocrx_word' id='word_1_227' title='bbox 2586 1439 2678 1497; x_wconf 81' lang='grc' dir='ltr'><strong><em>γῆν</em></strong></span> <span class='ocrx_word' id='word_1_228' title='bbox 2704 1433 2983 1506; x_wconf 79' lang='grc' dir='ltr'>παρελθεῖν,</span> <span class='ocrx_word' id='word_1_229' title='bbox 3009 1433 3038 1492; x_wconf 70' lang='grc' dir='ltr'><em>ἦ</em></span> <span class='ocrx_word' id='word_1_230' title='bbox 3063 1436 3187 1489; x_wconf 83' lang='grc' dir='ltr'>ἰῶτα</span> <span class='ocrx_word' id='word_1_231' title='bbox 3214 1434 3286 1500; x_wconf 78' lang='grc' dir='ltr'>ἓν,</span> <span class='ocrx_word' id='word_1_232' title='bbox 3310 1437 3339 1495; x_wconf 79' lang='grc' dir='ltr'><em>ἧ</em></span> <span class='ocrx_word' id='word_1_233' title='bbox 3359 1440 3477 1507; x_wconf 89' lang='grc' dir='ltr'>μίαν</span> <span class='ocrx_word' id='word_1_234' title='bbox 3496 1442 3725 1514; x_wconf 82' lang='grc' dir='ltr'>κεραίαν.</span> 
     </span>
    </p>
   </div>
   <div class='ocr_carea' id='block_1_30' title="bbox 2152 1519 3727 1601">
    <p class='ocr_par' dir='ltr' id='par_1_30' title="bbox 2152 1519 3727 1601">
     <span class='ocr_line' id='line_1_30' title="bbox 2152 1519 3727 1601; baseline 0.011 -34"><span class='ocrx_word' id='word_1_235' title='bbox 2152 1524 2290 1589; x_wconf 88' lang='grc' dir='ltr'>Οπερ</span> <span class='ocrx_word' id='word_1_236' title='bbox 2318 1519 2429 1573; x_wconf 77' lang='grc' dir='ltr'>ἐστὶ</span> <span class='ocrx_word' id='word_1_237' title='bbox 2456 1520 2626 1580; x_wconf 83' lang='grc' dir='ltr'>θεὸτης</span> <span class='ocrx_word' id='word_1_238' title='bbox 2673 1530 2763 1577; x_wconf 90' lang='grc' dir='ltr'><strong><em>τοῦ</em></strong></span> <span class='ocrx_word' id='word_1_239' title='bbox 2790 1526 2947 1580; x_wconf 84' lang='grc' dir='ltr'>αὑτοῦ</span> <span class='ocrx_word' id='word_1_240' title='bbox 2984 1529 3067 1581; x_wconf 84' lang='grc' dir='ltr'><strong><em>καί</em></strong></span> <span class='ocrx_word' id='word_1_241' title='bbox 3092 1527 3418 1599; x_wconf 83' lang='grc' dir='ltr'>ἀνθρωπὸτης</span> <span class='ocrx_word' id='word_1_242' title='bbox 3439 1569 3453 1594; x_wconf 87' lang='grc'><strong><em>,</em></strong></span> <span class='ocrx_word' id='word_1_243' title='bbox 3484 1535 3727 1601; x_wconf 78' lang='grc' dir='ltr'>σχήματι</span> 
     </span>
    </p>
   </div>
   <div class='ocr_carea' id='block_1_31' title="bbox 2130 1616 3728 1687">
    <p class='ocr_par' dir='ltr' id='par_1_31' title="bbox 2130 1616 3728 1687">
     <span class='ocr_line' id='line_1_31' title="bbox 2130 1616 3728 1687; baseline 0.012 -28"><span class='ocrx_word' id='word_1_244' title='bbox 2130 1616 2355 1684; x_wconf 84' lang='grc' dir='ltr'>σταυροῦ</span> <span class='ocrx_word' id='word_1_245' title='bbox 2401 1616 2710 1683; x_wconf 87' lang='grc' dir='ltr'>τυπούμεναι</span> <span class='ocrx_word' id='word_1_246' title='bbox 2752 1626 3039 1687; x_wconf 78' lang='grc' dir='ltr'>μυστικῶς,</span> <span class='ocrx_word' id='word_1_247' title='bbox 3078 1626 3187 1678; x_wconf 87' lang='grc' dir='ltr'>τοῖς</span> <span class='ocrx_word' id='word_1_248' title='bbox 3224 1627 3413 1679; x_wconf 87' lang='grc' dir='ltr'>νοητῶς</span> <span class='ocrx_word' id='word_1_249' title='bbox 3452 1627 3620 1676; x_wconf 85' lang='grc' dir='ltr'>νοοῦσι</span> <span class='ocrx_word' id='word_1_250' title='bbox 3654 1624 3728 1678; x_wconf 81' lang='grc' dir='ltr'>τοὶ</span> 
     </span>
    </p>
   </div>
   <div class='ocr_carea' id='block_1_32' title="bbox 2131 1703 3727 1782">
    <p class='ocr_par' dir='ltr' id='par_1_32' title="bbox 2131 1703 3727 1782">
     <span class='ocr_line' id='line_1_32' title="bbox 2131 1703 3727 1782; baseline 0.011 -32"><span class='ocrx_word' id='word_1_251' title='bbox 2131 1703 2495 1772; x_wconf 75' lang='grc' dir='ltr'>παρακείμενα,</span> <span class='ocrx_word' id='word_1_252' title='bbox 2520 1705 2573 1757; x_wconf 86' lang='grc' dir='ltr'><strong><em>έκ</em></strong></span> <span class='ocrx_word' id='word_1_253' title='bbox 2593 1715 2683 1765; x_wconf 76' lang='grc' dir='ltr'>τῆς</span> <span class='ocrx_word' id='word_1_254' title='bbox 2710 1707 3085 1781; x_wconf 77' lang='grc' dir='ltr'>παραδοθείσης</span> <span class='ocrx_word' id='word_1_255' title='bbox 3106 1709 3225 1780; x_wconf 86' lang='grc' dir='ltr'>ὑμῖν</span> <span class='ocrx_word' id='word_1_256' title='bbox 3252 1711 3303 1763; x_wconf 79' lang='grc' dir='ltr'>ἐκ</span> <span class='ocrx_word' id='word_1_257' title='bbox 3321 1718 3422 1766; x_wconf 79' lang='grc' dir='ltr'><strong><em>τῶν</em></strong></span> <span class='ocrx_word' id='word_1_258' title='bbox 3448 1710 3601 1782; x_wconf 79' lang='grc' dir='ltr'>ἁγίων</span> <span class='ocrx_word' id='word_1_259' title='bbox 3620 1722 3727 1768; x_wconf 78' lang='grc' dir='ltr'><strong><em>Πα-</em></strong></span> 
     </span>
    </p>
   </div>
   <div class='ocr_carea' id='block_1_33' title="bbox 452 1789 2027 1875">
    <p class='ocr_par' dir='ltr' id='par_1_33' title="bbox 452 1789 2025 1858">
     <span class='ocr_line' id='line_1_33' title="bbox 452 1789 2025 1858; baseline 0.002 -16"><span class='ocrx_word' id='word_1_260' title='bbox 452 1789 701 1842; x_wconf 80' lang='lat' dir='ltr'><strong><em>Persuasi</em></strong></span> <span class='ocrx_word' id='word_1_261' title='bbox 723 1797 899 1842; x_wconf 89' lang='lat' dir='ltr'><strong><em>autem</em></strong></span> <span class='ocrx_word' id='word_1_262' title='bbox 931 1804 1112 1842; x_wconf 90' lang='lat' dir='ltr'><strong><em>sumus</em></strong></span> <span class='ocrx_word' id='word_1_263' title='bbox 1136 1790 1204 1843; x_wconf 90' lang='lat' dir='ltr'><strong><em>de</em></strong></span> <span class='ocrx_word' id='word_1_264' title='bbox 1233 1790 1402 1854; x_wconf 83' lang='lat' dir='ltr'><strong><em>vobis,</em></strong></span> <span class='ocrx_word' id='word_1_265' title='bbox 1434 1789 1613 1843; x_wconf 80' lang='lat' dir='ltr'><strong><em>dilecti</em></strong></span> <span class='ocrx_word' id='word_1_266' title='bbox 1638 1789 1851 1855; x_wconf 75' lang='lat' dir='ltr'><strong><em>fratres,</em></strong></span> <span class='ocrx_word' id='word_1_267' title='bbox 1881 1791 2025 1858; x_wconf 88' lang='lat' dir='ltr'><strong><em>quod</em></strong></span> 
     </span>
    </p>
   </div>
   <div class='ocr_carea' id='block_1_34' title="bbox 2131 1789 3729 1875">
    <p class='ocr_par' dir='ltr' id='par_1_34' title="bbox 2131 1793 3729 1875">
     <span class='ocr_line' id='line_1_34' title="bbox 2131 1793 3729 1875; baseline 0.004 -29"><span class='ocrx_word' id='word_1_268' title='bbox 2131 1798 2262 1864; x_wconf 82' lang='grc' dir='ltr'>τρῶν</span> <span class='ocrx_word' id='word_1_269' title='bbox 2292 1798 2374 1849; x_wconf 90' lang='grc' dir='ltr'><strong><em>καί</em></strong></span> <span class='ocrx_word' id='word_1_270' title='bbox 2400 1793 2624 1848; x_wconf 85' lang='grc' dir='ltr'>συ·.ὸδων</span> <span class='ocrx_word' id='word_1_271' title='bbox 2652 1798 2895 1861; x_wconf 74' lang='grc' dir='ltr'>πίστεως,</span> <span class='ocrx_word' id='word_1_272' title='bbox 2917 1806 3008 1858; x_wconf 76' lang='grc' dir='ltr'>τῆς</span> <span class='ocrx_word' id='word_1_273' title='bbox 3036 1800 3122 1853; x_wconf 81' lang='grc' dir='ltr'><strong><em>καί</em></strong></span> <span class='ocrx_word' id='word_1_274' title='bbox 3148 1800 3276 1873; x_wconf 85' lang='grc' dir='ltr'>παρ’</span> <span class='ocrx_word' id='word_1_275' title='bbox 3294 1800 3433 1871; x_wconf 86' lang='grc' dir='ltr'>ὑμῶν</span> <span class='ocrx_word' id='word_1_276' title='bbox 3458 1799 3729 1875; x_wconf 72' lang='grc' dir='ltr'>ἐγγράφως</span> 
     </span>
    </p>
   </div>
   <div class='ocr_carea' id='block_1_35' title="bbox 450 1879 2025 1950">
    <p class='ocr_par' dir='ltr' id='par_1_35' title="bbox 450 1879 2025 1950">
     <span class='ocr_line' id='line_1_35' title="bbox 450 1879 2025 1950; baseline 0.002 -17"><span class='ocrx_word' id='word_1_277' title='bbox 450 1882 657 1935; x_wconf 82' lang='lat' dir='ltr'><strong><em>facilius</em></strong></span> <span class='ocrx_word' id='word_1_278' title='bbox 702 1882 922 1949; x_wconf 82' lang='lat' dir='ltr'><strong><em>putatis,</em></strong></span> <span class='ocrx_word' id='word_1_279' title='bbox 970 1879 1161 1934; x_wconf 68' lang='lat' dir='ltr'><strong><em>omium</em></strong></span> <span class='ocrx_word' id='word_1_280' title='bbox 1207 1889 1263 1934; x_wconf 90' lang='lat' dir='ltr'><strong><em>et</em></strong></span> <span class='ocrx_word' id='word_1_281' title='bbox 1322 1890 1516 1933; x_wconf 87' lang='lat' dir='ltr'><strong><em>terram</em></strong></span> <span class='ocrx_word' id='word_1_282' title='bbox 1568 1882 1816 1946; x_wconf 77' lang='lat' dir='ltr'><strong><em>transire,</em></strong></span> <span class='ocrx_word' id='word_1_283' title='bbox 1867 1896 2025 1950; x_wconf 89' lang='lat' dir='ltr'><strong><em>quam</em></strong></span> 
     </span>
    </p>
   </div>
   <div class='ocr_carea' id='block_1_36' title="bbox 448 1968 2028 2038">
    <p class='ocr_par' dir='ltr' id='par_1_36' title="bbox 448 1968 2028 2038">
     <span class='ocr_line' id='line_1_36' title="bbox 448 1968 2028 2038; baseline 0.001 -16"><span class='ocrx_word' id='word_1_284' title='bbox 448 1973 554 2023; x_wconf 87' lang='lat' dir='ltr'><strong><em>iota</em></strong></span> <span class='ocrx_word' id='word_1_285' title='bbox 578 1986 765 2034; x_wconf 82' lang='lat' dir='ltr'><strong><em>unum,</em></strong></span> <span class='ocrx_word' id='word_1_286' title='bbox 790 1980 881 2022; x_wconf 87' lang='lat' dir='ltr'><strong><em>aut</em></strong></span> <span class='ocrx_word' id='word_1_287' title='bbox 911 1984 1071 2021; x_wconf 91' lang='lat' dir='ltr'><strong><em>unum</em></strong></span> <span class='ocrx_word' id='word_1_288' title='bbox 1098 1968 1326 2035; x_wconf 88' lang='lat' dir='ltr'><strong><em>apicem,</em></strong></span> <span class='ocrx_word' id='word_1_289' title='bbox 1353 1968 1491 2036; x_wconf 90' lang='lat' dir='ltr'><strong><em>quod</em></strong></span> <span class='ocrx_word' id='word_1_290' title='bbox 1522 1978 1603 2022; x_wconf 88' lang='lat' dir='ltr'><strong><em>est</em></strong></span> <span class='ocrx_word' id='word_1_291' title='bbox 1626 1968 1883 2022; x_wconf 77' lang='lat' dir='ltr'><strong><em>divinitas</em></strong></span> <span class='ocrx_word' id='word_1_292' title='bbox 1911 1968 2028 2038; x_wconf 74' lang='lat' dir='ltr'><strong><em>eius</em></strong></span> 
     </span>
    </p>
   </div>
   <div class='ocr_carea' id='block_1_37' title="bbox 444 2059 2025 2132">
    <p class='ocr_par' dir='ltr' id='par_1_37' title="bbox 444 2059 2025 2132">
     <span class='ocr_line' id='line_1_37' title="bbox 444 2059 2025 2132; baseline 0 -17"><span class='ocrx_word' id='word_1_293' title='bbox 444 2076 604 2132; x_wconf 85' lang='lat' dir='ltr'><strong><em>atque</em></strong></span> <span class='ocrx_word' id='word_1_294' title='bbox 630 2063 947 2126; x_wconf 84' lang='lat' dir='ltr'><strong><em>humanitas,</em></strong></span> <span class='ocrx_word' id='word_1_295' title='bbox 975 2060 1197 2131; x_wconf 81' lang='lat' dir='ltr'><strong><em>mystice</em></strong></span> <span class='ocrx_word' id='word_1_296' title='bbox 1222 2059 1272 2113; x_wconf 91' lang='lat' dir='ltr'><strong><em>in</em></strong></span> <span class='ocrx_word' id='word_1_297' title='bbox 1306 2060 1531 2131; x_wconf 80' lang='lat' dir='ltr'><strong><em>ﬁguram</em></strong></span> <span class='ocrx_word' id='word_1_298' title='bbox 1554 2061 1729 2115; x_wconf 90' lang='lat' dir='ltr'><strong><em>crucis</em></strong></span> <span class='ocrx_word' id='word_1_299' title='bbox 1757 2059 2025 2128; x_wconf 64' lang='lat' dir='ltr'><strong><em>formatae,</em></strong></span> 
     </span>
    </p>
   </div>
   <div class='ocr_carea' id='block_1_38' title="bbox 450 2153 2024 2226">
    <p class='ocr_par' dir='ltr' id='par_1_38' title="bbox 450 2153 2024 2226">
     <span class='ocr_line' id='line_1_38' title="bbox 450 2153 2024 2226; baseline -0.001 -17"><span class='ocrx_word' id='word_1_300' title='bbox 450 2158 515 2210; x_wconf 90' lang='lat' dir='ltr'><strong><em>iis</em></strong></span> <span class='ocrx_word' id='word_1_301' title='bbox 546 2158 638 2225; x_wconf 86' lang='lat' dir='ltr'><strong><em>qui</em></strong></span> <span class='ocrx_word' id='word_1_302' title='bbox 672 2156 939 2226; x_wconf 84' lang='lat' dir='ltr'><strong><em>proposita</em></strong></span> <span class='ocrx_word' id='word_1_303' title='bbox 987 2153 1415 2209; x_wconf 89' lang='lat' dir='ltr'><strong><em>intellectualiter</em></strong></span> <span class='ocrx_word' id='word_1_304' title='bbox 1456 2154 1770 2224; x_wconf 73' lang='lat' dir='ltr'><strong><em>prtecipiunt</em></strong></span> <span class='ocrx_word' id='word_1_305' title='bbox 1815 2168 1879 2208; x_wconf 81' lang='lat' dir='ltr'><strong><em>ex</em></strong></span> <span class='ocrx_word' id='word_1_306' title='bbox 1914 2163 2024 2207; x_wconf 87' lang='lat' dir='ltr'><strong><em>tra-</em></strong></span> 
     </span>
    </p>
   </div>
   <div class='ocr_carea' id='block_1_39' title="bbox 439 2244 2024 2314">
    <p class='ocr_par' dir='ltr' id='par_1_39' title="bbox 439 2244 2024 2314">
     <span class='ocr_line' id='line_1_39' title="bbox 439 2244 2024 2314; baseline -0.001 -15"><span class='ocrx_word' id='word_1_307' title='bbox 439 2248 550 2301; x_wconf 87' lang='lat' dir='ltr'><strong><em>dita</em></strong></span> <span class='ocrx_word' id='word_1_308' title='bbox 598 2248 750 2301; x_wconf 87' lang='lat' dir='ltr'><strong><em>nobis</em></strong></span> <span class='ocrx_word' id='word_1_309' title='bbox 778 2262 808 2299; x_wconf 87' lang='lat' dir='ltr'><strong><em>a</em></strong></span> <span class='ocrx_word' id='word_1_310' title='bbox 836 2246 1033 2299; x_wconf 82' lang='lat' dir='ltr'><strong><em>sanctis</em></strong></span> <span class='ocrx_word' id='word_1_311' title='bbox 1085 2245 1328 2299; x_wconf 82' lang='lat' dir='ltr'><strong><em>Patribus</em></strong></span> <span class='ocrx_word' id='word_1_312' title='bbox 1355 2256 1410 2299; x_wconf 88' lang='lat' dir='ltr'><strong><em>et</em></strong></span> <span class='ocrx_word' id='word_1_313' title='bbox 1445 2244 1663 2314; x_wconf 81' lang='lat' dir='ltr'><strong><em>synodis</em></strong></span> <span class='ocrx_word' id='word_1_314' title='bbox 1693 2244 1818 2309; x_wconf 86' lang='lat' dir='ltr'><strong><em>fide,</em></strong></span> <span class='ocrx_word' id='word_1_315' title='bbox 1868 2259 2024 2313; x_wconf 90' lang='lat' dir='ltr'><strong><em>quam</em></strong></span> 
     </span>
    </p>
   </div>
   <div class='ocr_carea' id='block_1_40' title="bbox 443 2333 2024 2408">
    <p class='ocr_par' dir='ltr' id='par_1_40' title="bbox 443 2333 2024 2408">
     <span class='ocr_line' id='line_1_40' title="bbox 443 2333 2024 2408; baseline -0.001 -20"><span class='ocrx_word' id='word_1_316' title='bbox 443 2354 539 2393; x_wconf 84' lang='lat' dir='ltr'><strong><em>vos</em></strong></span> <span class='ocrx_word' id='word_1_317' title='bbox 570 2352 778 2408; x_wconf 89' lang='lat' dir='ltr'><strong><em>quoque</em></strong></span> <span class='ocrx_word' id='word_1_318' title='bbox 806 2336 995 2390; x_wconf 86' lang='lat' dir='ltr'><strong><em>litteris</em></strong></span> <span class='ocrx_word' id='word_1_319' title='bbox 1036 2334 1102 2388; x_wconf 88' lang='lat' dir='ltr'><strong><em>ad</em></strong></span> <span class='ocrx_word' id='word_1_320' title='bbox 1134 2349 1231 2388; x_wconf 91' lang='lat' dir='ltr'><strong><em>nos</em></strong></span> <span class='ocrx_word' id='word_1_321' title='bbox 1261 2334 1399 2387; x_wconf 89' lang='lat' dir='ltr'><strong><em>datis</em></strong></span> <span class='ocrx_word' id='word_1_322' title='bbox 1428 2344 1483 2388; x_wconf 89' lang='lat' dir='ltr'><strong><em>et</em></strong></span> <span class='ocrx_word' id='word_1_323' title='bbox 1527 2333 1863 2405; x_wconf 71' lang='lat' dir='ltr'><strong><em>synodaliter</em></strong></span> <span class='ocrx_word' id='word_1_324' title='bbox 1893 2347 2024 2388; x_wconf 92' lang='lat' dir='ltr'><strong><em>eon-</em></strong></span> 
     </span>
    </p>
   </div>
   <div class='ocr_carea' id='block_1_41' title="bbox 450 2426 2021 2499">
    <p class='ocr_par' dir='ltr' id='par_1_41' title="bbox 450 2426 2021 2499">
     <span class='ocr_line' id='line_1_41' title="bbox 450 2426 2021 2499; baseline -0.001 -17"><span class='ocrx_word' id='word_1_325' title='bbox 450 2431 577 2484; x_wconf 87' lang='lat' dir='ltr'><strong><em>t&#39;essi</em></strong></span> <span class='ocrx_word' id='word_1_326' title='bbox 609 2429 775 2495; x_wconf 89' lang='lat' dir='ltr'><strong><em>est-is;</em></strong></span> <span class='ocrx_word' id='word_1_327' title='bbox 803 2443 907 2499; x_wconf 90' lang='lat' dir='ltr'><strong><em>qua</em></strong></span> <span class='ocrx_word' id='word_1_328' title='bbox 937 2426 1019 2497; x_wconf 88' lang='lat' dir='ltr'><strong><em>pie</em></strong></span> <span class='ocrx_word' id='word_1_329' title='bbox 1047 2427 1394 2496; x_wconf 77' lang='lat' dir='ltr'><strong><em>prazdicastis,</em></strong></span> <span class='ocrx_word' id='word_1_330' title='bbox 1419 2427 1590 2497; x_wconf 88' lang='lat' dir='ltr'><strong><em>ipsum</em></strong></span> <span class='ocrx_word' id='word_1_331' title='bbox 1623 2428 1795 2481; x_wconf 83' lang='lat' dir='ltr'><strong><em>solum</em></strong></span> <span class='ocrx_word' id='word_1_332' title='bbox 1828 2436 2021 2496; x_wconf 87' lang='lat' dir='ltr'><strong><em>poten-</em></strong></span> 
     </span>
    </p>
   </div>
   <div class='ocr_carea' id='block_1_42' title="bbox 443 2516 2022 2575">
    <p class='ocr_par' dir='ltr' id='par_1_42' title="bbox 443 2516 2022 2575">
     <span class='ocr_line' id='line_1_42' title="bbox 443 2516 2022 2575; baseline -0.001 0"><span class='ocrx_word' id='word_1_333' title='bbox 443 2533 547 2575; x_wconf 87' lang='lat' dir='ltr'><strong><em>tem</em></strong></span> <span class='ocrx_word' id='word_1_334' title='bbox 600 2522 766 2575; x_wconf 90' lang='lat' dir='ltr'><strong><em>Deum</em></strong></span> <span class='ocrx_word' id='word_1_335' title='bbox 798 2536 859 2575; x_wconf 89' lang='lat' dir='ltr'><strong><em>ac</em></strong></span> <span class='ocrx_word' id='word_1_336' title='bbox 904 2520 1183 2575; x_wconf 87' lang='lat' dir='ltr'><strong><em>Dominum</em></strong></span> <span class='ocrx_word' id='word_1_337' title='bbox 1228 2529 1467 2573; x_wconf 88' lang='lat' dir='ltr'><strong><em>nostrum</em></strong></span> <span class='ocrx_word' id='word_1_338' title='bbox 1516 2518 1700 2573; x_wconf 86' lang='lat' dir='ltr'><strong><em>Jesum</em></strong></span> <span class='ocrx_word' id='word_1_339' title='bbox 1749 2516 2022 2573; x_wconf 85' lang='lat' dir='ltr'><strong><em>Christum</em></strong></span> 
     </span>
    </p>
   </div>
   <div class='ocr_carea' id='block_1_43' title="bbox 443 2607 2017 2681">
    <p class='ocr_par' dir='ltr' id='par_1_43' title="bbox 443 2607 2017 2681">
     <span class='ocr_line' id='line_1_43' title="bbox 443 2607 2017 2681; baseline -0.002 -16"><span class='ocrx_word' id='word_1_340' title='bbox 443 2613 577 2665; x_wconf 79' lang='lat' dir='ltr'><strong><em>duas</em></strong></span> <span class='ocrx_word' id='word_1_341' title='bbox 604 2611 801 2667; x_wconf 88' lang='lat' dir='ltr'><strong><em>habere</em></strong></span> <span class='ocrx_word' id='word_1_342' title='bbox 844 2621 1058 2665; x_wconf 88' lang='lat' dir='ltr'><strong><em>naturas</em></strong></span> <span class='ocrx_word' id='word_1_343' title='bbox 1102 2611 1153 2665; x_wconf 89' lang='lat' dir='ltr'><strong><em>in</em></strong></span> <span class='ocrx_word' id='word_1_344' title='bbox 1184 2610 1453 2681; x_wconf 84' lang='lat' dir='ltr'><strong><em>hypostasi</em></strong></span> <span class='ocrx_word' id='word_1_345' title='bbox 1486 2607 1765 2666; x_wconf 86' lang='lat' dir='ltr'><strong><em>inconfuse</em></strong></span> <span class='ocrx_word' id='word_1_346' title='bbox 1793 2618 1848 2665; x_wconf 91' lang='lat' dir='ltr'><strong><em>et</em></strong></span> <span class='ocrx_word' id='word_1_347' title='bbox 1876 2610 2017 2664; x_wconf 85' lang='lat' dir='ltr'><strong><em>indi-</em></strong></span> 
     </span>
    </p>
   </div>
   <div class='ocr_carea' id='block_1_44' title="bbox 445 2703 2023 2773">
    <p class='ocr_par' dir='ltr' id='par_1_44' title="bbox 445 2703 2023 2773">
     <span class='ocr_line' id='line_1_44' title="bbox 445 2703 2023 2773; baseline 0.003 -20"><span class='ocrx_word' id='word_1_348' title='bbox 445 2707 557 2760; x_wconf 63' lang='lat' dir='ltr'><strong><em>vise</em></strong></span> <span class='ocrx_word' id='word_1_349' title='bbox 584 2706 781 2766; x_wconf 84' lang='lat' dir='ltr'><strong><em>unitas,</em></strong></span> <span class='ocrx_word' id='word_1_350' title='bbox 831 2704 1068 2773; x_wconf 84' lang='lat' dir='ltr'><strong><em>duasque</em></strong></span> <span class='ocrx_word' id='word_1_351' title='bbox 1118 2703 1389 2757; x_wconf 85' lang='lat' dir='ltr'><strong><em>naturales</em></strong></span> <span class='ocrx_word' id='word_1_352' title='bbox 1420 2704 1747 2770; x_wconf 78' lang='lat' dir='ltr'><strong><em>voluntates,</em></strong></span> <span class='ocrx_word' id='word_1_353' title='bbox 1800 2718 1865 2758; x_wconf 84' lang='lat' dir='ltr'><strong><em>ac</em></strong></span> <span class='ocrx_word' id='word_1_354' title='bbox 1892 2704 2023 2758; x_wconf 83' lang='lat' dir='ltr'><strong><em>duas</em></strong></span> 
     </span>
    </p>
   </div>
   <div class='ocr_carea' id='block_1_45' title="bbox 444 2794 2023 2864">
    <p class='ocr_par' dir='ltr' id='par_1_45' title="bbox 444 2794 2023 2864">
     <span class='ocr_line' id='line_1_45' title="bbox 444 2794 2023 2864; baseline -0.002 -12"><span class='ocrx_word' id='word_1_355' title='bbox 444 2798 715 2852; x_wconf 76' lang='lat' dir='ltr'><strong><em>naturales</em></strong></span> <span class='ocrx_word' id='word_1_356' title='bbox 745 2795 1104 2864; x_wconf 85' lang='lat' dir='ltr'><strong><em>operationes,</em></strong></span> <span class='ocrx_word' id='word_1_357' title='bbox 1154 2796 1445 2851; x_wconf 83' lang='lat' dir='ltr'><strong><em>increatam</em></strong></span> <span class='ocrx_word' id='word_1_358' title='bbox 1474 2803 1529 2849; x_wconf 84' lang='lat' dir='ltr'><strong><em>et</em></strong></span> <span class='ocrx_word' id='word_1_359' title='bbox 1576 2802 1835 2861; x_wconf 83' lang='lat' dir='ltr'><strong><em>creatam,</em></strong></span> <span class='ocrx_word' id='word_1_360' title='bbox 1880 2794 2023 2849; x_wconf 84' lang='lat' dir='ltr'><strong><em>divi-</em></strong></span> 
     </span>
    </p>
   </div>
   <div class='ocr_carea' id='block_1_46' title="bbox 444 2886 2025 2957">
    <p class='ocr_par' dir='ltr' id='par_1_46' title="bbox 444 2886 2025 2957">
     <span class='ocr_line' id='line_1_46' title="bbox 444 2886 2025 2957; baseline -0.003 -12"><span class='ocrx_word' id='word_1_361' title='bbox 444 2908 565 2945; x_wconf 84' lang='lat' dir='ltr'><strong><em>nam</em></strong></span> <span class='ocrx_word' id='word_1_362' title='bbox 598 2902 653 2946; x_wconf 90' lang='lat' dir='ltr'><strong><em>et</em></strong></span> <span class='ocrx_word' id='word_1_363' title='bbox 700 2889 1009 2957; x_wconf 82' lang='lat' dir='ltr'><strong><em>humanam,</em></strong></span> <span class='ocrx_word' id='word_1_364' title='bbox 1058 2888 1401 2943; x_wconf 64' lang='lat' dir='ltr'><strong><em>cohaerenter</em></strong></span> <span class='ocrx_word' id='word_1_365' title='bbox 1451 2887 1651 2949; x_wconf 88' lang='lat' dir='ltr'><strong><em>unitas,</em></strong></span> <span class='ocrx_word' id='word_1_366' title='bbox 1691 2887 1755 2940; x_wconf 89' lang='lat' dir='ltr'><strong><em>ad</em></strong></span> <span class='ocrx_word' id='word_1_367' title='bbox 1799 2886 2025 2941; x_wconf 82' lang='lat' dir='ltr'><strong><em>demon—</em></strong></span> 
     </span>
    </p>
   </div>
   <div class='ocr_carea' id='block_1_47' title="bbox 437 2983 2024 3040">
    <p class='ocr_par' dir='ltr' id='par_1_47' title="bbox 437 2983 2024 3040">
     <span class='ocr_line' id='line_1_47' title="bbox 437 2983 2024 3040; baseline -0.004 -1"><span class='ocrx_word' id='word_1_368' title='bbox 437 2987 719 3040; x_wconf 85' lang='lat' dir='ltr'><strong><em>strandum</em></strong></span> <span class='ocrx_word' id='word_1_369' title='bbox 759 2986 1005 3039; x_wconf 80' lang='lat' dir='ltr'><strong><em>eumdem</em></strong></span> <span class='ocrx_word' id='word_1_370' title='bbox 1034 2992 1090 3039; x_wconf 87' lang='lat' dir='ltr'><strong><em>et</em></strong></span> <span class='ocrx_word' id='word_1_371' title='bbox 1140 3000 1305 3039; x_wconf 90' lang='lat' dir='ltr'><strong><em>unum</em></strong></span> <span class='ocrx_word' id='word_1_372' title='bbox 1359 2983 1643 3037; x_wconf 88' lang='lat' dir='ltr'><strong><em>Dominum</em></strong></span> <span class='ocrx_word' id='word_1_373' title='bbox 1692 2988 1930 3034; x_wconf 90' lang='lat' dir='ltr'><strong><em>nostrum</em></strong></span> <span class='ocrx_word' id='word_1_374' title='bbox 1961 2993 2024 3033; x_wconf 84' lang='lat' dir='ltr'><strong><em>ac</em></strong></span> 
     </span>
    </p>
   </div>
   <div class='ocr_carea' id='block_1_48' title="bbox 441 3071 2019 3146">
    <p class='ocr_par' dir='ltr' id='par_1_48' title="bbox 441 3071 2019 3146">
     <span class='ocr_line' id='line_1_48' title="bbox 441 3071 2019 3146; baseline -0.006 -13"><span class='ocrx_word' id='word_1_375' title='bbox 441 3079 630 3139; x_wconf 76' lang='lat' dir='ltr'><strong><em>Deum,</em></strong></span> <span class='ocrx_word' id='word_1_376' title='bbox 661 3076 957 3146; x_wconf 80' lang='lat' dir='ltr'><strong><em>perlectum</em></strong></span> <span class='ocrx_word' id='word_1_377' title='bbox 1008 3076 1059 3129; x_wconf 92' lang='lat' dir='ltr'><strong><em>in</em></strong></span> <span class='ocrx_word' id='word_1_378' title='bbox 1088 3074 1391 3139; x_wconf 77' lang='lat' dir='ltr'><strong><em>divinitate,</em></strong></span> <span class='ocrx_word' id='word_1_379' title='bbox 1440 3082 1495 3128; x_wconf 80' lang='lat' dir='ltr'><strong><em>et</em></strong></span> <span class='ocrx_word' id='word_1_380' title='bbox 1524 3071 1817 3143; x_wconf 86' lang='lat' dir='ltr'><strong><em>perfectum</em></strong></span> <span class='ocrx_word' id='word_1_381' title='bbox 1865 3084 2019 3125; x_wconf 87' lang='lat' dir='ltr'><strong><em>eum-</em></strong></span> 
     </span>
    </p>
   </div>
   <div class='ocr_carea' id='block_1_49' title="bbox 2131 1888 3727 1963">
    <p class='ocr_par' dir='ltr' id='par_1_49' title="bbox 2131 1888 3727 1963">
     <span class='ocr_line' id='line_1_49' title="bbox 2131 1888 3727 1963; baseline 0.005 -22"><span class='ocrx_word' id='word_1_382' title='bbox 2131 1888 2259 1961; x_wconf 88' lang='grc' dir='ltr'>πρὸς</span> <span class='ocrx_word' id='word_1_383' title='bbox 2284 1890 2416 1956; x_wconf 79' lang='grc' dir='ltr'>ἡμᾶς</span> <span class='ocrx_word' id='word_1_384' title='bbox 2450 1891 2530 1942; x_wconf 86' lang='grc' dir='ltr'><strong><em>καί</em></strong></span> <span class='ocrx_word' id='word_1_385' title='bbox 2557 1888 2834 1950; x_wconf 85' lang='grc' dir='ltr'>συνοδικῶς</span> <span class='ocrx_word' id='word_1_386' title='bbox 2873 1890 3283 1963; x_wconf 81' lang='grc' dir='ltr'>ὸμολογηθείσης,</span> <span class='ocrx_word' id='word_1_387' title='bbox 3315 1890 3379 1947; x_wconf 84' lang='grc' dir='ltr'>δι’</span> <span class='ocrx_word' id='word_1_388' title='bbox 3407 1891 3466 1954; x_wconf 78' lang='grc' dir='ltr'>ἧς</span> <span class='ocrx_word' id='word_1_389' title='bbox 3498 1895 3727 1955; x_wconf 86' lang='grc' dir='ltr'>εὑσεϐῶς</span> 
     </span>
    </p>
   </div>
   <div class='ocr_carea' id='block_1_50' title="bbox 2129 1980 3726 2061">
    <p class='ocr_par' dir='ltr' id='par_1_50' title="bbox 2129 1980 3726 2061">
     <span class='ocr_line' id='line_1_50' title="bbox 2129 1980 3726 2061; baseline 0.006 -30"><span class='ocrx_word' id='word_1_390' title='bbox 2129 1980 2403 2054; x_wconf 83' lang='grc' dir='ltr'>έκηρὺξατε</span> <span class='ocrx_word' id='word_1_391' title='bbox 2458 1981 2603 2035; x_wconf 82' lang='grc' dir='ltr'>αὑτὸν</span> <span class='ocrx_word' id='word_1_392' title='bbox 2633 1982 2718 2036; x_wconf 88' lang='grc' dir='ltr'><strong><em>τὸν</em></strong></span> <span class='ocrx_word' id='word_1_393' title='bbox 2743 1981 2887 2051; x_wconf 86' lang='grc' dir='ltr'>μόνον</span> <span class='ocrx_word' id='word_1_394' title='bbox 2929 1980 3185 2042; x_wconf 77' lang='grc' dir='ltr'>δυνάστην</span> <span class='ocrx_word' id='word_1_395' title='bbox 3231 1985 3349 2040; x_wconf 85' lang='grc' dir='ltr'>Θεὸν</span> <span class='ocrx_word' id='word_1_396' title='bbox 3379 1986 3554 2061; x_wconf 76' lang='grc' dir='ltr'>κύριον</span> <span class='ocrx_word' id='word_1_397' title='bbox 3580 1989 3726 2058; x_wconf 70' lang='grc' dir='ltr'>ἡμῶν</span> 
     </span>
    </p>
   </div>
   <div class='ocr_carea' id='block_1_51' title="bbox 2129 2071 3729 2145">
    <p class='ocr_par' dir='ltr' id='par_1_51' title="bbox 2129 2071 3729 2145">
     <span class='ocr_line' id='line_1_51' title="bbox 2129 2071 3729 2145; baseline 0.006 -21"><span class='ocrx_word' id='word_1_398' title='bbox 2129 2071 2326 2130; x_wconf 79' lang='grc' dir='ltr'>Ἰησοῦν</span> <span class='ocrx_word' id='word_1_399' title='bbox 2358 2074 2599 2145; x_wconf 83' lang='grc' dir='ltr'>Χριστὸν,</span> <span class='ocrx_word' id='word_1_400' title='bbox 2630 2072 2722 2128; x_wconf 88' lang='grc' dir='ltr'><strong><em>δύο</em></strong></span> <span class='ocrx_word' id='word_1_401' title='bbox 2769 2075 3039 2132; x_wconf 77' lang='grc' dir='ltr'>κεκτῆσθαι</span> <span class='ocrx_word' id='word_1_402' title='bbox 3086 2073 3264 2145; x_wconf 77' lang='grc' dir='ltr'>φύσεις</span> <span class='ocrx_word' id='word_1_403' title='bbox 3304 2075 3409 2132; x_wconf 71' lang='grc' dir='ltr'>καθ’</span> <span class='ocrx_word' id='word_1_404' title='bbox 3430 2078 3729 2133; x_wconf 76' lang='grc' dir='ltr'>ὑπόστασιν</span> 
     </span>
    </p>
   </div>
   <div class='ocr_carea' id='block_1_52' title="bbox 2130 2163 3728 2241">
    <p class='ocr_par' dir='ltr' id='par_1_52' title="bbox 2130 2163 3728 2241">
     <span class='ocr_line' id='line_1_52' title="bbox 2130 2163 3728 2241; baseline 0.006 -27"><span class='ocrx_word' id='word_1_405' title='bbox 2130 2163 2384 2233; x_wconf 72' lang='grc' dir='ltr'>ἡνωμένας</span> <span class='ocrx_word' id='word_1_406' title='bbox 2434 2164 2758 2236; x_wconf 80' lang='grc' dir='ltr'>ἀσυγχύτως</span> <span class='ocrx_word' id='word_1_407' title='bbox 2799 2168 2880 2219; x_wconf 86' lang='grc' dir='ltr'><strong><em>καί</em></strong></span> <span class='ocrx_word' id='word_1_408' title='bbox 2903 2164 3234 2239; x_wconf 84' lang='grc' dir='ltr'>ἀδιαιρέτως,</span> <span class='ocrx_word' id='word_1_409' title='bbox 3270 2172 3350 2223; x_wconf 88' lang='grc' dir='ltr'><strong><em>καί</em></strong></span> <span class='ocrx_word' id='word_1_410' title='bbox 3386 2166 3476 2224; x_wconf 81' lang='grc' dir='ltr'><strong><em>δύο</em></strong></span> <span class='ocrx_word' id='word_1_411' title='bbox 3504 2170 3728 2241; x_wconf 68' lang='grc' dir='ltr'>φυσικάς</span> 
     </span>
    </p>
   </div>
   <div class='ocr_carea' id='block_1_53' title="bbox 2129 2252 3723 2331">
    <p class='ocr_par' dir='ltr' id='par_1_53' title="bbox 2129 2252 3723 2331">
     <span class='ocr_line' id='line_1_53' title="bbox 2129 2252 3723 2331; baseline 0.008 -27"><span class='ocrx_word' id='word_1_412' title='bbox 2129 2252 2361 2314; x_wconf 74' lang='grc' dir='ltr'>θελήσειε.</span> <span class='ocrx_word' id='word_1_413' title='bbox 2386 2257 2468 2307; x_wconf 88' lang='grc' dir='ltr'>καὶ</span> <span class='ocrx_word' id='word_1_414' title='bbox 2489 2252 2579 2309; x_wconf 90' lang='grc' dir='ltr'><strong><em>δύο</em></strong></span> <span class='ocrx_word' id='word_1_415' title='bbox 2600 2258 2815 2327; x_wconf 70' lang='grc' dir='ltr'>φυσικάς</span> <span class='ocrx_word' id='word_1_416' title='bbox 2832 2257 3101 2331; x_wconf 74' lang='grc' dir='ltr'>ἐνεργείας,</span> <span class='ocrx_word' id='word_1_417' title='bbox 3127 2255 3363 2314; x_wconf 80' lang='grc' dir='ltr'>ἄκτιστον</span> <span class='ocrx_word' id='word_1_418' title='bbox 3383 2263 3464 2315; x_wconf 84' lang='grc' dir='ltr'><strong><em>καί</em></strong></span> <span class='ocrx_word' id='word_1_419' title='bbox 3487 2265 3723 2328; x_wconf 80' lang='grc' dir='ltr'>κτιστήν,</span> 
     </span>
    </p>
   </div>
   <div class='ocr_carea' id='block_1_54' title="bbox 2129 2344 3727 2420">
    <p class='ocr_par' dir='ltr' id='par_1_54' title="bbox 2129 2344 3727 2420">
     <span class='ocr_line' id='line_1_54' title="bbox 2129 2344 3727 2420; baseline 0.008 -24"><span class='ocrx_word' id='word_1_420' title='bbox 2129 2344 2263 2397; x_wconf 82' lang='grc' dir='ltr'>θείαν</span> <span class='ocrx_word' id='word_1_421' title='bbox 2290 2347 2375 2398; x_wconf 87' lang='grc' dir='ltr'><strong><em>καί</em></strong></span> <span class='ocrx_word' id='word_1_422' title='bbox 2404 2346 2711 2416; x_wconf 78' lang='grc' dir='ltr'>ἀνθρωπίνην</span> <span class='ocrx_word' id='word_1_423' title='bbox 2760 2355 3007 2419; x_wconf 79' lang='grc' dir='ltr'>συμφυῶς</span> <span class='ocrx_word' id='word_1_424' title='bbox 3050 2349 3337 2420; x_wconf 61' lang='grc' dir='ltr'>ἡνωμένας,</span> <span class='ocrx_word' id='word_1_425' title='bbox 3367 2354 3435 2411; x_wconf 84' lang='grc' dir='ltr'>ὡς</span> <span class='ocrx_word' id='word_1_426' title='bbox 3464 2350 3727 2419; x_wconf 81' lang='grc' dir='ltr'>ἀπόδειξιν</span> 
     </span>
    </p>
   </div>
   <div class='ocr_carea' id='block_1_55' title="bbox 2129 2432 3727 2509">
    <p class='ocr_par' dir='ltr' id='par_1_55' title="bbox 2129 2432 3727 2509">
     <span class='ocr_line' id='line_1_55' title="bbox 2129 2432 3727 2509; baseline 0.007 -22"><span class='ocrx_word' id='word_1_427' title='bbox 2129 2434 2279 2493; x_wconf 80' lang='grc' dir='ltr'>ἀληθῆ</span> <span class='ocrx_word' id='word_1_428' title='bbox 2308 2440 2423 2499; x_wconf 91' lang='grc' dir='ltr'>τοῦ,</span> <span class='ocrx_word' id='word_1_429' title='bbox 2446 2435 2533 2488; x_wconf 89' lang='grc' dir='ltr'><strong><em>τὸν</em></strong></span> <span class='ocrx_word' id='word_1_430' title='bbox 2562 2432 2721 2489; x_wconf 68' lang='grc' dir='ltr'>αὑτὸν</span> <span class='ocrx_word' id='word_1_431' title='bbox 2742 2438 2828 2489; x_wconf 83' lang='grc' dir='ltr'><strong><em>καί</em></strong></span> <span class='ocrx_word' id='word_1_432' title='bbox 2856 2436 2943 2490; x_wconf 78' lang='grc' dir='ltr'>ἕνα</span> <span class='ocrx_word' id='word_1_433' title='bbox 2970 2437 3149 2509; x_wconf 71' lang='grc' dir='ltr'>Κύριον</span> <span class='ocrx_word' id='word_1_434' title='bbox 3174 2440 3325 2509; x_wconf 64' lang='grc' dir='ltr'>ζημιῶν</span> <span class='ocrx_word' id='word_1_435' title='bbox 3352 2442 3436 2495; x_wconf 87' lang='grc' dir='ltr'><strong><em>καί</em></strong></span> <span class='ocrx_word' id='word_1_436' title='bbox 3461 2442 3608 2506; x_wconf 83' lang='grc' dir='ltr'>Θεὸν,</span> <span class='ocrx_word' id='word_1_437' title='bbox 3634 2442 3727 2497; x_wconf 80' lang='grc' dir='ltr'>τέ·</span> 
     </span>
    </p>
   </div>
   <div class='ocr_carea' id='block_1_56' title="bbox 2126 2524 3721 2605">
    <p class='ocr_par' dir='ltr' id='par_1_56' title="bbox 2126 2524 3721 2605">
     <span class='ocr_line' id='line_1_56' title="bbox 2126 2524 3721 2605; baseline 0.006 -27"><span class='ocrx_word' id='word_1_438' title='bbox 2126 2524 2254 2578; x_wconf 89' lang='grc' dir='ltr'>λειον</span> <span class='ocrx_word' id='word_1_439' title='bbox 2283 2528 2333 2578; x_wconf 73' lang='grc' dir='ltr'><strong><em>ὸν</em></strong></span> <span class='ocrx_word' id='word_1_440' title='bbox 2354 2525 2569 2589; x_wconf 83' lang='grc' dir='ltr'>θεὸτητι,</span> <span class='ocrx_word' id='word_1_441' title='bbox 2617 2529 2698 2580; x_wconf 85' lang='grc' dir='ltr'><strong><em>καί</em></strong></span> <span class='ocrx_word' id='word_1_442' title='bbox 2728 2526 2913 2582; x_wconf 86' lang='grc' dir='ltr'>τέλειον</span> <span class='ocrx_word' id='word_1_443' title='bbox 2956 2529 3043 2582; x_wconf 87' lang='grc' dir='ltr'><strong><em>τὸν</em></strong></span> <span class='ocrx_word' id='word_1_444' title='bbox 3070 2530 3225 2584; x_wconf 88' lang='grc' dir='ltr'>αὑτὸν</span> <span class='ocrx_word' id='word_1_445' title='bbox 3262 2532 3313 2583; x_wconf 74' lang='grc' dir='ltr'><strong><em>έν</em></strong></span> <span class='ocrx_word' id='word_1_446' title='bbox 3341 2529 3721 2605; x_wconf 82' lang='grc' dir='ltr'>ἀνθρωπότητε,</span> 
     </span>
    </p>
   </div>
   <div class='ocr_carea' id='block_1_57' title="bbox 2126 2613 3723 2695">
    <p class='ocr_par' dir='ltr' id='par_1_57' title="bbox 2126 2613 3723 2695">
     <span class='ocr_line' id='line_1_57' title="bbox 2126 2613 3723 2695; baseline 0.007 -28"><span class='ocrx_word' id='word_1_447' title='bbox 2126 2616 2280 2687; x_wconf 79' lang='grc' dir='ltr'>μόνης</span> <span class='ocrx_word' id='word_1_448' title='bbox 2297 2613 2428 2685; x_wconf 82' lang='grc' dir='ltr'>δίχα</span> <span class='ocrx_word' id='word_1_449' title='bbox 2448 2624 2531 2675; x_wconf 77' lang='grc' dir='ltr'>τῆς</span> <span class='ocrx_word' id='word_1_450' title='bbox 2554 2614 2806 2690; x_wconf 81' lang='grc' dir='ltr'>ἁμαρτίας</span> <span class='ocrx_word' id='word_1_451' title='bbox 2830 2618 3110 2691; x_wconf 76' lang='grc' dir='ltr'>ὑπάρχειν,</span> <span class='ocrx_word' id='word_1_452' title='bbox 3134 2622 3202 2680; x_wconf 85' lang='grc' dir='ltr'>ὡς</span> <span class='ocrx_word' id='word_1_453' title='bbox 3227 2618 3490 2691; x_wconf 81' lang='grc' dir='ltr'>ὸμοούσιον</span> <span class='ocrx_word' id='word_1_454' title='bbox 3513 2619 3585 2695; x_wconf 76' lang='grc' dir='ltr'>τῷ</span> <span class='ocrx_word' id='word_1_455' title='bbox 3605 2619 3723 2695; x_wconf 78' lang='grc' dir='ltr'>Θεῷ</span> 
     </span>
    </p>
   </div>
   <div class='ocr_carea' id='block_1_58' title="bbox 2126 2709 3725 2787">
    <p class='ocr_par' dir='ltr' id='par_1_58' title="bbox 2126 2709 3725 2787">
     <span class='ocr_line' id='line_1_58' title="bbox 2126 2709 3725 2787; baseline 0.006 -28"><span class='ocrx_word' id='word_1_456' title='bbox 2126 2709 2209 2760; x_wconf 84' lang='grc' dir='ltr'><strong><em>καί</em></strong></span> <span class='ocrx_word' id='word_1_457' title='bbox 2233 2712 2409 2783; x_wconf 83' lang='grc' dir='ltr'>Πατρί,</span> <span class='ocrx_word' id='word_1_458' title='bbox 2433 2710 2564 2762; x_wconf 88' lang='grc' dir='ltr'>κατά</span> <span class='ocrx_word' id='word_1_459' title='bbox 2584 2713 2672 2767; x_wconf 74' lang='grc' dir='ltr'>τὴν</span> <span class='ocrx_word' id='word_1_460' title='bbox 2692 2710 2849 2764; x_wconf 88' lang='grc' dir='ltr'>αὑτοῦ</span> <span class='ocrx_word' id='word_1_461' title='bbox 2875 2710 3112 2775; x_wconf 80' lang='grc' dir='ltr'>θεότητα,</span> <span class='ocrx_word' id='word_1_462' title='bbox 3135 2714 3217 2765; x_wconf 85' lang='grc' dir='ltr'><strong><em>καί</em></strong></span> <span class='ocrx_word' id='word_1_463' title='bbox 3242 2710 3508 2781; x_wconf 86' lang='grc' dir='ltr'>ὁμοούσιον</span> <span class='ocrx_word' id='word_1_464' title='bbox 3609 2714 3725 2769; x_wconf 81' lang='grc' dir='ltr'>ἀει·-</span> 
     </span>
    </p>
   </div>
   <div class='ocr_carea' id='block_1_59' title="bbox 2125 2800 3723 2871">
    <p class='ocr_par' dir='ltr' id='par_1_59' title="bbox 2125 2800 3723 2871">
     <span class='ocr_line' id='line_1_59' title="bbox 2125 2800 3723 2871; baseline 0.006 -19"><span class='ocrx_word' id='word_1_465' title='bbox 2125 2800 2357 2871; x_wconf 83' lang='grc' dir='ltr'>παρθένῳ</span> <span class='ocrx_word' id='word_1_466' title='bbox 2395 2801 2525 2854; x_wconf 86' lang='grc' dir='ltr'><strong><em>κατά</em></strong></span> <span class='ocrx_word' id='word_1_467' title='bbox 2551 2806 2642 2859; x_wconf 73' lang='grc' dir='ltr'><strong><em>τήν</em></strong></span> <span class='ocrx_word' id='word_1_468' title='bbox 2670 2802 2825 2856; x_wconf 86' lang='grc' dir='ltr'>αὑτοῦ</span> <span class='ocrx_word' id='word_1_469' title='bbox 2855 2801 3237 2871; x_wconf 81' lang='grc' dir='ltr'>ἀνθρωπότητα,</span> <span class='ocrx_word' id='word_1_470' title='bbox 3264 2806 3351 2858; x_wconf 86' lang='grc' dir='ltr'><strong><em>καί</em></strong></span> <span class='ocrx_word' id='word_1_471' title='bbox 3378 2800 3486 2858; x_wconf 78' lang='grc' dir='ltr'>ὅλον</span> <span class='ocrx_word' id='word_1_472' title='bbox 3511 2806 3596 2860; x_wconf 91' lang='grc' dir='ltr'><strong><em>τὸν</em></strong></span> <span class='ocrx_word' id='word_1_473' title='bbox 3623 2805 3723 2861; x_wconf 80' lang='grc' dir='ltr'><strong><em>αὖ·</em></strong></span> 
     </span>
    </p>
   </div>
   <div class='ocr_carea' id='block_1_60' title="bbox 2125 2889 3724 2967">
    <p class='ocr_par' dir='ltr' id='par_1_60' title="bbox 2125 2889 3724 2967">
     <span class='ocr_line' id='line_1_60' title="bbox 2125 2889 3724 2967; baseline 0.004 -23"><span class='ocrx_word' id='word_1_474' title='bbox 2125 2892 2209 2945; x_wconf 89' lang='grc' dir='ltr'><strong><em>τὸν</em></strong></span> <span class='ocrx_word' id='word_1_475' title='bbox 2233 2893 2282 2944; x_wconf 88' lang='grc' dir='ltr'><strong><em>έν</em></strong></span> <span class='ocrx_word' id='word_1_476' title='bbox 2300 2901 2410 2951; x_wconf 86' lang='grc' dir='ltr'>τοῖς</span> <span class='ocrx_word' id='word_1_477' title='bbox 2447 2889 2612 2959; x_wconf 85' lang='grc' dir='ltr'>ἰδίοις,</span> <span class='ocrx_word' id='word_1_478' title='bbox 2640 2894 2886 2967; x_wconf 86' lang='grc' dir='ltr'>ἀνάρχως</span> <span class='ocrx_word' id='word_1_479' title='bbox 2915 2895 2999 2946; x_wconf 84' lang='grc' dir='ltr'><strong><em>καί</em></strong></span> <span class='ocrx_word' id='word_1_480' title='bbox 3027 2890 3223 2956; x_wconf 74' lang='grc' dir='ltr'>ἀιδίως,</span> <span class='ocrx_word' id='word_1_481' title='bbox 3265 2895 3351 2948; x_wconf 84' lang='grc' dir='ltr'><strong><em>καί</em></strong></span> <span class='ocrx_word' id='word_1_482' title='bbox 3377 2892 3487 2948; x_wconf 82' lang='grc' dir='ltr'>ὅλον</span> <span class='ocrx_word' id='word_1_483' title='bbox 3510 2894 3596 2949; x_wconf 88' lang='grc' dir='ltr'><strong><em>τὸν</em></strong></span> <span class='ocrx_word' id='word_1_484' title='bbox 3620 2895 3724 2951; x_wconf 77' lang='grc' dir='ltr'><strong><em>αὖ·</em></strong></span> 
     </span>
    </p>
   </div>
   <div class='ocr_carea' id='block_1_61' title="bbox 2124 2985 3724 3060">
    <p class='ocr_par' dir='ltr' id='par_1_61' title="bbox 2124 2985 3724 3060">
     <span class='ocr_line' id='line_1_61' title="bbox 2124 2985 3724 3060; baseline 0.003 -23"><span class='ocrx_word' id='word_1_485' title='bbox 2124 2985 2209 3037; x_wconf 82' lang='grc' dir='ltr'><strong><em>τὸν</em></strong></span> <span class='ocrx_word' id='word_1_486' title='bbox 2234 2985 2283 3037; x_wconf 88' lang='grc' dir='ltr'><strong><em>έν</em></strong></span> <span class='ocrx_word' id='word_1_487' title='bbox 2304 2992 2408 3044; x_wconf 90' lang='grc' dir='ltr'>τοῖς</span> <span class='ocrx_word' id='word_1_488' title='bbox 2429 2986 2692 3059; x_wconf 71' lang='grc' dir='ltr'>ἡμετέροις</span> <span class='ocrx_word' id='word_1_489' title='bbox 2712 2985 2791 3039; x_wconf 75' lang='grc' dir='ltr'><strong><em>ἐπ’</em></strong></span> <span class='ocrx_word' id='word_1_490' title='bbox 2825 2986 3068 3055; x_wconf 73' lang='grc' dir='ltr'>ἐσχάτων</span> <span class='ocrx_word' id='word_1_491' title='bbox 3092 2992 3197 3041; x_wconf 83' lang='grc' dir='ltr'><strong><em>τῶν</em></strong></span> <span class='ocrx_word' id='word_1_492' title='bbox 3214 2988 3407 3042; x_wconf 77' lang='grc' dir='ltr'>αἰώνων</span> <span class='ocrx_word' id='word_1_493' title='bbox 3450 2989 3724 3060; x_wconf 79' lang='grc' dir='ltr'>ἀμειῶτως</span> 
     </span>
    </p>
   </div>
   <div class='ocr_carea' id='block_1_62' title="bbox 2126 3075 3728 3153">
    <p class='ocr_par' dir='ltr' id='par_1_62' title="bbox 2126 3075 3728 3153">
     <span class='ocr_line' id='line_1_62' title="bbox 2126 3075 3728 3153; baseline 0.004 -25"><span class='ocrx_word' id='word_1_494' title='bbox 2126 3078 2209 3128; x_wconf 82' lang='grc' dir='ltr'><strong><em>καί</em></strong></span> <span class='ocrx_word' id='word_1_495' title='bbox 2257 3077 2696 3147; x_wconf 74' lang='grc' dir='ltr'>ἀφαντασιάστως.</span> <span class='ocrx_word' id='word_1_496' title='bbox 2726 3075 2805 3130; x_wconf 85' lang='grc' dir='ltr'>Ἐν</span> <span class='ocrx_word' id='word_1_497' title='bbox 2831 3077 2999 3146; x_wconf 83' lang='grc' dir='ltr'>τούτῳ</span> <span class='ocrx_word' id='word_1_498' title='bbox 3045 3078 3147 3151; x_wconf 89' lang='grc' dir='ltr'><strong><em>γάρ</em></strong></span> <span class='ocrx_word' id='word_1_499' title='bbox 3186 3084 3260 3150; x_wconf 87' lang='grc' dir='ltr'><strong><em>τῷ</em></strong></span> <span class='ocrx_word' id='word_1_500' title='bbox 3287 3079 3400 3148; x_wconf 84' lang='grc' dir='ltr'>θείῳ</span> <span class='ocrx_word' id='word_1_501' title='bbox 3425 3079 3728 3153; x_wconf 80' lang='grc' dir='ltr'>κηρύγματι</span> 
     </span>
    </p>
   </div>
   <div class='ocr_carea' id='block_1_63' title="bbox 436 3141 2027 3244">
    <p class='ocr_par' dir='ltr' id='par_1_63' title="bbox 436 3162 2020 3237">
     <span class='ocr_line' id='line_1_63' title="bbox 436 3162 2020 3237; baseline -0.004 -16"><span class='ocrx_word' id='word_1_502' title='bbox 436 3172 558 3225; x_wconf 68' lang='lat' dir='ltr'><strong><em>clem</em></strong></span> <span class='ocrx_word' id='word_1_503' title='bbox 588 3170 640 3224; x_wconf 81' lang='lat' dir='ltr'><strong><em>in</em></strong></span> <span class='ocrx_word' id='word_1_504' title='bbox 676 3170 1013 3224; x_wconf 80' lang='lat' dir='ltr'><strong><em>humanitate</em></strong></span> <span class='ocrx_word' id='word_1_505' title='bbox 1030 3168 1235 3237; x_wconf 87' lang='lat' dir='ltr'><strong><em>absque</em></strong></span> <span class='ocrx_word' id='word_1_506' title='bbox 1256 3168 1375 3222; x_wconf 91' lang='lat' dir='ltr'><strong><em>solo</em></strong></span> <span class='ocrx_word' id='word_1_507' title='bbox 1404 3175 1623 3237; x_wconf 86' lang='lat' dir='ltr'><strong><em>peccato</em></strong></span> <span class='ocrx_word' id='word_1_508' title='bbox 1652 3179 1791 3229; x_wconf 88' lang='lat' dir='ltr'><strong><em>esse,</em></strong></span> <span class='ocrx_word' id='word_1_509' title='bbox 1823 3172 1883 3217; x_wconf 93' lang='lat' dir='ltr'><strong><em>ut</em></strong></span> <span class='ocrx_word' id='word_1_510' title='bbox 1912 3162 2020 3217; x_wconf 89' lang='lat' dir='ltr'><strong><em>Deo</em></strong></span> 
     </span>
    </p>
   </div>
   <div class='ocr_carea' id='block_1_64' title="bbox 2131 3141 3727 3244">
    <p class='ocr_par' dir='ltr' id='par_1_64' title="bbox 2131 3167 3727 3244">
     <span class='ocr_line' id='line_1_64' title="bbox 2131 3167 3727 3244; baseline 0.006 -24"><span class='ocrx_word' id='word_1_511' title='bbox 2131 3167 2347 3237; x_wconf 81' lang='grc' dir='ltr'>βεϐαίως</span> <span class='ocrx_word' id='word_1_512' title='bbox 2372 3167 2397 3221; x_wconf 89' lang='grc' dir='ltr'><strong><em>ὸ</em></strong></span> <span class='ocrx_word' id='word_1_513' title='bbox 2420 3167 2821 3229; x_wconf 75' lang='grc' dir='ltr'>τῆςἚκκλησίας</span> <span class='ocrx_word' id='word_1_514' title='bbox 2843 3169 3065 3239; x_wconf 76' lang='grc' dir='ltr'>θεμέλιος</span> <span class='ocrx_word' id='word_1_515' title='bbox 3083 3169 3295 3227; x_wconf 78' lang='grc' dir='ltr'>ἔστηκεν</span> <span class='ocrx_word' id='word_1_516' title='bbox 3315 3170 3561 3244; x_wconf 70' lang='grc' dir='ltr'>ἀρραγὴς,</span> <span class='ocrx_word' id='word_1_517' title='bbox 3583 3172 3727 3229; x_wconf 76' lang='grc' dir='ltr'>ἀσά-</span> 
     </span>
    </p>
   </div>
   <div class='ocr_carea' id='block_1_65' title="bbox 436 3255 2025 3326">
    <p class='ocr_par' dir='ltr' id='par_1_65' title="bbox 436 3255 2025 3326">
     <span class='ocr_line' id='line_1_65' title="bbox 436 3255 2025 3326; baseline -0.006 -9"><span class='ocrx_word' id='word_1_518' title='bbox 436 3273 491 3317; x_wconf 79' lang='lat' dir='ltr'><strong><em>et</em></strong></span> <span class='ocrx_word' id='word_1_519' title='bbox 524 3262 670 3316; x_wconf 82' lang='lat' dir='ltr'><strong><em>Patri</em></strong></span> <span class='ocrx_word' id='word_1_520' title='bbox 718 3260 1229 3316; x_wconf 80' lang='lat' dir='ltr'><strong><em>consubstantialem</em></strong></span> <span class='ocrx_word' id='word_1_521' title='bbox 1281 3258 1573 3314; x_wconf 85' lang='lat' dir='ltr'><strong><em>secundum</em></strong></span> <span class='ocrx_word' id='word_1_522' title='bbox 1622 3255 1738 3326; x_wconf 83' lang='lat' dir='ltr'><strong><em>ejus</em></strong></span> <span class='ocrx_word' id='word_1_523' title='bbox 1773 3255 2025 3309; x_wconf 89' lang='lat' dir='ltr'><strong><em>divinita-</em></strong></span> 
     </span>
    </p>
   </div>
   <div class='ocr_carea' id='block_1_66' title="bbox 438 3349 2025 3423">
    <p class='ocr_par' dir='ltr' id='par_1_66' title="bbox 438 3349 2025 3423">
     <span class='ocr_line' id='line_1_66' title="bbox 438 3349 2025 3423; baseline -0.004 -16"><span class='ocrx_word' id='word_1_524' title='bbox 438 3364 568 3419; x_wconf 89' lang='lat' dir='ltr'><strong><em>tem,</em></strong></span> <span class='ocrx_word' id='word_1_525' title='bbox 609 3364 662 3410; x_wconf 90' lang='lat' dir='ltr'><strong><em>et</em></strong></span> <span class='ocrx_word' id='word_1_526' title='bbox 707 3362 976 3423; x_wconf 74' lang='lat' dir='ltr'><strong><em>perpetua:</em></strong></span> <span class='ocrx_word' id='word_1_527' title='bbox 1030 3351 1225 3421; x_wconf 79' lang='lat' dir='ltr'><strong><em>Virgini</em></strong></span> <span class='ocrx_word' id='word_1_528' title='bbox 1272 3349 1780 3407; x_wconf 79' lang='lat' dir='ltr'><strong><em>consubstantialem</em></strong></span> <span class='ocrx_word' id='word_1_529' title='bbox 1829 3364 2025 3403; x_wconf 89' lang='lat' dir='ltr'><strong><em>secun-</em></strong></span> 
     </span>
    </p>
   </div>
   <div class='ocr_carea' id='block_1_67' title="bbox 436 3440 2024 3514">
    <p class='ocr_par' dir='ltr' id='par_1_67' title="bbox 436 3440 2024 3514">
     <span class='ocr_line' id='line_1_67' title="bbox 436 3440 2024 3514; baseline -0.006 -15"><span class='ocrx_word' id='word_1_530' title='bbox 436 3447 562 3499; x_wconf 86' lang='lat' dir='ltr'><strong><em>dum</em></strong></span> <span class='ocrx_word' id='word_1_531' title='bbox 607 3444 730 3514; x_wconf 87' lang='lat' dir='ltr'><strong><em>ejus</em></strong></span> <span class='ocrx_word' id='word_1_532' title='bbox 776 3444 1188 3510; x_wconf 86' lang='lat' dir='ltr'><strong><em>humanitatem,</em></strong></span> <span class='ocrx_word' id='word_1_533' title='bbox 1233 3451 1289 3496; x_wconf 89' lang='lat' dir='ltr'><strong><em>et</em></strong></span> <span class='ocrx_word' id='word_1_534' title='bbox 1337 3450 1504 3496; x_wconf 90' lang='lat' dir='ltr'><strong><em>totum</em></strong></span> <span class='ocrx_word' id='word_1_535' title='bbox 1539 3440 1782 3494; x_wconf 87' lang='lat' dir='ltr'><strong><em>eumdem</em></strong></span> <span class='ocrx_word' id='word_1_536' title='bbox 1817 3440 1867 3491; x_wconf 87' lang='lat' dir='ltr'><strong><em>in</em></strong></span> <span class='ocrx_word' id='word_1_537' title='bbox 1898 3454 2024 3507; x_wconf 82' lang='lat' dir='ltr'><strong><em>pro-</em></strong></span> 
     </span>
    </p>
   </div>
   <div class='ocr_carea' id='block_1_68' title="bbox 438 3530 2024 3606">
    <p class='ocr_par' dir='ltr' id='par_1_68' title="bbox 438 3530 2024 3606">
     <span class='ocr_line' id='line_1_68' title="bbox 438 3530 2024 3606; baseline -0.004 -16"><span class='ocrx_word' id='word_1_538' title='bbox 438 3540 566 3606; x_wconf 83' lang='lat' dir='ltr'><strong><em>priis</em></strong></span> <span class='ocrx_word' id='word_1_539' title='bbox 605 3536 931 3605; x_wconf 72' lang='lat' dir='ltr'><strong><em>sempiterno</em></strong></span> <span class='ocrx_word' id='word_1_540' title='bbox 968 3550 1029 3590; x_wconf 88' lang='lat' dir='ltr'><strong><em>ac</em></strong></span> <span class='ocrx_word' id='word_1_541' title='bbox 1071 3535 1351 3604; x_wconf 83' lang='lat' dir='ltr'><strong><em>principio,</em></strong></span> <span class='ocrx_word' id='word_1_542' title='bbox 1381 3532 1737 3600; x_wconf 83' lang='lat' dir='ltr'><strong><em>eumdemque</em></strong></span> <span class='ocrx_word' id='word_1_543' title='bbox 1775 3540 1942 3583; x_wconf 88' lang='lat' dir='ltr'><strong><em>totum</em></strong></span> <span class='ocrx_word' id='word_1_544' title='bbox 1972 3530 2024 3584; x_wconf 89' lang='lat' dir='ltr'><strong><em>in</em></strong></span> 
     </span>
    </p>
   </div>
   <div class='ocr_carea' id='block_1_69' title="bbox 439 3622 2028 3693">
    <p class='ocr_par' dir='ltr' id='par_1_69' title="bbox 439 3622 2028 3693">
     <span class='ocr_line' id='line_1_69' title="bbox 439 3622 2028 3693; baseline -0.004 -12"><span class='ocrx_word' id='word_1_545' title='bbox 439 3630 656 3689; x_wconf 86' lang='lat' dir='ltr'><strong><em>nostris,</em></strong></span> <span class='ocrx_word' id='word_1_546' title='bbox 692 3628 742 3681; x_wconf 86' lang='lat' dir='ltr'><strong><em>in</em></strong></span> <span class='ocrx_word' id='word_1_547' title='bbox 796 3627 997 3681; x_wconf 87' lang='lat' dir='ltr'><strong><em>ultimis</em></strong></span> <span class='ocrx_word' id='word_1_548' title='bbox 1032 3626 1383 3693; x_wconf 71' lang='lat' dir='ltr'><strong><em>temporibus,</em></strong></span> <span class='ocrx_word' id='word_1_549' title='bbox 1417 3625 1533 3678; x_wconf 90' lang='lat' dir='ltr'><strong><em>sine</em></strong></span> <span class='ocrx_word' id='word_1_550' title='bbox 1572 3622 1925 3677; x_wconf 83' lang='lat' dir='ltr'><strong><em>diminutione</em></strong></span> <span class='ocrx_word' id='word_1_551' title='bbox 1965 3636 2028 3675; x_wconf 89' lang='lat' dir='ltr'><strong><em>ac</em></strong></span> 
     </span>
    </p>
   </div>
   <div class='ocr_carea' id='block_1_70' title="bbox 439 3714 2025 3789">
    <p class='ocr_par' dir='ltr' id='par_1_70' title="bbox 439 3714 2025 3789">
     <span class='ocr_line' id='line_1_70' title="bbox 439 3714 2025 3789; baseline -0.004 -16"><span class='ocrx_word' id='word_1_552' title='bbox 439 3721 559 3775; x_wconf 83' lang='lat' dir='ltr'><strong><em>sine</em></strong></span> <span class='ocrx_word' id='word_1_553' title='bbox 584 3721 883 3789; x_wconf 86' lang='lat' dir='ltr'><strong><em>phantasia.</em></strong></span> <span class='ocrx_word' id='word_1_554' title='bbox 933 3718 1061 3772; x_wconf 79' lang='lat' dir='ltr'><strong><em>Nam</em></strong></span> <span class='ocrx_word' id='word_1_555' title='bbox 1103 3718 1155 3772; x_wconf 90' lang='lat' dir='ltr'><strong><em>in</em></strong></span> <span class='ocrx_word' id='word_1_556' title='bbox 1192 3717 1289 3772; x_wconf 88' lang='lat' dir='ltr'><strong><em>hac</em></strong></span> <span class='ocrx_word' id='word_1_557' title='bbox 1320 3717 1699 3785; x_wconf 68' lang='lat' dir='ltr'><strong><em>praedicatione</em></strong></span> <span class='ocrx_word' id='word_1_558' title='bbox 1725 3714 1898 3768; x_wconf 91' lang='lat' dir='ltr'><strong><em>divina</em></strong></span> <span class='ocrx_word' id='word_1_559' title='bbox 1932 3714 2025 3767; x_wconf 85' lang='lat' dir='ltr'><strong><em>lir-</em></strong></span> 
     </span>
    </p>
   </div>
   <div class='ocr_carea' id='block_1_71' title="bbox 440 3806 2028 3874">
    <p class='ocr_par' dir='ltr' id='par_1_71' title="bbox 440 3806 2028 3874">
     <span class='ocr_line' id='line_1_71' title="bbox 440 3806 2028 3874; baseline -0.005 -9"><span class='ocrx_word' id='word_1_560' title='bbox 440 3811 599 3865; x_wconf 87' lang='lat' dir='ltr'><strong><em>miter</em></strong></span> <span class='ocrx_word' id='word_1_561' title='bbox 630 3810 1029 3864; x_wconf 88' lang='lat' dir='ltr'><strong><em>fundamentum</em></strong></span> <span class='ocrx_word' id='word_1_562' title='bbox 1062 3807 1316 3861; x_wconf 67' lang='lat' dir='ltr'><strong><em>Ecclesiae</em></strong></span> <span class='ocrx_word' id='word_1_563' title='bbox 1366 3808 1627 3874; x_wconf 79' lang='lat' dir='ltr'><strong><em>integrum</em></strong></span> <span class='ocrx_word' id='word_1_564' title='bbox 1671 3814 1792 3871; x_wconf 87' lang='lat' dir='ltr'><strong><em>stat,</em></strong></span> <span class='ocrx_word' id='word_1_565' title='bbox 1843 3806 2028 3859; x_wconf 85' lang='lat' dir='ltr'><strong><em>incon-</em></strong></span> 
     </span>
    </p>
   </div>
   <div class='ocr_carea' id='block_1_72' title="bbox 442 3895 2024 3970">
    <p class='ocr_par' dir='ltr' id='par_1_72' title="bbox 442 3895 2024 3970">
     <span class='ocr_line' id='line_1_72' title="bbox 442 3895 2024 3970; baseline -0.008 -12"><span class='ocrx_word' id='word_1_566' title='bbox 442 3917 656 3958; x_wconf 82' lang='lat' dir='ltr'><strong><em>cassum</em></strong></span> <span class='ocrx_word' id='word_1_567' title='bbox 690 3900 1022 3970; x_wconf 81' lang='lat' dir='ltr'><strong><em>signaculum</em></strong></span> <span class='ocrx_word' id='word_1_568' title='bbox 1051 3898 1255 3953; x_wconf 85' lang='lat' dir='ltr'><strong><em>habens</em></strong></span> <span class='ocrx_word' id='word_1_569' title='bbox 1286 3912 1425 3951; x_wconf 80' lang='lat' dir='ltr'><strong><em>verae</em></strong></span> <span class='ocrx_word' id='word_1_570' title='bbox 1477 3896 1692 3949; x_wconf 82' lang='lat' dir='ltr'><strong><em>Patrum</em></strong></span> <span class='ocrx_word' id='word_1_571' title='bbox 1724 3895 2024 3949; x_wconf 79' lang='lat' dir='ltr'><strong><em>confessio-</em></strong></span> 
     </span>
    </p>
   </div>
   <div class='ocr_carea' id='block_1_73' title="bbox 444 3986 2030 4063">
    <p class='ocr_par' dir='ltr' id='par_1_73' title="bbox 444 3986 2030 4063">
     <span class='ocr_line' id='line_1_73' title="bbox 444 3986 2030 4063; baseline -0.006 -13"><span class='ocrx_word' id='word_1_572' title='bbox 444 3998 548 4050; x_wconf 89' lang='lat' dir='ltr'><strong><em>nis.</em></strong></span> <span class='ocrx_word' id='word_1_573' title='bbox 577 3995 849 4049; x_wconf 78' lang='lat' dir='ltr'><strong><em>Advortite</em></strong></span> <span class='ocrx_word' id='word_1_574' title='bbox 882 3992 1042 4063; x_wconf 83' lang='lat' dir='ltr'><strong><em>igitur</em></strong></span> <span class='ocrx_word' id='word_1_575' title='bbox 1069 3992 1373 4061; x_wconf 82' lang='lat' dir='ltr'><strong><em>diligenter,</em></strong></span> <span class='ocrx_word' id='word_1_576' title='bbox 1432 3992 1645 4053; x_wconf 83' lang='lat' dir='ltr'><strong><em>fratres,</em></strong></span> <span class='ocrx_word' id='word_1_577' title='bbox 1694 4003 1762 4042; x_wconf 89' lang='lat' dir='ltr'><strong><em>ne</em></strong></span> <span class='ocrx_word' id='word_1_578' title='bbox 1791 3987 1908 4057; x_wconf 86' lang='lat' dir='ltr'><strong><em>quis</em></strong></span> <span class='ocrx_word' id='word_1_579' title='bbox 1936 3986 2030 4041; x_wconf 91' lang='lat' dir='ltr'><strong><em>de-</em></strong></span> 
     </span>
    </p>
   </div>
   <div class='ocr_carea' id='block_1_74' title="bbox 442 4080 2027 4156">
    <p class='ocr_par' dir='ltr' id='par_1_74' title="bbox 442 4080 2027 4156">
     <span class='ocr_line' id='line_1_74' title="bbox 442 4080 2027 4156; baseline -0.004 -16"><span class='ocrx_word' id='word_1_580' title='bbox 442 4090 509 4141; x_wconf 87' lang='lat' dir='ltr'><strong><em>sit</em></strong></span> <span class='ocrx_word' id='word_1_581' title='bbox 534 4087 720 4156; x_wconf 78' lang='lat' dir='ltr'><strong><em>gratiae</em></strong></span> <span class='ocrx_word' id='word_1_582' title='bbox 766 4086 878 4148; x_wconf 73' lang='lat' dir='ltr'><strong><em>Dei,</em></strong></span> <span class='ocrx_word' id='word_1_583' title='bbox 924 4098 1041 4152; x_wconf 71' lang='lat' dir='ltr'><strong><em>qua!</em></strong></span> <span class='ocrx_word' id='word_1_584' title='bbox 1075 4098 1170 4151; x_wconf 86' lang='lat' dir='ltr'><strong><em>per</em></strong></span> <span class='ocrx_word' id='word_1_585' title='bbox 1200 4083 1345 4152; x_wconf 85' lang='lat' dir='ltr'><strong><em>ipsos</em></strong></span> <span class='ocrx_word' id='word_1_586' title='bbox 1374 4089 1593 4135; x_wconf 89' lang='lat' dir='ltr'><strong><em>sanctos</em></strong></span> <span class='ocrx_word' id='word_1_587' title='bbox 1634 4081 1787 4134; x_wconf 87' lang='lat' dir='ltr'><strong><em>nobis</em></strong></span> <span class='ocrx_word' id='word_1_588' title='bbox 1831 4080 2027 4134; x_wconf 88' lang='lat' dir='ltr'><strong><em>tradita</em></strong></span> 
     </span>
    </p>
   </div>
   <div class='ocr_carea' id='block_1_75' title="bbox 447 4173 2029 4246">
    <p class='ocr_par' dir='ltr' id='par_1_75' title="bbox 447 4173 2029 4246">
     <span class='ocr_line' id='line_1_75' title="bbox 447 4173 2029 4246; baseline -0.006 -9"><span class='ocrx_word' id='word_1_589' title='bbox 447 4189 550 4245; x_wconf 88' lang='lat' dir='ltr'><strong><em>est,</em></strong></span> <span class='ocrx_word' id='word_1_590' title='bbox 595 4195 662 4233; x_wconf 88' lang='lat' dir='ltr'><strong><em>ne</em></strong></span> <span class='ocrx_word' id='word_1_591' title='bbox 706 4194 805 4246; x_wconf 91' lang='lat' dir='ltr'><strong><em>qua</em></strong></span> <span class='ocrx_word' id='word_1_592' title='bbox 858 4177 1006 4231; x_wconf 79' lang='lat' dir='ltr'><strong><em>radix</em></strong></span> <span class='ocrx_word' id='word_1_593' title='bbox 1055 4173 1424 4228; x_wconf 87' lang='lat' dir='ltr'><strong><em>amaritudinis</em></strong></span> <span class='ocrx_word' id='word_1_594' title='bbox 1464 4188 1674 4227; x_wconf 90' lang='lat' dir='ltr'><strong><em>sursum</em></strong></span> <span class='ocrx_word' id='word_1_595' title='bbox 1724 4174 2029 4242; x_wconf 80' lang='lat' dir='ltr'><strong><em>germinans</em></strong></span> 
     </span>
    </p>
   </div>
   <div class='ocr_carea' id='block_1_76' title="bbox 444 4263 2029 4339">
    <p class='ocr_par' dir='ltr' id='par_1_76' title="bbox 444 4263 2029 4339">
     <span class='ocr_line' id='line_1_76' title="bbox 444 4263 2029 4339; baseline -0.003 -13"><span class='ocrx_word' id='word_1_596' title='bbox 444 4268 723 4339; x_wconf 84' lang='lat' dir='ltr'><strong><em>impediat,</em></strong></span> <span class='ocrx_word' id='word_1_597' title='bbox 767 4282 830 4320; x_wconf 90' lang='lat' dir='ltr'><strong><em>ac</em></strong></span> <span class='ocrx_word' id='word_1_598' title='bbox 876 4280 968 4335; x_wconf 88' lang='lat' dir='ltr'><strong><em>per</em></strong></span> <span class='ocrx_word' id='word_1_599' title='bbox 1016 4280 1134 4320; x_wconf 88' lang='lat' dir='ltr'><strong><em>eam</em></strong></span> <span class='ocrx_word' id='word_1_600' title='bbox 1183 4264 1530 4333; x_wconf 87' lang='lat' dir='ltr'><strong><em>inquinentur</em></strong></span> <span class='ocrx_word' id='word_1_601' title='bbox 1573 4263 1748 4330; x_wconf 89' lang='lat' dir='ltr'><strong><em>multi,</em></strong></span> <span class='ocrx_word' id='word_1_602' title='bbox 1796 4264 2029 4321; x_wconf 86' lang='lat' dir='ltr'><strong><em>scientes</em></strong></span> 
     </span>
    </p>
   </div>
   <div class='ocr_carea' id='block_1_77' title="bbox 445 4360 2030 4437">
    <p class='ocr_par' dir='ltr' id='par_1_77' title="bbox 445 4360 2030 4437">
     <span class='ocr_line' id='line_1_77' title="bbox 445 4360 2030 4437; baseline -0.007 -16"><span class='ocrx_word' id='word_1_603' title='bbox 445 4366 584 4437; x_wconf 84' lang='lat' dir='ltr'><strong><em>quod</em></strong></span> <span class='ocrx_word' id='word_1_604' title='bbox 614 4381 714 4418; x_wconf 88' lang='lat' dir='ltr'><strong><em>non</em></strong></span> <span class='ocrx_word' id='word_1_605' title='bbox 755 4362 821 4416; x_wconf 86' lang='lat' dir='ltr'><strong><em>ad</em></strong></span> <span class='ocrx_word' id='word_1_606' title='bbox 864 4361 1178 4416; x_wconf 81' lang='lat' dir='ltr'><strong><em>tractabilem</em></strong></span> <span class='ocrx_word' id='word_1_607' title='bbox 1225 4369 1271 4412; x_wconf 76' lang='lat' dir='ltr'><strong><em>et</em></strong></span> <span class='ocrx_word' id='word_1_608' title='bbox 1299 4375 1569 4412; x_wconf 81' lang='lat' dir='ltr'><strong><em>accensum</em></strong></span> <span class='ocrx_word' id='word_1_609' title='bbox 1599 4360 1767 4431; x_wconf 82' lang='lat' dir='ltr'><strong><em>ignem</em></strong></span> <span class='ocrx_word' id='word_1_610' title='bbox 1813 4360 2030 4411; x_wconf 87' lang='lat' dir='ltr'><strong><em>accessi-</em></strong></span> 
     </span>
    </p>
   </div>
   <div class='ocr_carea' id='block_1_78' title="bbox 2126 3254 3725 3334">
    <p class='ocr_par' dir='ltr' id='par_1_78' title="bbox 2126 3254 3725 3334">
     <span class='ocr_line' id='line_1_78' title="bbox 2126 3254 3725 3334; baseline 0.005 -25"><span class='ocrx_word' id='word_1_611' title='bbox 2126 3258 2301 3310; x_wconf 77' lang='grc' dir='ltr'>λευτον</span> <span class='ocrx_word' id='word_1_612' title='bbox 2324 3254 2471 3327; x_wconf 75' lang='grc' dir='ltr'>ἔχων</span> <span class='ocrx_word' id='word_1_613' title='bbox 2493 3263 2579 3315; x_wconf 79' lang='grc' dir='ltr'>τὴν</span> <span class='ocrx_word' id='word_1_614' title='bbox 2607 3256 2863 3332; x_wconf 76' lang='grc' dir='ltr'>σφραγίδα</span> <span class='ocrx_word' id='word_1_615' title='bbox 2886 3266 2976 3318; x_wconf 79' lang='grc' dir='ltr'>τῆς</span> <span class='ocrx_word' id='word_1_616' title='bbox 3000 3258 3213 3319; x_wconf 77' lang='grc' dir='ltr'>ἀληθοῦς</span> <span class='ocrx_word' id='word_1_617' title='bbox 3240 3266 3340 3313; x_wconf 89' lang='grc' dir='ltr'><strong><em>τῶν</em></strong></span> <span class='ocrx_word' id='word_1_618' title='bbox 3360 3267 3564 3334; x_wconf 86' lang='grc' dir='ltr'>Πατρῶν</span> <span class='ocrx_word' id='word_1_619' title='bbox 3591 3260 3725 3332; x_wconf 83' lang='grc' dir='ltr'>ὸμο-</span> 
     </span>
    </p>
   </div>
   <div class='ocr_carea' id='block_1_79' title="bbox 2127 3344 3729 3425">
    <p class='ocr_par' dir='ltr' id='par_1_79' title="bbox 2127 3344 3729 3425">
     <span class='ocr_line' id='line_1_79' title="bbox 2127 3344 3729 3425; baseline 0.003 -24"><span class='ocrx_word' id='word_1_620' title='bbox 2127 3349 2319 3421; x_wconf 78' lang='grc' dir='ltr'>λογίας.</span> <span class='ocrx_word' id='word_1_621' title='bbox 2350 3354 2645 3408; x_wconf 76' lang='grc' dir='ltr'>Σκοπήσατε</span> <span class='ocrx_word' id='word_1_622' title='bbox 2677 3344 2760 3403; x_wconf 72' lang='grc' dir='ltr'>οὖν</span> <span class='ocrx_word' id='word_1_623' title='bbox 2781 3350 3025 3423; x_wconf 88' lang='grc' dir='ltr'>ἀκριϐῶς,</span> <span class='ocrx_word' id='word_1_624' title='bbox 3049 3348 3265 3421; x_wconf 80' lang='grc' dir='ltr'>ἀδελφοί,</span> <span class='ocrx_word' id='word_1_625' title='bbox 3293 3354 3363 3419; x_wconf 78' lang='grc' dir='ltr'><strong><em>μή</em></strong></span> <span class='ocrx_word' id='word_1_626' title='bbox 3389 3372 3466 3412; x_wconf 87' lang='grc' dir='ltr'><strong><em>τις</em></strong></span> <span class='ocrx_word' id='word_1_627' title='bbox 3490 3351 3729 3425; x_wconf 79' lang='grc' dir='ltr'>ὑστερῶν</span> 
     </span>
    </p>
   </div>
   <div class='ocr_carea' id='block_1_80' title="bbox 2128 3438 3732 3518">
    <p class='ocr_par' dir='ltr' id='par_1_80' title="bbox 2128 3438 3732 3518">
     <span class='ocr_line' id='line_1_80' title="bbox 2128 3438 3732 3518; baseline 0.001 -22"><span class='ocrx_word' id='word_1_628' title='bbox 2128 3442 2231 3496; x_wconf 92' lang='grc' dir='ltr'><strong><em>ἀπὸ</em></strong></span> <span class='ocrx_word' id='word_1_629' title='bbox 2260 3456 2351 3501; x_wconf 60' lang='grc' dir='ltr'><strong><em>τῆς</em></strong></span> <span class='ocrx_word' id='word_1_630' title='bbox 2385 3443 2602 3518; x_wconf 76' lang='grc' dir='ltr'>χάριτος</span> <span class='ocrx_word' id='word_1_631' title='bbox 2636 3447 2728 3495; x_wconf 90' lang='grc' dir='ltr'><strong><em>τοῦ</em></strong></span> <span class='ocrx_word' id='word_1_632' title='bbox 2756 3446 2882 3497; x_wconf 83' lang='grc' dir='ltr'>Θεοῦ</span> <span class='ocrx_word' id='word_1_633' title='bbox 2911 3450 3000 3501; x_wconf 77' lang='grc' dir='ltr'>τῆς</span> <span class='ocrx_word' id='word_1_634' title='bbox 3028 3438 3091 3496; x_wconf 84' lang='grc' dir='ltr'><strong><em>δι’</em></strong></span> <span class='ocrx_word' id='word_1_635' title='bbox 3114 3442 3276 3495; x_wconf 89' lang='grc' dir='ltr'>αὑτῶν</span> <span class='ocrx_word' id='word_1_636' title='bbox 3304 3448 3403 3496; x_wconf 87' lang='grc' dir='ltr'><strong><em>τῶν</em></strong></span> <span class='ocrx_word' id='word_1_637' title='bbox 3429 3440 3586 3515; x_wconf 83' lang='grc' dir='ltr'>ἁγίων</span> <span class='ocrx_word' id='word_1_638' title='bbox 3608 3462 3732 3498; x_wconf 82' lang='grc' dir='ltr'>πα-</span> 
     </span>
    </p>
   </div>
   <div class='ocr_carea' id='block_1_81' title="bbox 2126 3529 3729 3608">
    <p class='ocr_par' dir='ltr' id='par_1_81' title="bbox 2126 3529 3729 3608">
     <span class='ocr_line' id='line_1_81' title="bbox 2126 3529 3729 3608; baseline -0.002 -19"><span class='ocrx_word' id='word_1_639' title='bbox 2126 3532 2426 3608; x_wconf 84' lang='grc' dir='ltr'>ραδοθείσης</span> <span class='ocrx_word' id='word_1_640' title='bbox 2454 3535 2591 3601; x_wconf 76' lang='grc' dir='ltr'>ἡμῖν,</span> <span class='ocrx_word' id='word_1_641' title='bbox 2619 3536 2766 3603; x_wconf 75' lang='grc' dir='ltr'>μήτις</span> <span class='ocrx_word' id='word_1_642' title='bbox 2797 3532 2913 3605; x_wconf 73' lang='grc' dir='ltr'>ῥίζα</span> <span class='ocrx_word' id='word_1_643' title='bbox 2935 3534 3139 3607; x_wconf 84' lang='grc' dir='ltr'>πικρίας</span> <span class='ocrx_word' id='word_1_644' title='bbox 3168 3529 3271 3586; x_wconf 76' lang='grc' dir='ltr'><strong><em>ἅνω</em></strong></span> <span class='ocrx_word' id='word_1_645' title='bbox 3300 3535 3531 3605; x_wconf 71' lang='grc' dir='ltr'>φύουσα,</span> <span class='ocrx_word' id='word_1_646' title='bbox 3561 3534 3729 3607; x_wconf 80' lang='grc' dir='ltr'>ένοχ-</span> 
     </span>
    </p>
   </div>
   <div class='ocr_carea' id='block_1_82' title="bbox 2126 3623 3729 3694">
    <p class='ocr_par' dir='ltr' id='par_1_82' title="bbox 2126 3623 3729 3694">
     <span class='ocr_line' id='line_1_82' title="bbox 2126 3623 3729 3694; baseline 0 -15"><span class='ocrx_word' id='word_1_647' title='bbox 2126 3626 2218 3687; x_wconf 82' lang='grc' dir='ltr'>λεῖ,</span> <span class='ocrx_word' id='word_1_648' title='bbox 2262 3629 2346 3679; x_wconf 87' lang='grc' dir='ltr'>καὶ</span> <span class='ocrx_word' id='word_1_649' title='bbox 2390 3623 2455 3678; x_wconf 80' lang='grc' dir='ltr'><strong><em>δι’</em></strong></span> <span class='ocrx_word' id='word_1_650' title='bbox 2480 3626 2635 3683; x_wconf 80' lang='grc' dir='ltr'>αὐτῆς</span> <span class='ocrx_word' id='word_1_651' title='bbox 2674 3625 2916 3693; x_wconf 88' lang='grc' dir='ltr'>μιανθῶσι</span> <span class='ocrx_word' id='word_1_652' title='bbox 2958 3624 3130 3678; x_wconf 85' lang='grc' dir='ltr'>πολλοί</span> <span class='ocrx_word' id='word_1_653' title='bbox 3166 3626 3519 3694; x_wconf 79' lang='grc' dir='ltr'>γινώσκοντες,</span> <span class='ocrx_word' id='word_1_654' title='bbox 3560 3626 3627 3682; x_wconf 80' lang='grc' dir='ltr'>ὡς</span> <span class='ocrx_word' id='word_1_655' title='bbox 3661 3624 3729 3679; x_wconf 81' lang='grc' dir='ltr'>οὗ</span> 
     </span>
    </p>
   </div>
   <div class='ocr_carea' id='block_1_83' title="bbox 2134 3716 3728 3789">
    <p class='ocr_par' dir='ltr' id='par_1_83' title="bbox 2134 3716 3728 3789">
     <span class='ocr_line' id='line_1_83' title="bbox 2134 3716 3728 3789; baseline 0.002 -21"><span class='ocrx_word' id='word_1_656' title='bbox 2134 3716 2481 3789; x_wconf 64' lang='grc' dir='ltr'>ψηλαφωμένῳ</span> <span class='ocrx_word' id='word_1_657' title='bbox 2513 3719 2599 3771; x_wconf 87' lang='grc' dir='ltr'><strong><em>καί</em></strong></span> <span class='ocrx_word' id='word_1_658' title='bbox 2637 3718 2926 3785; x_wconf 74' lang='grc' dir='ltr'>κεκαυμένῳ</span> <span class='ocrx_word' id='word_1_659' title='bbox 2956 3718 3086 3789; x_wconf 80' lang='grc' dir='ltr'>πυρὶ</span> <span class='ocrx_word' id='word_1_660' title='bbox 3126 3716 3567 3789; x_wconf 84' lang='grc' dir='ltr'>προσεληλύθαμεν</span> <span class='ocrx_word' id='word_1_661' title='bbox 3597 3718 3728 3771; x_wconf 80' lang='grc' dir='ltr'>Σιών</span> 
     </span>
    </p>
   </div>
   <div class='ocr_carea' id='block_1_84' title="bbox 2133 3802 3732 3885">
    <p class='ocr_par' dir='ltr' id='par_1_84' title="bbox 2133 3802 3732 3885">
     <span class='ocr_line' id='line_1_84' title="bbox 2133 3802 3732 3885; baseline 0.004 -26"><span class='ocrx_word' id='word_1_662' title='bbox 2133 3802 2239 3879; x_wconf 78' lang='grc' dir='ltr'>ὄρει</span> <span class='ocrx_word' id='word_1_663' title='bbox 2268 3810 2355 3861; x_wconf 87' lang='grc' dir='ltr'><strong><em>καί</em></strong></span> <span class='ocrx_word' id='word_1_664' title='bbox 2384 3807 2524 3862; x_wconf 84' lang='grc' dir='ltr'>πόλει</span> <span class='ocrx_word' id='word_1_665' title='bbox 2552 3814 2676 3861; x_wconf 85' lang='grc' dir='ltr'>Θεοῦ</span> <span class='ocrx_word' id='word_1_666' title='bbox 2709 3812 2916 3873; x_wconf 86' lang='grc' dir='ltr'>ζῶντος,</span> <span class='ocrx_word' id='word_1_667' title='bbox 2950 3810 3281 3882; x_wconf 81' lang='grc' dir='ltr'>Ἰερουσαλὴμ</span> <span class='ocrx_word' id='word_1_668' title='bbox 3303 3812 3604 3885; x_wconf 81' lang='grc' dir='ltr'>ἐπουρανίῳ,</span> <span class='ocrx_word' id='word_1_669' title='bbox 3634 3810 3732 3865; x_wconf 78' lang='grc' dir='ltr'><strong><em>καί</em></strong></span> 
     </span>
    </p>
   </div>
   <div class='ocr_carea' id='block_1_85' title="bbox 2128 3898 3731 3975">
    <p class='ocr_par' dir='ltr' id='par_1_85' title="bbox 2128 3898 3731 3975">
     <span class='ocr_line' id='line_1_85' title="bbox 2128 3898 3731 3975; baseline 0.002 -24"><span class='ocrx_word' id='word_1_670' title='bbox 2128 3901 2373 3972; x_wconf 85' lang='grc' dir='ltr'>μυριάσιν</span> <span class='ocrx_word' id='word_1_671' title='bbox 2416 3900 2637 3971; x_wconf 82' lang='grc' dir='ltr'>ἀγγέλων</span> <span class='ocrx_word' id='word_1_672' title='bbox 2679 3898 2728 3953; x_wconf 81' lang='grc' dir='ltr'>ἐν</span> <span class='ocrx_word' id='word_1_673' title='bbox 2768 3900 3077 3970; x_wconf 71' lang='grc' dir='ltr'>πανηγύρει,</span> <span class='ocrx_word' id='word_1_674' title='bbox 3108 3902 3195 3953; x_wconf 89' lang='grc' dir='ltr'><strong><em>καί</em></strong></span> <span class='ocrx_word' id='word_1_675' title='bbox 3226 3900 3492 3975; x_wconf 73' lang='grc' dir='ltr'>Ἐκκλησία</span> <span class='ocrx_word' id='word_1_676' title='bbox 3522 3921 3731 3975; x_wconf 77' lang='grc' dir='ltr'>πρωτο-</span> 
     </span>
    </p>
   </div>
   <div class='ocr_carea' id='block_1_86' title="bbox 2129 3992 3729 4068">
    <p class='ocr_par' dir='ltr' id='par_1_86' title="bbox 2129 3992 3729 4068">
     <span class='ocr_line' id='line_1_86' title="bbox 2129 3992 3729 4068; baseline 0.001 -22"><span class='ocrx_word' id='word_1_677' title='bbox 2129 3992 2291 4046; x_wconf 78' lang='grc' dir='ltr'>τόκων</span> <span class='ocrx_word' id='word_1_678' title='bbox 2308 3994 2764 4066; x_wconf 79' lang='grc' dir='ltr'>ἀπογεγραμμένων</span> <span class='ocrx_word' id='word_1_679' title='bbox 2784 3995 2833 4046; x_wconf 84' lang='grc' dir='ltr'>ἐν</span> <span class='ocrx_word' id='word_1_680' title='bbox 2858 3995 3107 4067; x_wconf 84' lang='grc' dir='ltr'>οὑρανοίς,</span> <span class='ocrx_word' id='word_1_681' title='bbox 3123 3996 3205 4047; x_wconf 84' lang='grc' dir='ltr'><strong><em>καί</em></strong></span> <span class='ocrx_word' id='word_1_682' title='bbox 3224 4000 3368 4068; x_wconf 72' lang='grc' dir='ltr'>κριτῇ</span> <span class='ocrx_word' id='word_1_683' title='bbox 3390 4002 3496 4061; x_wconf 85' lang='grc' dir='ltr'>Θεῷ</span> <span class='ocrx_word' id='word_1_684' title='bbox 3518 3996 3729 4048; x_wconf 85' lang='grc' dir='ltr'>πάντων</span> 
     </span>
    </p>
   </div>
   <div class='ocr_carea' id='block_1_87' title="bbox 2131 4083 3728 4161">
    <p class='ocr_par' dir='ltr' id='par_1_87' title="bbox 2131 4083 3728 4161">
     <span class='ocr_line' id='line_1_87' title="bbox 2131 4083 3728 4161; baseline 0.001 -24"><span class='ocrx_word' id='word_1_685' title='bbox 2131 4088 2215 4139; x_wconf 85' lang='grc' dir='ltr'><strong><em>καί</em></strong></span> <span class='ocrx_word' id='word_1_686' title='bbox 2240 4086 2499 4153; x_wconf 81' lang='grc' dir='ltr'>πνεύμασι</span> <span class='ocrx_word' id='word_1_687' title='bbox 2546 4083 2748 4139; x_wconf 78' lang='grc' dir='ltr'>δικαίων</span> <span class='ocrx_word' id='word_1_688' title='bbox 2793 4088 3190 4155; x_wconf 69' lang='grc' dir='ltr'>τετελειωμένοις</span> <span class='ocrx_word' id='word_1_689' title='bbox 3209 4124 3223 4149; x_wconf 91' lang='grc'><strong><em>,</em></strong></span> <span class='ocrx_word' id='word_1_690' title='bbox 3252 4090 3335 4139; x_wconf 90' lang='grc' dir='ltr'><strong><em>καί</em></strong></span> <span class='ocrx_word' id='word_1_691' title='bbox 3373 4084 3582 4156; x_wconf 78' lang='grc' dir='ltr'>διαθήκῃ</span> <span class='ocrx_word' id='word_1_692' title='bbox 3611 4088 3728 4161; x_wconf 76' lang='grc' dir='ltr'>νέᾳ,</span> 
     </span>
    </p>
   </div>
   <div class='ocr_carea' id='block_1_88' title="bbox 2131 4178 3747 4254">
    <p class='ocr_par' dir='ltr' id='par_1_88' title="bbox 2131 4178 3747 4254">
     <span class='ocr_line' id='line_1_88' title="bbox 2131 4178 3747 4254; baseline 0.001 -22"><span class='ocrx_word' id='word_1_693' title='bbox 2131 4180 2317 4252; x_wconf 74' lang='grc' dir='ltr'>μεσίτῃ</span> <span class='ocrx_word' id='word_1_694' title='bbox 2346 4179 2508 4236; x_wconf 83' lang='grc' dir='ltr'>Ἰησοῦ</span> <span class='ocrx_word' id='word_1_695' title='bbox 2554 4182 2636 4233; x_wconf 84' lang='grc' dir='ltr'><strong><em>καί</em></strong></span> <span class='ocrx_word' id='word_1_696' title='bbox 2679 4181 2857 4249; x_wconf 78' lang='grc' dir='ltr'>αἵματι</span> <span class='ocrx_word' id='word_1_697' title='bbox 2899 4180 3182 4251; x_wconf 74' lang='grc' dir='ltr'>ῥαντισμοῦ</span> <span class='ocrx_word' id='word_1_698' title='bbox 3233 4187 3460 4254; x_wconf 79' lang='grc' dir='ltr'>κρεῖττον</span> <span class='ocrx_word' id='word_1_699' title='bbox 3489 4178 3747 4234; x_wconf 75' lang='grc' dir='ltr'>λαλοῦντε-</span> 
     </span>
    </p>
   </div>
   <div class='ocr_carea' id='block_1_89' title="bbox 2131 4268 3733 4349">
    <p class='ocr_par' dir='ltr' id='par_1_89' title="bbox 2131 4268 3733 4349">
     <span class='ocr_line' id='line_1_89' title="bbox 2131 4268 3733 4349; baseline -0.001 -23"><span class='ocrx_word' id='word_1_700' title='bbox 2131 4275 2273 4349; x_wconf 87' lang='grc' dir='ltr'><strong><em>παρά</em></strong></span> <span class='ocrx_word' id='word_1_701' title='bbox 2294 4273 2380 4327; x_wconf 90' lang='grc' dir='ltr'><strong><em>τὸν</em></strong></span> <span class='ocrx_word' id='word_1_702' title='bbox 2402 4269 2571 4333; x_wconf 70' lang='grc' dir='ltr'>Ἀϐελ,</span> <span class='ocrx_word' id='word_1_703' title='bbox 2592 4275 2678 4326; x_wconf 88' lang='grc' dir='ltr'>καὶ</span> <span class='ocrx_word' id='word_1_704' title='bbox 2701 4273 2956 4342; x_wconf 80' lang='grc' dir='ltr'>ἐλέγχοντι</span> <span class='ocrx_word' id='word_1_705' title='bbox 2977 4272 3201 4347; x_wconf 67' lang='grc' dir='ltr'>φοϐερῶς</span> <span class='ocrx_word' id='word_1_706' title='bbox 3218 4274 3299 4325; x_wconf 88' lang='grc' dir='ltr'><strong><em>καί</em></strong></span> <span class='ocrx_word' id='word_1_707' title='bbox 3316 4268 3586 4341; x_wconf 85' lang='grc' dir='ltr'>ἀποτόμως</span> <span class='ocrx_word' id='word_1_708' title='bbox 3604 4272 3733 4333; x_wconf 79' lang='grc' dir='ltr'>τοῦς</span> 
     </span>
    </p>
   </div>
   <div class='ocr_carea' id='block_1_90' title="bbox 2131 4363 3731 4437">
    <p class='ocr_par' dir='ltr' id='par_1_90' title="bbox 2131 4363 3731 4437">
     <span class='ocr_line' id='line_1_90' title="bbox 2131 4363 3731 4437; baseline -0.001 -19"><span class='ocrx_word' id='word_1_709' title='bbox 2131 4365 2441 4436; x_wconf 77' lang='grc' dir='ltr'>παραϐάτας</span> <span class='ocrx_word' id='word_1_710' title='bbox 2465 4368 2751 4436; x_wconf 77' lang='grc' dir='ltr'>γινομένους</span> <span class='ocrx_word' id='word_1_711' title='bbox 2780 4373 2870 4424; x_wconf 81' lang='grc' dir='ltr'>τῆς</span> <span class='ocrx_word' id='word_1_712' title='bbox 2900 4368 2971 4427; x_wconf 84' lang='grc' dir='ltr'>εἰς</span> <span class='ocrx_word' id='word_1_713' title='bbox 3001 4365 3154 4418; x_wconf 86' lang='grc' dir='ltr'>αὑτὸν</span> <span class='ocrx_word' id='word_1_714' title='bbox 3186 4363 3446 4437; x_wconf 80' lang='grc' dir='ltr'>ὀρθοδὸξου</span> <span class='ocrx_word' id='word_1_715' title='bbox 3475 4366 3731 4423; x_wconf 86' lang='grc' dir='ltr'>πίστεως·</span> 
     </span>
    </p>
   </div>
   <div class='ocr_carea' id='block_1_91' title="bbox 447 4436 2027 4529">
    <p class='ocr_par' dir='ltr' id='par_1_91' title="bbox 447 4450 2015 4527">
     <span class='ocr_line' id='line_1_91' title="bbox 447 4450 2015 4527; baseline -0.005 -15"><span class='ocrx_word' id='word_1_716' title='bbox 447 4476 582 4527; x_wconf 87' lang='lat' dir='ltr'><strong><em>mus,</em></strong></span> <span class='ocrx_word' id='word_1_717' title='bbox 622 4458 708 4511; x_wconf 82' lang='lat' dir='ltr'><strong><em>sed</em></strong></span> <span class='ocrx_word' id='word_1_718' title='bbox 751 4455 817 4508; x_wconf 84' lang='lat' dir='ltr'><strong><em>ad</em></strong></span> <span class='ocrx_word' id='word_1_719' title='bbox 859 4453 987 4509; x_wconf 87' lang='lat' dir='ltr'><strong><em>Sion</em></strong></span> <span class='ocrx_word' id='word_1_720' title='bbox 1012 4461 1255 4515; x_wconf 86' lang='lat' dir='ltr'><strong><em>montem,</em></strong></span> <span class='ocrx_word' id='word_1_721' title='bbox 1300 4460 1345 4504; x_wconf 90' lang='lat' dir='ltr'><strong><em>et</em></strong></span> <span class='ocrx_word' id='word_1_722' title='bbox 1380 4451 1632 4503; x_wconf 76' lang='lat' dir='ltr'><strong><em>civitatem</em></strong></span> <span class='ocrx_word' id='word_1_723' title='bbox 1679 4450 1768 4502; x_wconf 66' lang='lat' dir='ltr'><strong><em>Dei</em></strong></span> <span class='ocrx_word' id='word_1_724' title='bbox 1805 4450 2015 4504; x_wconf 79' lang='lat' dir='ltr'><strong><em>viventis</em></strong></span> 
     </span>
    </p>
   </div>
   <div class='ocr_carea' id='block_1_92' title="bbox 2131 4436 3735 4529">
    <p class='ocr_par' dir='ltr' id='par_1_92' title="bbox 2133 4452 3735 4529">
     <span class='ocr_line' id='line_1_92' title="bbox 2133 4452 3735 4529; baseline -0.001 -20"><span class='ocrx_word' id='word_1_725' title='bbox 2133 4452 2208 4509; x_wconf 83' lang='grc' dir='ltr'><strong><em>διὸ</em></strong></span> <span class='ocrx_word' id='word_1_726' title='bbox 2238 4456 2332 4514; x_wconf 86' lang='grc' dir='ltr'><strong><em>τάς</em></strong></span> <span class='ocrx_word' id='word_1_727' title='bbox 2361 4457 2668 4529; x_wconf 79' lang='grc' dir='ltr'>παρειμένας</span> <span class='ocrx_word' id='word_1_728' title='bbox 2704 4462 2892 4528; x_wconf 87' lang='grc' dir='ltr'>χεῖρας</span> <span class='ocrx_word' id='word_1_729' title='bbox 2921 4458 3009 4508; x_wconf 85' lang='grc' dir='ltr'><strong><em>καί</em></strong></span> <span class='ocrx_word' id='word_1_730' title='bbox 3035 4455 3101 4509; x_wconf 86' lang='grc' dir='ltr'><strong><em>τά</em></strong></span> <span class='ocrx_word' id='word_1_731' title='bbox 3130 4454 3514 4529; x_wconf 63' lang='grc' dir='ltr'>παραλελυμένοι</span> <span class='ocrx_word' id='word_1_732' title='bbox 3533 4452 3735 4527; x_wconf 74' lang='grc' dir='ltr'>γόνατα</span> 
     </span>
    </p>
   </div>
   <div class='ocr_carea' id='block_1_93' title="bbox 447 4542 2024 4614">
    <p class='ocr_par' dir='ltr' id='par_1_93' title="bbox 447 4542 2024 4614">
     <span class='ocr_line' id='line_1_93' title="bbox 447 4542 2024 4614; baseline -0.006 -10"><span class='ocrx_word' id='word_1_733' title='bbox 447 4550 731 4604; x_wconf 83' lang='lat' dir='ltr'><strong><em>Jerusalem</em></strong></span> <span class='ocrx_word' id='word_1_734' title='bbox 760 4548 1034 4610; x_wconf 73' lang='lat' dir='ltr'><strong><em>caelestem,</em></strong></span> <span class='ocrx_word' id='word_1_735' title='bbox 1078 4550 1123 4596; x_wconf 82' lang='lat' dir='ltr'><strong><em>et</em></strong></span> <span class='ocrx_word' id='word_1_736' title='bbox 1153 4542 1428 4595; x_wconf 89' lang='lat' dir='ltr'><strong><em>multorum</em></strong></span> <span class='ocrx_word' id='word_1_737' title='bbox 1474 4542 1690 4594; x_wconf 87' lang='lat' dir='ltr'><strong><em>milliunt</em></strong></span> <span class='ocrx_word' id='word_1_738' title='bbox 1720 4544 2024 4614; x_wconf 86' lang='lat' dir='ltr'><strong><em>angelorum</em></strong></span> 
     </span>
    </p>
   </div>
   <div class='ocr_carea' id='block_1_94' title="bbox 448 4634 2028 4713">
    <p class='ocr_par' dir='ltr' id='par_1_94' title="bbox 448 4634 2028 4713">
     <span class='ocr_line' id='line_1_94' title="bbox 448 4634 2028 4713; baseline -0.004 -19"><span class='ocrx_word' id='word_1_739' title='bbox 448 4644 804 4713; x_wconf 69' lang='lat' dir='ltr'><strong><em>frequentiam,</em></strong></span> <span class='ocrx_word' id='word_1_740' title='bbox 830 4649 875 4693; x_wconf 86' lang='lat' dir='ltr'><strong><em>et</em></strong></span> <span class='ocrx_word' id='word_1_741' title='bbox 910 4636 1195 4690; x_wconf 80' lang='lat' dir='ltr'><strong><em>Ecclesium</em></strong></span> <span class='ocrx_word' id='word_1_742' title='bbox 1226 4634 1615 4704; x_wconf 85' lang='lat' dir='ltr'><strong><em>primitivorum,</em></strong></span> <span class='ocrx_word' id='word_1_743' title='bbox 1644 4635 1731 4703; x_wconf 85' lang='lat' dir='ltr'><strong><em>qui</em></strong></span> <span class='ocrx_word' id='word_1_744' title='bbox 1752 4634 2028 4703; x_wconf 85' lang='lat' dir='ltr'><strong><em>conscripti</em></strong></span> 
     </span>
    </p>
   </div>
   <div class='ocr_carea' id='block_1_95' title="bbox 448 4725 2029 4797">
    <p class='ocr_par' dir='ltr' id='par_1_95' title="bbox 448 4725 2029 4797">
     <span class='ocr_line' id='line_1_95' title="bbox 448 4725 2029 4797; baseline -0.004 -11"><span class='ocrx_word' id='word_1_745' title='bbox 448 4742 562 4786; x_wconf 76' lang='lat' dir='ltr'><strong><em>sunt</em></strong></span> <span class='ocrx_word' id='word_1_746' title='bbox 610 4735 661 4785; x_wconf 87' lang='lat' dir='ltr'><strong><em>in</em></strong></span> <span class='ocrx_word' id='word_1_747' title='bbox 692 4734 850 4796; x_wconf 58' lang='lat' dir='ltr'><strong><em>caelis,</em></strong></span> <span class='ocrx_word' id='word_1_748' title='bbox 895 4738 941 4782; x_wconf 82' lang='lat' dir='ltr'><strong><em>et</em></strong></span> <span class='ocrx_word' id='word_1_749' title='bbox 988 4730 1217 4797; x_wconf 84' lang='lat' dir='ltr'><strong><em>judicem</em></strong></span> <span class='ocrx_word' id='word_1_750' title='bbox 1248 4728 1475 4780; x_wconf 86' lang='lat' dir='ltr'><strong><em>omnium</em></strong></span> <span class='ocrx_word' id='word_1_751' title='bbox 1517 4725 1702 4791; x_wconf 82' lang='lat' dir='ltr'><strong><em>Deum,</em></strong></span> <span class='ocrx_word' id='word_1_752' title='bbox 1743 4737 1790 4779; x_wconf 83' lang='lat' dir='ltr'><strong><em>et</em></strong></span> <span class='ocrx_word' id='word_1_753' title='bbox 1822 4727 2029 4795; x_wconf 80' lang='lat' dir='ltr'><strong><em>spiritus</em></strong></span> 
     </span>
    </p>
   </div>
   <div class='ocr_carea' id='block_1_96' title="bbox 454 4819 2029 4892">
    <p class='ocr_par' dir='ltr' id='par_1_96' title="bbox 454 4819 2029 4892">
     <span class='ocr_line' id='line_1_96' title="bbox 454 4819 2029 4892; baseline -0.003 -18"><span class='ocrx_word' id='word_1_754' title='bbox 454 4831 702 4885; x_wconf 74' lang='lat' dir='ltr'><strong><em>iustorum</em></strong></span> <span class='ocrx_word' id='word_1_755' title='bbox 733 4826 1088 4892; x_wconf 80' lang='lat' dir='ltr'><strong><em>perfectorum,</em></strong></span> <span class='ocrx_word' id='word_1_756' title='bbox 1121 4831 1167 4874; x_wconf 90' lang='lat' dir='ltr'><strong><em>et</em></strong></span> <span class='ocrx_word' id='word_1_757' title='bbox 1201 4819 1486 4872; x_wconf 84' lang='lat' dir='ltr'><strong><em>testamenti</em></strong></span> <span class='ocrx_word' id='word_1_758' title='bbox 1534 4820 1647 4871; x_wconf 85' lang='lat' dir='ltr'><strong><em>novi</em></strong></span> <span class='ocrx_word' id='word_1_759' title='bbox 1698 4820 2029 4871; x_wconf 85' lang='lat' dir='ltr'><strong><em>mediatorem</em></strong></span> 
     </span>
    </p>
   </div>
   <div class='ocr_carea' id='block_1_97' title="bbox 453 4910 2029 4982">
    <p class='ocr_par' dir='ltr' id='par_1_97' title="bbox 453 4910 2029 4982">
     <span class='ocr_line' id='line_1_97' title="bbox 453 4910 2029 4982; baseline -0.006 -11"><span class='ocrx_word' id='word_1_760' title='bbox 453 4917 652 4982; x_wconf 85' lang='lat' dir='ltr'><strong><em>Jesum,</em></strong></span> <span class='ocrx_word' id='word_1_761' title='bbox 696 4923 752 4968; x_wconf 77' lang='lat' dir='ltr'><strong><em>‘et</em></strong></span> <span class='ocrx_word' id='word_1_762' title='bbox 802 4913 1104 4981; x_wconf 80' lang='lat' dir='ltr'><strong><em>sanguimm</em></strong></span> <span class='ocrx_word' id='word_1_763' title='bbox 1160 4911 1467 4976; x_wconf 83' lang='lat' dir='ltr'><strong><em>aspersionis</em></strong></span> <span class='ocrx_word' id='word_1_764' title='bbox 1517 4910 1695 4962; x_wconf 86' lang='lat' dir='ltr'><strong><em>melius</em></strong></span> <span class='ocrx_word' id='word_1_765' title='bbox 1745 4910 2029 4977; x_wconf 88' lang='lat' dir='ltr'><strong><em>loquentem</em></strong></span> 
     </span>
    </p>
   </div>
   <div class='ocr_carea' id='block_1_98' title="bbox 451 4998 2031 5077">
    <p class='ocr_par' dir='ltr' id='par_1_98' title="bbox 451 4998 2031 5077">
     <span class='ocr_line' id='line_1_98' title="bbox 451 4998 2031 5077; baseline -0.005 -18"><span class='ocrx_word' id='word_1_766' title='bbox 451 5024 601 5077; x_wconf 87' lang='lat' dir='ltr'><strong><em>quam</em></strong></span> <span class='ocrx_word' id='word_1_767' title='bbox 642 5003 763 5059; x_wconf 79' lang='lat' dir='ltr'><strong><em>Abel</em></strong></span> <span class='ocrx_word' id='word_1_768' title='bbox 805 5001 991 5074; x_wconf 78' lang='lat' dir='ltr'><strong><em>(Hebr.</em></strong></span> <span class='ocrx_word' id='word_1_769' title='bbox 1037 5014 1128 5065; x_wconf 79' lang='lat' dir='ltr'><strong><em>xit,</em></strong></span> <span class='ocrx_word' id='word_1_770' title='bbox 1166 4999 1253 5065; x_wconf 80' lang='grc'><strong><em>18,</em></strong></span> <span class='ocrx_word' id='word_1_771' title='bbox 1284 4998 1374 5065; x_wconf 68' lang='grc'>22,</span> <span class='ocrx_word' id='word_1_772' title='bbox 1409 4998 1573 5065; x_wconf 88' lang='lat' dir='ltr'><strong><em>etc.);</em></strong></span> <span class='ocrx_word' id='word_1_773' title='bbox 1622 5009 1673 5052; x_wconf 91' lang='lat' dir='ltr'><strong><em>et</em></strong></span> <span class='ocrx_word' id='word_1_774' title='bbox 1705 4998 2031 5051; x_wconf 85' lang='lat' dir='ltr'><strong><em>horribiliter</em></strong></span> 
     </span>
    </p>
   </div>
   <div class='ocr_carea' id='block_1_99' title="bbox 453 5090 2029 5161">
    <p class='ocr_par' dir='ltr' id='par_1_99' title="bbox 453 5090 2029 5161">
     <span class='ocr_line' id='line_1_99' title="bbox 453 5090 2029 5161; baseline -0.008 -6"><span class='ocrx_word' id='word_1_775' title='bbox 453 5118 516 5155; x_wconf 87' lang='lat' dir='ltr'><strong><em>ac</em></strong></span> <span class='ocrx_word' id='word_1_776' title='bbox 566 5096 841 5154; x_wconf 87' lang='lat' dir='ltr'><strong><em>minaciter</em></strong></span> <span class='ocrx_word' id='word_1_777' title='bbox 889 5093 1293 5161; x_wconf 80' lang='lat' dir='ltr'><strong><em>redargucntem</em></strong></span> <span class='ocrx_word' id='word_1_778' title='bbox 1339 5106 1432 5144; x_wconf 89' lang='lat' dir='ltr'><strong><em>eos</em></strong></span> <span class='ocrx_word' id='word_1_779' title='bbox 1484 5091 1573 5158; x_wconf 87' lang='lat' dir='ltr'><strong><em>qui</em></strong></span> <span class='ocrx_word' id='word_1_780' title='bbox 1612 5090 1927 5143; x_wconf 73' lang='lat' dir='ltr'><strong><em>orthodoxte</em></strong></span> <span class='ocrx_word' id='word_1_781' title='bbox 1979 5091 2029 5143; x_wconf 91' lang='lat' dir='ltr'><strong><em>in</em></strong></span> 
     </span>
    </p>
   </div>
   <div class='ocr_carea' id='block_1_100' title="bbox 454 5180 2033 5262">
    <p class='ocr_par' dir='ltr' id='par_1_100' title="bbox 454 5180 2033 5262">
     <span class='ocr_line' id='line_1_100' title="bbox 454 5180 2033 5262; baseline -0.009 -16"><span class='ocrx_word' id='word_1_782' title='bbox 454 5195 626 5262; x_wconf 89' lang='lat' dir='ltr'><strong><em>ipsum</em></strong></span> <span class='ocrx_word' id='word_1_783' title='bbox 658 5186 779 5241; x_wconf 81' lang='lat' dir='ltr'><strong><em>fidei</em></strong></span> <span class='ocrx_word' id='word_1_784' title='bbox 824 5184 1260 5255; x_wconf 83' lang='lat' dir='ltr'><strong><em>praevaricatores</em></strong></span> <span class='ocrx_word' id='word_1_785' title='bbox 1290 5190 1436 5236; x_wconf 86' lang='lat' dir='ltr'><strong><em>sunt.</em></strong></span> <span class='ocrx_word' id='word_1_786' title='bbox 1490 5181 1711 5247; x_wconf 78' lang='lat' dir='ltr'><strong><em>Propter</em></strong></span> <span class='ocrx_word' id='word_1_787' title='bbox 1756 5180 1896 5247; x_wconf 89' lang='lat' dir='ltr'><strong><em>quod</em></strong></span> <span class='ocrx_word' id='word_1_788' title='bbox 1950 5194 2033 5233; x_wconf 82' lang='lat' dir='ltr'><strong><em>te-</em></strong></span> 
     </span>
    </p>
   </div>
   <div class='ocr_carea' id='block_1_101' title="bbox 454 5274 2034 5343">
    <p class='ocr_par' dir='ltr' id='par_1_101' title="bbox 454 5274 2034 5343">
     <span class='ocr_line' id='line_1_101' title="bbox 454 5274 2034 5343; baseline -0.008 -6"><span class='ocrx_word' id='word_1_789' title='bbox 454 5286 649 5339; x_wconf 76' lang='lat' dir='ltr'><strong><em>ntissas</em></strong></span> <span class='ocrx_word' id='word_1_790' title='bbox 676 5291 864 5335; x_wconf 87' lang='lat' dir='ltr'><strong><em>manus</em></strong></span> <span class='ocrx_word' id='word_1_791' title='bbox 902 5284 955 5329; x_wconf 92' lang='lat' dir='ltr'><strong><em>et</em></strong></span> <span class='ocrx_word' id='word_1_792' title='bbox 982 5276 1154 5328; x_wconf 77' lang='lat' dir='ltr'><strong><em>soluta</em></strong></span> <span class='ocrx_word' id='word_1_793' title='bbox 1189 5290 1358 5343; x_wconf 82' lang='lat' dir='ltr'><strong><em>genua</em></strong></span> <span class='ocrx_word' id='word_1_794' title='bbox 1398 5274 1680 5342; x_wconf 82' lang='lat' dir='ltr'><strong><em>erigentes,</em></strong></span> <span class='ocrx_word' id='word_1_795' title='bbox 1718 5280 1769 5326; x_wconf 88' lang='lat' dir='ltr'><strong><em>et</em></strong></span> <span class='ocrx_word' id='word_1_796' title='bbox 1818 5286 2034 5341; x_wconf 76' lang='lat' dir='ltr'><strong><em>gressus</em></strong></span> 
     </span>
    </p>
   </div>
   <div class='ocr_carea' id='block_1_102' title="bbox 452 5364 2028 5437">
    <p class='ocr_par' dir='ltr' id='par_1_102' title="bbox 452 5364 2028 5437">
     <span class='ocr_line' id='line_1_102' title="bbox 452 5364 2028 5437; baseline -0.009 -8"><span class='ocrx_word' id='word_1_797' title='bbox 452 5384 629 5429; x_wconf 85' lang='lat' dir='ltr'><strong><em>rectos</em></strong></span> <span class='ocrx_word' id='word_1_798' title='bbox 657 5371 911 5426; x_wconf 84' lang='lat' dir='ltr'><strong><em>facientes</em></strong></span> <span class='ocrx_word' id='word_1_799' title='bbox 934 5365 1154 5437; x_wconf 87' lang='lat' dir='ltr'><strong><em>pedibus</em></strong></span> <span class='ocrx_word' id='word_1_800' title='bbox 1176 5366 1393 5429; x_wconf 75' lang='lat' dir='ltr'><strong><em>nostris,</em></strong></span> <span class='ocrx_word' id='word_1_801' title='bbox 1425 5364 1489 5417; x_wconf 88' lang='lat' dir='ltr'><strong><em>ad</em></strong></span> <span class='ocrx_word' id='word_1_802' title='bbox 1514 5365 1752 5417; x_wconf 75' lang='lat' dir='ltr'><strong><em>brevium</em></strong></span> <span class='ocrx_word' id='word_1_803' title='bbox 1778 5379 2028 5430; x_wconf 74' lang='lat' dir='ltr'><strong><em>superna:</em></strong></span> 
     </span>
    </p>
   </div>
   <div class='ocr_carea' id='block_1_103' title="bbox 456 5454 2034 5530">
    <p class='ocr_par' dir='ltr' id='par_1_103' title="bbox 456 5454 2034 5530">
     <span class='ocr_line' id='line_1_103' title="bbox 456 5454 2034 5530; baseline -0.008 -11"><span class='ocrx_word' id='word_1_804' title='bbox 456 5464 751 5519; x_wconf 81' lang='lat' dir='ltr'><strong><em>vocationis</em></strong></span> <span class='ocrx_word' id='word_1_805' title='bbox 783 5474 1150 5530; x_wconf 88' lang='lat' dir='ltr'><strong><em>properemus,</em></strong></span> <span class='ocrx_word' id='word_1_806' title='bbox 1196 5455 1571 5514; x_wconf 78' lang='lat' dir='ltr'><strong><em>obliviscentes</em></strong></span> <span class='ocrx_word' id='word_1_807' title='bbox 1602 5454 1816 5521; x_wconf 77' lang='lat' dir='ltr'><strong><em>quidem</em></strong></span> <span class='ocrx_word' id='word_1_808' title='bbox 1864 5455 2034 5508; x_wconf 68' lang='lat' dir='ltr'><strong><em>hazre-</em></strong></span> 
     </span>
    </p>
   </div>
   <div class='ocr_carea' id='block_1_104' title="bbox 457 5545 2036 5624">
    <p class='ocr_par' dir='ltr' id='par_1_104' title="bbox 457 5545 2036 5624">
     <span class='ocr_line' id='line_1_104' title="bbox 457 5545 2036 5624; baseline -0.005 -15"><span class='ocrx_word' id='word_1_809' title='bbox 457 5558 614 5621; x_wconf 87' lang='lat' dir='ltr'><strong><em>ticos,</em></strong></span> <span class='ocrx_word' id='word_1_810' title='bbox 646 5555 733 5624; x_wconf 89' lang='lat' dir='ltr'><strong><em>qui</em></strong></span> <span class='ocrx_word' id='word_1_811' title='bbox 767 5562 887 5624; x_wconf 87' lang='lat' dir='ltr'><strong><em>post</em></strong></span> <span class='ocrx_word' id='word_1_812' title='bbox 914 5565 1128 5607; x_wconf 85' lang='lat' dir='ltr'><strong><em>sensum</em></strong></span> <span class='ocrx_word' id='word_1_813' title='bbox 1171 5564 1324 5604; x_wconf 83' lang='lat' dir='ltr'><strong><em>suum</em></strong></span> <span class='ocrx_word' id='word_1_814' title='bbox 1371 5547 1805 5611; x_wconf 84' lang='lat' dir='ltr'><strong><em>ambulaverunt;</em></strong></span> <span class='ocrx_word' id='word_1_815' title='bbox 1838 5545 1903 5600; x_wconf 87' lang='lat' dir='ltr'><strong><em>ad</em></strong></span> <span class='ocrx_word' id='word_1_816' title='bbox 1936 5545 2036 5601; x_wconf 87' lang='lat' dir='ltr'><strong><em>Pa-</em></strong></span> 
     </span>
    </p>
   </div>
   <div class='ocr_carea' id='block_1_105' title="bbox 459 5640 2035 5720">
    <p class='ocr_par' dir='ltr' id='par_1_105' title="bbox 459 5640 2035 5720">
     <span class='ocr_line' id='line_1_105' title="bbox 459 5640 2035 5720; baseline -0.006 -12"><span class='ocrx_word' id='word_1_817' title='bbox 459 5651 572 5708; x_wconf 67' lang='lat' dir='ltr'><strong><em>tres</em></strong></span> <span class='ocrx_word' id='word_1_818' title='bbox 593 5661 739 5717; x_wconf 80' lang='lat' dir='ltr'><strong><em>vero,</em></strong></span> <span class='ocrx_word' id='word_1_819' title='bbox 761 5647 852 5720; x_wconf 87' lang='lat' dir='ltr'><strong><em>qui</em></strong></span> <span class='ocrx_word' id='word_1_820' title='bbox 874 5654 996 5704; x_wconf 86' lang='lat' dir='ltr'><strong><em>ante</em></strong></span> <span class='ocrx_word' id='word_1_821' title='bbox 1019 5658 1115 5700; x_wconf 87' lang='lat' dir='ltr'><strong><em>nos</em></strong></span> <span class='ocrx_word' id='word_1_822' title='bbox 1141 5642 1191 5697; x_wconf 84' lang='lat' dir='ltr'><strong><em>iu</em></strong></span> <span class='ocrx_word' id='word_1_823' title='bbox 1222 5640 1517 5697; x_wconf 85' lang='lat' dir='ltr'><strong><em>orthodoxa</em></strong></span> <span class='ocrx_word' id='word_1_824' title='bbox 1550 5640 1650 5695; x_wconf 81' lang='lat' dir='ltr'><strong><em>fide</em></strong></span> <span class='ocrx_word' id='word_1_825' title='bbox 1679 5643 2035 5699; x_wconf 87' lang='lat' dir='ltr'><strong><em>consummati</em></strong></span> 
     </span>
    </p>
   </div>
   <div class='ocr_carea' id='block_1_106' title="bbox 1501 5762 1531 5778">
    <p class='ocr_par' dir='ltr' id='par_1_106' title="bbox 1501 5762 1531 5778">
     <span class='ocr_line' id='line_1_106' title="bbox 1501 5762 1531 5778; baseline 0 -2"><span class='ocrx_word' id='word_1_826' title='bbox 1501 5762 1531 5778; x_wconf 61' lang='grc' dir='ltr'><strong>υ</strong></span> 
     </span>
    </p>
   </div>
   <div class='ocr_carea' id='block_1_107' title="bbox 2130 4548 3733 4625">
    <p class='ocr_par' dir='ltr' id='par_1_107' title="bbox 2130 4548 3733 4625">
     <span class='ocr_line' id='line_1_107' title="bbox 2130 4548 3733 4625; baseline 0.001 -24"><span class='ocrx_word' id='word_1_827' title='bbox 2130 4549 2528 4625; x_wconf 72' lang='grc' dir='ltr'>ἀνορθώσαντες,</span> <span class='ocrx_word' id='word_1_828' title='bbox 2557 4551 2641 4601; x_wconf 73' lang='grc' dir='ltr'><strong><em>καί</em></strong></span> <span class='ocrx_word' id='word_1_829' title='bbox 2668 4550 2889 4621; x_wconf 83' lang='grc' dir='ltr'>τροχίας</span> <span class='ocrx_word' id='word_1_830' title='bbox 2930 4548 3082 4621; x_wconf 76' lang='grc' dir='ltr'>ὀρθάς</span> <span class='ocrx_word' id='word_1_831' title='bbox 3104 4552 3408 4607; x_wconf 76' lang='grc' dir='ltr'>ποιήσαντες</span> <span class='ocrx_word' id='word_1_832' title='bbox 3428 4554 3539 4607; x_wconf 90' lang='grc' dir='ltr'>τοῖς</span> <span class='ocrx_word' id='word_1_833' title='bbox 3567 4549 3733 4602; x_wconf 83' lang='grc' dir='ltr'>ποσίν</span> 
     </span>
    </p>
   </div>
   <div class='ocr_carea' id='block_1_108' title="bbox 2131 4636 3734 4712">
    <p class='ocr_par' dir='ltr' id='par_1_108' title="bbox 2131 4636 3734 4712">
     <span class='ocr_line' id='line_1_108' title="bbox 2131 4636 3734 4712; baseline 0.001 -21"><span class='ocrx_word' id='word_1_834' title='bbox 2131 4642 2290 4706; x_wconf 78' lang='grc' dir='ltr'>ἡμῶν,</span> <span class='ocrx_word' id='word_1_835' title='bbox 2319 4643 2402 4693; x_wconf 86' lang='grc' dir='ltr'><strong><em>ἐπὶ</em></strong></span> <span class='ocrx_word' id='word_1_836' title='bbox 2425 4642 2480 4693; x_wconf 89' lang='grc' dir='ltr'><strong><em>τὸ</em></strong></span> <span class='ocrx_word' id='word_1_837' title='bbox 2502 4640 2740 4712; x_wconf 78' lang='grc' dir='ltr'>βραϐεῖον</span> <span class='ocrx_word' id='word_1_838' title='bbox 2767 4646 2857 4698; x_wconf 79' lang='grc' dir='ltr'>τῆς</span> <span class='ocrx_word' id='word_1_839' title='bbox 2889 4636 2990 4692; x_wconf 79' lang='grc' dir='ltr'><strong><em>ἅνω</em></strong></span> <span class='ocrx_word' id='word_1_840' title='bbox 3012 4639 3235 4699; x_wconf 75' lang='grc' dir='ltr'>κλήσεως</span> <span class='ocrx_word' id='word_1_841' title='bbox 3267 4637 3587 4707; x_wconf 82' lang='grc' dir='ltr'>σπεύδωμεν,</span> <span class='ocrx_word' id='word_1_842' title='bbox 3612 4640 3734 4693; x_wconf 81' lang='grc' dir='ltr'>ἔπι-</span> 
     </span>
    </p>
   </div>
   <div class='ocr_carea' id='block_1_109' title="bbox 2131 4726 3730 4799">
    <p class='ocr_par' dir='ltr' id='par_1_109' title="bbox 2131 4726 3730 4799">
     <span class='ocr_line' id='line_1_109' title="bbox 2131 4726 3730 4799; baseline 0.001 -19"><span class='ocrx_word' id='word_1_843' title='bbox 2131 4728 2474 4797; x_wconf 66' lang='grc' dir='ltr'>λανθανὸμενοι</span> <span class='ocrx_word' id='word_1_844' title='bbox 2497 4731 2585 4797; x_wconf 81' lang='grc' dir='ltr'>μὲν</span> <span class='ocrx_word' id='word_1_845' title='bbox 2614 4736 2712 4782; x_wconf 87' lang='grc' dir='ltr'><strong><em>τῶν</em></strong></span> <span class='ocrx_word' id='word_1_846' title='bbox 2740 4728 2903 4782; x_wconf 86' lang='grc' dir='ltr'>ὀπίσω</span> <span class='ocrx_word' id='word_1_847' title='bbox 2938 4737 3028 4788; x_wconf 79' lang='grc' dir='ltr'>τῆς</span> <span class='ocrx_word' id='word_1_848' title='bbox 3054 4728 3248 4782; x_wconf 80' lang='grc' dir='ltr'>ἑαυτῶν</span> <span class='ocrx_word' id='word_1_849' title='bbox 3278 4726 3499 4787; x_wconf 82' lang='grc' dir='ltr'>διανοίας</span> <span class='ocrx_word' id='word_1_850' title='bbox 3528 4748 3730 4799; x_wconf 80' lang='grc' dir='ltr'>πορευ-</span> 
     </span>
    </p>
   </div>
   <div class='ocr_carea' id='block_1_110' title="bbox 2132 4816 3733 4893">
    <p class='ocr_par' dir='ltr' id='par_1_110' title="bbox 2132 4816 3733 4893">
     <span class='ocr_line' id='line_1_110' title="bbox 2132 4816 3733 4893; baseline 0.002 -23"><span class='ocrx_word' id='word_1_851' title='bbox 2132 4821 2309 4872; x_wconf 79' lang='grc' dir='ltr'>θέντων</span> <span class='ocrx_word' id='word_1_852' title='bbox 2332 4820 2619 4892; x_wconf 76' lang='grc' dir='ltr'>αἱρετικῶν,</span> <span class='ocrx_word' id='word_1_853' title='bbox 2645 4825 2752 4878; x_wconf 87' lang='grc' dir='ltr'>τοῖς</span> <span class='ocrx_word' id='word_1_854' title='bbox 2780 4816 3062 4893; x_wconf 79' lang='grc' dir='ltr'>ἔμπροσθεν</span> <span class='ocrx_word' id='word_1_855' title='bbox 3083 4818 3498 4888; x_wconf 84' lang='grc' dir='ltr'>τετελειωμένοις,</span> <span class='ocrx_word' id='word_1_856' title='bbox 3517 4820 3654 4888; x_wconf 71' lang='grc' dir='ltr'>ἡμῶν</span> <span class='ocrx_word' id='word_1_857' title='bbox 3671 4820 3733 4873; x_wconf 79' lang='grc' dir='ltr'>ἐν</span> 
     </span>
    </p>
   </div>
   <div class='ocr_carea' id='block_1_111' title="bbox 2135 4909 3733 4984">
    <p class='ocr_par' dir='ltr' id='par_1_111' title="bbox 2135 4909 3733 4984">
     <span class='ocr_line' id='line_1_111' title="bbox 2135 4909 3733 4984; baseline -0.001 -20"><span class='ocrx_word' id='word_1_858' title='bbox 2135 4910 2382 4984; x_wconf 78' lang='grc' dir='ltr'>ὀρθοδὸξῳ</span> <span class='ocrx_word' id='word_1_859' title='bbox 2395 4914 2564 4963; x_wconf 87' lang='grc' dir='ltr'>πίστει</span> <span class='ocrx_word' id='word_1_860' title='bbox 2582 4912 2836 4984; x_wconf 85' lang='grc' dir='ltr'>Πατράσιν</span> <span class='ocrx_word' id='word_1_861' title='bbox 2850 4909 3260 4978; x_wconf 74' lang='grc' dir='ltr'>ἐπεκτεινόμενοι,</span> <span class='ocrx_word' id='word_1_862' title='bbox 3282 4910 3472 4969; x_wconf 82' lang='grc' dir='ltr'>οἵτινες</span> <span class='ocrx_word' id='word_1_863' title='bbox 3493 4911 3605 4981; x_wconf 79' lang='grc' dir='ltr'>ἡμῖν</span> <span class='ocrx_word' id='word_1_864' title='bbox 3620 4909 3733 4966; x_wconf 78' lang='grc' dir='ltr'>ἑλά-</span> 
     </span>
    </p>
   </div>
   <div class='ocr_carea' id='block_1_112' title="bbox 2133 4999 3733 5076">
    <p class='ocr_par' dir='ltr' id='par_1_112' title="bbox 2133 4999 3733 5076">
     <span class='ocr_line' id='line_1_112' title="bbox 2133 4999 3733 5076; baseline 0 -20"><span class='ocrx_word' id='word_1_865' title='bbox 2133 5005 2293 5061; x_wconf 77' lang='grc' dir='ltr'>λησαν</span> <span class='ocrx_word' id='word_1_866' title='bbox 2310 5005 2393 5058; x_wconf 89' lang='grc' dir='ltr'><strong><em>τὸν</em></strong></span> <span class='ocrx_word' id='word_1_867' title='bbox 2405 5002 2552 5076; x_wconf 85' lang='grc' dir='ltr'>λόγον</span> <span class='ocrx_word' id='word_1_868' title='bbox 2572 5010 2656 5058; x_wconf 86' lang='grc' dir='ltr'><strong><em>τοῦ</em></strong></span> <span class='ocrx_word' id='word_1_869' title='bbox 2672 5011 2795 5058; x_wconf 85' lang='grc' dir='ltr'>Θεοῦ</span> <span class='ocrx_word' id='word_1_870' title='bbox 2806 5019 2820 5034; x_wconf 77' lang='grc'>⁸</span> <span class='ocrx_word' id='word_1_871' title='bbox 2835 4999 2899 5057; x_wconf 81' lang='grc' dir='ltr'>ὧν</span> <span class='ocrx_word' id='word_1_872' title='bbox 2914 5005 3299 5075; x_wconf 84' lang='grc' dir='ltr'>ἀναθεωροῦντες</span> <span class='ocrx_word' id='word_1_873' title='bbox 3308 5006 3398 5061; x_wconf 73' lang='grc' dir='ltr'>τὴν</span> <span class='ocrx_word' id='word_1_874' title='bbox 3411 5000 3616 5058; x_wconf 78' lang='grc' dir='ltr'>ἔκϐασιν</span> <span class='ocrx_word' id='word_1_875' title='bbox 3629 5011 3733 5067; x_wconf 74' lang='grc' dir='ltr'>τῆς</span> 
     </span>
    </p>
   </div>
   <div class='ocr_carea' id='block_1_113' title="bbox 2134 5093 3731 5169">
    <p class='ocr_par' dir='ltr' id='par_1_113' title="bbox 2134 5093 3731 5169">
     <span class='ocr_line' id='line_1_113' title="bbox 2134 5093 3731 5169; baseline 0.003 -24"><span class='ocrx_word' id='word_1_876' title='bbox 2134 5094 2471 5168; x_wconf 71' lang='grc' dir='ltr'>ἀναστροφῆς.</span> <span class='ocrx_word' id='word_1_877' title='bbox 2500 5098 2731 5165; x_wconf 82' lang='grc' dir='ltr'>μιμεῖσθε</span> <span class='ocrx_word' id='word_1_878' title='bbox 2774 5100 2863 5153; x_wconf 76' lang='grc' dir='ltr'>τὴν</span> <span class='ocrx_word' id='word_1_879' title='bbox 2900 5098 3095 5160; x_wconf 88' lang='grc' dir='ltr'>πίστιν,</span> <span class='ocrx_word' id='word_1_880' title='bbox 3125 5093 3183 5154; x_wconf 70' lang='grc' dir='ltr'>ἧς</span> <span class='ocrx_word' id='word_1_881' title='bbox 3214 5096 3374 5168; x_wconf 81' lang='grc' dir='ltr'>χάριν</span> <span class='ocrx_word' id='word_1_882' title='bbox 3413 5096 3731 5169; x_wconf 75' lang='grc' dir='ltr'>ἀναφέρομεν</span> 
     </span>
    </p>
   </div>
   <div class='ocr_carea' id='block_1_114' title="bbox 2134 5184 3730 5259">
    <p class='ocr_par' dir='ltr' id='par_1_114' title="bbox 2134 5184 3730 5259">
     <span class='ocr_line' id='line_1_114' title="bbox 2134 5184 3730 5259; baseline 0.002 -19"><span class='ocrx_word' id='word_1_883' title='bbox 2134 5190 2307 5241; x_wconf 75' lang='grc' dir='ltr'>θυσίαν</span> <span class='ocrx_word' id='word_1_884' title='bbox 2351 5190 2583 5246; x_wconf 69' lang='grc' dir='ltr'>αἰνέσεως</span> <span class='ocrx_word' id='word_1_885' title='bbox 2627 5186 2715 5241; x_wconf 86' lang='grc' dir='ltr'><strong><em>διά</em></strong></span> <span class='ocrx_word' id='word_1_886' title='bbox 2749 5190 2936 5247; x_wconf 82' lang='grc' dir='ltr'>παντὸς</span> <span class='ocrx_word' id='word_1_887' title='bbox 2982 5184 3054 5256; x_wconf 80' lang='grc' dir='ltr'><em>τῷ</em></span> <span class='ocrx_word' id='word_1_888' title='bbox 3096 5193 3231 5257; x_wconf 80' lang='grc' dir='ltr'>Θεῷ,</span> <span class='ocrx_word' id='word_1_889' title='bbox 3262 5188 3499 5243; x_wconf 80' lang='grc' dir='ltr'>τουτέστι</span> <span class='ocrx_word' id='word_1_890' title='bbox 3526 5186 3730 5259; x_wconf 82' lang='grc' dir='ltr'>καρπὸν</span> 
     </span>
    </p>
   </div>
   <div class='ocr_carea' id='block_1_115' title="bbox 2137 5274 3728 5352">
    <p class='ocr_par' dir='ltr' id='par_1_115' title="bbox 2137 5274 3728 5352">
     <span class='ocr_line' id='line_1_115' title="bbox 2137 5274 3728 5352; baseline 0.001 -23"><span class='ocrx_word' id='word_1_891' title='bbox 2137 5277 2351 5347; x_wconf 75' lang='grc' dir='ltr'>χειλέων</span> <span class='ocrx_word' id='word_1_892' title='bbox 2382 5277 2757 5349; x_wconf 76' lang='grc' dir='ltr'>ὁμολογούντων</span> <span class='ocrx_word' id='word_1_893' title='bbox 2795 5274 2866 5347; x_wconf 72' lang='grc' dir='ltr'><em>τῷ</em></span> <span class='ocrx_word' id='word_1_894' title='bbox 2896 5278 3099 5347; x_wconf 85' lang='grc' dir='ltr'>ὸνόματι</span> <span class='ocrx_word' id='word_1_895' title='bbox 3127 5280 3304 5331; x_wconf 62' lang='grc' dir='ltr'>αὐτοῦ’</span> <span class='ocrx_word' id='word_1_896' title='bbox 3337 5278 3593 5337; x_wconf 83' lang='grc' dir='ltr'>τοιαύταις</span> <span class='ocrx_word' id='word_1_897' title='bbox 3619 5277 3728 5352; x_wconf 83' lang='grc' dir='ltr'><strong><em>γάρ</em></strong></span> 
     </span>
    </p>
   </div>
   <div class='ocr_carea' id='block_1_116' title="bbox 2135 5362 3733 5441">
    <p class='ocr_par' dir='ltr' id='par_1_116' title="bbox 2135 5362 3733 5441">
     <span class='ocr_line' id='line_1_116' title="bbox 2135 5362 3733 5441; baseline 0.001 -20"><span class='ocrx_word' id='word_1_898' title='bbox 2135 5370 2333 5426; x_wconf 85' lang='grc' dir='ltr'>θυσίαις</span> <span class='ocrx_word' id='word_1_899' title='bbox 2378 5368 2719 5441; x_wconf 76' lang='grc' dir='ltr'>εὐαρεστεῖται</span> <span class='ocrx_word' id='word_1_900' title='bbox 2763 5368 2789 5420; x_wconf 86' lang='grc' dir='ltr'>ὁ</span> <span class='ocrx_word' id='word_1_901' title='bbox 2830 5368 2973 5428; x_wconf 87' lang='grc' dir='ltr'>Θεὸς.</span> <span class='ocrx_word' id='word_1_902' title='bbox 3026 5367 3287 5423; x_wconf 84' lang='grc' dir='ltr'>Βασιλείαν</span> <span class='ocrx_word' id='word_1_903' title='bbox 3330 5362 3422 5421; x_wconf 73' lang='grc' dir='ltr'>οὖν</span> <span class='ocrx_word' id='word_1_904' title='bbox 3446 5368 3733 5422; x_wconf 81' lang='grc' dir='ltr'>ἀσάλευτον</span> 
     </span>
    </p>
   </div>
   <div class='ocr_carea' id='block_1_117' title="bbox 2137 5456 3733 5533">
    <p class='ocr_par' dir='ltr' id='par_1_117' title="bbox 2137 5456 3733 5533">
     <span class='ocr_line' id='line_1_117' title="bbox 2137 5456 3733 5533; baseline 0.001 -22"><span class='ocrx_word' id='word_1_905' title='bbox 2137 5458 2540 5533; x_wconf 82' lang='grc' dir='ltr'>παραλαϐόντες,</span> <span class='ocrx_word' id='word_1_906' title='bbox 2570 5456 2755 5529; x_wconf 72' lang='grc' dir='ltr'>ἔχομεν</span> <span class='ocrx_word' id='word_1_907' title='bbox 2780 5462 2935 5533; x_wconf 86' lang='grc' dir='ltr'>χάριν</span> <span class='ocrx_word' id='word_1_908' title='bbox 2951 5458 3014 5513; x_wconf 85' lang='grc' dir='ltr'><strong><em>δι’</em></strong></span> <span class='ocrx_word' id='word_1_909' title='bbox 3030 5458 3085 5519; x_wconf 73' lang='grc' dir='ltr'>ἧς</span> <span class='ocrx_word' id='word_1_910' title='bbox 3098 5457 3407 5533; x_wconf 81' lang='grc' dir='ltr'>λατρεύομεν</span> <span class='ocrx_word' id='word_1_911' title='bbox 3434 5459 3733 5531; x_wconf 71' lang='grc' dir='ltr'>εὐαρέστως</span> 
     </span>
    </p>
   </div>
   <div class='ocr_carea' id='block_1_118' title="bbox 2138 5547 3735 5623">
    <p class='ocr_par' dir='ltr' id='par_1_118' title="bbox 2138 5547 3735 5623">
     <span class='ocr_line' id='line_1_118' title="bbox 2138 5547 3735 5623; baseline 0 -19"><span class='ocrx_word' id='word_1_912' title='bbox 2138 5558 2211 5620; x_wconf 87' lang='grc' dir='ltr'>τῷ</span> <span class='ocrx_word' id='word_1_913' title='bbox 2232 5558 2340 5623; x_wconf 81' lang='grc' dir='ltr'>Θεῷ</span> <span class='ocrx_word' id='word_1_914' title='bbox 2367 5550 2743 5620; x_wconf 82' lang='grc' dir='ltr'>μετέὑλαϐείας</span> <span class='ocrx_word' id='word_1_915' title='bbox 2786 5554 2869 5602; x_wconf 86' lang='grc' dir='ltr'>καὶ</span> <span class='ocrx_word' id='word_1_916' title='bbox 2894 5547 3084 5608; x_wconf 77' lang='grc' dir='ltr'>αἰδοῦς.</span> <span class='ocrx_word' id='word_1_917' title='bbox 3134 5553 3224 5602; x_wconf 77' lang='grc' dir='ltr'>Καί</span> <span class='ocrx_word' id='word_1_918' title='bbox 3250 5551 3349 5622; x_wconf 84' lang='grc' dir='ltr'>γὰρ</span> <span class='ocrx_word' id='word_1_919' title='bbox 3380 5548 3405 5603; x_wconf 93' lang='grc' dir='ltr'><strong><em>ὸ</em></strong></span> <span class='ocrx_word' id='word_1_920' title='bbox 3434 5548 3555 5609; x_wconf 83' lang='grc' dir='ltr'>Θεὸς</span> <span class='ocrx_word' id='word_1_921' title='bbox 3584 5550 3735 5618; x_wconf 74' lang='grc' dir='ltr'>ἡμῶν</span> 
     </span>
    </p>
   </div>
   <div class='ocr_carea' id='block_1_119' title="bbox 2141 5636 3737 5718">
    <p class='ocr_par' dir='ltr' id='par_1_119' title="bbox 2141 5636 3737 5718">
     <span class='ocr_line' id='line_1_119' title="bbox 2141 5636 3737 5718; baseline -0.004 -19"><span class='ocrx_word' id='word_1_922' title='bbox 2141 5648 2248 5718; x_wconf 82' lang='grc' dir='ltr'><strong><em>πῦρ</em></strong></span> <span class='ocrx_word' id='word_1_923' title='bbox 2290 5643 2653 5701; x_wconf 81' lang='grc' dir='ltr'>καταναλίσκον</span> <span class='ocrx_word' id='word_1_924' title='bbox 2695 5642 2816 5701; x_wconf 78' lang='grc' dir='ltr'>τοὺς</span> <span class='ocrx_word' id='word_1_925' title='bbox 2854 5641 3205 5709; x_wconf 80' lang='grc' dir='ltr'>ὑπεναντίους,</span> <span class='ocrx_word' id='word_1_926' title='bbox 3254 5637 3307 5695; x_wconf 82' lang='grc' dir='ltr'>ὃν</span> <span class='ocrx_word' id='word_1_927' title='bbox 3346 5640 3415 5702; x_wconf 82' lang='grc' dir='ltr'>ὡς</span> <span class='ocrx_word' id='word_1_928' title='bbox 3455 5645 3559 5716; x_wconf 64' lang='grc' dir='ltr'><strong><em>φῶς</em></strong></span> <span class='ocrx_word' id='word_1_929' title='bbox 3601 5636 3737 5699; x_wconf 65' lang='grc' dir='ltr'>ὄντα</span> 
     </span>
    </p>
   </div>
   <div class='ocr_carea' id='block_1_120' title="bbox 2195 5750 2230 5782">
    <p class='ocr_par' dir='ltr' id='par_1_120' title="bbox 2195 5750 2230 5782">
     <span class='ocr_line' id='line_1_120' title="bbox 2195 5750 2230 5782; baseline 0 0"><span class='ocrx_word' id='word_1_930' title='bbox 2195 5750 2230 5782; x_wconf 61' lang='grc'><strong><em>9⁸</em></strong></span> 
     </span>
    </p>
   </div>
  </div>
