4002 6350
208 376 329 441 133
1433 369 1813 431 EPISTULA}.

1919 405 1923 413 ι
1953 370 2167 427 EPIST.
2214 369 2273 426 ν.
3376 373 3476 431 ιεῑι

204 503 354 560 κατᾶ
382 494 525 572 φῦσιν
547 492 823 569 ἀπρόσιτον
840 530 857 558 ,
885 492 970 545 καί
1005 487 1327 561 ἀπαύγασμα
1354 498 1444 551 τῆς
1477 488 1626 554 δόξης
1663 492 1745 544 καί
1775 499 1800 527 .ι

1919 496 2047 555 sunt,
2081 486 2433 556 nosmetipsos
2457 484 2835 554 extendentes;
2864 486 2954 557 qui
2985 486 3137 541 nobis
3168 485 3328 541 locuti
3352 500 3471 542 sunt

1916 578 2137 632 verbum
2184 576 2299 642 Dei,
2346 591 2569 646 quorum
2602 578 2865 635 intuentes
2892 581 3091 636 exitum
3121 582 3482 635 conch’SaIio-

1914 669 2017 732 nis,
2051 668 2329 722 imitamini
2361 668 2552 735 (idem;
2596 671 2743 739 cujus
2768 687 2925 727 causa
2952 672 3225 728 ollerimus
3252 672 3477 728 hostiam

1914 757 2086 812 laudis
2112 772 2325 825 semper
2371 757 2500 826 Deo,
2547 758 2595 811 id
2624 769 2725 826 est,
2768 758 2991 814 fructum
3020 761 3279 816 lahiorum
3310 765 3481 816 conli-

1914 847 2135 901 tentium
2169 847 2370 901 nomini
2399 848 2534 915 ejus.
2564 847 2775 903 Talibus
2801 852 2936 904 enim
2974 852 3152 905 hostiis
3175 864 3486 921 promeretur

1918 938 2051 993 Deus
2075 938 2260 1010 (Hebr.
2290 956 2406 1006 xm,
2434 941 2543 1010 15).
2572 941 2751 1011 Itaque
2782 960 3002 1011 regnum
3028 945 3301 1000 immobile
3320 946 3486 999 susci-

1912 1030 2136 1100 pientes,
2172 1030 2422 1086 habemus
2447 1034 2692 1101 gratiam,
2739 1049 2833 1103 per
2863 1036 3019 1104 quam
3049 1035 3344 1091 serviamus
3374 1036 3489 1103 pla.

1912 1131 2094 1177 centes
2142 1121 2250 1174 Deo
2294 1137 2413 1176 cum
2456 1135 2597 1177 metu
2649 1133 2701 1178 et
2730 1128 3055 1192 reverentia;
3098 1127 3293 1182 etenim
3344 1126 3487 1181 Deus

1916 1222 2097 1266 noster
2140 1212 2275 1281 ignis
2316 1222 2399 1266 est
2438 1228 2761 1269 consumens
2807 1215 3163 1281 adversarios,
3219 1231 3375 1283 quem
3428 1224 3487 1270 ut

1915 1301 2086 1356 lucem
2116 1301 2563 1368 inaccessibilem,
2594 1315 2647 1359 et
2671 1305 3009 1372 splendorem
3046 1307 3248 1377 gloriae,
3282 1316 3335 1361 et
3362 1307 3485 1361 cha-

1917 1406 2172 1448 racterem
2206 1404 2438 1463 paterna:
2467 1398 2773 1453 substantia:
2812 1398 3003 1465 (Hebr.
3036 1398 3151 1468 xu),
3184 1398 3328 1470 digni
3368 1399 3486 1453 eiii-

207 1487 440 1543 ciamini
472 1487 729 1556 posterius
752 1486 1029 1540 nontscu'm
1057 1483 1269 1549 videre,
1317 1482 1367 1537 id
1397 1493 1500 1549 est,
1538 1498 1655 1537 cum
1683 1483 1878 1537 sanctis
1918 1485 2055 1550 quia
2083 1487 2278 1540 saeculo
2308 1485 2537 1552 fuerunt,
2590 1502 2682 1556 per
2716 1488 2977 1543 sinceram
3014 1490 3065 1541 in
3106 1490 3279 1557 ipsum
3320 1497 3376 1542 et
3400 1503 3487 1543 ω·-

210 1577 520 1631 tbodoxam
549 1576 725 1637 ﬁdem,
766 1584 911 1630 sorte
952 1574 1243 1629 secundum
1274 1576 1587 1641 promissum
1618 1575 1765 1629 vobis
1804 1575 2207 1632 distribuentem
2239 1592 2359 1647 qua:
2402 1578 2584 1632 oculus
2627 1595 2730 1633 non
2764 1581 2910 1643 vitlt,
2969 1595 3065 1634 nec
3094 1583 3236 1635 auris
3261 1582 3491 1645 audivit,

210 1682 319 1721 nec
372 1668 427 1721 in
474 1681 570 1721 cor
609 1665 836 1721 hominis
881 1664 1141 1729 ascendit,
1172 1680 1291 1733 quae
1330 1666 1646 1733 prmparavit
1697 1666 1833 1719 Deus
1858 1665 2204 1736 diligentibus
2229 1681 2322 1731 se;
2351 1668 2435 1720 cui
2458 1682 2578 1722 cum
2602 1668 2757 1723 Patre
2782 1679 2834 1723 et
2861 1669 3059 1738 Spiritu
3086 1679 3270 1725 sancto
3296 1670 3485 1739 gloria,

211 1763 418 1829 honor,
455 1774 711 1832 potestas,
743 1759 983 1814 adoratio
1013 1772 1151 1814 nunc
1188 1766 1244 1812 et
1272 1772 1485 1827 semper
1512 1766 1565 1813 et
1596 1758 1646 1812 in
1679 1757 1872 1813 saecula
1904 1758 2240 1813 saeculorum.
2273 1761 2467 1813 Amen.

205 595 500 667 χαρακτήρ
522 596 611 648 τῆς
635 593 889 661 πατρικῆς
932 584 1270 643 ὑποστάσεως
1288 624 1302 646 ,
1333 583 1615 646 ἀξιωθείητε
1645 588 1729 634 νῦν
1754 602 1807 636 τε

203 687 291 738 καὶ
316 684 545 753 ὕστερον
567 680 660 733 σὺν
693 679 811 746 ἡμῖν
836 672 1076 741 κατιδεῖν,
1099 676 1288 728 ταυτὸν
1310 671 1363 728 δὲ
1391 674 1569 744 λέγειν,
1596 680 1701 732 τοῖς
1722 669 1811 727 ἀπ’

203 777 407 835 αἰῶνος
435 775 593 846 ἀγίοις
617 770 702 826 διὰ
725 778 817 832 τῆς
837 770 909 829 εἰς
935 768 1083 823 αὐτόν
1110 768 1515 840 εἱλικρινοῦς,καί
1545 766 1808 841 όρθοδόξου

203 867 450 925 πίστεως
471 860 896 937 κληροδοτοῦντας
914 859 1338 931 κατ’έπαγγελίαν
1358 858 1494 927 ὑμῖν,
1520 857 1553 912 ἀ
1570 858 1810 929 ὀφθαλμός

202 956 293 1009 οὐκ
328 950 463 1020 εἶδε,
497 956 579 1008 καί
605 946 693 1014 οῦς
714 953 805 1005 οὐκ
834 951 1043 1014 ἤκουσε,
1074 952 1160 1003 καί
1189 949 1273 1002 ἐπὶ
1294 946 1504 1025 καρδίαν
1544 949 1807 1022 ἀνθρώπου

204 1046 299 1098 οὐκ
358 1044 549 1106 ἀνέϐη,
599 1042 631 1097 ἀ
659 1045 930 1113 ἡτοίμασεν
974 1040 1150 1103 όΘεὸς
1193 1050 1299 1103 τοῖς
1340 1044 1609 1114 ἀγαπῶσιν
1639 1043 1810 1109 αὐτόν,

205 1134 327 1205 μεθ’
347 1130 413 1188 οὗ
442 1142 520 1206 τῷ
543 1134 698 1207 πατρί
747 1134 843 1187 σὺν
869 1128 942 1201 τῷ
1144 1134 1397 1201 πνεύματι
1417 1172 1433 1196 ,
1464 1130 1617 1196 δόξα,
1658 1136 1810 1204 τιμή,

205 1230 448 1301 κράτος,
492 1226 841 1300 προσκύνησις
858 1266 875 1291 ,
925 1231 1011 1279 νῦν
1039 1226 1123 1278 καὶ
1146 1226 1227 1279 ἀεί
1252 1227 1341 1279 καὶ
1369 1225 1440 1285 ιίς
1467 1226 1589 1285 τοὺς
1628 1226 1813 1284 αἰῶνας

205 1323 317 1371 τῶν
354 1318 574 1371 αἰώνων.
598 1314 766 1385 ’Δμήν.

215 1920 978 1945 ——-u-———

1290 2056 2175 2189 EPISTOLA
2262 2064 2424 2229 V,

1022 2268 1130 2329 AD
1164 2266 1536 2328 JOANNEM
1574 2263 2002 2327 EPISCOPUM
2038 2263 2685 2329 PHILADELPHIE.

221 2416 579 2486 Constituit
622 2431 754 2474 eum
795 2378 1167 2491 inOricrtte
1218 2410 1712 2491 vicariumcum
1761 2412 2071 2491 potestate
2119 2406 2547 2491 constituendi
2595 2409 2937 2491 episcopos,
2975 2419 3028 2491 et
3078 2412 3492 2491 presbyteros.

304 2501 658 2577 lapsasque
675 2490 971 2577 adﬁdem
996 2489 1318 2577 redeuntes
1351 2487 1418 2577 in
1444 2487 1723 2577 Prislino
1756 2482 2090 2577 dignitatis
2120 2482 2755 2577 gradacollocoidi;
2792 2482 3097 2568 improbat
3130 2482 3492 2554 Macedonii

307 2562 572 2636 et'Petr'i
606 2562 963 2633 electionem
990 2567 1064 2629 ab
1095 2568 1402 2629 haereticis
1429 2562 1659 2643 factam
1683 2582 1701 2631 ;
1726 2563 1920 2624 mittit
1949 2570 2086 2622 acta
2115 2562 2374 2624 concilii
2394 2564 2807 2643 publicanda.

535 2754 809 2844 ἒπισκόιτξ
842 2771 1181 2841 Φιλαδελφείας
1223 2778 1472 2844 Μαρτῑνος
1501 2767 1681 2827 δοῦλος
1709 2773 1808 2822 τῶν

1979 2764 2166 2821 Joanni
2198 2764 2449 2835 episcopo
2478 2764 2854 2835 Philadelphia:
2872 2768 3123 2825 Martinus
3152 2786 3339 2826 servus
3369 2790 3488 2829 ser-

230 2867 425 2925 δούλων
460 2871 546 2921 τοῦ
576 2870 705 2918 Θεοῦ
735 2869 827 2921 τῆς
856 2868 955 2915 τῶν
983 2861 1233 2930 Ῥωμαίων
1261 2858 1408 2929 ἁγίας
1444 2860 1597 2914 αὐτοῦ
1628 2856 1815 2910 καθολι-

1919 2873 2103 2911 vorutn
2134 2858 2248 2922 Dei,
2282 2866 2479 2910 sancta:
2508 2855 2625 2925 ejus
2650 2857 2932 2913 catholica
2960 2867 3016 2914 et
3044 2863 3350 2929 apostolicae
3376 2862 3483 2918 [lo-

229 2969 319 3021 ιῆς
340 2954 792 3014 καίπάποστολικῆς
819 2951 1113 3009 Ἐκκλησίας
1142 2950 1434 3007 ἓπίσκοπος.

1919 2966 2192 3005 manorum
2223 2949 2474 3004 Ecclesiae
2502 2949 2801 3017 episcopus.

300 3046 484 3105 Πιστὸς
505 3042 693 3114 όλόγος
715 3042 799 3094 καί
823 3041 998 3098 πάσης
1023 3036 1293 3107 ἀποδοχῆς
1315 3033 1545 3101 ἄξιος,ὃν
1572 3037 1692 3109 περὶ
1717 3038 1811 3089 σοῦ

1993 3043 2190 3099 Fidelis
2236 3057 2438 3106 sermo.
2467 3050 2523 3097 et
2551 3042 2691 3097 omni
2738 3045 3043 3114 acceptione
3091 3045 3300 3115 dignus,
3331 3063 3489 3118 quem

226 3137 594 3207 κατηχήθημεν
617 3172 635 3199 ,
680 3130 913 3203 ἀγαπητέ
956 3126 1155 3199 ἀδελφέ,
1191 3125 1253 3181 έκ
1278 3147 1333 3181 τε
1367 3133 1465 3180 τῶν
1505 3126 1634 3201 πρός
1682 3126 1815 3194 ἡμᾶς

1919 3135 1983 3191 de
2013 3145 2066 3191 te
2092 3135 2416 3202 accepimus,
2447 3134 2638 3190 dilecte
2664 3134 2850 3203 frater,
2882 3145 2936 3191 et
2965 3152 3029 3192 ex
3064 3137 3128 3193 iis
3156 3155 3273 3203 quae
3300 3143 3363 3195 ad
3396 3156 3494 3197 nos

228 3228 372 3299 παρά
398 3220 499 3279 σοῦ
524 3223 835 3297 γραφέντων,
864 3220 951 3272 καί
987 3218 1038 3270 ἐκ
1062 3223 1161 3271 τῶν
1188 3214 1282 3274 ἤδη
1318 3223 1501 3291 πεῖραν
1536 3215 1810 3282 λαϐόντων,

1919 3240 1941 3279 ο
1976 3234 2026 3279 te
2063 3228 2256 3294 scripta
2303 3232 2451 3289 sunt,
2480 3232 2531 3279 et
2563 3224 2630 3280 ab
2677 3224 2744 3279 iis
2772 3225 2865 3294 qui
2912 3227 3331 3296 experimentum
3377 3230 3487 3299 jam

1916 3330 2191 3390 creperum
2216 3317 2507 3387 spiritualis
2539 3327 2643 3371 tua:
2688 3318 2979 3373 secundum
3010 3320 3172 3374 Deum
3202 3335 3491 3378 conversa~

1916 3412 2097 3474 tionis,
2136 3409 2409 3478 Stephano
2455 3423 2647 3477 nempe
2678 3408 2875 3463 dilecto
2916 3410 3233 3479 coepiscopo
3281 3422 3485 3480 nostro,

1919 3510 1972 3555 et
2000 3502 2281 3557 comitibus
2309 3499 2448 3568 ejus,
2482 3500 2756 3552 monachis
2802 3498 3089 3553 mansionis
3117 3502 3284 3555 sancti
3312 3501 3485 3557 Theo-

1916 3589 2071 3644 dosil.
2107 3589 2297 3642 Notum
2339 3588 2478 3641 enim
2511 3586 2750 3640 fecerunt
2798 3588 2948 3641 nobis
2979 3588 3208 3642 studium
3243 3601 3293 3645 te
3321 3589 3389 3645 de
3420 3591 3486 3646 iis

1918 3680 2137 3741 habere,
2169 3677 2223 3731 in
2249 3677 2441 3745 quibus
2468 3676 2772 3743 episcopum
2805 3690 2923 3731 esse
2952 3685 3197 3744 oportere
3224 3682 3485 3748 apostoli-

1916 3784 2010 3822 cus
2032 3781 2208 3821 sermo
2230 3766 2539 3821 determinat
2566 3782 2579 3817 :
2605 3764 2858 3843 Sobrium,
2884 3768 3205 3835 prudentem,
3223 3779 3486 3840 ornatum,

1917 3858 2234 3923 hospitalem,
2267 3856 2545 3920 doctorem,
2574 3855 2873 3921 modestum,
2903 3873 3001 3910 non
3038 3858 3340 3928 litigiosum,
3382 3877 3485 3916 non

1916 3948 2177 4015 cupidum,
2218 3963 2325 4000 sum
2351 3945 2589 4001 Ecclesiw
2615 3947 2736 4000 bene
2773 3949 3098 4016 prepositum
3137 3948 3187 4017 (I
3218 3949 3347 4003 Tim.
3378 3952 3487 4021 ιιι).

1920 4037 2043 4091 llazc
2069 4038 2223 4105 igitur
2251 4036 2545 4103 audientes,
2574 4037 2791 4106 gratiam
2818 4038 3068 4091 habemus
3093 4038 3221 4105 Deo,
3251 4042 3331 4094 cui
3360 4055 3487 4096 ser-

244 4133 397 4199 ήμῶν,
438 4138 511 4200 τῷ
541 4127 896 4197 δονδαμὼσαντι
922 4128 1086 4197 ὑμᾶς,
1124 4128 1215 4179 σὺν
1246 4130 1378 4180 πᾶσι
1405 4131 1515 4183 τοῖς
1554 4123 1812 4194 ἀγαπῶσιν

1921 4128 2090 4181 vimus
2136 4128 2465 4196 ajuventute
2514 4138 2717 4193 nostra,
2745 4129 2833 4196 qui
2875 4128 3192 4183 conlortavit
3220 4145 3312 4184 vos
3360 4146 3481 4186 cum

245 4222 387 4273 αὐτέν
406 4258 421 4283 ,
454 4224 525 4278 εἰς
552 4219 613 4273 τὸ
640 4217 816 4292 μέτρον
838 4223 928 4275 τῆς
957 4214 1197 4274 τοιαύτης
1227 4221 1539 4271 καταντῆσαι
1565 4212 1814 4284 θεοφιλοῦς

1919 4219 2160 4271 omnibus
2184 4218 2271 4286 qui
2303 4232 2419 4271 eum
2450 4216 2693 4287 diligunt,
2724 4226 2776 4270 ut
2801 4217 2866 4270 ad
2900 4232 3198 4272 mensuram
3223 4234 3484 4288 pervene-

1918 4307 2345 4378 ritislmjusmodi
2372 4308 2478 4362 Deo
2501 4309 2739 4361 amabilis
2755 4309 2965 4362 virtutis
2987 4326 3004 4377 ;
3028 4312 3273 4378 quoniam
3312 4312 3375 4366 iis
3404 4313 3493 4381 qui

1919 4398 2208 4454 secundum
2232 4398 2556 4467 prepositum
2584 4398 2751 4451 vocati
2782 4410 2925 4465 sunt,
2948 4399 3121 4452 omnia
3149 4411 3491 4469 cooperatur,

228 3326 325 3377 τῆς
350 3324 599 3386 πατρικῆς
630 3333 727 3368 σου
754 3312 885 3366 κατά
909 3311 1033 3364 Θεὸν
1057 3311 1277 3381 ἀγωγῆς*
1305 3310 1544 3363 τουτέστι
1572 3309 1811 3377 Στεφάνου

231 3414 324 3463 τοῦ
346 3407 611 3478 ἀγαπητοῦ
636 3401 1013 3457 συνεπισκόπου
1031 3401 1187 3470 ἡμῶν,
1211 3400 1290 3452 καί
1310 3395 1631 3468 συνεκδήμων
1651 3398 1814 3451 αὐτῶν

232 3499 530 3571 γενομένων,
559 3497 615 3547 ἐκ
642 3500 741 3547 τῶν
767 3491 939 3547 αὐτόθι
968 3498 1231 3560 μοναχῶν,
1259 3497 1350 3549 τῆς
1374 3495 1467 3543 τοῦ
1504 3487 1648 3559 ἁγίου
1688 3496 1813 3542 Θεοο

237 3585 409 3641 δοσίου
456 3591 632 3657 μονῆς.
676 3581 976 3653 Ἐγνὼρισαν
1011 3581 1109 3651 γὰρ
1138 3581 1259 3648 ἡμῖν
1285 3580 1336 3631 έν
1364 3580 1561 3638 ἐκείνοις
1586 3576 1729 3646 ἔχειν
1754 3596 1812 3632 σε

238 3683 327 3734 τήν
356 3673 613 3738 σπουδήν,
642 3675 692 3726 έν
731 3669 803 3733 οἷς
828 3671 913 3726 τὸν
938 3673 1216 3725 ἐπίσκοπον
1254 3670 1509 3743 ὑπάρχειν
1536 3668 1561 3723 ό
1588 3670 1815 3722 ἀποστο-

239 3766 372 3825 λικός
412 3765 634 3837 ὁρίζεται
658 3762 803 3833 λόγος
827 3804 842 3829 ,
874 3761 1119 3834 νηφάλιον,
1148 3763 1399 3831 σώφρονα,
1429 3758 1657 3827 κόσμιον,
1686 3756 1817 3829 φιλό-

242 3857 390 3921 ξενον,
415 3852 719 3917 διδακτικόν,
735 3856 917 3924 πρᾷον,
944 3848 1170 3920 ἄμαχον,
1196 3850 1548 3924 ἀφιλάργυρον,
1573 3857 1663 3907 τῆς
1687 3846 1816 3908 ἰδίας

242 3944 523 4003 Ἐιαλησίας
553 3943 716 4002 καλῶς
739 3943 1129 4017 προϊστάμενον.
1159 3948 1336 3994 Ταῦτα
1363 3944 1523 3993 τοίνυν
1563 3940 1817 3994 ἀκούσαν-

243 4059 357 4103 τες,
390 4042 549 4114 χάριν
588 4035 778 4107 ἔχομεν
816 4043 887 4105 τῷ
932 4042 1041 4105 Θεῷ
1062 4073 1077 4097 ,
1174 4033 1479 4106 λατρεύομεν
1506 4032 1557 4083 ἐκ
1585 4031 1815 4090 νεότητος

247 4309 446 4386 ἀρετῆς·
476 4307 653 4367 ὶπειόῆ
700 4315 804 4366 τοῖς
830 4308 958 4360 κατά
989 4305 1228 4377 πρόθεσιν
1256 4305 1450 4363 κλητοῖς·
1475 4299 1613 4366 οὖσι,
1646 4304 1815 4358 πάντα

247 4409 479 4476 συνεργεῖ
505 4402 578 4460 είς
609 4400 822 4471 ἀγαθὸν,
850 4394 903 4457 ὃς
930 4399 1049 4467 ἡμῖν
1078 4399 1161 4449 καί
1184 4397 1350 4450 πάντα
1376 4403 1467 4453 τῆς
1505 4397 1636 4454 θείας
1658 4389 1812 4448 αὐτοῦ

249 4488 522 4561 δυνάμεως,
554 4490 620 4543 τὰ
648 4489 778 4561 πρὸς
815 4491 945 4551 ζωὴν
979 4488 1064 4540 καί
1107 4485 1359 4540 εὐσέϐειαν
1404 4483 1710 4560 δεδώρηται,
1734 4482 1814 4539 διὰ

249 4591 334 4642 τῆς
372 4582 698 4651 έπιγνὼσεως
744 4584 836 4632 τοῦ
881 4577 1182 4636 καλέσαντος
1228 4577 1392 4646 ἡμᾶς,
1424 4574 1526 4648 ἰδίᾳ
1568 4574 1684 4647 δόξῃ
1733 4577 1819 4628 καί

251 4674 419 4746 ἀρετῇ,
454 4670 519 4725 δι’
541 4667 609 4723 ὧν
647 4672 715 4725 τά
741 4673 887 4738 τίμια
928 4671 1011 4722 καί
1048 4668 1239 4738 μεγάλα
1267 4668 1618 4738 ἐπαγγέλματα
1665 4664 1816 4720 δεδώ-

250 4781 414 4835 ρηται,
444 4763 529 4814 ἵνα
560 4760 643 4817 διὰ
670 4760 860 4813 τούτων
883 4760 1137 4827 γενώμεθα
1177 4758 1309 4815 οιίας
1338 4766 1553 4809 κοινωνοί
1599 4758 1814 4826 φύσεως,

250 4848 596 4921 ἀποφυγόντες
624 4852 713 4905 τῆν
750 4848 799 4899 έν
822 4848 994 4916 κόσμῳ
1023 4847 1281 4913 ἐπιθυμίαν
1312 4846 1511 4916 φθοράν.
1545 4845 1691 4899 Οῦτω
1718 4866 1821 4899 τοι·

249 4918 431 5013 γαροῦν
470 4938 851 5013 προϐαίνουσαν
888 4938 938 4989 ἐν
966 4939 1146 5008 Κυρίῳ,
1171 4937 1257 4991 καί
1303 4937 1396 4994 τάς
1436 4934 1714 4995 ἀναϐάσεις
1746 4937 1819 4996 ι’ς

253 5032 394 5084 εὐτόν
438 5030 739 5097 ποιουμένην
764 5070 779 5094 ,
809 5029 910 5081 ἀπό
940 5026 1082 5090 δόξης
1109 5028 1236 5098 πρὸς
1265 5024 1409 5089 δόξαν
1428 5067 1442 5091 ,
1472 5027 1822 5101 προτρέπομεν

252 5126 333 5177 τόν
350 5125 445 5179 σήν
459 5122 685 5191 ἀγάπην,
699 5118 1035 5172 εῦλαϐἑστατε
1063 5114 1259 5187 ἀδελφέ,
1277 5116 1358 5170 τόν
1382 5117 1623 5189 ἡμέτερον
1650 5117 1821 5170 αὐτόθι

253 5212 393 5266 τόπον
414 5212 709 5284 πληρῶσαι,
730 5210 994 5264 τουτέστιν
1016 5208 1065 5260 ἐν
1098 5215 1209 5267 τοῖς
1238 5208 1414 5279 μέρεσι
1441 5216 1533 5266 τῆς
1554 5207 1817 5272 ἀνατολῆς.

256 5306 300 5356 ἐν
324 5311 457 5360 πᾶσι
490 5312 597 5362 τοῖς
643 5302 1070 5361 έκκλησιαστικοῖς
1114 5300 1425 5369 κεφαλαίοις*
1456 5300 1541 5354 ἵνα
1576 5300 1624 5352 ἐν
1656 5302 1822 5371 τούτῳ

258 5395 471 5461 μάλιστα
508 5391 724 5452 δεόντως
752 5393 1157 5463 ἀναζωπυρήσῃς
1184 5391 1242 5443 τό
1274 5392 1513 5463 χάρισμα
1539 5396 1630 5443 τοῦ
1669 5396 1820 5455 Θεοῦ,

1924 4492 2014 4560 qui
2046 4490 2197 4543 nobis
2245 4489 2406 4543 etiam
2452 4489 2629 4542 omnia
2658 4488 2849 4543 divinae
2878 4489 2993 4559 ejus
3018 4492 3244 4558 virtutis,
3276 4508 3395 4559 qua:
3420 4494 3486 4547 ad

1922 4583 2085 4636 vitam
2131 4590 2184 4635 et
2210 4580 2458 4648 pietatem
2491 4581 2772 4648 pertinent,
2819 4580 3033 4633 donavit
3077 4596 3172 4649 per
3221 4584 3484 4650 cognitio-

1923 4687 2044 4727 nem
2074 4670 2189 4740 ejus
2217 4670 2305 4739 qui
2335 4669 2538 4724 vocavit
2588 4683 2683 4722 nos
2712 4670 2921 4736 propria
2964 4669 3131 4737 gloria
3159 4679 3213 4723 et
3252 4673 3484 4741 virtute;

1923 4779 2018 4832 per
2061 4777 2176 4832 quae
2209 4762 2451 4830 pretiosae
2500 4774 2805 4828 magnaeque
2856 4760 3234 4827 promissiones
3276 4762 3487 4819 donatae

1922 4864 2064 4917 sunt,
2096 4862 2151 4907 ιιι
2189 4868 2281 4920 per
2330 4854 2443 4904 haec
2487 4852 2653 4903 simus
2701 4850 2899 4905 divina:
2948 4862 3221 4908 consortes
3266 4864 3486 4922 natura,

1921 4945 2179 5015 fugientes
2208 4942 2323 5010 ejus
2344 4956 2461 5009 quae
2490 4941 2540 4994 in
2572 4940 2766 4995 mundo
2794 4950 2874 4995 est
2901 4942 3339 5009 concupiscentia:
3361 4960 3486 5000 cor-

1925 5036 2241 5102 ruptionem.
2294 5031 2382 5088 Sic
2428 5032 2586 5101 igitur
2634 5032 3003 5100 procedentem
3053 5033 3105 5087 in
3154 5032 3399 5102 Domino,
3430 5045 3486 5090 et

1927 5123 2261 5177 escensiones
2292 5120 2354 5172 ad
2384 5134 2502 5173 eum
2554 5118 2835 5173 facientem
2862 5118 2929 5172 de
2956 5117 3123 5186 gloria
3154 5116 3205 5171 in
3231 5120 3481 5188 gloriam,

1927 5213 2232 5267 cltaritatem
2265 5219 2402 5263 tuam
2444 5209 2810 5273 exhortamur,
2856 5207 3253 5277 religiosissime
3297 5208 3485 5275 frater,

1926 5311 2158 5358 nostram
2203 5302 2318 5355 istic
2345 5300 2510 5354 vicem
2554 5299 2795 5367 implere,
2820 5296 2871 5352 id
2896 5306 2997 5362 est,
3027 5297 3081 5350 in
3107 5296 3337 5350 Orient's
3367 5311 3489 5364 par-

1929 5395 2086 5459 tibus,
2136 5395 2187 5447 in
2229 5393 2471 5447 omnibus
2516 5389 2887 5447 ecclesiasticis
2931 5387 3282 5443 (unctionibus
3326 5395 3489 5456 atque

262 5480 434 5537 ὄέστιν
464 5484 513 5535 ἐν
542 5486 624 5537 σοί
646 5481 731 5536 διὰ
750 5492 843 5541 τῆς
874 5483 1137 5542 ἐπιθέσεως
1164 5490 1253 5540 τῆς
1282 5482 1537 5553 ἱερατικῆς
1563 5483 1815 5543 ἀξίας,ωᾶ

1928 5485 2136 5549 ofﬁciis,
2174 5493 2231 5537 ut
2278 5484 2329 5536 in
2378 5484 2479 5536 hoc
2524 5484 2774 5545 maxime,
2820 5481 2953 5534 sicut
3000 5488 3229 5545 oportet,
3259 5476 3490 5533 suscites

260 5580 341 5629 τῆς
364 5573 610 5645 ἡμετέρας
638 5571 977 5630 ἀποστολικῆς
1001 5573 1392 5646 τοποτηρησίας.
1415 5573 1486 5623 Οὐ
1515 5572 1610 5645 γάρ
1640 5568 1825 5623 ἔδωκεν

264 5661 368 5729 ὁ,αό
393 5661 419 5716 ό
446 5664 563 5724 Θεὸς
580 5669 785 5732 πνεῦμα
805 5660 1012 5728 δειλίας,
1040 5663 1160 5718 ἀλλά
1183 5662 1457 5735 δυνάμεως,
1484 5666 1568 5719 καί
1602 5664 1825 5733 ἀγάπης,

324 5822 357 5851 ί
394 5815 491 5873 Pro
516 5824 851 5886 χαρακτῆοα.
886 5815 1049 5871 ΕΔΜ).

1930 5575 2149 5644 gratiam
2183 5573 2298 5633 Dei,
2326 5586 2439 5638 qua:
2473 5571 2523 5624 in
2555 5580 2606 5624 te
2632 5578 2714 5624 est
2737 5584 2831 5639 per
2881 5568 3267 5633 impositiouem
3305 5580 3487 5622 sacer-

1929 5664 2116 5720 dotalis
2161 5661 2447 5732 dignitatis,
2491 5671 2540 5717 et
2590 5670 2784 5715 nostra:
2829 5657 3133 5727 apostolica:
3165 5656 3314 5712 vicis.
3356 5653 3486 5712 Non

2031 5867 2097 5896 σε
