3950 6344
463 305 566 362 1δό

1748 297 1806 350 ε.
1850 293 2123 349 ΜΑΒΤΙΝΙ
2169 289 2367 346 ΡᾹΡΑΞ
2403 289 2418 341 f

3619 286 3728 343 156

460 421 590 474 enim
618 417 753 470 dedit
786 413 924 466 nobis
955 410 1088 464 Deis
1119 408 1351 478 spiritum
1382 409 1594 469 timoris,
1646 408 1730 459 sed
1761 406 2028 474 fortitudi-

2156 405 2216 455 ταὶ
2243 407 2592 475 σωφρονισμοῦ
2616 400 2745 473 πρὸς
2777 399 2833 452 τό
2862 403 3036 454 πᾶσαν
3063 399 3151 470 μέν
3179 397 3371 473 αἰρεσιν
3401 398 3725 471 έξαφανζειν,

464 514 561 572 nis,
592 518 636 562 et
659 507 963 569 dilectionis,
990 515 1034 557 et
1062 503 1346 572 prudentia:
1376 499 1458 571 (11
1492 499 1624 552 Tim.
1661 499 1725 566 ι),
1755 499 1816 551 ad
1852 501 2040 552 tollen-

463 606 585 656 dam
638 616 848 653 omnem
899 598 1166 661 bzcresim,
1212 610 1327 663 qua:
1359 594 1519 647 verbo
1553 593 1673 644 fidei
1707 592 2038 655 adversatur,

464 705 516 746 rt
544 693 606 745 ad
639 706 797 743 omne
824 691 1007 742 vitium
1032 686 1456 756 expugnandum,
1478 684 1616 752 quod
1639 682 1817 734 virtuti
1850 682 2042 735 divina:

463 785 790 839 contrarium
836 783 936 846 sit;
989 791 1045 833 ut
1091 781 1167 834 sic
1219 791 1534 846 prosi-.erans
1581 777 1632 828 in
1679 773 1923 838 Domino,
1979 789 2040 828 ea

467 891 587 944 qua:
641 874 830 927 desunt
890 872 1169 940 corrigas,
1229 877 1280 922 ct
1336 865 1625 920 Constituas
1683 880 1774 932 per
1828 877 2042 916 omnem

466 968 733 1021 civitatem
789 980 970 1018 earum
1019 979 1135 1032 qua:
1210 960 1318 1013 sedi
1370 969 1481 1010 tum
1547 955 2040 1025 Jerosolymitante,

467 1069 575 1111 tum
605 1057 971 1118 Antiochenm,
1019 1053 1263 1114 subsunt,
1291 1049 1569 1117 episcopos
1597 1056 1651 1100 et
1681 1045 2044 1115 presbyteros,

468 1159 523 1199 et
551 1146 806 1200 diaconos
842 1162 854 1198 :
891 1145 988 1197 hoc
1022 1142 1110 1195 tibi
1160 1140 1303 1194 omni
1339 1138 1496 1190 modo
1528 1136 1701 1190 facere
1730 1136 2045 1204 praecipien-

468 1239 605 1291 libus
643 1238 796 1291 nobis
827 1251 888 1289 ex
922 1233 1208 1302 apostolica
1259 1229 1593 1292 auctoritate,
1627 1242 1745 1295 qua:
1797 1226 1918 1280 data
1964 1233 2048 1281 est

469 1328 625 1382 nobis
669 1343 696 1380 a
729 1327 950 1379 Domino
997 1339 1090 1391 per
1120 1319 1334 1375 Petrum
1379 1319 1797 1380 sanctissimum,
1824 1327 1876 1372 et
1904 1317 2048 1385 prin-

469 1419 640 1487 cipem
684 1416 1063 1484 apostolorum,
1100 1423 1316 1481 propter
1357 1408 1628 1478 angustias
1653 1409 1903 1474 temporis
1948 1421 2046 1460 no-

469 1508 584 1571 stri,
620 1517 674 1562 et
706 1521 1004 1576 pressuram
1053 1503 1310 1573 gentium,
1365 1516 1430 1555 ne
1481 1516 1646 1569 usque
1695 1500 1745 1553 in
1779 1500 1936 1553 linem
1996 1498 2048 1551 in

472 1598 577 1650 Illis
623 1597 860 1665 partibus
910 1595 1118 1648 deficiat
1167 1591 1509 1646 sacerdotalis
1564 1589 1774 1644 decoris
1825 1588 2050 1643 eximius

471 1690 622 1753 ordo,
665 1705 725 1741 ac
767 1704 832 1742 ne
876 1688 998 1741 inde
1039 1689 1104 1740 de
1140 1693 1336 1739 caetero
1380 1695 1573 1736 nostrze
1615 1682 1886 1752 religioois
1933 1697 2048 1737 ma-

2143 495 2479 564 ἀντικειμένην
2518 499 2589 559 τῷ
2617 490 2742 562 λόγῳ
2783 499 2871 550 τῆς
2898 491 3122 549 πίστεως
3145 506 3158 520 °
3186 497 3359 545 πᾶσαν
3403 491 3455 545 δὲ
3489 515 3730 548 καταπα-

2141 585 2295 638 λαίειν
2325 583 2617 650 ἐμπάθειαν,
2645 584 2829 650 ἀρετῆς·
2858 582 2994 639 θείας
3032 575 3191 634 οὖσαν
3232 581 3500 636 ἀντίπαλον
3527 598 3541 611 '
3575 586 3643 640 ὡς
3668 580 3731 637 ἂν

2144 676 2306 731 οἷτως
2344 675 2393 726 ἐν
2436 674 2595 745 κυρίῳ
2642 670 3085 742 κατευοδούμενος,
3115 676 3199 725 καί
3239 674 3303 726 τά
3347 673 3582 728 λείποντὰ
3618 676 3735 730 έπι-

2146 763 2445 838 διορθώσης,
2461 766 2546 817 καί
2573 766 2890 833 καταστήσῃς
2907 765 3035 818 κατὰ
3058 769 3236 818 πᾶσαν
3250 765 3410 829 πόλιν,
3425 773 3521 819 τῶν
3549 767 3652 820 ὑπό
3677 787 3734 821 τι

2145 858 2229 909 τὸν
2260 855 2623 928 Ἱεροσολύμων
2649 853 2816 927 θρόνον
2844 853 3123 917 τελουσῶν,
3151 858 3236 908 καί
3260 862 3357 908 τῶν
3384 855 3485 909 ύπό
3511 857 3596 910 τόν
3623 856 3735 913 ’Λν-

2146 951 2398 1016 τιοχείας,
2427 946 2737 1005 ἐπισκόπους
2781 949 2865 1000 καί
2908 946 3293 1021 πρεσϐυτέρους
3325 951 3407 1003 καί
3436 947 3736 1011 διακόνους·

2145 1035 2294 1090 τοῦτό
2325 1056 2404 1090 σοι
2425 1043 2581 1090 ποιεῖν
2606 1036 2657 1087 ἐκ
2683 1036 2866 1094 πάντος
2889 1034 3086 1110 τρόπου
3111 1039 3548 1110 προστασσόντων
3569 1042 3736 1108 ἡμῶν,

2147 1125 2197 1191 έξ
2227 1129 2562 1188 ἀποστολικῆς
2592 1129 2850 1186 aii/iuriae
2892 1136 2984 1188 τῆς
3012 1131 3393 1203 κεχαρισμένης
3432 1133 3550 1200 ἡμῖν
3588 1135 3739 1203 παρά

2149 1223 2330 1294 Κυρίου
2355 1218 2436 1274 διὰ
2465 1223 2652 1294 Πέτρου
2673 1225 2766 1273 τοῦ
2790 1225 3036 1290 παναγίου
3062 1225 3144 1274 καί
3171 1224 3440 1293 κορυφαίου
3469 1229 3569 1276 τῶν
3596 1225 3739 1276 ἀποο

2152 1313 2364 1377 στίλων,
2412 1309 2495 1366 διά
2534 1332 2587 1366 τε
2616 1317 2704 1369 τῆν
2734 1313 2977 1365 στένωσιν
3003 1317 3092 1366 τοῦ
3123 1312 3226 1366 καθ’
3247 1314 3379 1382 ἡμᾶς
3409 1320 3586 1386 καιροῦ
3612 1354 3626 1378 ,
3660 1318 3743 1368 uti

2150 1407 2238 1458 τῆν
2260 1406 2487 1470 συνοχὴν
2515 1409 2612 1455 τῶν
2644 1403 2812 1455 ἐθνῶν⁶
2843 1403 2927 1456 ’ἱνα
2957 1408 3024 1473 μὴ
3055 1405 3126 1462 εἰς
3156 1404 3295 1464 τέλος
3325 1405 3372 1457 έν
3398 1414 3508 1465 τοῖς
3533 1408 3742 1480 μέρεσιν

2151 1494 2348 1552 ἐκείνοις
2390 1493 2585 1565 ἐκλείῲη
2631 1502 2722 1553 τῆς
2772 1494 3023 1567 ἱερατικῆς
3069 1498 3375 1569 εὐπρεπείας
3417 1496 3442 1550 ὁ
3490 1501 3744 1572 ἐξαίρετος

2153 1583 2364 1652 κόσμος,
2393 1585 2477 1636 καί
2506 1586 2558 1636 ὲκ
2583 1586 2762 1638 τούτου
2789 1585 2956 1640 λοιπόν
2989 1587 3197 1658 ἀγνοηθῆ
3224 1588 3278 1640 τό
3304 1589 3430 1659 μέγα
3457 1609 3508 1643 τε
3538 1593 3618 1642 καί
3657 1610 3746 1643 σε-

2162 1677 2382 1747 ϐάσμιον
2425 1684 2514 1736 τῆς
2545 1679 2788 1754 ἡμετέρας
2817 1681 3080 1752 θρησκείας
3118 1684 3430 1754 μυστήριον,
3458 1679 3551 1734 οῦκ
3599 1679 3746 1742 ὄντος

468 1795 627 1848 gnum
657 1790 709 1833 et
741 1778 1100 1832 venerandum
1151 1774 1464 1845 mysterium
1517 1774 1810 1843 ignoretur,
1870 1775 1912 1828 si
1938 1775 2046 1842 jam

2156 1770 2325 1844 ἱερέως
2355 1768 2437 1823 ἔτι
2459 1772 2540 1821 καὶ
2569 1770 2766 1831 θυσίας,
2807 1769 2835 1826 ἦ
2866 1768 3089 1830 σπονδῆς·
3134 1775 3205 1831 εἰς
3241 1772 3402 1841 ὀσμῆν
3433 1770 3642 1830 εὐωδίας
3673 1780 3747 1841 τῷ

471 1887 574 1923 non
620 1872 688 1923 sit
732 1869 1002 1933 sacerdos,
1040 1875 1090 1919 et
1118 1863 1436 1918 sacrificium
1467 1872 1558 1918 aut
1602 1862 1874 1932 Spirituale
1920 1865 2042 1918 liba-

471 1979 611 2026 nten,
659 1960 794 2028 quod
823 1958 1014 2025 iugiter
1046 1956 1156 2011 Deo
1197 1955 1248 2009 in
1279 1955 1498 2010 odorem
1531 1956 1803 2009 suavitatis
1836 1971 1929 2022 pro
1956 1971 2044 2008 sa-

470 2057 577 2108 lute
620 2052 796 2120 populi
835 2051 1105 2104 offeratur.
1149 2049 1277 2102 Nam
1322 2055 1533 2116 op0rtet
1579 2048 1629 2098 in
1677 2046 1780 2100 hoc
1820 2047 2047 2100 maxime

474 2157 714 2212 tempore
749 2141 1051 2211 pastoribus
1073 2139 1432 2206 Spiritualibus
1465 2138 1782 2207 frequentari
1827 2153 1890 2191 ac
1931 2154 2049 2191 mu-

471 2236 571 2288 uiri
611 2250 728 2302 qua:
772 2231 966 2299 ubique
1011 2239 1135 2285 sunt
1167 2229 1257 2283 Dei
1301 2229 1590 2282 catholicas
1627 2227 1912 2291 Ecclesias,
1944 2242 2049 2297 quo

465 2327 616 2395 juxta
662 2324 828 2392 ipsius
856 2322 1059 2377 Domini
1103 2321 1499 2390 prmdictiones,
1532 2320 1900 2373 tribulationes
1929 2334 2050 2385 pro-

470 2425 586 2476 pter
614 2421 824 2481 peccata
857 2421 1034 2465 n0stra
1065 2419 1350 2474 venerunt,
1378 2409 1563 2478 quales
1595 2423 1698 2460 non
1742 2409 1953 2461 fuerunt
1983 2408 2049 2462 ab

469 2505 615 2558 initio
657 2504 837 2557 mundi
881 2518 1047 2571 usque
1087 2501 1263 2564 modo,
1297 2516 1465 2567 neque
1506 2503 1676 2564 fient,
1707 2516 1826 2554 cum
1859 2501 2050 2568 quibus

467 2603 522 2646 et
563 2609 764 2662 magum
810 2593 1180 2648 scandalorum
1234 2593 1578 2656 tentationes,
1619 2600 1673 2644 ut
1730 2593 1780 2644 in
1813 2607 2048 2646 errorem

471 2687 808 2750 inducantur,
834 2687 876 2738 si
906 2684 1020 2738 fieri
1053 2692 1245 2750 potest,
1275 2683 1434 2736 etiam
1466 2684 1623 2737 electi
1653 2681 1864 2746 (Matth.
1894 2681 2047 2752 XXII).

471 2778 732 2844 Quocirca
785 2791 852 2830 ne
901 2774 1116 2830 differas
1164 2774 1494 2839 omnimodo,
1548 2773 1766 2837 dilecte,
1803 2774 2048 2841 implere,

470 2870 618 2934 juxta
651 2874 972 2934 praeceptum
1003 2875 1264 2930 nostrum,
1297 2864 1584 2933 episcopis,
1619 2875 1670 2914 ct
1704 2867 2049 2934 presbyteris,

479 2968 532 3014 et
558 2958 811 3020 diaconis,
846 2973 964 3025 qua:
1007 2957 1122 3010 istic
1167 2966 1288 3010 sunt
1315 2957 1611 3010 catholicas
1647 2957 1930 3019 Ecclc-sias,
1965 2957 2051 3025 qui

476 3063 576 3120 per
629 3048 898 3118 pr0priam
948 3061 1131 3101 eorum
1191 3047 1648 3100 conversationem
1704 3046 1754 3098 in
1806 3048 2052 3099 omnibus

2153 1867 2262 1930 Θεῷ
2289 1860 2670 1931 προσαγομνης
2695 1858 2969 1929 ἐνδελεχῶς
2998 1862 3131 1932 ύπέρ
3173 1870 3263 1919 τῆς
3294 1868 3386 1914 τοῦ
3415 1861 3535 1914 λαοῦ
3569 1883 3747 1920 σωτη-

2149 1953 2288 2022 ρίας.
2326 1952 2438 2002 Δέον
2464 1953 2562 2024 γάρ
2593 1952 2728 2003 ἐστιν
2758 1952 2840 2002 ἐπὶ
2881 1958 2968 2004 τοῦ
2998 1952 3244 2025 παρόντος
3273 1952 3494 2020 μάλιστα
3523 1959 3703 2027 καιροῦ
3730 1995 3746 2018 ,

2149 2038 2351 2113 σπουδῇ
2377 2040 2523 2112 πέσῃ
2551 2042 3002 2096 καταπυκνωθῆναι
3032 2042 3237 2108 ποιμέσι
3263 2049 3628 2111 πνευματικοῖς
3651 2046 3750 2101 τὰς

2149 2139 2423 2202 πανταχοῦ
2472 2139 2561 2188 τοῦ
2605 2139 2729 2185 Θεοῦ
2776 2133 3024 2192 γαθολικάς
3064 2132 3394 2196 Ἑκκλησίας,
3439 2135 3578 2189 ἡνίκα
3615 2137 3750 2186 κατά

2150 2227 2243 2284 τὰς
2270 2227 2428 2279 αὐτοῦ
2461 2230 2551 2280 τοῦ
2587 2228 2765 2296 κυρίου
2808 2225 3136 2299 προρρήσεις,
3168 2225 3218 2276 αἱ
3249 2223 3436 2292 θλίψεις
3463 2225 3753 2296 παραγεγό-

2153 2336 2300 2369 νασιν
2323 2313 2406 2368 διά
2435 2316 2528 2373 τάς
2557 2313 2809 2388 ἁμαρτίας
2834 2315 2992 2382 ἡμῶν,
3019 2311 3070 2366 αἰ
3095 2313 3151 2364 ού
3179 2314 3439 2384 γεγόνασιν
3460 2315 3549 2366 ἀπ’
3569 2315 3754 2382 ἀρχῆς

2150 2407 2358 2476 κόσμου,
2385 2409 2480 2464 ἕως
2510 2401 2602 2459 τοῦ
2631 2412 2740 2468 νῦν,
2771 2403 2877 2458 οὔδ’
2901 2406 2957 2456 ού
2984 2408 3052 2473 μή
3077 2406 3342 2476 γένωνται,
3366 2406 3470 2475 μεθ’
3495 2403 3559 2456 ὧν
3591 2407 3677 2458 καί
3702 2407 3750 2458 οἰ

2149 2499 2352 2567 μεγάλοι
2383 2499 2654 2569 πειρασμοί
2684 2503 2783 2548 τῶν
2813 2493 3104 2550 σκανδάλων
3130 2536 3142 2558 ,
3177 2499 3305 2548 ὥστε
3336 2497 3653 2560 πλανηθῆναι,
3686 2502 3733 2550 εἰ

2152 2585 2382 2650 δυνατόν,
2414 2590 2494 2639 καί
2523 2589 2643 2646 τούς
2675 2587 2956 2646 έκλεκτολζς.
2999 2587 3078 2640 Διὸ
3109 2592 3176 2657 μῆ
3206 2588 3459 2657 ἀναϐάλλῃ
3492 2590 3752 2648 παντοίως

2160 2679 2411 2747 ἀγαπητέ,
2442 2678 2729 2746 πληρῶσαι,
2758 2680 2887 2731 κατά
2917 2682 3005 2735 τῆν
3034 2679 3278 2751 ἡμετέραν
3307 2679 3609 2752 πρόσταξιν,
3634 2679 3756 2732 ἐπι-

2153 2769 2368 2831 σκόπων,
2415 2771 2497 2820 καὶ
2540 2768 2928 2840 πρεσϐυτέρων,
2970 2773 3055 2821 καί
3109 2767 3387 2835 διακόνων,
3430 2771 3522 2830 τάς
3567 2773 3747 2826 αὐτόθι

2153 2860 2416 2918 καθολικάς
2443 2859 2740 2919 Ἐκκλησίας
2765 2861 2814 2914 ἐν
2843 2864 3002 2913 πᾶσιν
3021 2861 3230 2931 ἀγαθοῖς
3259 2864 3754 2934 μεμαρτυρημένων,

2155 2950 2236 3006 διά
2264 2960 2353 3011 τῆς
2377 2953 2560 3011 οἰκείας
2602 2953 2769 3005 αὐτῶν
2797 2952 3137 3025 ἀναστροφῆς.
3185 2961 3270 3007 Δεῖ
3298 2956 3396 3026 γάρ
3427 2955 3512 3008 τόν
3541 2954 3755 3008 έπίσκο-

2159 3061 2274 3101 πον,
2309 3043 2436 3096 καθά
2463 3063 2608 3112 φησιν
2636 3040 2661 3096 ό
2686 3045 2933 3113 μακάριος
2960 3044 3174 3108 Παῦλος,
3207 3044 3500 3115 ἀνέγκλητον
3529 3042 3655 3100 εἶναι
3684 3050 3753 3109 ὡς

480 3137 640 3193 bonis
666 3136 1028 3192 testimonium
1062 3137 1308 3192 habeant.
1343 3137 1551 3203 Oportet
1578 3138 1709 3188 enim
1739 3137 2052 3204 episcopum,

2163 3127 2290 3186 Θεοῦ
2321 3133 2598 3199 οἰκονόμον,
2627 3137 2694 3200 μῆ
2720 3131 2930 3197 αύθάδη,
2960 3138 3027 3202 μῆ
3055 3133 3265 3206 ὀργίλον,
3296 3140 3364 3203 μὴ
3388 3138 3648 3208 πάροινον,
3681 3143 3758 3207 μή

475 3232 609 3287 sicut
640 3232 824 3285 beatus
850 3229 1042 3283 Paulus
1071 3228 1216 3291 dicit,
1268 3229 1378 3281 sine
1411 3229 1619 3280 crimine
1653 3245 1774 3289 esse,
1818 3231 1943 3280 sicut
1969 3228 2059 3281 Dei

472 3327 906 3385 dispensatorem,
952 3336 1054 3373 non
1095 3320 1394 3394 superbum,
1439 3336 1541 3372 non
1589 3320 1912 3382 iracundum,
1957 3337 2060 3372 non

481 3409 812 3473 vinolentum,
851 3427 948 3462 non
985 3425 1357 3476 percussorem,
1398 3424 1495 3459 non
1534 3410 1696 3472 turpis
1736 3409 1863 3460 lucri
1910 3411 2050 3473 cupi—

473 3508 628 3566 dum;
669 3504 757 3555 sed
794 3501 1114 3567 hospitalem,
1158 3503 1447 3568 beu‘gnnm,
1486 3501 1799 3569 prudentem,
1833 3503 2056 3570 justum,

472 3602 722 3653 sanctum,
771 3593 1125 3654 continentem,
1168 3591 1552 3656 amplectentem
1592 3606 1705 3642 eum
1746 3591 1830 3657 qui
1874 3608 2057 3644 secun-

474 3689 594 3738 dum
640 3687 929 3738 doctrinam
969 3694 1062 3748 est,
1109 3685 1311 3751 ﬁdelem
1356 3700 1662 3745 sermonem,
1705 3693 1754 3734 ut
1798 3694 1971 3750 potens
1994 3688 2058 3737 sit

474 3777 731 3830 exhortari
771 3778 822 3827 in
855 3776 1084 3827 doctrina
1120 3791 1267 3837 sana,
1294 3783 1338 3825 et
1362 3790 1443 3825 eos
1466 3776 1548 3841 qui
1583 3773 1936 3826 contradicunt
1970 3792 2057 3826 ar-

477 3884 659 3936 guere;
692 3866 1007 3934 presbyteros
1038 3864 1249 3925 sobrios,
1278 3865 1571 3931 prudentes,
1594 3881 1742 3916 sanos
1775 3865 1827 3916 in
1853 3866 1973 3930 ﬁde,
2006 3866 2057 3918 in

477 3960 783 4021 dilectione,
826 3959 879 4008 in
918 3957 1205 4026 patientia;
1255 3957 1497 4006 diaconos
1547 3956 1781 4006 similiter
1827 3956 2056 4022 pudicos,

479 4066 579 4101 non
624 4049 911 4117 bilingues,
960 4063 1060 4098 non
1109 4048 1272 4098 multo
1333 4047 1448 4097 vino
1490 4047 1724 4109 deditos,
1771 4063 1870 4098 non
1914 4057 2058 4117 (tu-pe

479 4139 682 4193 lucrum
709 4147 977 4190 sectantes.
1010 4137 1122 4191 Hoc
1154 4140 1282 4190 enim
1320 4139 1532 4206 faciens,
1576 4148 1621 4190 et
1653 4139 1863 4209 teipsum
1894 4143 2060 4192 salva-

483 4229 590 4295 tis,
619 4237 672 4282 et
704 4226 1047 4280 rationabiles
1085 4227 1172 4280 Dei
1206 4243 1413 4293 greges,
1447 4227 1714 4280 incursum
1747 4227 2058 4296 effugientes

491 4319 766 4386 luporum,
819 4315 1122 4385 huiusmodi
1174 4318 1509 4370 sacerdotum
1559 4317 1848 4385 diligentia.
1901 4317 2060 4370 Dolor

485 4409 626 4463 enim
660 4409 785 4462 mibi
814 4418 896 4462 est
922 4423 1163 4477 magnus,
1199 4420 1249 4462 et
1282 4409 1606 4462 incessabilis
1640 4411 1876 4463 molestia
1910 4411 2056 4463 cordi

481 4515 624 4566 meo,
659 4499 1000 4569 quoadusque
1043 4514 1134 4567 per
1174 4511 1403 4553 vestrum
1452 4501 1501 4553 in
1542 4500 1753 4555 Christo
1799 4503 2054 4567 studium,
2092 4497 2138 4555 D

484 4589 584 4643 hoc
614 4605 746 4657 opus
777 4590 1077 4643 absolutum
1107 4591 1313 4642 videam
1335 4633 1348 4653 ,
1384 4591 1592 4658 quando
1639 4593 1850 4660 quidem
1887 4594 1983 4647 boc
2012 4603 2060 4647 et

482 4681 628 4745 prius
657 4679 943 4746 apostolica
981 4681 1092 4733 hanc
1121 4681 1275 4732 sedes
1305 4679 1418 4735 fieri
1449 4683 1698 4748 prmcepit
1735 4699 1825 4749 per
1856 4699 2059 4736 memo-

481 4783 653 4827 ratum
695 4774 1039 4840 Stephanum,
1087 4774 1338 4828 dilectum
1393 4777 1765 4844 coepiscopum
1799 4788 2059 4830 nostrum.

483 4864 588 4921 Sed
646 4865 743 4918 hoc
795 4849 1027 4918 salutare
1083 4867 1406 4934 propositum
1457 4868 1522 4920 ad
1575 4867 1819 4920 elici-tum
1878 4870 2063 4922 venire

484 4956 896 5023 prohibuerunt,
943 4955 1028 5024 qui
1078 4957 1200 5011 talia
1254 4957 1534 5025 prohibere
1602 4957 1790 5027 dignos
1855 4960 2063 5026 seipsos

487 5046 877 5113 praestiterunt;
910 5047 996 5114 qui
1033 5063 1125 5115 pro
1157 5049 1414 5101 arbitratu
1462 5063 1559 5101 suo
1604 5062 1666 5102 ea
1728 5066 1843 5116 qua:
1892 5051 2059 5104 {edifi-

483 5139 708 5192 cationis
752 5147 876 5191 sunt
909 5148 1028 5192 nota
1061 5139 1109 5193 ei
1150 5140 1367 5193 omnino
1409 5154 1512 5190 non
1563 5139 1820 5203 fecerunt,
1873 5155 2063 5208 nempe

483 5240 747 5300 praecepta
790 5230 1122 5285 demandata:
1166 5232 1294 5285 vicis
1327 5231 1634 5298 apostolicae
1678 5231 1831 5298 hujus
1876 5233 2063 5286 cathe-

483 5324 615 5387 ιιι-ιη,
649 5322 840 5389 quibus
882 5321 1062 5388 jussus
1104 5330 1185 5374 est
1227 5319 1512 5372 electiones
1557 5320 1623 5371 ibi
1669 5320 1843 5373 facere
1881 5336 2064 5374 eorum

481 5413 571 5480 qui
601 5414 666 5465 ad
698 5427 876 5466 curam
923 5409 1350 5464 clu‘istianissimi
1399 5410 1575 5476 pepuli
1603 5411 1864 5480 deligendi
1908 5424 2062 5478 sunt;

484 5502 816 5554 solummodo
864 5511 1041 5553 autem
1089 5500 1136 5552 ei
1186 5499 1549 5568 significarunt
1594 5501 1661 5554 de
1712 5503 2063 5570 depositione,

487 5594 730 5645 timorem
779 5591 985 5644 Domini
1039 5590 1254 5643 minime
1298 5588 1615 5656 cogitantes,
1670 5608 1842 5661 neque
1889 5594 1938 5646 in
1984 5594 2066 5648 bis

488 5680 880 5735 formidabilem
930 5677 1044 5745 ejus
1093 5677 1528 5748 indignationem.
1579 5678 1840 5745 Quoniam
1885 5682 2062 5751 igitur,

488 5781 546 5828 ut
576 5771 734 5837 nosti,
768 5769 962 5823 dilecto
988 5770 1169 5838 frater,
1201 5770 1252 5826 in
1282 5768 1682 5828 mdificationem
1711 5773 1876 5842 magis
1905 5787 2064 5844 quam

2163 3224 2408 3290 πλήκτην,
2440 3230 2509 3292 μῆ
2557 3222 2946 3298 αἰσχροκερδῆ,
2996 3225 3119 3278 ἀλλά
3168 3225 3426 3298 φιλόξενον,
3469 3228 3758 3299 φιλάγαθον,

2163 3317 2415 3387 σώφρονα,
2448 3312 2650 3377 δίκαιον,
2681 3312 2840 3375 ὅσιον,
2871 3317 3110 3389 ἐγκρατῆ,
3140 3317 3481 3384 ἀντεχόμενον
3509 3325 3594 3371 τοῦ
3618 3323 3758 3373 κατά

2161 3408 2250 3460 τὴν
2278 3402 2498 3474 διδαχὴν
2527 3412 2716 3458 πιστοῦ
2746 3405 2919 3477 λόγου,
2951 3407 3032 3460 ἶνα
3055 3404 3268 3467 δυνατός
3300 3406 3372 3464 εἴη
3401 3412 3481 3461 καί
3521 3430 3758 3481 παροκα-

2159 3491 2259 3544 λεῖν
2272 3494 2322 3544 έν
2335 3501 2394 3566 τῇ
2418 3491 2720 3567 διδασκαλία
2742 3502 2801 3568 τῇ
2828 3496 3148 3567 ὑγιαινούσῃ,
3166 3499 3249 3548 καὶ
3273 3499 3391 3556 τούς
3407 3499 3754 3570 ἀντιλέγοντας

2163 3581 2418 3650 ἐλέγχειν·
2451 3583 2838 3656 πρεσϐυτέρους
2887 3583 3074 3652 ὁμοίως
3096 3623 3111 3648 ,
3140 3587 3432 3656 νηφαλίους,
3466 3591 3757 3657 σώφρονας,

2161 3672 2477 3742 ὑγιαίνοντας
2504 3682 2565 3748 τῇ
2596 3678 2785 3738 πίστει,
2813 3683 2873 3748 τῇ
2897 3677 3093 3748 ἀγάπῃ,
3113 3684 3172 3751 τῇ
3195 3678 3422 3752 ὑπομονῇ
3444 3695 3457 3708 '
3491 3677 3756 3741 διακόνους

2163 3766 2430 3828 ὡσαύτως,
2463 3769 2700 3834 σεμνούς,
2731 3771 2799 3831 μῆ
2829 3765 3058 3837 διλόγους
3085 3810 3097 3828 ,
3123 3773 3191 3837 μῆ
3220 3767 3333 3838 οἴνῳ
3362 3770 3525 3837 πολλῷ
3557 3774 3758 3843 προσέ-

2163 3883 2379 3933 χοντας,
2409 3867 2479 3932 μῆ
2507 3862 2913 3937 αἰσχροκερδεῖς.
2956 3872 3117 3919 Τοῦτο
3147 3869 3240 3942 γάρ
3268 3875 3442 3928 ποιῶν,
3494 3870 3572 3920 καί
3601 3888 3760 3921 σεαυ-

2161 3958 2245 4010 τὸν
2275 3959 2483 4021 σώσεις,
2516 3961 2597 4010 καί
2617 3958 2679 4011 τά
2703 3957 2870 4028 λογικά
2896 3965 2986 4012 τοῦ
3017 3963 3192 4034 Κυρίου
3221 3962 3504 4035 θρέμματα,
3535 3967 3621 4019 τῆν
3649 3971 3758 4017 τῶν

2161 4045 2324 4098 λύκων
2354 4049 2652 4118 ἐκφεύγοντα
2673 4047 3010 4124 καταδρομήν,
3045 4048 3128 4105 διά
3157 4059 3247 4111 τῆς
3277 4059 3373 4105 τῶν
3402 4053 3644 4106 τοιούτων
3676 4055 3757 4108 ἰε-

2161 4141 2286 4213 ρέων
2307 4140 2610 4207 ἐπιμελείας.
2636 4139 2783 4199 Λύπη
2813 4144 2911 4214 γάρ
2940 4145 3027 4212 μοί
3057 4143 3164 4196 ἔστι
3187 4143 3399 4214 μεγάλη,
3427 4149 3508 4198 καί
3531 4144 3759 4200 ἀδιάλει-

2161 4251 2288 4289 πτος
2318 4228 2467 4288 ὀδύνη
2495 4240 2555 4305 τῇ
2583 4230 2765 4308 καρδίκ
2785 4253 2880 4300 μου
2903 4234 3094 4305 μέχρις
3126 4233 3184 4286 ἀν
3206 4232 3286 4287 διὰ
3310 4243 3399 4293 τῆς
3421 4237 3675 4309 ὑμετέρας
3699 4235 3756 4290 έν

2164 4323 2322 4390 κυρίῳ
2365 4321 2620 4382 σπουδῆς,
2645 4317 2797 4377 τοῦτο
2826 4326 2882 4376 τό
2915 4321 3062 4396 ἔργον
3093 4325 3302 4376 ἀκούσω
3332 4326 3711 4394 τετελειωμένον
3734 4343 3753 4359 ⁸

2163 4409 2330 4469 ἐπειδὴ
2373 4410 2525 4468 τοῦτο
2561 4417 2638 4466 καί
2683 4413 2926 4485 πρότερον
2965 4414 2988 4466 ό
3017 4413 3123 4467 καθ’
3146 4416 3278 4483 ἡμᾶς
3305 4416 3633 4475 ἀποστολικὸς
3659 4438 3755 4486 γε‹

2163 4505 2333 4556 νὲσθαι
2374 4506 2656 4578 προσέταξε
2705 4501 2908 4574 θρόνος,
2941 4501 3023 4558 διά
3066 4510 3155 4558 τοῦ
3205 4505 3436 4575 ῥηθέντος
3480 4508 3752 4577 Στεφάνου,

2163 4602 2254 4650 τοῦ
2299 4596 2564 4666 ἀγαπητοῦ
2601 4593 2982 4647 συνεπισκόπου
3012 4597 3171 4663 ἡμῶν.
3197 4593 3323 4648 Ἀλλ’
3343 4595 3646 4650 ἑνυπόδισαν
3675 4602 3755 4658 εἰς

2163 4685 2305 4760 ἔργον
2333 4688 2605 4759 προϐῆναι,
2633 4691 2719 4743 τῆν
2756 4689 2991 4744 τοιαύτην
3024 4691 3269 4759 σωτήριον
3311 4689 3567 4762 πρόθεσιν.
3595 4690 3640 4741 οἰ
3681 4693 3755 4746 τὰ

2161 4783 2374 4831 τοιαῦτα
2404 4774 2694 4829 διακωλύειν
2734 4777 2903 4838 ἀξίους
2945 4773 3089 4836 ὄντας
3128 4777 3340 4836 ἑαυτούς
3376 4781 3754 4851 παραστήσαν-

2163 4889 2265 4931 τες,
2293 4871 2469 4930 οέτινες
2514 4872 2675 4927 καθώς
2706 4871 2942 4927 ἠθέλησαν
2970 4871 3036 4923 τά
3071 4871 3159 4937 μέν
3186 4878 3278 4928 τῆς
3315 4867 3586 4940 οἰκοδομῆς
3608 4870 3753 4941 αὐτῷ

2164 4959 2423 5018 παντελῶς
2467 4957 2557 5012 οῦκ
2601 4961 2896 5032 ἐγνώρισαν,
2923 4959 3074 5030 ἤγουν
3100 4962 3164 5014 τά
3191 4962 3307 5035 περί
3331 4969 3421 5019 τῆς
3461 4980 3754 5034 τοποτηρη·

2167 5051 2282 5107 σίας
2323 5050 2615 5123 πραικέπτα
2649 5057 2740 5108 τῆς
2785 5049 2890 5101 καθ’
2910 5050 3039 5119 ἡμᾶς
3089 5050 3429 5109 ἀποστολικῆς
3473 5047 3749 5123 καθέδρας,

2163 5138 2224 5194 δι’
2248 5138 2313 5194 ὧν
2343 5141 2635 5214 προσετάγη
2674 5148 2887 5197 ποιῆσαι
2927 5143 3019 5200 τάς
3057 5145 3374 5214 χειροτονίας
3417 5142 3605 5206 αύτόθι,
3646 5149 3749 5196 τῶν

2166 5230 2456 5301 ὀφειλόντων
2484 5233 2891 5304 χειροτονηθῆναι
2917 5230 3044 5303 πρὸς
3075 5229 3352 5299 ἐπιμέλειαν
3378 5237 3463 5284 τοῦ
3496 5251 3752 5305 χριστια-

2164 5318 2442 5372 νικωτςίτου
2464 5319 2608 5371 λαοῦ⁶
2632 5317 2782 5388 μόνον
2813 5315 2863 5369 δέ
2895 5319 2951 5372 τό
2978 5325 3066 5375 τῆς
3088 5319 3424 5391 καθαιρέσεως
3452 5316 3592 5388 αῦτῷ
3621 5341 3753 5375 κατ-

2168 5415 2441 5478 εμῆνυσαν,
2482 5411 2567 5464 ούκ
2611 5412 2927 5467 ἐννοήσαντες
2965 5409 3048 5462 τόν
3084 5415 3176 5464 τοῦ
3224 5413 3399 5484 Κυρίου
3431 5412 3600 5482 φόϐον,
3630 5410 3752 5467 οὐδέ

2164 5503 2253 5556 τῆν
2284 5499 2364 5554 ἐπὶ
2387 5500 2585 5559 τούτοις
2614 5499 2763 5552 αὐτοῦ
2791 5497 3008 5570 φοϐεράν
3037 5499 3604 5568 ἀγανάκτησιν.Ἐπειδῆ
3631 5495 3750 5564 οῦν,

2167 5593 2235 5649 ὡς
2257 5587 2418 5658 οἶδας,
2435 5591 2662 5661 ἀγαπητέ
2683 5586 2880 5659 ἀδελφέ,
2895 5591 3025 5657 πρὸς
3045 5587 3306 5660 οἰκοδομὴν
3326 5591 3512 5656 μᾶλλον
3530 5589 3560 5649 ῆ
3580 5593 3755 5649 καθαί-

2167 5701 2305 5753 ρεσιν
2329 5684 2474 5754 παρά
2493 5687 2581 5736 τοῦ
2613 5683 2793 5754 κυρίου
2817 5685 2904 5739 τῆν
2925 5681 3151 5744 ἐξουσίαν
3173 5679 3428 5750 ἐλάϐομεν,
3451 5681 3752 5738 σπούδασον

2166 5775 2317 5837 αὐτὸς
2355 5777 2412 5831 τά
2453 5783 2537 5837 τῆς
2581 5773 2838 5850 οἰκοδομῆς
2865 5776 3129 5850 ένιργῆσιιι
3159 5782 3220 5854 τῇ
3247 5772 3483 5854 δεδομένῃ
3511 5793 3593 5831 σοι
3617 5771 3746 5845 παρ’
