3950 6344
198 343 309 403 457

1420 347 1795 406 Ei’lSTOL/E.
1827 377 1897 389 --
1926 350 1984 403 lii
2011 349 2134 405 tsT.
2185 351 2239 408 ν.

3350 368 3453 425 158

195 464 367 516 αὐτοῦ
386 458 450 515 δι’
466 459 599 526 ήμῶν
613 465 715 512 τῶν
737 457 900 513 αὐτοῦ
928 459 1158 527 μαθητῶν
1180 459 1486 534 ἀποστολικῇ
1503 464 1777 534 προστάξει

1890 462 1934 514 in
1976 455 2389 520 destructionem
2431 482 2459 519 a
2495 467 2717 525 Domino
2766 482 3076 539 potestatem
3119 481 3446 549 accepimus,

194 557 279 607 καί
308 554 541 625 ἐξουσίᾳ*
565 553 647 605 καὶ
674 553 797 610 τούς
822 552 994 614 ἀξίους
1026 559 1116 613 τῆς
1161 554 1379 625 χάριτος
1410 555 1781 628 προϐάλλεσθαι

192 642 453 717 μηδαμῶς
476 640 727 700 ἕνόοιάσης
749 644 881 716 πρὸς
902 642 1169 712 ἀσφάλειαν
1193 650 1283 701 τῆς
1306 643 1562 703 καθοὴκῆς
1585 644 1783 701 Ἐκκλη-

191 735 320 791 σίας
357 730 773 807 προτρεπόμενος,
806 730 916 784 λίαν
938 732 1281 802 ἀγαπητικῶς,
1301 735 1379 785 καὶ
1405 734 1523 792 τούς
1544 732 1638 790 ἤδη
1665 735 1783 787 καθ-

191 829 500 901 αιρεθέντας
521 823 829 895 ἐπιστρέψαι
867 825 996 896 πρὸς
1018 826 1221 896 Κύριον·
1246 821 1457 878 δύναται
1476 826 1575 895 γὰρ
1602 826 1783 883 αύτούς

192 924 276 976 καί
305 921 487 985 πάλιν,
510 922 578 979 εἰς
604 919 662 974 τό
680 919 976 988 θαυμαστόν
1005 920 1155 972 αὑτοῦ
1182 927 1284 991 φῶς
1311 921 1538 992 ἀγαγεῖν,
1566 918 1591 973 ό
1629 927 1785 975 ποιῶν

194 1014 374 1067 πάντα
401 1015 484 1065 καί
523 1014 909 1081 μετασκευάζων
940 1012 1065 1083 πρός
1106 1010 1164 1065 τό
1209 1011 1645 1085 λυσιτελέστερον.
1702 1010 1783 1066 Διό

195 1104 279 1154 καὶ
308 1109 561 1173 παραινεῖ
580 1101 731 1173 λέγων
759 1102 941 1160 αὐτοῖς
969 1098 995 1153 ό
1019 1104 1298 1171 προφήτης*
1330 1104 1627 1176 Προσίλθιτε
1657 1106 1784 1176 πρὸς

193 1189 360 1247 αὑτὸν
384 1195 465 1245 καί
488 1193 787 1263 φωτίσθητε,
812 1195 897 1246 καί
919 1192 982 1246 τά
1005 1192 1263 1263 πρόσωπα
1286 1198 1426 1265 ὑμῶν
1449 1196 1503 1247 οὐ
1527 1199 1595 1262 μή
1618 1216 1787 1250 καται-

195 1286 414 1358 σχυνθῇ
440 1292 514 1353 τῷ
554 1285 762 1356 ἀληθινῷ
801 1288 927 1354 φωτί
958 1286 1329 1355 σημειούμενα⁸
1361 1289 1443 1340 καὶ
1468 1284 1553 1340 ἔάν
1581 1283 1702 1341 ὦσιν
1733 1287 1785 1341 ai

196 1372 456 1445 ἆμαρτίαι
484 1374 621 1444 ὑμῶν
650 1377 718 1433 ὡς
758 1382 1017 1447 φοινικοῦν,
1054 1378 1122 1435 ὡς
1151 1379 1305 1446 χίονα
1327 1378 1546 1431 λευκανῶ
1570 1394 1583 1407 ⁸
1618 1379 1699 1431 ideo
1730 1377 1784 1433 δὲ

197 1460 333 1519 ὗσεν
381 1468 454 1525 ὡς
501 1467 720 1519 κόκκινον
739 1509 753 1531 ,
788 1468 857 1526 ὡς
885 1464 1015 1539 ἔριον
1042 1466 1285 1522 λευκανῶ.
1314 1472 1403 1523 καί
1440 1471 1521 1523 ἕάν
1549 1470 1784 1528 θελήσητε

194 1557 276 1607 καὶ
308 1555 646 1611 είσακούσητέ
685 1577 805 1624 μου,
842 1557 908 1610 τά
936 1557 1095 1625 ἀγαθά
1131 1565 1221 1615 τῆς
1247 1566 1341 1628 γῆς
1365 1560 1606 1630 φάγησθε.
1635 1558 1785 1613 Μόνον

195 1642 482 1703 λούσασθε,
513 1644 720 1716 καθαροί
746 1644 938 1712 γίνεσθε
959 1682 974 1706 ,
998 1644 1197 1713 ἀφέλετε
1228 1646 1318 1705 τὰς
1345 1648 1662 1714 καινοτομίας
1686 1646 1786 1700 ἀπό

195 1739 297 1786 τῶν
328 1733 521 1803 ψυχῶν
543 1735 683 1803 ύμῶν
702 1735 942 1789 ἀπέναντι
967 1742 1065 1789 τῶν
1085 1735 1342 1807 ὀφθαλμῶν
1369 1743 1487 1806 μοῦ⁶
1510 1740 1781 1793 παύσασθε

1883 554 2057 607 studio
2107 556 2197 608 tibi
2244 556 2312 610 sit
2357 574 2419 611 ea
2463 576 2582 628 quae
2633 563 2995 619 tediﬁcatioiiis
3043 578 3165 622 sunt
3215 579 3448 638 operari.

1884 644 2005 695 dato
2037 645 2123 697 tibi
2157 661 2250 713 per
2280 662 2375 700 nos
2402 650 2518 713 ejus
2549 651 2835 720 discipulos
2864 659 3155 724 apostolico
3187 674 3453 729 praecepto

1883 741 1931 781 et
1965 740 2256 797 potestate;
2286 748 2335 786 et
2365 737 2531 799 gratia
2558 738 2746 806 dignos
2775 756 3084 809 promovere
3115 762 3443 817 nequaquam

1885 821 2093 875 dubites
2135 824 2199 876 ad
2250 825 2661 881 incolumitatem
2709 842 2761 885 et
2808 836 3143 892 securitatem
3194 837 3447 898 Ecclesiae

1883 910 2175 976 catholicae,
2218 928 2337 965 cum
2370 930 2557 983 magna
2586 918 2875 978 dilectione
2918 925 3211 983 exhortans
3241 945 3333 985 eos
3359 934 3450 1001 qui

1882 1002 1989 1068 jam
2035 1001 2257 1070 depositi
2307 1016 2428 1059 sunt
2478 1014 2713 1064 converti
2780 1014 2845 1069 ad
2890 1016 3210 1086 Dominum;
3278 1033 3454 1090 potest

1885 1092 2028 1145 enim
2061 1107 2155 1146 eos
2182 1108 2388 1148 rursum
2433 1096 2484 1150 in
2515 1098 2877 1159 admirabilem
2909 1105 3076 1162 lucem
3104 1124 3255 1164 suam
3282 1112 3453 1165 addu-

1885 1198 2028 1247 cere,
2076 1184 2163 1251 qui
2211 1184 2323 1238 lucc
2370 1187 2493 1240 iacit
2538 1199 2590 1243 et
2636 1188 2915 1260 immutat,
2965 1206 3119 1264 prout
3146 1200 3325 1255 utilius
3350 1212 3455 1257 est.

1887 1278 2143 1343 Quocirca
2172 1280 2332 1333 etiam
2363 1278 2601 1336 imitatur
2631 1284 2888 1353 propheta
2930 1290 3112 1345 dicens
3138 1294 3213 1347 eis
3246 1311 3257 1345 :
3302 1296 3456 1350 Acce-

1887 1369 1988 1421 dite
2013 1371 2079 1420 ad
2097 1383 2233 1435 eum,
2261 1379 2306 1423 et
2337 1372 2717 1443 illuminamini,
2739 1387 2787 1430 et
2818 1382 2973 1445 facies
3000 1393 3179 1437 vestra:
3208 1401 3308 1439 non
3335 1403 3458 1440 con-

1886 1460 2163 1529 fundentur
2194 1460 2327 1530 (lsa.
2350 1466 2419 1528 t);
2448 1479 2564 1531 qua!
2586 1480 2710 1518 vero
2730 1468 3001 1536 signantur
3022 1474 3237 1529 lumine.
3269 1477 3329 1529 Et
3354 1495 3365 1529 :
3396 1478 3457 1532 Si

1886 1551 2071 1619 fuerint
2105 1562 2315 1620 peccata
2349 1565 2511 1607 vestra
2546 1564 2599 1608 ut
2638 1559 2918 1625 coccinum,
2951 1562 3098 1628 quasi
3132 1564 3223 1616 uix
3252 1565 3459 1618 dealba-

1888 1642 2111 1708 buntur;
2136 1656 2183 1698 et
2212 1648 2257 1699 si
2284 1649 2470 1715 fuerint
2496 1649 2647 1702 rubra
2668 1654 2815 1719 quasi
2836 1653 3150 1720 vermiculus,
3181 1656 3312 1710 velut
3338 1659 3459 1713 lana

1890 1735 2007 1788 alba
2043 1747 2206 1790 erunt.
2245 1736 2305 1792 Si
2341 1741 2615 1807 volueritis,
2640 1751 2687 1794 et
2726 1745 2992 1798 audieritis
3018 1762 3115 1813 me,
3156 1748 3287 1799 bona
3314 1758 3458 1802 terra:

194 1832 298 1879 τῶν
344 1826 657 1878 ἐπεισάκτων
701 1826 844 1894 ὑμῶν
873 1825 1137 1897 δογμάτων
1160 1843 1175 1857 ·
1205 1827 1388 1897 μάθετε
1420 1830 1583 1889 καλῶς
1607 1829 1785 1899 ὁμολο-

1890 1829 2176 1884 comcdetis.
2212 1830 2500 1899 Lavamini,
2538 1835 2716 1888 mundi
2756 1845 2931 1900 estote,
2978 1838 3176 1905 auferte
3213 1842 3459 1895 novitates

196 1920 337 1986 γεῖν.
368 1915 675 1976 ἐκζητήσατε
724 1921 814 1973 τήν
858 1914 1113 1988 όρθόδοξον
1152 1920 1344 1973 πίστιν*
1391 1923 1472 1973 καί
1512 1919 1655 1975 δεῦτε
1704 1927 1787 1977 καὶ

198 2003 491 2074 εἰσδέξομαι
533 2007 695 2075 ὑμᾶς,
713 2006 848 2077 λέγει
896 2009 1103 2085 Κύριος.
1149 2008 1341 2072 Ἰκανῶς
1384 2006 1475 2065 οὖν
1526 2011 1787 2075 διἀὒτούς

200 2096 518 2168 ἀποροῦμαι,
546 2098 739 2170 μέχρις
762 2092 824 2149 ἂν
853 2097 997 2151 πάλιν
1025 2101 1261 2174 μορτωθῇ
1290 2102 1505 2175 Χριστὸς
1537 2105 1588 2157 ἐν
1617 2107 1789 2166 αὐτοῖς

200 2182 287 2238 διὰ
314 2194 408 2245 τῆς
439 2191 687 2246 πίστεως.
709 2185 853 2241 Ὀθεν
880 2193 966 2243 καὶ
992 2189 1302 2247 ἀδιάλειπτον
1330 2194 1460 2269 ύπέρ
1490 2197 1651 2251 αὐτῶν
1675 2196 1788 2268 ἔχω

197 2276 381 2334 νυκτός
404 2279 489 2329 καί
512 2278 706 2349 ἡμέρας
730 2282 862 2347 μετά
890 2277 1120 2350 δακρύων
1148 2288 1237 2340 τὴν
1259 2282 1448 2349 δέησιν,
1479 2288 1559 2341 ἶνα
1581 2290 1733 2349 αὐτὸς
1762 2289 1787 2344 ό

204 2363 267 2419 δι’
282 2368 419 2435 ἐμᾶς
441 2371 598 2441 σαρκί
622 2372 883 2426 πεπονθὼς
905 2372 1164 2437 ἑκουσίως,
1187 2376 1331 2429 πάλιν
1348 2378 1529 2438 αύτούς
1631 2379 1756 2436 δυνά
1771 2410 1786 2417 -

206 2475 287 2523 μει
310 2463 401 2511 τοῦ
434 2456 563 2511 ἰδίου
602 2462 686 2511 καί
730 2464 981 2523 ζωοποιοῦ
1028 2465 1274 2534 αἵματος,
1305 2470 1436 2540 πρὸς
1479 2469 1659 2524 ἔαυτόν
1702 2475 1788 2525 καί

205 2549 358 2615 ἡμεῖς,
390 2550 589 2610 ἀλύτως
610 2551 795 2624 ἑνὼση,
819 2552 881 2608 δι’
904 2554 1128 2621 ὁμονοίας
1157 2578 1177 2610 ε
1200 2558 1463 2632 λικρινοῦς.
1490 2561 1646 2622 Εἰδὼς
1675 2559 1785 2633 οὖν,

208 2639 460 2709 ἀγαπητὴ
486 2648 580 2699 τήν
621 2645 864 2701 τοιαύτην
910 2648 1047 2717 ἡμῶν
1089 2650 1206 2719 περὶ
1247 2650 1410 2704 αὐτῶν
1452 2654 1688 2722 ἀθυμίαν,
1717 2660 1787 2725 μὴ

215 2733 411 2802 παύσῃ,
449 2732 525 2787 δ’ιά
571 2742 673 2789 τῶν
713 2738 979 2810 οἰκτιρμῶν
1008 2746 1095 2791 τοῦ
1144 2748 1270 2794 Θεοῦ
1310 2744 1565 2805 συντόνως
1604 2747 1787 2805 αύτούς

211 2825 528 2894 παρακαλῶν,
552 2828 637 2879 καί
661 2829 717 2881 τό
742 2832 1043 2903 προφητικὸν
1066 2833 1240 2891 αὐτοῖς
1262 2836 1525 2908 ὡσημέραι
1560 2857 1676 2891 κατε
1686 2840 1788 2910 πᾲ-

208 2910 310 2966 ὅθεν
334 2915 484 2986 ῥητόν
508 2916 567 2971 τό
608 2919 817 2990 φάσκον·
856 2925 941 2978 Μὴ
977 2920 1225 2976 όπίπτων
1270 2926 1360 2977 οὐκ
1390 2927 1676 2989 ἀνίσταται,
1702 2927 1731 2986 ἢ
1761 2928 1788 2983 ό

209 3006 540 3079 ἀποστρέφων
566 3048 580 3070 ,
611 3011 703 3062 οὐκ
755 3011 1084 3083 ἐπιστρέγεω
1116 3017 1349 3084 ἐγγίσατέ
1397 3037 1481 3085 μοι
1521 3020 1603 3071 καί
1641 3019 1787 3091 ἐγγιῶ

207 3097 351 3165 ύμῖν,
380 3098 513 3170 λέγει
560 3101 781 3171 Κύριος·
810 3100 887 3155 ὅτι
914 3103 1034 3163 eis;
1078 3104 1285 3176 ἔγγίζων
1306 3148 1319 3171 ,
1349 3107 1444 3178 ἐγὼ
1470 3111 1591 3177 εἰμι,
1621 3112 1705 3161 καί
1732 3110 1788 3162 ού

1891 1921 2248 1990 cogitationum
2304 1938 2589 1980 vestrarum
2635 1928 2698 1981 ab
2750 1929 2910 1983 oculis
2952 1933 3107 1997 meis;
3151 1935 3388 2003 quiescite
3427 1953 3459 1989 a

1890 2009 2240 2066 commentitiis
2264 2013 2440 2063 vestris
2464 2012 2820 2081 dogmatibus;
2843 2017 3021 2070 discite
3060 2017 3180 2071 bene
3202 2020 3456 2087 conﬁteri,

1888 2101 2097 2165 quwrite
2131 2100 2463 2154 orthodoxam
2505 2104 2696 2169 fidem;
2732 2117 2779 2159 et
2806 2107 2983 2172 venite,
3009 2116 3055 2159 et
3083 2109 3323 2177 recipiam
3344 2126 3458 2179 vos,

1890 2186 2007 2238 dicit
2039 2186 2314 2243 Dominus.
2348 2191 2524 2256 Quare
2556 2193 2774 2247 nimium
2808 2206 3022 2262 propter
3052 2196 3195 2264 ipsos
3224 2199 3458 2268 aporior,

1888 2275 2059 2332 donec
2101 2293 2313 2333 rursum
2359 2282 2619 2336 formetur
2663 2284 2715 2338 in
2760 2284 2825 2339 iis
2873 2300 2966 2355 per
2994 2287 3150 2341 ﬁdem
3196 2288 3459 2345 Christus.

1892 2368 2042 2423 Unde
2088 2385 2182 2436 pro
2214 2371 2342 2439 ipsis
2390 2372 2751 2429 indesinenter
2775 2375 2862 2428 diu
2913 2387 3173 2445 noctuque
3214 2393 3332 2433 cum
3383 2381 3456 2434 la-

1887 2457 2085 2527 crymis
2124 2460 2543 2517 obsecrationem
2574 2461 2731 2527 facio,
2765 2474 2822 2518 ut
2859 2465 2973 2534 ipse
3001 2468 3088 2536 qui
3119 2480 3333 2537 propter
3360 2486 3457 2525 nos

1888 2549 1941 2602 in
1968 2563 2126 2604 carne
2154 2552 2450 2605 voluntario
2491 2569 2679 2620 passus
2722 2564 2825 2621 est,
2876 2572 3082 2611 rursum
3133 2574 3226 2612 eos
3264 2560 3457 2615 virtute

1889 2640 2087 2707 pr0prii
2114 2650 2167 2694 et
2194 2640 2386 2695 viviﬁci
2417 2646 2689 2712 sanguinis
2717 2646 2782 2698 ad
2817 2647 3049 2715 seipsum
3076 2659 3129 2701 ct
3158 2664 3256 2703 nos
3294 2651 3462 2705 indis-

1886 2731 2178 2786 solubiliter
2217 2749 2309 2801 per
2348 2735 2608 2788 sinceram
2653 2739 2989 2791 concordiam
3030 2741 3194 2792 uniat.
3245 2739 3457 2808 Cogno-

1887 2836 2045 2876 scens
2093 2824 2268 2890 igitur,
2322 2825 2544 2890 dilecte,
2597 2827 2895 2894 huiusmodi
2937 2839 3173 2883 nostrum
3218 2830 3286 2886 de
3332 2831 3461 2899 ipsis

1888 2928 2192 2978 ttiuerorem,
2243 2929 2309 2969 ne
2340 2929 2518 2969 cesses
2560 2933 2652 2984 per
2696 2919 3109 2974 misericordiam
3143 2920 3236 2976 Dei
3284 2924 3456 2979 conti-

1888 3016 2076 3060 neuter
2112 3020 2207 3061 eos
2249 3009 2469 3072 hortari,
2501 3018 2556 3063 et
2584 3013 2943 3079 propheticum
2995 3013 3059 3065 iis
3089 3015 3324 3079 quotidie
3364 3016 3458 3069 dc-

1889 3107 2105 3152 cantare
2137 3114 2343 3164 vocem,
2377 3115 2493 3166 quac
2524 3100 2652 3154 dicit
2680 3118 2692 3153 :
2728 3101 2996 3171 Numquid
3039 3106 3126 3174 qui
3167 3107 3329 3168 cadit.
3356 3124 3458 3162 non

208 3192 330 3248 Θεὸς
355 3192 635 3262 πόρρωθεν.
660 3191 836 3265 Ἐῃιύς
857 3195 955 3270 γάρ
976 3198 1149 3267 κύριος
1172 3203 1305 3251 πᾶσι
1325 3206 1430 3258 τοῖς
1458 3200 1786 3271 ἐπικαλουμέ-

1890 3203 2155 3261 resurget;
2193 3202 2241 3245 'et
2280 3193 2368 3261 qui
2406 3209 2608 3247 aversus
2657 3204 2749 3259 est,
2804 3212 2908 3248 non
2938 3209 3215 3250 revertetur
3239 3197 3459 3266 (Jerem.

210 3300 312 3341 ποις
337 3284 507 3346 αὐτόν,
538 3284 587 3335 ἐν
608 3284 812 3357 ἀληθείᾳ
849 3294 910 3357 τῇ
951 3289 1290 3361 κηρυττομὲνη
1325 3291 1467 3361 παρὰ
1488 3297 1590 3342 τῶν
1629 3290 1783 3362 ἁγίων

206 3381 437 3445 Πατρῶν.
454 3375 603 3430 ’Δλλά
623 3381 691 3446 μή
713 3378 978 3452 ἀποκάμῃς
996 3386 1147 3433 τοῦτο
1166 3388 1341 3434 ποιῶν.
1364 3383 1649 3454 Γέγραπται
1662 3391 1782 3460 γάρ’

208 3464 273 3516 τό
300 3464 445 3517 καλόν
486 3472 771 3531 ποιοῦντες,
804 3473 873 3536 μή
914 3470 1185 3525 ἐκκακεῑτε.
1227 3470 1459 3527 Μάλιστα
1496 3471 1551 3527 δέ
1590 3477 1785 3530 ἀκούων

208 3560 296 3608 τοῦ
322 3555 577 3626 Myos-tor
604 3555 823 3629 Ἀδελφοί
851 3580 971 3631 μου,
1001 3562 1083 3614 ὶάν
1117 3583 1195 3621 τις
1222 3563 1269 3614 ἐν
1296 3564 1413 3621 ύμῖν
1436 3564 1657 3641 πλανηθῇ
1684 3570 1786 3623 ἀπὸ

212 3656 302 3706 τῆς
325 3650 581 3711 ἀληθείας,
604 3654 686 3704 καί
713 3653 1006 3727 ἐπιστρέψει
1034 3676 1113 3714 τις
1143 3658 1310 3720 αὐτὸν,
1337 3661 1619 3725 γυωσκὲτω,
1655 3660 1735 3715 ὄτι
1760 3661 1785 3715 ό

215 3736 528 3808 ἱπεστρέψας
567 3738 863 3816 ἁμαρτωλὸν
896 3745 950 3795 ἐκ
988 3744 1177 3805 πλάνης
1218 3744 1363 3808 ὁδοῦ,
1410 3752 1571 3804 σώσει
1608 3750 1788 3822 ψυχήν

216 3829 364 3883 αὐτοῦ
390 3830 442 3881 ἐκ
465 3831 706 3895 θανάτου,
729 3836 816 3888 καί
834 3833 1045 3903 καλύψει
1064 3835 1249 3896 πλῆθος
1270 3837 1528 3911 ἁμαρτιῶν
1546 3878 1562 3904 ,
1589 3844 1671 3894 καί
1689 3846 1788 3897 πά-

214 3917 307 3972 λιν·
333 3920 441 3973 Ἐάν
466 3922 651 3991 ὶξάγῃς
676 3923 839 3992 τίμιον
865 3925 966 3978 ἀπὸ
992 3928 1217 3991 ἀναξίου,
1245 3930 1312 3989 ὡς
1341 3927 1507 3999 στόμα
1532 3952 1627 4002 μου
1665 3931 1786 4006 ἴση*

219 4014 296 4065 καί
314 4013 726 4082 ἀναστρέφουσιν
764 4018 910 4070 αὐτοὶ
937 4019 1065 4091 πρὸς
1094 4022 1150 4072 σέ
1169 4060 1183 4081 ,
1215 4024 1298 4074 καὶ
1323 4024 1388 4073 σύ
1416 4023 1500 4075 οὐκ
1538 4024 1787 4099 ἀναστρὲ-

217 4098 326 4168 ipsi;
346 4102 473 4175 πρὸς
501 4104 716 4163 αύτούς.
745 4107 834 4157 Καὶ
865 4103 1015 4160 δώσω
1042 4128 1099 4161 σε
1142 4116 1215 4180 τῷ
1251 4109 1350 4179 λαῷ
1376 4110 1562 4179 τούτῳ,
1590 4116 1658 4173 ὡς
1683 4123 1788 4170 τεῖ-

221 4216 315 4266 χος
340 4199 561 4268 χαλκοῦν
588 4203 672 4254 καί
691 4201 903 4273 ὀχυρόν.
949 4200 1227 4277 Τοιγαροῦν
1259 4205 1345 4259 ἐὰν
1370 4213 1432 4279 τῇ
1458 4203 1667 4276 δυνάμει
1700 4217 1790 4269 τῆς

220 4292 433 4358 χάριτος
458 4294 657 4348 εὐήνιον
683 4292 850 4355 ἕξουσι
878 4294 964 4348 τὸν
987 4294 1243 4367 λογισμόν,
1273 4300 1358 4349 καὶ
1391 4300 1450 4352 τό
1474 4292 1563 4358 οὖς
1588 4301 1791 4357 εὐήκοον

218 4382 288 4438 εἷς
304 4381 362 4434 τό
386 4384 653 4438 πεισθῆναι
674 4385 758 4437 καί
783 4385 998 4438 ἀκοῦσαι
1017 4394 1180 4456 φωνῆς
1209 4390 1391 4461 Κυρίου
1416 4394 1504 4443 τοῦ
1528 4392 1791 4461 ἐπιγνῶναι

219 4472 360 4526 αὐτόν
405 4471 472 4527 δι’
494 4474 707 4534 ἀληθοῦς
737 4475 998 4548 ὁμολογίας
1016 4518 1031 4542 ,
1057 4481 1289 4551 κύρωσον
1314 4481 1525 4537 ἕκαστον
1551 4485 1712 4537 αὐτῶν
1741 4487 1790 4539 ἐν

1887 3281 2043 3349 Vm)?
2095 3281 2516 3351 Appropinquate
2560 3284 2707 3348 mihi,
2760 3296 2807 3338 et
2853 3289 3272 3356 apprOpinqnabo
3318 3292 3459 3345 vobis

1888 3370 2025 3442 (Jac.
2046 3370 2141 3441 tv),
2165 3373 2252 3427 dic
2275 3383 2293 3425 t
2317 3374 2601 3439 Dominus;
2630 3377 2746 3442 quia
2767 3375 2899 3430 Deus
2921 3380 3335 3447 appropinquans
3357 3396 3453 3451 ego

1885 3478 2021 3525 sum,
2046 3471 2093 3514 et
2118 3477 2218 3514 non
2238 3460 2374 3515 Deus
2401 3462 2463 3513 de
2492 3464 2640 3533 longe
2669 3463 2888 3535 (Jerem.
2914 3470 3232 3534 xsttt,ju.vta
3257 3467 3454 3533 LXX).

1888 3553 2061 3619 Prope
2109 3555 2243 3606 enim
2294 3554 2537 3608 Dominus
2578 3557 2810 3609 omnibus
2854 3557 3205 3611 invocantibus
3244 3575 3355 3612 eum
3400 3560 3455 3614 in

1888 3648 2093 3700 veritate
2125 3644 2295 3715 (Psat.
2318 3648 2515 3715 cmv),
2544 3661 2662 3713 qua:
2712 3662 2741 3700 a
2768 3648 2965 3701 sanctis
2994 3649 3235 3703 Pati-ibus
3263 3652 3453 3719 praedi-

1888 3748 2058 3793 catur.
2112 3739 2180 3793 Et
2208 3754 2338 3793 vero
2370 3756 2435 3792 ne
2464 3738 2769 3807 defatigeris
2815 3742 2913 3794 hoc
2944 3740 3159 3796 faciens.
3191 3742 3454 3813 Scriptum

1888 3840 1971 3883 est
1996 3832 2136 3885 enim
2170 3828 2411 3887 :Bonum
2443 3830 2686 3899 facientes
2718 3847 2781 3884 ne
2816 3832 3089 3899 deficiatis.
3131 3834 3341 3900 Optime
3369 3848 3464 3886 an-

1890 3932 1993 3976 tem
2027 3921 2245 3974 audiens
2269 3921 2531 3974 dicentem
2564 3918 2811 3974 :Fratres
2847 3923 2968 3987 mei,
3013 3924 3059 3976 si
3078 3924 3192 3990 quis
3233 3939 3297 3976 ea:
3324 3923 3463 3978 vobis

1889 4012 2070 4064 erravit
2105 4027 2136 4063 a
2176 4012 2398 4075 veritate,
2433 4023 2479 4064 et
2519 4012 2761 4063 convertit
2789 4013 2901 4080 quis
2936 4028 3047 4064 eum
3068 4052 3085 4077 ,
3125 4014 3255 4066 scire
3295 4014 3462 4078 debet,

1888 4104 2125 4172 quoniam
2157 4104 2245 4171 qui
2281 4114 2563 4155 convertere
2605 4102 2778 4171 fecerit
2822 4110 3135 4171 peccatorem
3194 4102 3257 4155 ab
3290 4119 3465 4158 errore

1891 4197 1983 4248 via:
2004 4209 2130 4261 suae,
2154 4195 2362 4246 salvabit
2385 4195 2605 4245 animum
2627 4194 2737 4264 ejus
2766 4209 2797 4245 α
2825 4204 2984 4246 morte
3005 4203 3053 4246 et
3074 4194 3263 4260 aperiet
3288 4194 3463 4247 multi-

1893 4285 2117 4337 tudinem
2143 4293 2463 4353 peccatorum
2503 4281 2646 4349 (Jac.
2681 4282 2758 4353 v).
2786 4284 2849 4336 Et
2877 4298 3083 4336 rursum
3120 4301 3133 4335 :
3160 4284 3220 4335 Si
3246 4300 3429 4353 separa
3454 4310 3464 4329 ε

1890 4375 2015 4427 veris
2038 4376 2312 4443 pretiosum
2338 4391 2367 4425 a
2393 4374 2498 4432 cili,
2521 4374 2670 4441 quasi
2715 4389 2770 4425 os
2813 4388 2979 4425 meum
3004 4374 3134 4438 eris;
3175 4384 3223 4425 et
3259 4389 3467 4427 conver-

1897 4473 2062 4515 tentur
2088 4464 2184 4528 ipsi
2206 4467 2271 4515 ad
2296 4473 2362 4529 te,
2391 4470 2437 4514 ct
2469 4473 2522 4514 tu
2550 4479 2651 4517 non
2679 4463 2981 4515 converteris
3010 4463 3075 4514 ad
3102 4478 3207 4515 eos.
3242 4460 3307 4513 Et
3330 4461 3465 4514 dabo

216 4567 274 4635 τῇ
299 4560 400 4635 ἰδίᾳ
429 4565 572 4627 τάξει
595 4564 847 4633 βεϐαίως,
875 4565 1193 4623 ἐπιδιδόντων
1221 4572 1387 4625 αὐτῶν
1419 4574 1786 4647 ἐνυπογράφους

1895 4566 1940 4606 te
1975 4555 2161 4624 populo
2186 4556 2302 4606 huic
2337 4555 2389 4605 in
2417 4570 2617 4606 murum
2640 4570 2857 4618 amcam,
2892 4555 3072 4623 fortem
3096 4551 3306 4622 (Jerem.
3339 4554 3462 4621 xv).

216 4651 463 4714 λιϐεέλλονς
507 4658 627 4727 περὶ
652 4664 744 4715 τῆς
770 4655 1033 4728 ὀρθοδόξου
1062 4665 1313 4723 πίστεως,
1349 4665 1422 4722 εἰς
1448 4665 1506 4717 τό
1535 4656 1788 4739 καρπογο-

218 4751 366 4816 ρῆσαι
386 4747 474 4797 καί
492 4745 680 4805 αύτούς
698 4754 769 4819 τῷ
787 4755 896 4818 Θεῷ
915 4753 1005 4806 την
1029 4749 1209 4825 ἐτέρων
1234 4751 1539 4827 ἐπιστροφήν
1567 4759 1647 4808 καὶ
1673 4756 1789 4828 βελ-

216 4837 407 4889 τίωσιν*
441 4836 528 4890 ἵνα
564 4839 761 4911 καρπόν
800 4839 957 4893 πολύν
999 4842 1228 4915 φέροντες
1250 4880 1265 4905 ,
1295 4847 1516 4914 μείζονος
1540 4847 1790 4909 ἀξιωθῶσι

222 4930 357 5000 ποιρά
384 4933 479 4981 τοῦ
516 4929 695 5002 Κυρίου
724 4936 1056 4999 τιμῆς.·1“οῦτο
1086 4930 1139 4985 δὲ
1170 4937 1418 4991 σκοπήσει
1442 4938 1644 4995 παντως-
1672 4940 1701 4994 ἡ
1724 4943 1790 4996 σὴ

216 5020 404 5088 ἀγάπη,
438 5020 491 5072 ἓν
529 5026 645 5079 τοῖς
673 5021 795 5091 παρ’
810 5022 967 5081 αὐτῆς
998 5026 1321 5096 κυρουμένοις
1347 5024 1377 5083 ἧ
1404 5030 1793 5101 χειροτονουμέο

220 5127 310 5167 νοις
330 5146 346 5170 ,
370 5112 563 5179 μήπως
590 5110 720 5183 πρὸς
749 5116 811 5182 τῇ
837 5108 943 5164 κατ’
964 5113 1151 5172 αύτούς
1180 5114 1370 5185 αἱρέσει
1499 5136 1792 5190 καταργου-

222 5206 333 5271 μένῃ
363 5201 673 5277 παράύτῶν
692 5201 777 5257 διά
793 5209 886 5259 τοῦ
909 5201 1251 5277 ἔπιδιδομὲνου
1275 5208 1519 5271 λιϐἐλλου,
1542 5213 1623 5262 καί
1644 5210 1794 5283 ἕτερά

222 5310 324 5346 τινα
351 5294 756 5368 παραπτώματα
782 5298 855 5363 τῷ
883 5294 1044 5349 κανόνι
1071 5296 1447 5366 σεσημειωμίνα
1469 5295 1645 5350 κωλύει
1670 5299 1794 5351 τού-

221 5399 314 5435 των
349 5386 441 5438 τήν
483 5383 799 5456 ἐπεκύρωσεν
827 5379 857 5439 ἣ
890 5387 981 5440 τήν
1021 5388 1359 5457 χειροτονίαν.
1390 5383 1657 5439 ’Δδύνατον
1696 5387 1792 5458 γὰρ

219 5472 581 5544 συγκαλύπτειν
598 5473 629 5532 ἦ
658 5473 1009 5550 παρατρέχειν
1036 5475 1101 5529 τά
1119 5479 1187 5546 μή
1209 5474 1357 5529 τόπον
1386 5473 1582 5544 ἔχοντα
1600 5495 1795 5548 προση-

221 5562 405 5623 ἠντως
434 5565 732 5636 ἀπολογίας.
758 5563 902 5616 ’Λλλά
926 5567 1284 5639 παραιτεῖσθαι
1318 5565 1576 5623 παντελῶς
1604 5566 1655 5617 ἐν
1682 5572 1794 5625 τοῖς

222 5650 615 5727 γιλκμσρτὴμοεσι
636 5658 734 5711 τήν
760 5653 811 5715 ἐξ
840 5656 1120 5721 οἰκονομίας
1156 5654 1239 5707 ἐπὶ
1266 5660 1365 5709 τῶν
1390 5655 1631 5708 τοιούτων
1659 5654 1794 5708 ὀλισ-

224 5738 442 5805 θημάτων
476 5746 815 5817 συγγνώμην,
855 5741 941 5794 ἵνα
976 5746 1045 5810 μή
1076 5741 1224 5795 πλέον
1261 5743 1405 5796 αὐτοί
1432 5763 1485 5797 τε
1514 5743 1794 5815 βαροῦνται

229 5823 509 5906 {Mutat}
534 5833 621 5891 διὰ
650 5837 750 5891 τήν
783 5829 1144 5905 καταγρόνησιν
1165 5837 1255 5888 τοῦ
1286 5832 1510 5901 κανόνος,
1538 5835 1616 5889 καί
1644 5833 1791 5904 ἡμεῖς

1894 4646 2227 4717 Quapmpter
2278 4648 2323 4701 si
2352 4647 2528 4699 virtuti
2572 4646 2759 4712 gratiae
2802 4657 3034 4699 mentem
3081 4645 3463 4711 obsequentem

1897 4739 2184 4805 habebunt,
2214 4747 2267 4791 et
2294 4739 2625 4790 obedientem
2675 4749 2879 4798 aurem,
2914 4742 2972 4788 ut
3021 4733 3476 4803 persnadeantnr,

1895 4838 1949 4885 et
1976 4831 2191 4884 audiant
2222 4844 2399 4881 vocem
2427 4827 2657 4891 Domini,
2688 4833 2745 4879 ut
2770 4840 2890 4880 eum
2921 4839 3018 4896 per
3038 4841 3219 4879 veram
3249 4825 3471 4882 confes-

1896 4924 2097 4976 sionem
2134 4927 2485 4989 cOgnoscant;
2533 4920 2790 4974 conﬁrma
2821 4934 3249 4989 unumquemque
3275 4935 3474 4976 eorum

1900 5014 1952 5066 in
2005 5013 2219 5080 proprio
2264 5011 2471 5077 ordine,
2521 5012 2746 5079 scriptos
2786 5009 2993 5065 libellos
3042 5010 3170 5080 ipsis
3216 5012 3475 5067 dantibus

1898 5106 1963 5160 de
2007 5106 2299 5159 orthodoxa
2347 5104 2466 5169 ﬁde,
2516 5114 2571 5158 ut
2601 5101 2831 5158 fructum
2860 5104 2971 5160 Deo
3009 5104 3202 5172 ierant,
3234 5106 3478 5161 aliorum

1899 5195 2297 5249 conversionem
2343 5204 2397 5246 et
2440 5193 2884 5260 meliorationem,
2934 5202 3091 5263 atque
3137 5203 3194 5247 ut
3238 5195 3471 5248 multum

1901 5286 2125 5341 fructum
2172 5288 2475 5351 aﬂerentes,
2518 5286 2720 5355 majore
2760 5299 2792 5337 a
2821 5286 2931 5341 Deo
2958 5286 3173 5341 honore
3191 5285 3334 5354 digni
3368 5289 3471 5337 han

1902 5378 2146 5431 beantnr.
2201 5377 2312 5431 Hoc
2344 5378 2499 5431 etiam
2549 5380 2773 5431 omnino
2813 5376 3053 5432 advertet
3092 5374 3324 5430 Charitas
3355 5382 3473 5438 tua.

1901 5466 1952 5520 in
1986 5469 2051 5522 iis
2080 5469 2169 5537 qui
2217 5470 2284 5522 ab
2332 5469 2443 5537 ipsa
2492 5469 2894 5532 conﬁrmantur,
2934 5476 3026 5522 aut
3064 5466 3347 5534 eliguntur,
3394 5478 3476 5517 nia

1900 5574 2005 5627 quo
2035 5559 2217 5623 modo,
2247 5569 2437 5628 praeter
2466 5559 2706 5613 haeresim
2734 5573 2851 5627 qua:
2879 5556 2947 5612 ab
2981 5556 3108 5625 ipsis
3132 5554 3255 5609 dato
3284 5552 3477 5606 libello»

1901 5659 2208 5715 evacuatur,
2256 5649 2355 5702 alia
2402 5648 2640 5718 quaedam
2686 5655 2922 5714 peccata,
2952 5652 3077 5698 nota
3118 5654 3340 5705 canone,
3373 5652 3467 5694 eo-

1902 5756 2022 5795 rum
2069 5739 2359 5807 impediant
2385 5738 2470 5793 vel
2508 5733 2986 5797 eonﬁrmationem,
3016 5732 3099 5787 vel
3127 5730 3471 5786 electionem..

1903 5828 2234 5902 impossibile
2275 5830 2416 5886 enim
2459 5836 2542 5885 est
2578 5840 2640 5882 ca
2680 5834 2982 5892 contegere,
3026 5826 3105 5883 vel
3147 5820 3473 5894 pratentib-
