3950 6344
489 335 591 393 159

1763 331 1820 386 8.
1855 325 2136 384 ΜΜῖΤΙΝΙ
2180 323 2379 380 ΡᾹΡίε

3657 331 3764 390 1⁸30

485 459 617 514 tere,
655 464 773 517 qua:
819 449 1178 504 continentem
1230 445 1404 500 locum
1452 442 1780 499 defensionis
1832 456 1934 492 non
1965 438 2057 491 lia-

2166 438 2261 491 ὑπὸ
2283 436 2468 506 μέμψιν
2495 437 2763 508 γενώμεθα,
2782 440 2870 491 τοῦ
2893 442 3207 508 παρανομεῖν
3234 435 3406 497 αὐτοῖς
3428 436 3641 509 ίφιίντες
3661 447 3758 502 τὸν

487 539 648 605 bent;
702 539 794 595 sed
841 539 1061 592 omnino
1111 538 1162 591 in
1215 535 1280 590 iis
1323 535 1412 604 qui
1464 535 1691 589 libenter
1746 539 1968 600 peccant
2017 536 2071 582 et

487 640 668 684 amant
698 631 1221 699 peccare,dcnegzire
1244 636 1452 696 Oportet
1482 641 1598 680 eam
1630 624 1838 678 veniam
1867 637 1987 691 qua:
2017 621 2067 674 in

489 720 790 788 liujusmodi
821 720 1051 789 lapsibus
1074 735 1136 772 ex
1165 717 1564 786 dispensatione
1594 715 1772 775 datur,
1799 728 1863 766 ne
1888 721 1940 766 et
1971 711 2068 778 ipsi

491 820 709 880 propter
752 811 970 865 canonis
1000 817 1362 875 centemptum
1395 806 1620 873 amplius
1664 812 1968 873 graventur,
2017 810 2070 855 et

489 917 588 955 nos
635 902 687 956 in
733 902 888 970 culpa
950 900 1149 963 simus,
1202 899 1396 968 injuste
1452 896 1639 965 agendi
1691 897 1754 948 iis
1803 893 2067 948 licentiam

490 994 884 1060 permittentes.
942 991 1260 1046 Defensores
1290 990 1428 1043 enim
1461 988 1760 1041 divinorum
1806 1000 2069 1039 canonum

488 1095 542 1136 et
573 1084 821 1138 custodes
850 1098 1053 1144 sumus,
1087 1098 1190 1135 non
1230 1079 1696 1148 praevaricatores,
1729 1077 2068 1147 quandoqui-

488 1173 609 1226 detn
660 1172 1181 1241 praevaricationibus
1239 1169 1537 1238 conjuncta:
1589 1168 1870 1221 manifesto
1919 1167 2069 1220 retri-

487 1265 736 1318 butiones
780 1272 925 1317 sunt.
974 1262 1136 1330 Cujus
1176 1263 1250 1315 rei
1282 1262 1468 1329 gratia,
1506 1260 1782 1313 hortamur
1810 1274 2066 1312 canonem

487 1357 759 1411 observari
823 1355 874 1407 in
924 1354 988 1406 iis
1023 1352 1106 1420 qui
1154 1361 1350 1420 praeter
1395 1360 1626 1404 mentem
1673 1365 1735 1404 ac
1781 1350 2065 1403 scientiam

486 1450 692 1518 seipsos
717 1449 986 1518 elegerunt
1008 1447 1086 1499 vel
1112 1445 1302 1499 delecti
1327 1453 1450 1498 sunt
1475 1445 1524 1497 in
1555 1443 1873 1512 patriarcliia
1901 1443 2070 1497 beata:

489 1537 759 1592 memoria:
805 1536 1110 1604 Suplironii.
1145 1535 1244 1598 Qui
1292 1549 1420 1587 sane
1465 1544 1587 1588 ante
1637 1535 1801 1599 ipsius
1848 1535 2070 1600 patriar-

488 1631 684 1695 cliiam,
718 1630 800 1684 vel
835 1640 953 1698 post
1000 1630 1279 1683 decessum
1334 1627 1384 1680 in
1421 1627 1664 1687 Domino,
1697 1643 1724 1680 a
1751 1627 2068 1694 quibusdam

487 1740 592 1778 non
623 1723 1000 1777 convenienter
1027 1721 1180 1778 electi
1206 1728 1358 1784 sunt,
1409 1729 1624 1788 propter
1654 1717 1956 1787 anguSIiam
1988 1718 2069 1785 (ut

2176 525 2370 582 ἄδειαν.
2402 526 2687 584 Ἐκδικηταί
2714 529 2814 600 γάρ
2855 529 2936 580 καί
2975 528 3220 597 φύλακες,
3251 527 3359 582 ἀλλ’
3373 531 3428 581 οὐ
3457 533 3763 604 παραϐάται

2173 625 2272 671 τῶν
2293 619 2435 669 θείων
2474 618 2691 671 κανόνων
2715 618 3041 691 ὑπάρχομεν.
3069 616 3242 676 ἐπειδὴ
3264 627 3377 678 ταῖς
3399 622 3763 692 παραϐάσεσι,

2173 712 2385 780 συζυγοι
2404 707 2664 781 προδήλως
2682 710 2733 762 αί
2756 706 3126 768 ἀνταποδόσεις
3145 711 3514 779 τυγχάνουσιν.
3532 709 3604 764 Οὖ
3626 735 3766 773 τινος

2174 803 2328 876 χάριν
2349 802 2668 872 φυλαχθῆναι
2690 801 2776 855 τόν
2803 799 2984 853 κανόνα
3004 809 3370 872 παρεγγυῶμεν
3394 803 3473 855 ἐπί
3497 810 3596 855 τῶν
3617 807 3767 876 παρά

2171 898 2371 967 γνώμην
2394 899 2478 949 καὶ
2504 893 2692 952 εἴδησιν
2715 895 3313 970 αὐτοχειροτονησάντων
3338 894 3366 952 ἦ
3391 898 3768 969 χειροτονηθέν-

2172 1009 2271 1040 των
2312 989 2395 1040 έπί
2423 997 2514 1046 τῆς
2540 987 2899 1060 πατριαρχίας
2924 992 3015 1038 τοῦ
3049 985 3096 1038 ἐν
3125 989 3350 1058 μακαρίᾳ
3378 995 3439 1059 τῇ
3463 991 3629 1059 μνήμῃ
3656 998 3765 1041 Σω··

2172 1083 2389 1153 φρονίου.
2414 1083 2546 1139 Τοὺς
2571 1082 2659 1150 μέν
2688 1100 2766 1132 τοι
2787 1079 2885 1152 πρὸ
2905 1087 2994 1136 τῆς
3017 1080 3174 1132 αὐτοῦ
3197 1081 3615 1154 πατριαρχίας,ἧ
3634 1082 3768 1151 μετά

2173 1175 2260 1227 τήν
2285 1171 2330 1223 έν
2354 1175 2512 1243 Κυρίῳ
2537 1168 2758 1247 [δυρριιε
2775 1167 2970 1236 ἔξοδον]
2990 1172 3435 1244 χειροτονηθέντας
3452 1175 3592 1244 παρά
3615 1195 3768 1228 τινων

2173 1263 2231 1313 οὐ
2251 1260 2630 1335 προσηκόντως,
2647 1259 2727 1314 διὰ
2743 1267 2832 1318 τήν
2851 1261 3116 1325 στένωσιν,
3135 1263 3201 1319 ὡς
3222 1259 3430 1334 εἴρηται,
3449 1268 3536 1315 τοῦ
3561 1271 3763 1337 καιροῦ,

2174 1359 2255 1406 καὶ
2283 1359 2370 1412 τὴν
2405 1357 2618 1427 ἀπορίαν
2646 1361 2738 1408 τοῦ
2771 1362 3076 1428 χειροτονεῖν
3101 1353 3130 1413 ἦ
3161 1356 3446 1426 ἐπιτρέπειν
3495 1358 3762 1430 έγκρίτως,

2173 1444 2282 1502 ἤτοι
2307 1447 2438 1498 κατὰ
2460 1445 2693 1507 κανόνας,
2718 1445 3016 1515 ὀφείλοντος,
3049 1446 3168 1503 τοὺς
3197 1442 3456 1504 τοιούτους
3486 1448 3766 1520 κυρωθῆναι

2173 1539 2568 1611 προστάσσομεν
2593 1580 2606 1601 ,
2639 1535 2719 1590 διὰ
2749 1546 2838 1595 τῆς
2868 1534 3148 1596 ἐπιδόσεως
3178 1541 3277 1588 τῶν
3307 1536 3663 1610 ένυπογράφων
3691 1539 3766 1590 λι·

2177 1629 2376 1690 ϐέλλων,
2407 1627 2636 1698 οὐδαμῶς
2661 1628 2876 1682 ἐντεῦθεν
2899 1633 2988 1680 τοῦ
3015 1626 3215 1684 κανόνος
3243 1631 3764 1698 προκριματιζομένου

2175 1722 2265 1769 τοῦ
2297 1717 2518 1769 σύνολον.
2560 1712 2675 1769 Οἶδε
2724 1715 2877 1787 γάρὸ
2918 1718 3076 1768 κανὼν
3121 1715 3385 1783 ἀπονέμειν
3430 1719 3763 1787 συγγνώμην.

486 1815 684 1867 dictum
715 1811 820 1881 est)
849 1811 1122 1879 temporis,
1153 1809 1235 1862 vel
1267 1808 1407 1877 quod
1438 1808 1552 1875 ejus
1583 1808 1733 1875 copia
1770 1821 1872 1858 non
1900 1814 2061 1867 esset,

2175 1815 2281 1865 τοῖς
2310 1815 2407 1860 τῶν
2433 1807 2670 1879 θλιϐερῶν
2695 1814 2880 1878 καιρῶν
2908 1803 3169 1876 διωγμοῖς,
3195 1806 3246 1858 ίν
3275 1801 3368 1866 οἷς,
3398 1807 3452 1857 οὐ
3476 1811 3764 1880 προηγηται

485 1904 600 1973 qui,
627 1902 828 1972 judicio
858 1899 1118 1964 adhibito,
1151 1897 1264 1952 sive
1289 1899 1437 1966 juxta
1470 1911 1704 1950 canones
1743 1895 1944 1964 eligere
1974 1894 2069 1948 de-

491 1993 674 2058 beret,
724 1993 805 2046 vel
852 1991 1194 2060 permittere,
1243 1990 1376 2042 tales
1431 1989 1567 2041 datis
1618 1986 1828 2056 scriptis
1879 1984 2070 2039 libellis

489 2082 794 2138 conﬁrmari
836 2081 1170 2143 mandamus,
1215 2079 1520 2132 nullatenus
1558 2076 1680 2130 inde
1716 2075 1902 2128 canoni
1933 2089 2069 2142 pra:-

483 2175 685 2243 judicio
728 2174 885 2227 facto.
931 2173 1085 2227 Novit
1118 2173 1259 2227 enim
1299 2187 1469 2226 canon
1512 2171 1826 2226 aiﬁictorum
1861 2179 2068 2237 tempo-

488 2281 606 2320 rum
657 2265 1112 2334 persecutionibus
1169 2265 1380 2319 veniam
1434 2265 1710 2328 tribuere,
1766 2264 1819 2316 in
1875 2261 2066 2330 quibus

495 2367 833 2425 contemptus
871 2372 976 2412 non
1021 2356 1316 2426 praecessit,
1349 2355 1838 2423 przevaricationem
1889 2355 2069 2406 redar-

487 2459 675 2516 guens,
707 2445 802 2502 sed
830 2446 1070 2516 angustia
1117 2448 1286 2515 magis
1336 2456 1388 2500 et
1434 2448 1678 2514 penuria,
1709 2459 1828 2514 quae
1854 2453 2071 2512 propter

493 2535 869 2592 necessitatem
919 2552 986 2592 ex
1014 2538 1382 2593 misericordia
1413 2539 1554 2606 cogit
1599 2537 1816 2589 multam
1846 2535 2070 2604 diligen-

490 2629 623 2682 tiam
655 2628 1084 2698 prietermittere.
1135 2628 1240 2684 Sed
1273 2629 1385 2682 haec
1414 2628 1480 2681 de
1508 2627 1642 2680 istis.
1677 2625 1802 2695 Ejus
1831 2640 1955 2679 vero
1981 2624 2068 2694 qui

489 2715 627 2772 false
680 2717 1016 2786 episcopatus
1071 2718 1170 2772 sibi
1222 2732 1414 2772 nomen
1468 2717 1712 2782 afﬁnxit,
1775 2716 2067 2771 Macedonii

489 2809 638 2877 dico,
670 2811 1003 2879 importunas
1035 2811 1330 2865 litterarum
1363 2811 1557 2878 minas,
1588 2812 1700 2864 sive
1733 2812 2070 2876 prote~tatio-

488 2912 641 2964 nem,
678 2898 884 2953 fortiter
927 2899 1193 2967 despuito,
1240 2909 1296 2952 ut
1338 2900 1506 2954 rabidi
1534 2901 1680 2954 canis
1709 2909 1761 2953 et
1803 2896 2068 2952 temerarii

487 2988 773 3053 latratum;
819 2989 1126 3044 auscultans
1164 2989 1212 3044 ei
1245 2991 1333 3060 qui
1363 2991 1490 3044 dicit
1519 3008 1531 3043 :
1573 2990 1751 3042 Nolite
1779 2991 1952 3044 timere
1978 3005 2068 3060 0p-

487 3078 750 3148 probrium
789 3078 1073 3142 hominum.
1106 3089 1152 3134 et
1178 3091 1465 3150 contemptu
1501 3097 1671 3135 eorum
1712 3099 1772 3136 ne
1795 3083 2066 3135 vincamiui

2168 1897 2260 1964 μὲν
2290 1896 2651 1969 καταφρόνησις
2693 1895 2983 1966 ἐλέγχουσα
3010 1899 3098 1950 την
3133 1894 3445 1964 παράϐασιν·
3481 1902 3682 1966 συνοχῇ
3708 1893 3765 1948 δέ

2168 1984 2352 2052 μᾶλλον
2386 1988 2470 2038 καί
2511 1986 2701 2058 ἀπορίᾳ
2739 1984 3007 2054 βιαζομένῃ
3037 2003 3146 2041 πως
3185 1980 3267 2036 διὰ
3311 1988 3400 2040 τήν
3444 1984 3684 2052 ἀνάγκην,
3711 1985 3766 2047 ἐξ

2169 2070 2338 2129 οἴκτου
2378 2082 2714 2148 παραχωρεῖν
2742 2078 2834 2130 τὴν
2859 2071 3132 2143 ἀκρίϐειαν.
3163 2069 3305 2126 Ἀλλά
3327 2078 3493 2124 ταῦτα
3519 2074 3608 2139 μὲν
3637 2073 3765 2140 περὶ

2168 2163 2384 2218 τούτων.
2433 2171 2534 2218 Τοῦ
2572 2185 2628 2235 γε
2675 2169 2771 2232 μὴν
2817 2161 3168 2229 ψευδωνύμως
3205 2166 3294 2218 τὴν
3348 2170 3439 2220 τῆς
3480 2162 3764 2219 ἐπισκοπῆς

2171 2249 2336 2321 ἑαυτῷ
2364 2252 2774 2327 περιπλάσαντος
2822 2252 3114 2320 ὀνομασίαν,
3148 2247 3452 2303 Μακεδονὸου
3482 2249 3627 2319 λέγω,
3667 2253 3764 2306 τήν

2170 2337 2254 2394 διὰ
2282 2341 2597 2412 γραμμάτων
2619 2337 2825 2412 ἄκαιρον
2849 2339 3073 2401 ἀπειλὴν,
3097 2338 3210 2396 ἤτοι
3238 2336 3610 2410 διαμαρτυρίαν
3635 2358 3763 2391 συν-

2168 2435 2321 2494 τόνως
2352 2433 2636 2489 διάπτυσον
2667 2436 2733 2492 ὠς
2763 2433 2944 2490 ὑλακήν
2972 2432 3264 2491 λυσσῶντος
3292 2434 3375 2483 καί
3411 2432 3626 2484 ἀτάκτου
3663 2451 3762 2484 κν-

2167 2530 2272 2592 νός,
2305 2528 2502 2583 ἀκο·5ων
2529 2535 2620 2584 τοῦ
2640 2530 2886 2601 λέγοντος·
2912 2534 2986 2586 Μή
3009 2528 3237 2597 φοϐεῖσθε
3266 2525 3546 2598 ὀνειδισμὸν
3566 2527 3762 2600 ἀνθρώ-

2169 2644 2298 2685 πων,
2331 2625 2411 2674 καὶ
2439 2629 2510 2691 τῷ
2544 2621 2805 2692 φαυλισμῶ
2845 2621 3013 2674 αὐτῶν
3049 2625 3117 2686 μη
3158 2620 3394 2674 ἡττᾶσθε.
3437 2625 3623 2671 Τοῦτον
3653 2619 3760 2691 γὰρ

2170 2712 2395 2783 οὐδαμῶς
2425 2710 2551 2766 οἶδεν
2581 2714 2847 2767 ἐπίσκοπον
2873 2714 2902 2770 ἡ
2929 2712 3158 2770 καθολική
3184 2712 3444 2770 Ἐκκλησία
3471 2750 3486 2777 ,
3519 2708 3576 2765 οὗ
3602 2711 3758 2781 μόνον

2169 2802 2254 2860 διά
2279 2809 2336 2861 τὸ
2365 2809 2509 2880 παρά
2540 2807 2746 2865 κανόνας
2772 2807 2922 2860 αὐτόν
2963 2805 3040 2858 ἐπ’
3057 2803 3346 2864 ἀλλοδαπῆς
3385 2811 3473 2862 τήν
3509 2803 3758 2862 τοιαύτην

2167 2897 2472 2967 ἀσυμφώνως
2494 2901 2581 2950 καί
2601 2895 2732 2964 δίχα
2758 2897 2944 2954 παντὸς
2972 2897 3198 2970 ἐγκρίτου
3222 2895 3546 2967 ψηφίσματος
3575 2917 3760 2968 σφετε-

2167 2989 2407 3064 ρίσασθαι
2438 2992 2805 3061 προσηγορίαν,
2831 2987 2954 3040 ἀλλά
2977 2989 3055 3040 καί
3082 2989 3140 3040 τὸ
3164 2985 3413 3062 όμόφρονά
3435 3007 3487 3041 τε
3514 2991 3595 3041 καί
3622 2987 3757 3057 ὀμόσ-

2168 3077 2304 3142 δοξον
2335 3080 2587 3156 ὑπάρχειν
2627 3086 2733 3138 τοῖς
2771 3079 3077 3153 αἶρετικοῖς’
3110 3079 3155 3132 οἷ
3189 3099 3321 3138 τινες
3367 3081 3454 3134 καί
3495 3081 3757 3153 πάρεργον

490 3167 627 3240 (Ιεα.
668 3183 742 3237 ιι,
786 3173 942 3241 juxta
985 3171 1177 3242 LXX).
1231 3173 1382 3228 llunc
1429 3176 1568 3227 enim
1617 3175 1921 3242 episcopum
1976 3189 2061 3229 ca—

2171 3177 2261 3228 τῆς
2301 3168 2431 3229 ἰδίας
2459 3171 2701 3242 α’ρὲσεως
2738 3175 2828 3227 τήν
2859 3171 3021 3224 αὐτοῦ
3061 3169 3394 3242 φαυλίσαντες
3433 3164 3759 3241 έσχεδίσίσαν

492 3257 693 3313 tholica
725 3260 958 3316 Ecclesia
1007 3264 1152 3318 nullo
1197 3264 1356 3318 modo
1383 3264 1548 3330 novit,
1583 3281 1687 3318 non
1717 3267 1890 3321 solum
1921 3269 2064 3338 quod

493 3348 539 3404 is
568 3360 761 3419 praeter
784 3365 1016 3407 canones
1047 3355 1097 3407 in
1129 3364 1350 3409 externa
1383 3357 1598 3424 regione
1623 3357 1736 3411 sine
1777 3371 2062 3424 coiisensu,

493 3455 550 3501 et
613 3447 814 3516 absque
883 3449 991 3502 ullo
1032 3451 1276 3519 decreto,
1325 3451 1461 3505 banc
1509 3452 1606 3506 sibi
1653 3453 2064 3521 appellationem

490 3541 787 3607 usurpavit,
818 3541 912 3595 sed
952 3551 1004 3596 et
1034 3543 1174 3611 quod
1219 3545 1516 3598 consentiat
1549 3545 1808 3599 haereticis
1839 3546 1925 3614 qni
1955 3546 2065 3599 lia:-

488 3641 671 3682 reseos
716 3645 825 3684 sua:
874 3632 1242 3699 appendicem,
1292 3634 1408 3702 ejus
1456 3635 1768 3689 electionem
1801 3650 1894 3703 per
1939 3649 2066 3689 con-

489 3725 746 3788 temptum
796 3723 1130 3777 tumultuarie
1187 3724 1469 3789 fecerunt,
1518 3726 1963 3794 quemadmodum
2012 3735 2066 3781 et

492 3811 656 3876 Petri,
701 3812 789 3879 qui
830 3813 896 3866 ab
934 3815 996 3867 iis
1037 3817 1335 3869 nominatus
1365 3827 1445 3870 est
1483 3829 1536 3871 et
1582 3819 1921 3872 assimulatus
1953 3821 2064 3888 cpi:

487 3915 680 3970 scopus
710 3902 1062 3971 Alexandriae,
1092 3917 1147 3960 ut
1177 3924 1272 3976 per
1302 3910 1478 3978 plures
1507 3919 1559 3964 et
1589 3912 1909 3979 ascriptitias
1941 3929 2064 3980 per-

489 4008 650 4048 sonas
700 3993 941 4050 bzeresim
994 4013 1142 4052 suam
1193 4001 1528 4055 munitiorem
1581 4005 1761 4073 utique
1815 4006 2058 4076 reddant,

491 4095 649 4150 quam
681 4098 780 4135 una
810 4098 928 4137 cum
969 4086 1093 4154 ipsis
1143 4088 1617 4155 imprmsentiarum
1671 4096 1926 4150 canonice
1975 4097 2062 4151 hic

489 4180 547 4227 et
588 4174 912 4244 synodaliter
957 4179 1539 4247 anatltematizavimus,
1571 4185 1933 4253 Theodorum,
1983 4187 2058 4240 vi-

489 4263 700 4328 delicet,
745 4266 833 4333 qui
878 4266 1082 4320 Pliaran
1131 4271 1410 4338 episcopus
1465 4273 1592 4338 fuit,
1641 4285 1694 4329 et
1721 4276 1938 4346 Cyrum,
1968 4279 2057 4346 qni

494 4355 850 4423 Alexandriae,
884 4368 938 4414 et
968 4361 1232 4430 Sergium,
1265 4367 1350 4432 qui
1379 4365 1884 4438 Constantinopolis,
1917 4372 2049 4439 ejus-

487 4461 590 4514 que
623 4462 957 4503 successores
987 4452 1242 4519 Pyrrlium
1276 4464 1327 4507 ct
1357 4454 1597 4522 l’aulum,
1649 4469 1700 4512 et
1729 4477 1820 4514 eos
1853 4464 1940 4529 qui
1985 4463 2054 4515 si-

486 4538 627 4591 milia
678 4538 804 4606 ipsis
833 4551 1135 4606 senserunt,
1186 4553 1273 4596 aut
1321 4548 1574 4610 sentiunt,
1608 4551 1690 4602 vel
1719 4553 1968 4620 sentient,
2001 4562 2054 4607 et

482 4642 650 4696 usque
681 4630 734 4681 in
765 4630 921 4684 ﬁnem
954 4648 1056 4684 non
1083 4634 1447 4701 pmnituerint,
1483 4647 1571 4690 aut
1597 4655 1653 4693 se
1684 4644 2007 4696 correxerint
2033 4661 2047 4698 :

475 4723 792 4789 quibuscum
840 4733 894 4776 et
931 4732 1110 4792 typum
1163 4728 1188 4756 ⁸
1228 4741 1344 4794 qua:
1392 4742 1457 4780 ex
1508 4730 1843 4798 suggestione
1889 4731 2049 4799 ipsius

481 4807 632 4863 Pauli
682 4825 851 4878 nuper
905 4811 1037 4864 facta
1087 4822 1187 4878 est,
1221 4825 1403 4870 contra
1455 4819 1809 4886 integritatem
1859 4833 2053 4876 nostra:

479 4897 798 4952 Christiana:
831 4899 952 4952 ﬁdei
989 4918 1002 4952 :
1035 4902 1366 4970 deﬁnientes,
1405 4917 1458 4959 ut
1505 4909 1699 4976 ubique
1729 4926 1913 4964 omnes
1959 4927 2048 4964 or-

481 4990 696 5042 thodoxi
730 4994 812 5058 pie
843 4995 1070 5048 sentiant
1115 5005 1166 5049 et
1210 5002 1581 5068 conliteantur,
1633 5002 1768 5054 sicut
1820 5004 2053 5058 tradide-

477 5091 601 5166 runt
649 5079 799 5134 nobis
848 5086 1097 5154 prmcipui
1145 5089 1424 5142 catholica:
1475 5090 1726 5144 Ecclesia:
1771 5093 1953 5147 Patres
1997 5104 2048 5149 et

477 5180 673 5226 sancta:
717 5171 1042 5230 trniversales
1081 5179 1312 5245 quinque
1365 5181 1594 5247 synodi,
1649 5182 1696 5234 id
1745 5193 1864 5246 est,
1916 5186 2049 5238 duas

478 5260 719 5329 ejusdem
742 5271 793 5314 et
826 5265 982 5317 unius
1011 5265 1220 5320 Domini
1266 5282 1327 5320 ac
1356 5269 1448 5322 Dei
1501 5272 1668 5324 nostri
1698 5271 1821 5325 Jesu
1853 5273 2049 5328 Christi

473 5353 763 5406 secundum
795 5353 1124 5423 bypostasim
1171 5359 1345 5412 unitas
1400 5361 1676 5415 inconfuse
1725 5374 1776 5416 et
1824 5363 2050 5418 indivise

472 5451 730 5507 naturas,
759 5459 824 5498 ex
853 5447 1041 5512 quibus
1081 5458 1132 5501 et
1177 5449 1228 5502 in
1273 5451 1464 5517 quibus
1510 5463 1754 5518 constat;
1811 5455 2051 5523 duasque

471 5527 615 5596 juxta
663 5541 901 5587 naturam
932 5537 1292 5606 operationes,
1325 5555 1386 5594 ac
1413 5541 1545 5598 duas
1591 5545 1741 5611 juxta
1792 5556 2040 5602 naturam

472 5619 791 5691 voluntates,
839 5625 1070 5682 divinam
1117 5639 1170 5684 et
1197 5629 1509 5701 humanam,
1554 5635 1605 5690 in
1647 5651 1752 5690 uno
1781 5647 1832 5691 et
1859 5637 2048 5695 eodem

543 5803 572 5834 ⁸
607 5796 770 5868 Lege,
798 5801 884 5870 qui
907 5800 1066 5870 [nctus
1092 5817 1183 5862 est.
1219 5807 1385 5864 llum.

2171 3265 2514 3333 χειροτονίαν’
2549 3263 2724 3335 ῶσπερ
2750 3256 2836 3314 οὖν
2854 3264 2938 3315 καί
2956 3268 3044 3318 τήν
3062 3262 3250 3334 Πέτρου
3272 3268 3363 3315 τοῦ
3389 3263 3760 3328 ὀνομασθέντος

2167 3355 2333 3413 etSt-oi;
2351 3357 2434 3406 καὶ
2459 3354 2858 3413 ἁναπλασθέντος
2871 3354 3149 3408 ἐπισκόπου
3170 3353 3554 3429 Ἀλεξανδρείας·
3570 3358 3652 3410 ἶνα
3669 3355 3760 3412 διὰ

2167 3446 2402 3501 πλειόνων
2432 3451 2514 3501 καί
2534 3449 2922 3520 παραγράπτων
2953 3450 3232 3522 προσώπων
3255 3449 3584 3520 ὀχυρωτέραν
3607 3447 3757 3506 δῆθεν

2166 3544 2254 3596 τήν
2281 3539 2470 3592 ἑαυτῶν
2510 3541 2830 3610 ἀποφήνωσιν
2875 3540 3089 3612 ατρεσιν·
3126 3540 3182 3595 ἦν
3208 3561 3315 3593 τινα
3343 3542 3436 3591 συν
3463 3541 3637 3599 αὐτοῖς
3667 3541 3756 3594 ἐπεὶ

2167 3636 2257 3684 τοῦ
2283 3631 2529 3703 παρόντος
2554 3637 2814 3689 κανονικῶς
2845 3627 3009 3683 ἐνθάδε
3039 3633 3125 3683 καί
3155 3627 3426 3687 συνοδικῶς
3455 3630 3755 3700 ἀνεθεματί-

2167 3743 2346 3790 σαμεν,
2366 3724 2622 3786 τουτέστι,
2652 3720 2908 3794 Θεόδωρον
2934 3723 3020 3775 τόν
3048 3730 3136 3781 τῆς
3163 3725 3327 3793 Φαράν
3354 3722 3611 3790 γενόμενον
3640 3723 3756 3776 ἐπί-

2169 3833 2358 3866 σκοπον
2383 3852 2396 3876 ,
2428 3817 2510 3866 καί
2548 3815 2702 3886 κῦρον
2737 3813 2819 3866 τόν
2856 3811 3257 3881 Ἀλεξανδρείας,
3303 3815 3387 3864 καὶ
3426 3815 3620 3882 Σέργιον
3663 3813 3755 3866 τόν

2169 3904 2749 3965 κωνσταντινουπόλεως,
2781 3906 2862 3956 καί
2890 3906 3008 3962 τοὺς
3033 3906 3195 3956 αὐτοῦ
3225 3901 3518 3971 διαδόχους.
3551 3902 3752 3973 Πύρῥον

2167 3996 2253 4046 καί
2294 3993 2501 4055 Παῦλον,
2533 3996 2619 4046 καί
2658 3995 2778 4053 τοὺς
2814 3996 2876 4047 τά
2917 3991 3064 4062 ὅμοια
3107 3995 3275 4052 αὐτοῖς
3307 4000 3682 4068 φρονήσαντας,
3715 3994 3750 4052 ἦ

2167 4089 2490 4152 φρονοῦντας,
2518 4082 2546 4140 ἧ
2575 4087 2910 4153 φρονήσοντας
2937 4126 2950 4147 ,
2982 4087 3065 4136 καὶ
3094 4085 3257 4156 μέχρι
3287 4084 3459 4142 τέλους
3499 4089 3564 4140 μὴ
3591 4103 3754 4149 μετα-

2165 4178 2479 4238 νοήσαντας,
2509 4174 2538 4232 ἦ
2575 4174 3033 4249 διορθωσαμένους,
3075 4178 3178 4246 μεθ’
3201 4174 3265 4228 ὧν
3308 4181 3390 4230 καί
3429 4178 3510 4230 τὸν
3555 4179 3749 4249 ἀρτίως

2164 4267 2215 4327 ἐξ
2249 4269 2558 4334 εἰσηγήσεως
2599 4268 2751 4320 αὐτοῦ
2793 4274 2879 4320 τοῦ
2913 4268 3103 4320 Παύλου
3143 4267 3396 4339 γενόμενον
3428 4267 3582 4323 τόπον
3608 4271 3748 4323 κατά

2164 4363 2254 4413 τῆς
2284 4355 2555 4422 ἀμωμήτου
2580 4357 2716 4424 ἡμῶν
2744 4363 2841 4409 τῶν
2863 4364 3174 4429 Χριστιανῶν
3199 4359 3442 4416 πίστεως·
3474 4357 3747 4430 ὁρίσαντες

2167 4450 2437 4512 πανταχοῦ
2469 4446 2659 4502 πάντας
2686 4447 2803 4505 τοὺς
2838 4444 3153 4517 όρθοὸοξους,
3187 4447 3408 4505 εὐσεϐῶς
3438 4456 3627 4519 φρονεῖν
3658 4453 3747 4504 καὶ

2165 4532 2436 4604 ὁμολογεῖν,
2465 4535 2532 4592 ὡς
2559 4533 2849 4602 παρέδωκαν
2875 4538 2992 4591 ήαῖν
3023 4537 3068 4588 oi
3099 4534 3324 4611 ἔγκριτοι
3363 4547 3454 4596 τῆς
3485 4538 3747 4597 καθολικῆς

2155 4623 2445 4683 Ἐκκλησίας
2471 4627 2685 4699 Πατέρες
2708 4666 2721 4687 ,
2758 4632 2836 4679 καὶ
2866 4628 2916 4679 αἱ
2946 4627 3083 4698 ἆγιαι
3112 4634 3195 4682 κι.ί
3223 4633 3560 4698 οἰκουμενικαὶ
3589 4633 3743 4686 πέντε

2157 4713 2384 4776 σύνοδοι,
2419 4718 2651 4770 τουτέστι
2686 4715 2776 4769 δύο
2815 4725 2903 4770 τοῦ
2946 4719 3096 4770 αὐτοῦ
3130 4721 3209 4770 xxi
3249 4720 3354 4776 ἑνός
3394 4722 3571 4794 Κυρίου
3599 4720 3748 4786 ἡμῶν

2157 4808 2242 4858 καὶ
2259 4813 2388 4859 Θεοῦ
2411 4805 2571 4863 Ἰησοῦ
2592 4815 2810 4882 Χριστοῦ
2838 4806 2940 4862 καθ’
2961 4809 3250 4862 ὑπόστασιν
3272 4812 3548 4880 ἡνωμένας,
3575 4811 3747 4881 ἀσυγ-

2158 4895 2337 4964 χ·5το›ς
2385 4900 2467 4949 καί
2514 4897 2836 4972 ἀδιαιρέτως,
2867 4903 2960 4959 τὰς
3007 4902 3209 4969 φυσεις,
3257 4903 3304 4964 ἐξ
3337 4900 3400 4953 ὧν
3441 4906 3522 4954 καί
3564 4903 3609 4952 ἐν
3657 4898 3745 4962 αἶς

2155 4985 2426 5042 συνέστηκε
2447 5002 2459 5016 ⁸
2488 4989 2568 5037 καὶ
2597 4985 2685 5039 δύο
2713 4991 2804 5046 τάς
2827 4992 2953 5042 κατὰ
2976 4991 3119 5059 φύσιν
3147 4992 3509 5065 ἐνεργείας,καὶ
3527 4990 3615 5046 δύο
3645 4993 3747 5050 τὰς

2155 5078 2277 5129 κατά
2306 5079 2456 5146 φύσιν
2483 5079 2729 5142 θελήσεις,
2761 5082 2892 5133 θείαν
2914 5084 2997 5133 καί
3021 5083 3350 5155 ἀνθρωπίνην,
3377 5084 3424 5135 έν
3457 5083 3525 5135 ἐνί
3550 5084 3629 5134 καί
3665 5080 3744 5153 τῷ

2155 5170 2286 5237 αὐτῷ
2313 5177 2512 5242 Χριστῷ
2539 5176 2782 5240 συμφυῶς
2803 5172 3056 5240 ήνωμένας
3080 5193 3133 5226 τε
3160 5176 3244 5224 καί
3265 5174 3566 5241 σωζομένας.
3592 5169 3744 5224 Ὀθευ

2154 5266 2278 5337 πρὸς
2310 5267 2366 5319 τὸ
2404 5274 2587 5336 γνῶναι
2614 5271 2700 5323 τὴν
2729 5273 2823 5325 σὴν
2852 5269 2901 5320 ἐν
2929 5271 3089 5341 κυρίῳ
3127 5272 3470 5337 πνευματικήν
3510 5269 3741 5339 ἀγάπην,

2153 5358 2234 5407 καὶ
2251 5352 2335 5408 διὰ
2357 5362 2449 5408 σοῦ
2476 5359 2645 5415 πάσας
2671 5360 2765 5416 τὰς
2788 5358 2963 5411 α’)τόθι
2990 5359 3249 5417 καθολικάς
3270 5357 3578 5422 Ἐκκλησίας,
3603 5357 3746 5412 αὐτὰ

2152 5449 2216 5500 τά
2244 5445 2518 5518 παρ’ἡμῶν
2558 5450 2774 5501 ἐνταῦθα
2813 5447 3086 5507 συνοδικῶς
3129 5451 3434 5521 πραχθέντα
3475 5448 3601 5520 πρὸς
3631 5448 3742 5498 σύ-

2154 5559 2342 5591 στασιν
2372 5540 2454 5588 καί
2481 5536 2730 5594 ἐκδίκησιν
2757 5546 2847 5598 τῆς
2874 5540 3130 5599 καθολικῆς
3161 5541 3446 5598 Ἐκκλησίας
3493 5540 3622 5607 μετὰ
3653 5540 3744 5592 καὶ

2151 5635 2240 5686 τῆς
2269 5627 2528 5696 ἐγκυκλίου
2551 5629 2690 5698 ἡμῶν
2717 5631 2797 5684 καί
2830 5628 3094 5691 συνοδικῆς
3124 5630 3414 5696 ἐπιστολῆς,
3443 5628 3744 5698 ἐστείλαμεν
