3950 6344
204 360 309 416 εει

1410 349 1784 411 EPISTOLIE.
1810 378 1878 389 —-
1918 346 2128 403 EPIST.
2184 344 2244 399 ν.

3330 358 3461 413 ’169

202 474 295 531 διὰ
323 478 414 531 τοῦ
432 470 793 547 πρεσϐυτέρου
819 470 904 522 καί
933 467 1321 544 ἀποκρισιαρίου
1349 459 1508 538 ὑμῶν,
1533 474 1621 521 τοῦ
1645 467 1785 520 ἀϐϐᾶ
1814 518 1815 521 η

1915 466 2305 521 :onnaturaliter
2336 465 2511 520 unitas
2551 475 2604 522 et
2638 476 2898 525 servatas.
2930 470 3058 537 Qua:
3088 478 3145 525 ut
3173 482 3463 541 cognoscat

202 565 508 641 Θεοδώρου,
531 566 612 617 καί
646 573 742 617 τῶν
786 568 1029 632 μοναχῶν
1067 568 1156 620 τῆς
1184 567 1273 614 τοῦ
1308 559 1454 629 άγὶου
1506 558 1783 634 Θεοδώρου,

204 659 293 710 καί
328 664 428 710 τῶν
451 660 687 725 μοναχῶν
712 661 805 711 τῆς
831 658 920 706 τοῦ
948 652 1087 723 ἁγίου
1116 650 1400 704 Θεοδωσίου
1451 652 1789 720 εύαγεστάτης

204 756 392 817 μονῆς,
416 746 656 809 Ἰωάννου,
683 744 951 815 Στεφάνου,
976 744 1231 806 Λεοντίου,
1253 748 1351 795 τῶν
1378 745 1464 795 καὶ
1490 742 1790 815 εὑρεθέντων

205 840 256 891 ἐν
279 847 352 905 τῇ
374 837 583 909 τοιαύτῃ
610 835 713 889 καθ’
728 837 864 905 ἡμᾶς
888 833 1191 905 ἀποστολικῇ
1222 830 1439 901 συνόδῳ,
1459 836 1538 885 καί
1558 831 1620 886 δι’
1642 834 1792 887 αύτο-

205 928 375 993 ᾤίας,
399 929 582 1001 χάριτι
607 933 735 981 Θεοῦ
752 968 766 991 ,
800 925 1150 995 μεμαθηκότων
1186 925 1251 979 τά
1280 925 1787 1003 παρακολουθήσαντα

208 1022 386 1075 πάντα
438 1021 521 1072 καί
556 1018 815 1093 ὁρισθέντα
852 1024 1133 1075 κανονικῶς.
1182 1013 1341 1088 ’Δπερ
1372 1018 1525 1074 αὐτὸς
1575 1017 1795 1087 βεϐαίως

208 1112 504 1181 φυλάττων.
547 1114 628 1163 καί
666 1114 799 1164 πᾶσι
821 1108 1104 1182 παράγγελε
1138 1115 1245 1165 τοῖς
1273 1107 1441 1160 αὐτόθι
1468 1108 1796 1165 πιστοτάτοις

206 1202 378 1265 λαοῖς,
411 1201 762 1274 ἀπαραϐάτως
784 1202 1051 1270 κατέχειν,
1082 1202 1153 1259 είς
1180 1207 1433 1273 σωτηρίαν
1475 1204 1574 1251 τῶν
1602 1202 1795 1251 οἰκείων

207 1292 434 1362 ψυχῶν.
468 1290 537 1346 Οὗ
564 1295 721 1366 χάριν
750 1291 1159 1365 διαμαρτύρομαι
1188 1291 1390 1342 ἐνώπιον
1418 1296 1509 1343 τοῦ
1541 1296 1668 1342 Θεοῦ
1710 1292 1799 1343 καί

204 1384 385 1441 Ἰησοῦ
433 1390 675 1459 Χριστοῦ,
704 1388 789 1437 καί
824 1390 923 1438 τῶν
971 1384 1208 1437 ἐκλεκτῶν
1248 1383 1467 1453 άῃέλων
1513 1382 1593 1435 ἵνα
1640 1388 1799 1436 ταῦτα

209 1474 445 1543 φυλάξας
470 1475 631 1546 χωρίς
646 1474 1019 1547 προκρίματος,
1038 1470 1189 1541 μηδὲν
1212 1478 1368 1525 ποιῶν
1388 1473 1517 1525 κατά
1545 1471 1800 1544 πρόσκλη-

211 1581 297 1613 σιν
326 1601 341 1623 ,
371 1556 501 1615 ἀλλά
527 1563 721 1633 καθαρᾷ
751 1559 1038 1618 συνειδήσει
1066 1563 1121 1615 τὸ
1148 1561 1439 1631 Εὐαγγέλιον
1466 1569 1555 1621 τῆς
1587 1564 1800 1633 χάριτος

212 1649 512 1724 παραδίδου
536 1656 687 1713 πᾶσι,
717 1654 882 1710 καθώς
912 1652 1213 1727 παρέλαϐες,
1243 1650 1305 1705 ἔκ
1325 1673 1376 1705 τε
1402 1660 1499 1707 τῶν
1522 1652 1673 1722 ἀγ⁷ων
1704 1662 1801 1707 llat-

213 1749 373 1815 τρῶν,
407 1745 495 1795 καί
516 1744 650 1809 ἡμῶν
677 1744 843 1796 αὐτῶν
869 1750 970 1796 τῶν
995 1745 1058 1796 τά
1083 1740 1274 1795 ἐκείνων
1298 1743 1627 1809 θεσπίσματα
1656 1763 1796 1795 συνοι

1889 568 1978 613 tua
2030 560 2079 612 in
2115 560 2336 613 Domino
2379 561 2665 628 spiritualis
2694 561 2932 630 dilectio,
2978 579 3040 617 ac
3067 579 3163 634 per
3190 574 3242 620 te
3276 580 3464 621 omnes

1889 665 2005 717 quas
2039 652 2153 704 istic
2178 662 2299 704 sunt
2326 652 2577 706 Ecclesiae
2614 655 2912 719 catholicae,
2947 656 3061 710 haec
3106 656 3219 725 ipsa
3248 672 3277 710 a
3312 658 3465 713 nobis

1893 742 1976 795 hic
2003 743 2329 811 synodaliter
2372 752 2539 811 gesta,
2598 745 2663 798 ad
2692 748 3114 801 constituendam
3166 749 3463 805 defenden-

1891 834 2118 903 damque
2166 835 2478 888 catholicam
2528 836 2840 903 Ecclesiam,
2897 856 2997 892 una
3036 856 3159 894 cum
3206 843 3461 911 encycliis

1900 926 2093 978 nostris
2122 936 2172 979 et
2202 927 2540 994 synodalibus
2574 927 2763 981 litteris
2798 930 3035 983 misimus
3066 946 3161 998 per
3191 932 3467 1000 presbyte-

1895 1030 2009 1068 rum
2040 1025 2093 1068 et
2117 1017 2493 1081 apocrisarimn
2528 1026 2787 1081 nostrum,
2821 1020 3067 1073 abbatem
3096 1022 3459 1088 Theodorum,

1896 1118 1949 1161 et
1986 1108 2274 1161 monachos
2305 1110 2470 1161 sancti
2502 1108 2784 1163 Theodosii
2818 1112 3234 1180 religiosissima:
3266 1112 3291 1150 δ
3321 1129 3471 1167 man-

1899 1200 2085 1263 sionis,
2118 1200 2399 1264 Joannem,
2423 1200 2772 1268 Stephanum,
2824 1203 3124 1269 Leontium,
3155 1205 3243 1273 qui
3280 1206 3472 1273 hujus-

1898 1290 2104 1344 cemodi
2152 1300 2346 1343 nostra:
2390 1290 2695 1357 apostolicte
2755 1293 2961 1362 synodo
3008 1294 3385 1359 interfuerunt,
3419 1304 3475 1349 et

1901 1400 1993 1453 per
2020 1384 2241 1453 gratiam
2275 1384 2366 1439 Dei
2416 1384 2530 1453 ipso
2576 1385 2690 1437 visu
2719 1384 3017 1441 didicerunt
3066 1403 3185 1455 qua?
3235 1389 3474 1443 insecuta

1900 1484 2024 1527 sunt
2052 1474 2248 1539 omnia,
2279 1483 2333 1527 et
2360 1476 2616 1529 canonice
2643 1476 2881 1530 deﬁnita.
2926 1478 3055 1544 Quae
3102 1480 3215 1547 ipse
3247 1480 3476 1535 ﬁrmiter

1901 1563 2230 1628 costodiens,
2261 1566 2514 1618 denuntia
2541 1580 2749 1634 quoque
2774 1567 3041 1630 omnibus,
3065 1569 3151 1635 qui
3184 1572 3298 1624 istic
3325 1581 3471 1635 sunt,

1906 1653 2147 1706 ﬁdelibus
2178 1655 2381 1721 populis
2411 1654 2781 1709 inviolabiliter
2810 1666 3009 1718 tenere.
3055 1658 3107 1712 in
3138 1662 3469 1726 propriarum

1904 1742 2124 1795 salutem
2153 1743 2474 1797 animarum.
2516 1744 2849 1813 Quapropter
2882 1747 3135 1802 testiﬁcor
3161 1763 3337 1803 coram
3368 1752 3478 1807 Deo

214 1827 373 1890 δικῶς
411 1831 768 1902 κυρωσάντων.
817 1836 892 1887 Μή
939 1826 1022 1883 οὖν
1064 1831 1411 1901 ἐπαισχυνθῇς
1438 1831 1496 1883 τὸ
1526 1833 1803 1903 μαρτύριον

1915 1842 1962 1887 et
1986 1833 2109 1887 Jesu
2141 1832 2353 1888 Christo
2379 1844 2432 1887 et
2460 1835 2643 1890 electis
2672 1837 2895 1906 angelis,
2928 1850 2984 1891 ut
3012 1838 3124 1893 haec
3149 1840 3476 1907 custodiens,

222 1930 319 1977 τοῦ
366 1926 553 1993 κυρίου
594 1924 733 1991 ἡμῶν
772 1922 941 1977 Ἰησοῦ
983 1928 1231 1996 Χριστοῦ,
1280 1922 1383 1975 ἀλλ’
1418 1922 1691 1992 ἐνδυναμοῦ
1737 1933 1799 1993 τῇ

220 2015 408 2087 χάριτι
425 2015 606 2065 αὐτοῦ’
634 2015 717 2065 καί
742 2010 775 2065 ά
800 2013 1020 2073 ἤκουσας
1044 2013 1167 2088 παρ’
1184 2015 1322 2084 ἡμῶν
1344 2012 1427 2068 διὰ
1446 2015 1639 2068 πολλῶν
1668 2036 1802 2089 μαρ-

217 2104 410 2180 τύρων,
448 2106 561 2161 ἦτοι
588 2112 845 2177 Γραφικῶν
884 2109 970 2160 καί
1007 2114 1263 2179 Πατρικῶν
1290 2105 1612 2175 ἀποδείξεων,
1644 2115 1807 2164 ταῦτα

216 2196 460 2267 παράθου
478 2205 682 2256 πιστοῖς
702 2198 1000 2271 ἀνθρώποις,
1014 2200 1192 2258 οἵτινες
1208 2198 1362 2251 ίκανοί
1384 2197 1587 2254 ἔσονται
1608 2202 1689 2253 καί
1708 2200 1809 2254 iri-

219 2308 345 2361 ρους
368 2285 595 2350 διδάξαι.
618 2290 681 2340 Σύ
702 2288 1048 2344 κακοπάθησον
1069 2295 1141 2357 τῷ
1151 2289 1433 2361 Εὐαγγελίῳ
1450 2292 1581 2344 κατά
1596 2288 1807 2359 δύναμιν

219 2385 345 2433 Θεοῦ
368 2382 443 2439 ὡς
462 2381 609 2440 καλὸς
630 2382 971 2456 στρατιώτης·
1001 2381 1245 2451 ἀγωνίζου
1262 2382 1343 2436 τὸν
1370 2381 1513 2436 καλὸν
1533 2383 1699 2452 ἀγῶνα
1716 2390 1808 2444 τῆς

222 2472 475 2533 πίστεως,
491 2470 734 2525 ἐπιλαϐοῦ
754 2479 844 2530 τῆς
871 2472 1071 2524 αἰωνίου
1097 2470 1454 2534 ζωῆς.Ἐπειδη
1475 2470 1810 2544 ὁμολογουμέ-

222 2584 340 2626 νως,
358 2566 494 2634 μίγα
519 2564 631 2619 ἐστὶ
654 2565 709 2618 τὸ
730 2573 821 2624 τῆς
842 2563 1097 2625 εὐσεϐείας
1118 2567 1414 2637 μυστήριον,
1439 2566 1507 2626 ὡς
1529 2565 1808 2640 ἐφανερώθη

231 2647 282 2703 ἓν
298 2657 471 2725 σαρκί,
487 2650 749 2711 ἐδικαιώθη
773 2654 819 2706 ἐν
845 2654 1111 2721 πνεύματι,
1132 2653 1263 2725 ὤφθη
1284 2654 1533 2726 ἀγγέλοις,
1547 2656 1807 2729 ἐκηρύχθη

239 2742 291 2792 ἐν
332 2739 538 2805 ἔθνεσιν,
579 2744 850 2801 ἐπιστεύθη
874 2743 921 2796 ἐν
949 2744 1143 2813 κόσμῳ,
1187 2743 1425 2814 ἀνελήφθη
1460 2741 1513 2798 ἐν
1559 2742 1699 2816 δόξῃ.
1728 2746 1810 2799 Διὸ

235 2837 403 2885 ταῦτα
431 2832 682 2893 συντόνως
705 2830 927 2887 διδάσκει
957 2829 1225 2903 [δίδασκε],
1258 2836 1341 2886 καί
1372 2833 1656 2907 παρακαλεῖ
1685 2832 1809 2904 [πα-

228 2920 483 2991 ρακάλει],
500 2920 970 2997 διαμαρτυρόμενος
990 2923 1195 2977 ἐνώπιον
1220 2926 1312 2977 τοῦ
1332 2928 1482 2986 Θεοῦ,
1497 2926 1568 2992 μή
1595 2922 1813 2992 λογομα-

231 3019 351 3081 χεῖν
373 3012 453 3065 ἐπ’
477 3012 648 3067 οὺδενὶ
669 3016 941 3088 χρησίμῳ,
972 3014 1095 3088 πρὸς
1124 3011 1425 3089 διαστροφὴν
1449 3021 1540 3075 τῆς
1564 3017 1807 3076 πίστεως.
1848 3064 1851 3069 ,

228 3103 285 3154 Εἰ
309 3099 363 3155 δέ
382 3122 463 3161 τις
482 3101 937 3176 ἑτεροδιδασκαλεῖ,
956 3105 1041 3156 καί
1059 3108 1126 3171 μὴ
1147 3104 1497 3177 προσέρχεται
1520 3103 1811 3175 ὑγιαίνουσι

1906 1931 2085 1977 amoto
2112 1924 2257 1976 omni
2292 1922 2622 1994 prmjudicio,
2657 1925 2893 1993 nihilque
2922 1926 3161 1994 placendi
3213 1943 3368 1984 causa
3399 1930 3479 1985 ia-

1906 2012 2073 2077 ciens,
2104 2011 2197 2067 sed
2247 2026 2311 2066 ex
2363 2028 2489 2080 pura
2536 2016 2879 2080 conscientia,
2910 2015 3247 2086 Evangelium
3292 2022 3477 2089 gratia:

1908 2101 2081 2156 tradas
2109 2102 2356 2156 omnibus
2387 2104 2525 2158 sicut
2565 2106 2817 2173 accepisti
2848 2114 2902 2161 et
2930 2121 2960 2160 a
2992 2109 3189 2162 sanctis
3213 2107 3480 2177 Patribus,

1906 2200 1961 2247 et
2000 2206 2031 2246 a
2071 2192 2227 2247 nobis
2259 2193 2420 2263 ipsis,
2454 2195 2539 2262 qui
2582 2196 2914 2264 synodaliter
2954 2200 3255 2253 sanctiones
3299 2214 3482 2254 eorum

1906 2282 2360 2340 conﬁrmavimus.
2440 2284 2519 2341 Ne
2572 2287 2729 2355 igitur
2781 2290 3063 2345 erubescas
3120 2292 3482 2349 testimonium

1912 2374 2123 2430 Domini
2173 2376 2339 2431 nostri
2387 2375 2513 2432 Jesu
2562 2376 2783 2443 Christi,
2831 2378 2926 2434 sed
2980 2379 3299 2437 coniorteris
3359 2397 3481 2452 gra-

1914 2466 1985 2522 tia
2035 2466 2237 2535 ipsius;
2292 2474 2349 2521 et
2416 2481 2535 2536 qua:
2585 2468 2776 2523 audisti
2822 2482 2853 2521 a
2909 2470 3063 2525 nobis
3130 2485 3225 2538 per
3292 2473 3486 2527 multos

1910 2564 2096 2621 testes,
2147 2557 2261 2612 sive
2304 2556 2818 2624 demonstrationes,
2865 2574 2929 2613 ex
2980 2559 3268 2629 Scripturis
3313 2570 3369 2616 et
3420 2577 3487 2617 ex

1911 2647 2187 2712 Patrihus,
2237 2661 2299 2702 ea
2345 2649 2659 2703 commenda
2717 2649 2959 2705 ﬁdelibus
3006 2651 3345 2717 hominibus,
3396 2653 3487 2722 qui

1914 2740 2089 2795 idonei
2120 2740 2228 2795 sint
2257 2741 2321 2794 ad
2364 2743 2497 2795 alios
2540 2756 2750 2811 quoque
2786 2743 3072 2799 docendos.
3125 2743 3200 2797 Tu
3229 2743 3489 2797 collabora

1915 2828 2191 2900 Evangelia
2218 2846 2280 2884 ex
2300 2831 2482 2884 virtute
2526 2830 2642 2893 Dei,
2673 2842 2725 2884 ut
2752 2833 2908 2886 bonus
2936 2833 3095 2886 miles.
3125 2833 3278 2887 Certa
3300 2834 3488 2886 bonum

1914 2930 2163 2976 certamen
2191 2922 2333 2991 fidei,
2381 2924 2708 2992 apprehende
2736 2923 2892 2977 ritam
2933 2933 3191 2977 externam.
3245 2925 3492 2990 Quando-

1914 3015 2116 3085 quidem
2145 3015 2407 3083 manifeste
2454 3032 2699 3088 magnum
2745 3024 2817 3069 est
2847 3016 3052 3085 pietatis
3098 3025 3490 3081 sacramentum,

1914 3105 2053 3175 quod
2096 3107 2478 3175 manifestatum
2514 3114 2587 3160 est
2631 3107 2683 3160 in
2729 3122 2906 3172 carne,
2945 3107 3283 3178 justi/iculum
3323 3116 3399 3161 εει
3438 3108 3493 3162 in

229 3191 394 3262 λόγοις
414 3200 525 3253 τοῖς
550 3200 643 3247 τοῦ
670 3196 851 3268 Κυρίου
895 3195 1033 3265 ἡμῶν
1060 3193 1230 3251 Ἰησοῦ
1256 3200 1480 3266 Χριστοῦ
1506 3196 1593 3247 καί
1616 3201 1677 3265 τῇ
1706 3196 1812 3251 κατ’

1916 3196 2139 3265 spiritu,
2194 3200 2437 3265 apparuit
2485 3199 2699 3267 angelis,
2747 3200 3077 3268 praedicatum
3123 3205 3195 3251 est
3226 3198 3491 3276 gentibus,

231 3279 497 3336 εὓσέϐειαν
546 3281 874 3358 διδασκαλίᾳ,
905 3284 1205 3355 τετύφωται,
1245 3282 1412 3358 μηδέν
1452 3284 1809 3354 ἐπιστάμενος,

230 3373 355 3425 ἀλὶά
382 3382 549 3427 νοσῶν
590 3380 707 3450 περὶ
736 3380 969 3439 ζητήσεις
998 3382 1081 3431 καί
1108 3378 1427 3449 λογομαχίας
1465 3382 1735 3453 ἀκαίρους,
1765 3382 1815 3446 ἐξ

232 3462 305 3517 ὧν
324 3467 521 3533 γίνεται
577 3467 768 3536 φθόνος,
796 3465 922 3540 ἔρις,
952 3467 1280 3540 βλασφημίαι,
1311 3469 1547 3526 ὑπόνοιαι
1576 3474 1812 3543 πονηραί,

234 3554 642 3630 διαπαρατριϐαὶ
683 3559 960 3632 ἀνθρώπων
1016 3557 1373 3634 διεφθαρμένων
1419 3562 1502 3615 τὸν
1547 3568 1693 3627 νοῦν,
1735 3566 1819 3617 καί

236 3647 653 3718 ἀπεστερημένων
678 3658 769 3709 τῆς
795 3650 1044 3713 ἀληθείας,
1077 3648 1326 3719 ἀδοκίμων
1352 3654 1472 3726 περὶ
1500 3659 1589 3711 τὴν
1614 3655 1815 3708 πίστιν

240 3739 340 3795 ﬂ}:
361 3743 417 3793 ού
448 3741 798 3814 προκόεᾷουσιν
840 3742 921 3794 ἐπὶ
946 3742 1110 3797 πλέον.
1147 3740 1199 3796 Ἠ
1243 3745 1343 3817 γάρ
1373 3740 1514 3797 ἄνοια
1543 3746 1709 3799 αὐτῶν
1738 3743 1821 3799 ἴκ-

240 3835 384 3896 aulo;
414 3834 589 3889 ἔσεται
630 3841 787 3890 πᾶσιν
830 3836 897 3895 ὡς
926 3838 1005 3889 καί
1033 3837 1063 3893 ἡ
1104 3836 1293 3891 ἐκείνων
1334 3834 1549 3907 ἐγένετο,
1583 3837 1821 3893 τουτέστι

242 3933 341 3981 τῶν
376 3928 478 4001 πρό
504 3928 672 3980 αὐτῶν
710 3927 985 4003 αἱρετικῶν.
1023 3924 1125 3986 Οὓς
1156 3926 1532 3997 ἐκτρεπόμενος,
1567 3930 1816 4000 ἀγαπητὰ

241 4022 355 4090 μένε
382 4023 429 4072 ἐν
452 4016 523 4079 οἷς
551 4017 734 4089 ἔμαθες
763 4022 846 4072 καί
874 4020 1177 4082 ἐπιστώθης,
1198 4017 1340 4079 εἰδώς
1360 4022 1501 4096 παρά
1522 4022 1666 4074 τίνων
1692 4020 1823 4089 ἔμα-

243 4114 346 4171 θες.
376 4110 569 4172 Madcig
597 4132 693 4165 σου
722 4110 1111 4183 τῆςίερωσύνης
1138 4112 1525 4181 καταφρονείτω.
1565 4110 1707 4165 Ἀ)λά
1730 4114 1821 4167 τύ·

245 4225 340 4263 πος
365 4206 504 4276 γίνου
537 4208 697 4258 πᾶσιν
737 4203 786 4255 ἐν
829 4201 985 4275 λόγῳ,
1016 4202 1062 4252 ἐν
1107 4203 1425 4275 ἀναστροφῇ,
1458 4204 1509 4254 ἐν
1549 4204 1741 4276 ἀγάπῃ,
1777 4203 1823 4254 ἐν

246 4304 437 4356 πίστει,
468 4296 517 4347 ἐν
543 4293 792 4364 ἁγιότητι.
823 4292 1054 4365 Πρόσεχε
1085 4299 1145 4364 τῇ
1175 4293 1471 4362 ἀναγνώσει,
1496 4299 1557 4361 τῇ
1588 4288 1827 4345 διδασκαο

245 4388 345 4460 lia.
373 4392 449 4444 Μή
487 4388 663 4458 ἀμῦιει
691 4392 783 4441 τοῦ
822 4386 873 4440 ἐν
907 4406 988 4439 σοι
1026 4388 1378 4462 χαρίσματος,
1409 4383 1434 4439 ὃ
1462 4384 1603 4442 ἐδόθη
1641 4406 1721 4439 σοι
1749 4385 1829 4440 διὰ

246 4486 336 4539 fi;
360 4480 622 4552 ἱερατικῆς
649 4481 787 4543 ἀξίας
807 4518 820 4541 ε
852 4483 937 4535 καί
972 4489 1063 4541 τῆς
1093 4481 1423 4541 ἀποστολικῆς
1451 4483 1587 4553 ἡμῶν
1614 4502 1831 4539 τοποτη-

1919 3289 2162 3342 creditum
2192 3298 2263 3342 est
2301 3292 2353 3343 in
2381 3292 2601 3359 mundo,
2632 3303 2945 3358 assumptum
2974 3301 3045 3345 est
3074 3292 3125 3344 in
3152 3290 3341 3361 gloria.
3367 3290 3496 3343 Pro-

1920 3389 2031 3447 pter
2071 3382 2208 3449 quod
2256 3381 2363 3433 haec
2402 3383 2528 3435 doce
2575 3391 2622 3435 et
2667 3382 2958 3446 exhortare,
3007 3382 3285 3449 testiﬁcans
3325 3395 3496 3434 coram

1923 3470 2048 3535 Deo,
2081 3486 2179 3522 non
2211 3471 2431 3524 excitare
2454 3488 2655 3543 pugnas
2675 3476 2937 3526 verborum
2954 3472 3139 3538 absque
3163 3472 3401 3535 utilitate,
3428 3472 3496 3525 ad

1920 3562 2284 3614 subversionem
2310 3563 2451 3626 ﬁdei.
2484 3564 2545 3616 Si
2570 3563 2681 3628 quis
2706 3572 2875 3615 autem
2915 3563 3063 3614 aliter
3094 3563 3257 3628 docet,
3300 3571 3345 3614 et
3393 3577 3498 3614 non

1922 3653 2188 3720 acquiescit
2217 3655 2354 3707 sanis
2383 3654 2695 3707 sermonibus
2720 3653 2924 3709 Domini
2950 3655 3107 3706 nostri
3129 3653 3253 3707 Jesu
3284 3652 3495 3721 Christi,

1922 3758 1967 3800 et
2007 3750 2052 3801 ei
2082 3764 2196 3817 quis
2224 3750 2499 3802 secundum
2540 3751 2775 3817 pietatem
2817 3759 2890 3803 est
2935 3750 3216 3813 doctrinm;
3259 3752 3499 3818 superbus

1923 3849 2013 3901 est,
2048 3840 2174 3891 nihil
2200 3840 2381 3904 sciens,
2416 3842 2505 3895 sed
2534 3835 2779 3909 languens
2805 3840 2941 3892 circa
2968 3842 3267 3910 qtta'stiones
3315 3850 3362 3894 et
3405 3858 3501 3909 pu-

1924 3944 2049 3997 gnas
2074 3930 2333 3983 verborum
2358 3932 2695 3999 importunus,
2716 3946 2777 3983 ea:
2803 3932 2980 3999 quibus
3010 3933 3247 3984 oriuntur
3276 3931 3498 3995 inviditv,

1924 4022 2289 4084 contentiones,
2320 4023 2666 4091 blasphemiw,
2710 4024 3017 4092 suspiciones
3046 4023 3214 4084 malta,
3241 4022 3504 4089 con/(ictae

1926 4113 2089 4164 tiones
2133 4112 2394 4166 hominum
2434 4122 2599 4166 mente
2640 4123 3036 4182 corruptorum,
3080 4123 3126 4165 et
3165 4112 3252 4180 qui
3298 4112 3503 4163 veritate

1930 4204 2112 4272 privati
2135 4215 2253 4257 sunt
2284 4203 2334 4273 (1
2368 4203 2501 4258 Tim.
2530 4203 2625 4272 vr),
2656 4204 2859 4271 reprobi
2887 4204 3026 4256 circa
3055 4203 3223 4270 ﬁdem,
3257 4202 3345 4255 sed
3370 4202 3503 4253 ultra

1930 4309 2029 4345 non
2059 4294 2343 4360 proﬁcient.
2394 4291 2699 4362 Insipientia
2729 4294 2861 4345 enim
2889 4306 3063 4343 eorum
3106 4290 3373 4359 manifesta
3410 4290 3505 4341 erit

1932 4385 2182 4446 omnibus,
2236 4385 2365 4437 sicut
2412 4394 2459 4437 et
2488 4383 2696 4437 illorum
2742 4383 2880 4451 fuit:
2930 4382 2981 4436 id
3011 4391 3095 4436 est
3126 4381 3362 4443 illorum,
3414 4378 3506 4445 qui

1936 4486 2060 4531 ante
2108 4475 2252 4545 ipsos
2295 4476 2525 4539 inerunt,
2580 4475 2993 4537 Itmreticorum,
3052 4486 3186 4541 quos
3233 4469 3495 4530 devitans,

249 4576 451 4643 ρησίας·
481 4572 568 4625 ἶνα
641 4593 733 4625 σου
764 4575 793 4629 ἡ
820 4578 1052 4645 προκοπὴ
1077 4575 1281 4645 φανερά,
1303 4577 1386 4626 καὶ
1404 4575 1815 4648 μεμαρτυρημίνι

1936 4568 2270 4632 charissimc,
2322 4584 2561 4635 permane
2588 4568 2640 4620 in
2682 4568 2745 4619 iis
2773 4579 2888 4633 quat
2924 4563 3167 4625 didicisti,
3212 4568 3259 4613 et
3304 4557 3499 4612 credita

250 4667 404 4729 πᾶσι,
442 4664 526 4715 καί
570 4666 671 4735 πρὸ
700 4664 899 4718 πάντων
928 4666 1067 4736 αυτῷ
1109 4670 1182 4737 τῷ
1210 4670 1341 4735 Θεῷ,
1370 4664 1491 4737 παρ’
1571 4670 1672 4718 τῶν
1698 4667 1829 4740 ὑπὲρ

253 4755 435 4827 ἀρετῆς
463 4758 543 4809 καί
573 4757 830 4815 εὐσεϐείας
858 4758 1090 4825 καμάτων
1109 4797 1123 4819 ,
1166 4757 1434 4812 ἀπόκειται
1480 4765 1585 4817 τοῖς
1625 4758 1781 4821 ἀξίοις
1809 4762 1833 4809 ὁ

253 4842 468 4906 ἔπαινος.
494 4848 581 4898 καί
606 4852 699 4905 τῆς
720 4844 1081 4905 δικαιοσύνηςὸ
1105 4847 1363 4919 στέφανος,
1383 4842 1432 4899 ἓν
1464 4843 1722 4900 ἀποδώσει
1751 4866 1835 4900 σοι

255 4932 279 4986 ὁ
303 4932 494 4997 δίηιιτ
524 4939 700 5008 κριτής
727 4935 930 4993 ἐντελῶς
964 4936 1124 4989 αὐτοῦ
1152 4939 1241 4993 τήν
1271 4933 1529 5009 ὀρθόδοξον
1551 4937 1722 4989 πίστιν
1747 4957 1836 4993 τη·

258 5019 445 5095 ροῦντι,
477 5028 566 5078 καὶ
610 5026 883 5099 προθύμως
910 5030 998 5083 την
1041 5024 1238 5083 ἐντολήν
1278 5025 1684 5099 ἐκπληρώσαντι,
1710 5026 1839 5078 κατά

260 5122 344 5173 his
370 5114 574 5181 ἔνδοξον
601 5112 765 5171 αὐτοῦ
796 5119 879 5171 καὶ
905 5116 1120 5191 φοϐεράν
1146 5115 1449 5186 ἐπιφάνειαν.
1484 5114 1607 5170 ’ἰδού
1635 5113 1689 5170 δὲ
1708 5116 1838 5188 πρὸς

258 5212 501 5284 σύναρσιν
531 5213 604 5270 είς
632 5210 692 5265 τὸ
729 5209 998 5283 πληρῶσαι
1026 5205 1322 5267 σπουδαίως
1348 5208 1433 5259 καί
1459 5204 1841 5274 ἀνεμποδίστως

262 5306 343 5359 τήν
368 5307 461 5360 σήν
491 5300 699 5371 ἀγάπην
727 5305 819 5358 τήν
840 5299 1263 5368 ἐμπιστευθεῑσάν
1303 5317 1385 5352 σοι
1410 5297 1555 5368 παρά
1583 5305 1673 5357 τῆς
1708 5299 1841 5351 ἀπο-

265 5395 489 5455 στολικῆς
511 5397 655 5463 ἡμῶν
686 5394 946 5451 αὐθεντίας
980 5391 1230 5446 διακονίαν
1250 5389 1700 5464 προσετρεψάμεθσ
1723 5393 1843 5452 τοὺς

264 5483 487 5554 θεοφιλεῖς
526 5481 846 5543 ἐπισκόπους
888 5488 988 5536 τῶν
1034 5482 1227 5545 αύτόθι,
1267 5480 1520 5555 Θεόδωρον
1567 5481 1693 5551 λέγω
1718 5519 1733 5544 ,
1759 5482 1846 5537 τὸν

270 5580 296 5609 ⁸
328 5576 649 5640 Εσεούντων,
678 5578 764 5631 καὶ
804 5573 1083 5638 Ἀντώνιον,
1118 5574 1201 5629 τὸν
1230 5574 1481 5635 Βακαθῶν,
1510 5572 1762 5626 συνελθεῖν
1799 5574 1846 5625 ἐν

340 5778 361 5803 ³
390 5774 600 5837 Ἐσϐούς
627 5775 680 5832 in
716 5770 952 5837 Arabia;
985 5773 1185 5828 Βάκαθκ
1212 5775 1259 5825 in
1297 5774 1500 5830 Pal-.est.
1537 5774 1573 5829 l.
1610 5773 1841 5829 [lantur-

274 5853 378 5898 8135.

1933 4669 2051 4712 sunt
2075 4660 2181 4721 tibi,
2216 4661 2378 4713 sciens
2398 4676 2430 4711 a
2460 4660 2639 4727 quibus
2666 4656 2904 4709 didiceris
2934 4652 3015 4719 (II
3051 4652 3179 4705 Tim.
3208 4651 3311 4715 ιιι).
3343 4648 3509 4703 Nemo

1933 4752 2271 4805 sacerdotium
2296 4762 2439 4805 tuum
2463 4758 2768 4816 contemnat,
2800 4750 2891 4801 sed
2916 4751 3080 4815 forma
3108 4744 3176 4798 sis
3201 4744 3435 4798 omnibus
3458 4746 3511 4796 in

1933 4861 2190 4909 sermone,
2242 4846 2294 4897 in
2334 4843 2726 4907 conversatione,
2773 4842 2826 4895 in
2874 4838 3161 4901 dilectione,
3192 4837 3247 4889 in
3284 4836 3407 4903 ﬁde,
3460 4834 3513 4888 in

1936 4936 2225 4990 sanctitate.
2274 4934 2489 4989 Attende
2531 4934 2770 4996 lectioni,
2832 4930 3191 4992 exliortationi,
3239 4928 3510 4982 doctrina.

1892 5079 1897 5083 .
1942 5025 2067 5080 Noli
2097 5028 2347 5096 negligere
2375 5025 2592 5095 gratiam
2615 5040 2728 5093 qua:
2754 5024 2806 5076 in
2838 5030 2883 5075 te
2909 5030 3002 5085 est,
3049 5035 3162 5090 qua:
3189 5018 3311 5071 data
3332 5025 3404 5071 est
3427 5015 3516 5069 tibi

1942 5134 2033 5188 per
2079 5119 2445 5173 sacerdotalem
2501 5115 2833 5185 dignitatem,
2886 5120 2931 5165 et
2979 5110 3520 5185 {unctionemnostrte

1940 5215 2234 5287 apostolicis
2264 5211 2406 5274 vicis,
2435 5218 2487 5263 ut
2520 5207 2774 5279 protectus
2795 5214 2912 5258 tuus
2952 5203 3249 5270 manifestus
3275 5213 3336 5249 ac
3366 5203 3518 5287 testas

1940 5283 2028 5366 tus
2054 5312 2117 5361 sit
2151 5305 2199 5374 (Ι
2237 5304 2369 5357 Tim.
2402 5301 2498 5371 iv),
2546 5309 2601 5353 et
2645 5307 2769 5352 ante
2809 5308 2997 5349 omnes
3046 5292 3145 5361 ipsi
3193 5289 3323 5349 Deo,
3380 5283 3517 5350 apud

1943 5416 2101 5471 quem
2140 5403 2512 5462 susceptorum
2560 5404 2659 5458 pro
2688 5388 2880 5442 virtute
2927 5394 2983 5439 et
3024 5382 3221 5451 pietate
3268 5374 3510 5429 laborum

1944 5492 2177 5563 reposita
2214 5498 2294 5543 est
2346 5486 2517 5556 dignis
2571 5485 2685 5537 laus
2730 5491 2783 5537 et
2835 5491 3028 5535 corona
3076 5471 3313 5543 iustitiae,
3359 5479 3517 5568 quam

1945 5582 2129 5637 reddet
2166 5580 2256 5633 tibi
2302 5578 2479 5646 justus
2518 5573 2705 5642 jndex,
2762 5572 2850 5640 qui
2900 5566 3130 5638 perfecte
3177 5572 3357 5615 scrvcs
3404 5566 3517 5626 ejus

2020 5778 2044 5817 ι’
2091 5778 2328 5833 Monaslc
2362 5773 2414 5826 ii.
2456 5772 2622 5823 llam».
