3950 6344
541 321 646 378 167

1837 321 1894 376 s.
1939 302 2217 375 MARTINI
2259 319 2458 376 eam:
2499 319 2517 375 I
3693 333 3783 390 tes

543 442 599 486 et
654 431 988 516 synodalium
1042 431 1157 501 ejus
1212 430 1584 487 definitionum
1639 447 1701 487 ac
1757 433 2108 499 decretorum,

2225 436 2398 495 αὐτοῖς
2428 434 2556 511 ὅρων
2603 437 2688 488 καί
2732 434 3114 506 θεσπισμάτων,
3162 435 3349 511 ἀρτίως
3391 435 3679 510 ἐστείλαμεν
3721 454 3784 515 τῷ

539 541 706 594 nuper
729 526 994 591 misimus,
1041 525 1301 580 canonice
1347 525 1622 594 designato
1653 540 1680 576 a
1707 524 1860 578 nobis
1888 525 2112 590 vicario,

479 654 481 657 -
537 618 748 683 Joanni,
779 619 978 673 dilecto
1011 619 1159 672 fratri
1211 628 1394 673 nostro
1434 628 1488 674 et
1529 619 1786 686 episcopo
1831 616 2117 670 Philadel-

538 707 822 776 phcusium
867 710 1147 763 civitatis:
1187 711 1272 764 cui
1317 710 1454 764 bene
1495 709 1664 762 facitis
1693 709 2112 772 consentientes,

535 809 590 852 et
634 814 819 853 omnes
889 801 1230 856 orthodoxos
1285 800 1553 854 vobiscum
1618 800 1956 861 excitantes,
2018 812 2114 865 pro

535 890 922 958 adimpletione
955 907 1162 959 eorum,
1194 894 1283 963 qui
1313 893 1394 959 pie
1424 891 1524 958 ipsi
1556 890 1828 944 commissi
1857 898 2001 953 sunt,
2032 903 2118 941 ar-

538 982 846 1046 ticulorum,
895 984 951 1036 in
1000 983 1210 1037 laudem
1257 981 1510 1035 Ecclesiae
1550 980 1847 1034 catholicae.
1899 978 2001 1031 Pro
2048 992 2116 1031 eo

532 1087 678 1129 enim
711 1075 878 1130 multa
910 1077 1062 1132 vobis
1095 1091 1299 1131 merces
1323 1075 1375 1128 in
1409 1088 1574 1143 regno
1605 1073 1863 1127 ctelorum
1896 1081 1980 1125 est
2026 1085 2116 1124 re-

534 1174 728 1232 posna.

2223 528 2346 601 παρ’
2389 529 2526 596 ημῶν
2570 528 2896 602 προίληθὲντι
2938 533 3205 588 κανονικῶς
3242 540 3564 606 τοποτηρητῇ
3603 531 3784 598 Ἰωάννη

2222 627 2295 691 τῷ
2325 623 2578 690 ἀγαπητῷ
2603 623 2740 691 ἡμῶν
2765 621 2955 691 ἀδελφῷ
2978 625 3064 675 καί
3080 622 3341 692 ἐπισκόπῳ
3371 632 3460 685 τῆς
3477 625 3785 700 Φιλαδελφέων

2221 710 2434 774 πόλεως,
2518 712 2678 771 καλῶς
2706 721 2892 767 ποιεῖτε
2923 715 3068 768 αὐτοί
3089 736 3142 767 τε
3164 717 3539 786 συντρέχοντες
3566 723 3648 772 καί
3675 722 3786 776 πάνυ

2221 822 2311 860 τας
2335 805 2454 862 τούς
2484 802 2774 876 ὀρθοδόξους
2808 807 2902 858 σύν
2931 806 3053 873 ὐμῑν
3079 804 3404 877 διεγείροντες
3449 810 3520 868 είς
3551 809 3786 879 ἐκπλήρω-

2221 913 2300 945 σιν
2329 902 2428 946 τῶν
2454 895 2678 954 εὐσεϐῶς
2707 896 3086 968 ἐπιτραπέντων
3109 898 3247 968 αὐτῷ
3276 898 3567 967 κεφαλαίων,
3604 902 3671 960 εἰς
3695 905 3787 956 σύ-

2221 1002 2407 1035 στασιν
2436 991 2527 1042 τῆς
2554 985 3140 1046 καθολικῆςἘκκλησίας.
3167 983 3380 1041 "East-att
3403 989 3498 1061 γὰρ
3525 988 3641 1059 ὐμίν
3665 995 3782 1066 ὐπέρ

2221 1076 2404 1128 τούτου
2435 1075 2588 1136 πολὺς
2617 1074 2643 1130 ὁ
2677 1077 2879 1146 μισθὸς,
2915 1079 2966 1129 ἐν
2994 1086 3056 1148 τῇ
3085 1077 3321 1151 βασιλείᾳ
3347 1085 3446 1132 τῶν
3473 1080 3712 1153 οὐρανῶν.

529 1338 3777 1361 -———-—-——_——-————-———_—-'———__

1515 1461 2384 1596 EPISTULA
2469 1466 2843 1613 VIII,

797 1703 902 1762 AD
949 1702 1370 1763 GEORGIUM
1419 1693 2154 1761 ARCHIMANDRITAM
2201 1691 2692 1752 MONASTERII
2739 1695 3016 1756 SANCTI
3066 1693 3492 1754 THEODOSH

528 1847 774 1910 Laudat
807 1868 938 1910 eum
968 1848 1041 1910 ob
1073 1848 1436 1928 apostolicae
1462 1845 1623 1906 sedis
1647 1843 2003 1902 ministrum
2031 1837 2367 1917 defensum,
2409 1845 2462 1895 et
2499 1846 2569 1896 ut
2610 1837 3164 1916 Philadelphorum
3209 1840 3496 1918 episcopo
3530 1837 3781 1904 obediaf.

601 2087 832 2157 Georgio
861 2085 1292 2141 archimandritas
1331 2083 1587 2138 Martinus
1617 2095 1802 2135 servus
1832 2094 2108 2135 servorum
2145 2097 2186 2153 ις

521 2182 640 2247 Dei,
673 2190 871 2236 sanctae
901 2179 1016 2247 ejus
1060 2177 1338 2232 catholica:
1386 2186 1440 2231 et
1487 2173 1800 2244 apostolica:
1844 2172 2103 2227 Romana:

525 2271 780 2328 Ecclesiae
803 2270 1111 2338 episcopus.

591 2361 669 2416 Te
694 2361 879 2430 spiritu
914 2368 1101 2428 vegeto
1130 2371 1193 2411 ac
1244 2354 1426 2409 vivido
1455 2367 1600 2418 esse,
1632 2351 2005 2419 dilectissime,
2037 2352 2110 2406 si.

522 2452 734 2524 gniﬁcat
759 2450 966 2505 virtutis
997 2460 1168 2503 tenor.
1222 2445 1392 2501 ElTers
1420 2447 1561 2500 enim
1608 2443 1915 2513 huiusmodi
1943 2443 2106 2512 spiri-

522 2542 681 2598 tualis
711 2541 917 2595 roboris
953 2546 1167 2606 apertos
1196 2537 1558 2596 characteres,
1588 2534 1640 2587 in
1673 2533 1869 2603 quibus
1900 2533 2108 2602 insigne

524 2643 607 2688 est
637 2645 799 2703 atque
827 2630 1080 2685 eximium
1105 2629 1382 2682 charitatis
1411 2641 1514 2680 non
1547 2625 1683 2679 ficta:
1714 2625 1970 2690 studium,
2003 2640 2108 2694 quo

526 2724 809 2780 ostendisti
839 2732 889 2776 te
921 2737 1024 2775 non
1053 2723 1238 2785 verbo,
1286 2733 1458 2787 neque
1503 2717 1700 2784 lingua,
1733 2716 1830 2769 sed
1860 2730 2024 2782 opere
2055 2725 2109 2769 et

519 2814 745 2871 veritate
789 2813 1034 2883 diligere.
1063 2811 1214 2880 juxta
1247 2807 1554 2863 mandatum
1589 2805 1804 2860 Domini
1835 2823 1848 2859 :
1881 2804 1973 2874 qui
2014 2819 2109 2874 per

518 2908 761 2977 proprios
808 2904 1102 2961 monachos
1149 2903 1306 2958 nobis
1352 2916 1474 2957 eum
1523 2901 1890 2956 conservastis
1940 2901 2030 2970 qui
2076 2916 2105 2953 a

519 3007 703 3053 nostra
732 2994 1028 3066 apostolica
1055 2993 1308 3048 cathedra
1332 2993 1528 3046 missus
1553 3000 1654 3056 est,
1688 2991 1796 3046 Deo
1818 2990 2103 3044 amabilis-

519 3088 713 3144 simum
761 3085 1090 3156 Stephanum
1133 3086 1440 3153 episcopum
1468 3083 1703 3138 civitatis
1754 3082 2104 3148 Dorensium,

527 3192 628 3246 pro
657 3189 762 3244 quo
784 3175 1086 3230 mercedem
1115 3188 1142 3226 a
1174 3173 1398 3228 Domino
1431 3171 1689 3227 habentes
1711 3211 1728 3236 ,
1781 3172 2008 3240 satagite
2037 3170 2104 3225 ad

519 3267 815 3323 certamina
847 3281 942 3335 pro
975 3263 1172 3335 pietate
1223 3264 1515 3317 studiosius
1541 3277 1635 3316 vos
1671 3261 1962 3316 extendere
1991 3302 2008 3327 ,
2049 3269 2104 3316 et

518 3359 776 3412 virtutum
807 3359 1069 3425 reginam,
1095 3354 1490 3410 sanctissimam
1512 3363 1749 3407 nostram
1780 3353 1937 3407 fidem
1955 3352 2102 3408 omni

2292 2087 2526 2160 Γεωργίῳ
2558 2083 2984 2162 Ἀρχιμανδρίτῃ,
3017 2095 3264 2161 Μαρτῖνος
3289 2086 3465 2149 δοῦλος
3488 2098 3588 2145 τῶν
3613 2091 3785 2148 δούλων

2211 2185 2302 2233 τοῦ
2331 2185 2457 2233 Θεοῦ
2483 2187 2574 2240 τῆς
2603 2187 2702 2234 τῶν
2743 2181 2995 2249 Ῥωμαίων
3036 2178 3184 2251 ἀγίάς
3228 2182 3384 2235 αὐτοῦ
3415 2183 3673 2245 καθολικῆς
3710 2189 3787 2242 καί

2208 2271 2550 2331 ἀποστολικῆς
2580 2271 2878 2331 Ἐκκλησίας
2905 2271 3199 2332 ἐπίσκοπος.

2278 2365 2528 2428 Νεάζοντά
2557 2385 2614 2418 σε
2639 2372 2709 2432 τῷ
2735 2366 2991 2432 πνεύματι
3019 2368 3254 2440 γνωρίζει
3278 2376 3369 2429 τῆς
3386 2370 3571 2443 ἀρετῆς
3595 2369 3621 2425 ὁ
3641 2370 3786 2434 τόνος.

2210 2458 2522 2527 ἠγαπημένε.
2547 2457 2713 2529 Φέρεις
2735 2460 2835 2529 γάρ
2859 2464 2949 2518 τῆς
2976 2459 3216 2518 τοιαύτης
3245 2470 3591 2531 πνευματικῆς
3616 2461 3790 2529 ἰσχύος

2211 2545 2435 2621 ἐναργεῖς
2465 2548 2586 2606 τούς
2616 2539 2968 2622 χαρακτῆρας,
2997 2544 3064 2600 ὧν
3087 2547 3332 2621 ἐπίσημός
3361 2553 3472 2606 ἐστι
3494 2554 3577 2605 καί
3600 2553 3790 2624 ὶξαίρε-

2211 2656 2296 2696 τος
2322 2636 2346 2690 ὁ
2372 2645 2462 2696 τῆς
2483 2639 2686 2708 ἀγάπης
2713 2637 3050 2713 ἀνυπόκριτος
3079 2639 3251 2705 πόθος,
3285 2639 3351 2694 δι’
3379 2638 3439 2695 οὐ
3467 2645 3790 2716 παρέστησας

2209 2724 2287 2781 ὅτι
2313 2728 2400 2781 οὐκ
2425 2728 2633 2800 ἀγαπᾷς
2669 2728 2824 2800 λόγῳ,
2854 2725 2970 2783 οὔτε
2994 2729 3227 2804 γλώσσῃ,
3271 2731 3376 2786 ἀλλ’
3401 2730 3534 2804 ἔργῳ
3563 2735 3649 2786 καί
3675 2733 3787 2790 ἀλη-

2189 2819 2316 2891 ’θεὶᾳ
2377 2821 2510 2874 κατά
2565 2823 2656 2878 τήν
2727 2820 2924 2878 ἐντολήν
2976 2828 3064 2875 τοῦ
3122 2825 3324 2896 Κυρίου⁶
3373 2826 3789 2897 περισωσάμενος

2206 2912 2323 2978 ἡμῦδ
2367 2909 2449 2965 διὰ
2496 2919 2597 2966 τῶν
2642 2913 2828 2966 οἰκείων
2878 2907 3139 2982 μοναχῶν,
3183 2915 3269 2968 τὸν
3315 2915 3370 2967 ἐκ
3407 2922 3498 2973 τῆς
3549 2915 3789 2988 ἡμετέρας·

2205 3000 2572 3064 ’Λποστολικῆς
2621 3001 2866 3075 καθέδρας
2906 3004 3077 3058 αὐτόθι
3123 3004 3370 3059 σταλέντα
3402 3005 3674 3077 Στέφανον,
3710 3005 3788 3060 τὸν

2205 3091 2581 3161 θεοφιλέστατον
2605 3094 2875 3148 ἐπίσκοπον
2898 3101 2990 3154 τῆς
3009 3101 3108 3149 τῶν
3136 3103 3380 3168 Δωρητῶν
3409 3096 3626 3161 πόλεως,
3657 3098 3780 3170 ὐπέρ

2203 3179 2264 3236 οὐ
2295 3185 2465 3252 μισθὸν
2497 3183 2712 3254 ἔχοντες
2741 3187 2880 3258 παρὰ
2907 3188 3110 3260 Κυρίου,
3143 3186 3480 3245 σπουδάσατε
3513 3198 3626 3250 τοῖς
3663 3191 3785 3266 ὑπὲρ

2203 3276 2482 3345 εὐσεϐείαςι
2511 3278 2673 3350 ἀγῶσι
2710 3277 3086 3352 προθυμότερον
3123 3280 3519 3347 ἐπεκτείνεσθαι,
3577 3287 3664 3338 καί
3707 3289 3790 3341 τήν

2203 3366 2473 3440 ἡγεμονίδα
2505 3376 2604 3422 τῶν
2649 3371 2865 3443 ἀρετῶν,
2915 3370 3042 3442 λέγω
3074 3369 3135 3428 δή
3179 3378 3268 3430 τὴν
3319 3371 3612 3444 ἀγιωτάτην
3662 3377 3790 3444 ἡμῶν

521 3450 663 3504 bono
689 3450 805 3504 zelo
821 3448 1142 3504 defendere:
1173 3457 1229 3501 ut
1257 3461 1350 3502 eos
1370 3448 1458 3517 qui
1487 3446 1586 3516 ipsi
1615 3454 1807 3515 prreter
1839 3447 2100 3501 rationem

2214 3460 2402 3522 πίστιν,
2451 3459 2740 3521 εὐζηλὼτως
2785 3458 3060 3514 διεκδικεῑν.
3094 3457 3256 3515 Ὠστε
3287 3464 3408 3521 τοὺς
3438 3464 3791 3518 ἀντικαθιστα-

517 3544 887 3607 adversantur,
931 3540 1354 3596 misericorditer
1384 3549 1688 3603 convertas,
1721 3538 1804 3592 vel
1839 3554 1942 3592 non
1977 3551 2108 3592 con-

521 3643 790 3688 vcrtentes
833 3648 892 3687 se
920 3634 1210 3701 redarguas
1241 3647 1253 3683 :
1306 3641 1363 3684 ut
1393 3632 1655 3699 integrum
1702 3629 1978 3683 catholica:
2006 3626 2106 3682 Ec-

518 3725 701 3780 clesire
751 3725 972 3778 verbum
1021 3731 1433 3785 conservantes,
1471 3722 1773 3787 Christum,
1831 3728 2101 3774 rectorem

521 3815 642 3885 ejus
671 3829 734 3869 ac
763 3828 1016 3882 sponsum
1071 3813 1330 3877 habeatis,
1374 3811 1425 3864 in
1457 3811 1692 3865 thalamo
1737 3810 1973 3864 caelestis
2014 3823 2101 3863 re-

519 3909 606 3977 gni
646 3923 741 3961 vos
774 3906 942 3975 gratia
987 3904 1336 3968 reficientem,
1370 3917 1490 3956 cum
1524 3903 1594 3968 ei,
1641 3902 1730 3970 qui
1776 3915 1870 3955 vos
1911 3899 1978 3953 ad
2024 3899 2106 3952 lu-

520 4007 656 4053 ctum
682 4007 735 4051 et
765 4012 992 4066 pugnam
1041 3994 1256 4063 delegit,
1306 3994 1606 4060 complaciti
1640 3992 1877 4056 fueritis,
1919 3992 1970 4045 in
1999 3990 2106 4058 spi-

525 4088 735 4142 ritualis
783 4086 1090 4142 certaminis
1121 4086 1350 4139 ratione.
1401 4086 1528 4151 Qua:
1566 4085 1652 4138 hic
1681 4099 1710 4136 a
1738 4083 1891 4136 nobis
1941 4096 2104 4151 syno-

523 4178 717 4233 daliter
762 4186 878 4232 acta
919 4187 1041 4230 sunt
1073 4177 1136 4228 ad
1169 4175 1687 4229 commendationem
1735 4182 1789 4227 et
1837 4172 2105 4226 delensio-

524 4281 644 4321 nem
698 4265 953 4320 Ecclesia:
994 4264 1293 4327 catholicae,
1337 4263 1386 4316 id
1417 4272 1518 4326 est,
1553 4273 1897 4330 paternarum
1927 4275 1988 4314 ac
2015 4276 2102 4329 sy-

524 4356 797 4412 nodalium
827 4355 941 4425 ejus
968 4355 1336 4410 definitionum
1371 4363 1422 4407 et
1451 4354 1808 4418 sanctionum,
1851 4353 2097 4421 proxime

523 4449 767 4503 misimus
799 4463 826 4500 a
877 4449 1028 4502 nobis
1077 4447 1334 4501 canonice
1379 4446 1588 4501 delecto
1640 4445 1860 4507 vicario,
1911 4443 2101 4498 Joanni

518 4539 718 4595 dilecto
765 4539 915 4593 fratri
960 4546 1146 4593 nostro
1191 4546 1243 4592 et
1273 4537 1524 4606 episcopo
1573 4533 2102 4602 Philadelphensium

521 4630 774 4686 Ecclesia:
809 4647 824 4683 :
859 4631 942 4683 cui
973 4640 1118 4684 recte
1162 4628 1331 4683 facitis
1365 4637 1473 4682 tum
1522 4627 1943 4690 consentientes,
1987 4633 2099 4679 tum

521 4733 708 4776 omnes
730 4718 1060 4774 orthodoxos
1090 4717 1366 4773 vobiscum
1395 4717 1693 4772 excitantes
1723 4715 1788 4769 ad
1827 4715 2099 4781 impletio-

2211 3549 2389 3619 μένους
2421 3550 2547 3623 αὐτῇ
2585 3551 2911 3624 παραλόγως,
2946 3553 3230 3619 συμπαθῶς
3277 3554 3625 3628 ἐπιστρέφειν,
3670 3553 3696 3612 ἦ
3725 3557 3790 3623 μή

2211 3639 2614 3712 ἐπιστρέφοντας
2661 3639 2957 3712 διελέγχειν.
2999 3638 3102 3696 Ἵνα
3130 3643 3213 3697 τὸν
3265 3652 3356 3703 τῆς
3387 3645 3653 3704 καθολικῆς
3693 3645 3791 3697 Ἐκ·

2211 3732 2420 3791 κλησίας
2451 3733 2710 3790 autem»
2742 3732 3115 3805 διασωσάμενοι
3142 3735 3305 3806 λόγον,
3339 3737 3555 3807 σχοίητε
3590 3739 3676 3792 τὸν
3700 3739 3787 3791 αὐ·

2210 3832 2300 3881 τῆς
2351 3821 2612 3893 ἁρμοστήν
2661 3826 2743 3876 καί
2785 3827 2988 3895 νυμφίον
3043 3825 3282 3895 Χριστὸν,
3336 3834 3408 3898 τῷ
3453 3827 3656 3898 θαλάμῳ
3704 3836 3789 3885 τῆς

2209 3915 2364 3968 αὐτοῦ
2397 3915 2508 3968 κατ’
2540 3917 2758 3984 οὐρανῶν
2802 3916 3066 3988 βασιλείας
3102 3917 3483 3971 έναναπαύοντα
3525 3920 3658 3972 κατὰ
3689 3919 3790 3986 χά-

2208 4026 2285 4079 ριν
2316 4007 2450 4076 ήμᾶς
2495 4006 2562 4063 ὡς
2592 4005 2726 4076 αὐτῷ
2754 4013 2824 4072 τῷ
2869 4006 3337 4077 στρατολογήσαντι
3385 4014 3618 4078 Χριστῷ,
3660 4008 3789 4078 πρὸς

2208 4095 2371 4153 πάλην
2399 4098 2484 4148 καί
2515 4096 2693 4164 μάχην
2723 4102 2820 4150 τῶν
2851 4096 3082 4150 ἐναντίων
3112 4094 3514 4167 ἐπιδειξαμένους
3543 4099 3674 4151 κατὰ
3716 4097 3791 4149 λό-

2207 4210 2296 4258 γον
2325 4197 2667 4258 πνευματικῆς
2689 4188 2963 4253 ἀθλήσεως,
3008 4188 3064 4242 τὸ
3112 4185 3196 4242 διά
3239 4188 3439 4241 πάντων
3483 4191 3790 4260 εὐαρεστᾷν.

2207 4284 2282 4335 Τά
2309 4279 2360 4335 δὲ
2392 4278 2668 4338 συνοδικῶς
2694 4281 2808 4349 ἡμίν
2836 4277 3003 4334 ἐνθάδε
3040 4280 3354 4351 πραχθέντα
3376 4280 3504 4353 πρὸς
3529 4281 3792 4334 σύστασιν

2213 4374 2300 4425 καί
2328 4370 2571 4431 ἐκδίκησιν
2600 4380 2689 4431 τῆς
2716 4369 3304 4435 καθολικῆςἘκκλησίας,
3321 4372 3502 4425 ταυτὸν
3527 4368 3581 4423 δέ
3609 4371 3790 4441 λέγειν,

2207 4470 2308 4518 τῶν
2330 4471 2588 4536 πατρικῶν
2616 4466 2701 4519 καί
2743 4461 3012 4517 συνοδικῶν
3041 4464 3196 4522 αὐτῆς
3230 4460 3360 4535 ὅρων
3387 4465 3472 4515 καὶ
3500 4461 3792 4533 θεσπισμά-

2212 4577 2312 4610 των
2337 4559 2527 4631 ἀρτίως
2552 4556 2858 4626 ἐστείλαμεν,
2882 4564 2955 4628 τῷ
2982 4555 3104 4626 παρ’
3126 4557 3262 4626 ἡμῶν
3291 4555 3623 4627 προϐληθέντι
3651 4571 3794 4605 κανο-

2205 4657 2354 4708 νικῶς
2371 4659 2692 4724 τοποτηρητῇ
2725 4649 2919 4717 Ἰωάννῃ
2947 4657 3021 4721 τῷ
3050 4651 3296 4719 ἀγαπητῷ
3325 4649 3464 4717 ἡμῶν
3492 4646 3689 4718 ἀδελφῷ
3713 4647 3794 4698 καί

2213 4739 2478 4808 ἐπισκὸπῳ
2512 4746 2603 4797 τῆς
2651 4737 2980 4810 Φιλαδελφέων
3026 4737 3236 4797 πόλεως·
3356 4738 3514 4796 καλῶς
3564 4744 3794 4800 ποιεῖτε,

521 4823 644 4864 nem
673 4824 855 4864 eorum
887 4811 974 4877 qui
1010 4809 1094 4878 pie
1125 4809 1225 4877 ipsi
1258 4808 1530 4861 commissi
1579 4814 1706 4860 sunt
1728 4803 2096 4864 articulorum,

2214 4834 2351 4888 αὐτοί
2377 4855 2430 4887 τε
2463 4835 2861 4907 συντρέχοντες,
2891 4835 2973 4886 καὶ
3000 4833 3198 4892 πάντας
3225 4833 3346 4892 τούς
3375 4829 3670 4904 ὀρθοδόξους
3701 4831 3794 4883 σὺν

523 4899 575 4953 in
621 4901 829 4955 laudem
865 4899 1117 4953 Ecclesiae
1163 4899 1466 4953 catholicae.
1519 4896 1680 4950 Vobis
1713 4895 1855 4950 enim
1901 4909 1998 4964 pro
2035 4906 2100 4947 co

521 4991 692 5045 multa
724 5003 931 5046 merces
964 4990 1014 5044 in
1039 5003 1201 5058 regno
1231 4990 1492 5045 caelorum
1523 4987 1865 5042 retribuetur.

2208 4925 2333 4993 ὑμῖν
2360 4923 2704 4999 διεγείροντες,
2747 4926 2818 4984 εἰς
2855 4924 3163 4996 ἐκπλήρωσιν
3190 4930 3289 4978 τῶν
3315 4922 3540 4980 εὐσεϐῶς
3568 4921 3791 4992 ἐπιτρα-

2204 5018 2396 5072 πέντων
2437 5017 2734 5088 κεφαλαίων,
2767 5018 2837 5074 εἰς
2865 5017 3124 5070 σύστασιν
3152 5022 3246 5075 τῆς
3296 5014 3556 5073 καθολικῆς
3583 5011 3794 5070 Ἐκκλη-

2203 5110 2340 5169 σίας.
2374 5106 2580 5163 "Ea-crati.
2604 5111 2704 5182 γάρ
2752 5108 2875 5178 ὑμῖν
2923 5108 3052 5182 ὐπέρ
3088 5109 3277 5164 τούτου
3308 5109 3465 5169 πολὺς
3513 5105 3696 5178 μισθὸς
3728 5105 3794 5174 ,ἐν

2199 5209 2261 5276 τῇ
2297 5200 2530 5275 βασιλείᾳ
2559 5207 2656 5255 τῶν
2686 5200 2932 5274 οὐρανῶν.

2089 5565 2109 5576 -.
2121 5540 2760 5577 δρψα--ι--ν--κτ
2325 5542 2338 5548 ·’
