3950 6344
466 364 560 417 171

1767 351 1825 405 3.
1868 346 2147 404 IABTINI
2189 350 2388 406 PAF/IS
2429 352 2443 405 l

3636 350 3741 408 i7!

463 477 770 556 κρυψάμενοι
798 476 886 545 μίν
915 474 980 529 τά
1028 479 1118 532 τῆς
1160 470 1497 533 τελειώσεως,
1543 467 1950 556 ἔγχειρήσαντες
1996 462 2050 518 δέ

2183 478 2217 515 ιε
2241 481 2371 520 vero
2395 467 2665 522 tradentes
2695 483 2811 533 qua
2857 468 2920 520 ad
2969 467 3382 535 depositionem.
3440 468 3606 538 Quam
3642 471 3741 540 igi-

466 554 612 641 μόνον
803 568 865 623 τά
894 575 992 625 τῆς
1018 566 1377 641 καθαιρέσεως.
1410 567 1559 617 Ποίαν
1585 554 1672 615 οῦν
1697 560 1899 624 ἕξουσιν
1919 560 2055 613 ἁπο-

465 666 658 735 λογίαν,
708 661 793 713 οὐκ
834 655 991 713 ὄντων
1035 656 1116 712 ἔτι
1142 655 1207 711 δι’
1238 657 1428 716 αὐτούς
1455 652 1738 709 ἐπισκόπων
1766 653 1931 705 ἐκεῖσε
1975 650 2061 704 καί

466 756 639 830 ἱερέων
668 751 940 820 ἐνδελεχῶς
959 750 1387 822 τῷθυσιαστηρίῳ
1408 744 1843 821 παρεδρευόντων,
1858 745 1941 796 καί
1961 743 2060 802 τὰς

466 853 600 925 ὑπὲρ
627 854 717 903 τοῦ
744 847 866 900 λαοῦ
892 854 965 914 τῷ
994 853 1104 916 Θεῷ
1132 841 1489 918 προσαγόντων
1535 838 1725 897 θυσίας
1757 838 1843 889 καί
1868 837 2062 905 ἀναφο-

472 943 568 1017 ρὰς
618 943 688 1001 εἷς
724 940 1046 1013 περιποίησιν
1095 943 1194 991 τῶν
1244 933 1468 1004 ψυχῶν;
1517 932 1682 985 καίτοι
1725 931 2062 1000 γινώσκοντες

470 1034 724 1104 άσᾳαλῶς,
750 1030 827 1086 ὅτι
853 1032 1055 1101 ἐσχάτη
1074 1028 1323 1102 ὥρα’ἐστί,
1348 1028 1430 1078 καί
1460 1023 1485 1077 ό
1518 1030 1619 1077 τῶν
1645 1020 1931 1077 σκανδάλων
1950 1041 2061 1074 και-

470 1130 555 1201 ρὸς
585 1129 839 1183 ἐνέστηκε.
875 1127 963 1178 lui
994 1124 1151 1198 ἐχρῆν
1182 1118 1267 1175 διὰ
1294 1124 1446 1173 τοῦτο
1466 1122 1809 1191 προνοητικῶς
1837 1113 2062 1167 πλείοσιν

473 1217 793 1281 ἐπισκόποις,
823 1219 903 1270 καί
930 1213 1321 1287 πρεσϐυτέροις,
1355 1211 1441 1262 καί
1468 1206 1734 1270 διακόνοις,
1756 1210 1849 1265 τὰς
1867 1204 2063 1263 Ἐκκλη-

473 1315 590 1370 σίας
619 1314 710 1364 τοῦ
738 1313 862 1362 Θεοῦ
894 1309 1163 1372 πανταχοῦ
1201 1299 1677 1361 καταπυκνωθῶαι,
1717 1297 1941 1370 καθάπερ
1978 1297 2061 1349 καί

473 1407 594 1455 ναῦν
623 1401 672 1453 ἐν
698 1404 915 1469 χειμῶνι
935 1398 1023 1448 καί
1058 1393 1265 1464 πελάγει
1299 1388 1723 1459 κλυδωνιζομένην
1752 1388 1954 1443 πλείοσι
1981 1410 2067 1440 κυ-

480 1494 741 1567 ϐερνήταις
779 1490 864 1542 καί
888 1484 1121 1545 ναύταις.
1149 1484 1346 1538 Τούτου
1376 1483 1473 1554 γὰρ
1508 1488 1668 1553 χάριν
1692 1482 1777 1533 καί
1807 1481 1953 1537 ἡμεῖς
1992 1478 2063 1536 εἰς

476 1583 738 1654 οἰκοδομήν
807 1580 1198 1654 προηγουμένως
1240 1617 1257 1644 ,
1330 1575 1434 1630 ἀλλ’
1483 1576 1566 1627 οὐκ
1630 1576 1698 1633 εἰς
1749 1573 2061 1645 καθαίρεσιν,

478 1679 619 1749 παρὰ
644 1680 734 1729 τοῦ
765 1673 958 1745 Κυρίου
989 1674 1079 1727 τήν
1110 1669 1340 1733 ἐξουσίαν
1372 1665 1628 1736 ἐλάϐομεν,
1674 1665 1760 1717 ’ἵνα
1790 1663 2064 1737 φιλανθρω-

479 1788 589 1827 πως
613 1767 1024 1841 ὶπικουρήσωμεν
1055 1768 1162 1820 τοῖς
1186 1757 1575 1830 χειμαζομένοις
1601 1756 1761 1813 λαοῖς.
1788 1752 1934 1808 Ὅθεν
1961 1754 2062 1806 ὐπὸ

2164 566 2250 611 tur
2272 556 2637 615 defensionem
2692 558 2980 623 habebunt,
3038 575 3159 613 cum
3214 561 3323 628 jam
3378 574 3593 635 propter
3646 578 3742 618 eos

2164 666 2269 704 non
2297 652 2403 704 sint
2452 650 2522 705 ibi
2549 653 2783 721 episcopi
2816 662 2871 705 et
2913 656 3253 716 sacerdotes,
3299 654 3388 722 qui
3429 654 3630 724 jugiter
3660 660 3739 709 al-

2165 744 2263 797 tari
2296 743 2571 807 insistant,
2601 755 2651 798 et
2696 746 2959 798 sacriﬁcia
2992 756 3151 812 atque
3180 748 3483 802 oblationes
3522 764 3618 816 pro
3649 766 3744 817 po-

2164 834 2287 903 pulo
2315 835 2379 887 ad
2403 836 2628 889 salutem
2659 836 2955 888 animarum
2984 837 3229 900 oil'erant,
3264 840 3509 904 quamvis
3538 854 3742 907 cogno-

2165 934 2318 979 scant
2367 927 2505 993 quod
2539 927 2717 978 ultima
2752 928 2879 977 hora
2912 929 3003 993 sit,
3035 937 3087 978 et
3114 928 3490 982 scandalorum
3534 940 3744 994 tempus

2166 1015 2479 1069 immineat?
2507 1015 2678 1084 Atque
2721 1016 2920 1070 idcirco
2943 1018 3227 1085 oportebat
3258 1019 3501 1086 pluribus
3538 1022 3739 1088 episco-

2166 1109 2268 1178 pis,
2300 1118 2353 1162 et
2392 1112 2741 1179 presbyteris,
2775 1121 2824 1163 et
2856 1111 3118 1179 diaconis,
3169 1113 3511 1181 providenter
3558 1115 3747 1169 Eccle-

2164 1201 2273 1256 sias
2320 1200 2409 1254 Dei
2452 1203 2644 1269 ubique
2690 1204 3109 1264 increbrescere.
3163 1207 3618 1273 quemadmodum
3657 1224 3750 1259 na.

2170 1294 2300 1360 vim,
2344 1292 2471 1362 qua:
2503 1294 2553 1347 in
2600 1297 2786 1364 pelago
2841 1306 3158 1363 tempestate
3200 1300 3451 1367 jactatur,
3505 1300 3751 1368 pluribus

2165 1385 2608 1453 gubernatoribus
2641 1398 2695 1439 et
2744 1392 2950 1447 nautis:
3015 1388 3173 1458 hujus
3203 1391 3346 1442 enim
3381 1392 3457 1444 rei
3498 1392 3667 1459 gratia
3697 1400 3752 1444 et

2167 1494 2267 1532 nos
2293 1482 2343 1532 in
2375 1479 2780 1533 :Pdiﬁcationi-m
2810 1482 3097 1548 praecipue,
3130 1493 3181 1535 et
3211 1499 3314 1535 non
3341 1484 3391 1536 in
3423 1484 3751 1538 destructio-

2168 1587 2290 1625 nem
2330 1586 2363 1625 a
2411 1572 2633 1624 Donino
2684 1581 3000 1639 potestatein
3053 1574 3379 1641 accepimus,
3432 1584 3488 1627 ut
3540 1576 3755 1642 pupulis

2168 1665 2543 1717 ﬂuctuantibus
2584 1664 2813 1717 humane
2862 1679 2924 1717 ac
2964 1666 3190 1732 benigne
3231 1666 3757 1735 opitulemur.’llnde

2168 1756 2236 1809 ob
2260 1759 2739 1824 hanc'pmestatmn
2772 1768 2910 1809 mota
2943 1758 3233 1823 apostolica
3267 1758 3424 1812 sedes
3453 1758 3581 1812 nihil
3613 1776 3759 1827 pra}-

479 1858 666 1915 ταύτης
690 1831 804 1915 τῆς.
828 1855 1060 1918 ἐξουσίας
1088 1850 1113 1904 ό
1138 1848 1244 1903 καθ’
1267 1850 1401 1919 ἡμᾶς
1445 1848 1779 1905 άποστολικός
1814 1844 2057 1917 ὁρμηθεὶς

2183 1850 2420 1918 ermisit,
2475 1865 2581 1917 quo
2626 1850 2885 1901 catholica
2920 1850 3041 1903 istic
3086 1850 3323 1903 Ecclesia
3358 1866 3450 1918 per
3480 1865 3761 1903 memora-

478 1947 651 2021 θρόνος
676 1943 947 2019 παρέλειψε
972 1944 1060 2013 μὲν
1089 1939 1246 2002 οὐδέν,
1278 1940 1347 1998 εἰς
1378 1939 1433 1992 τὸ
1459 1938 1754 2011 πρεπόντως
1784 1937 2061 1990 ἀπολαϐεῖν

479 2039 564 2093 τὸν
594 2037 838 2110 ἱερατικὸν
885 2035 1040 2093 αὐτῆς
1080 2031 1264 2102 κόσμον
1298 2028 1382 2084 διὰ
1419 2036 1509 2084 τοῦ
1549 2029 1780 2106 ῥηθέντος
1823 2029 2066 2089 εὐὶαξοῦς

483 2128 759 2183 ἐπισκόπου
794 2130 883 2182 τὴν
922 2122 1093 2178 αὐτόθι
1133 2122 1397 2178 καθολικὴν
1429 2119 1728 2176 Ἐκκλησίαν·
1758 2120 1801 2172 οἱ
1830 2116 1883 2173 δὲ
1912 2125 2068 2174 τοῦτο

480 2220 710 2291 γενέσθαι
736 2214 1076 2279 κωλύσαντες,
1110 2213 1315 2271 ἑαυτοῖς
1342 2212 1423 2264 τὸν
1451 2232 1512 2263 πε
1519 2214 1569 2287 ρὶ
1593 2215 1778 2264 τούτου
1800 2209 2070 2282 καταλογί-

483 2331 661 2366 σονται
696 2308 860 2380 λόγον.
901 2302 973 2361 Οὐ
1022 2307 1177 2377 χάριν
1222 2305 1412 2359 πενθῶν
1451 2307 1530 2356 καί
1560 2304 1949 2377 σκυθρωπάζων
1979 2323 2074 2355 πο·-

486 2406 728 2480 ρεύομαι,
757 2401 1059 2478 παρακαλῶν
1088 2406 1175 2457 τὴν
1202 2398 1491 2471 ἁγαθότητα
1520 2402 1612 2451 τοῦ
1643 2402 1792 2459 Θεοῦ,
1833 2397 1960 2465 μετὰ
1982 2390 2072 2447 δα-

486 2496 650 2570 κρύων
678 2496 855 2553 νυκτός
884 2495 967 2545 καί
993 2492 1209 2567 ἡμέρας,
1262 2494 1333 2561 μή
1367 2491 1437 2548 εἰς
1476 2486 1615 2546 τέλος
1642 2485 1952 2539 ἀπώσασθαι
1988 2488 2075 2540 τήν

486 2587 683 2641 εαυτοῦ
712 2585 1070 2659 κληρονομίαν,
1118 2579 1221 2634 ἁλλ’
1244 2580 1438 2642 άνοῐξαι
1466 2583 1555 2635 τὴν
1590 2578 1764 2651 θύραν,
1796 2576 1852 2631 ἦν
1896 2574 2076 2625 ἐκεῖνοι

492 2677 834 2740 συνέκλεισαν,
865 2676 946 2727 ’ἱνα
1002 2673 1149 2726 πάλιν
1188 2669 1358 2725 αὐτόθι
1391 2676 1480 2729 τῆς
1509 2669 1786 2742 ἱερωσένης
1815 2665 1967 2718 αὐτοῦ
1996 2661 2079 2717 διὰ

500 2777 592 2828 τῆς
628 2766 1046 2841 συμπληρώσεως
1075 2772 1175 2819 τῶν
1205 2763 1493 2817 ἐπισκόπων
1521 2760 1751 2833 ἀνατείλῃ
1794 2758 1819 2812 ό
1866 2756 2075 2827 κοσμεῖς·

492 2862 559 2914 τά
586 2858 827 2934 πρόϐατα
867 2866 958 2917 τῆς
986 2856 1280 2914 Ἐκκλησίας
1329 2862 1675 2913 ποιμαντικῶς
1710 2851 2079 2925 περιποιούμε-

489 2973 589 3017 νος,
621 2954 706 3006 καί
726 2960 816 3011 τῆς
846 2950 1117 3009 ἐπιϐουλῆς
1142 2957 1242 3003 τῶν
1266 2947 1426 3000 λύκων
1452 2946 1694 3018 ἀγρύπνῳ
1729 2941 1929 3017 σπουδῇ
1958 2963 2081 2996 aov-

493 3044 647 3104 τόνως
672 3044 1024 3121 λυτρούμενος.
1059 3044 1178 3115 Περὶ
1209 3041 1375 3109 μέντοι
1405 3045 1505 3093 τῶν
1536 3039 1878 3095 ἁκανονίστως
1906 3035 2082 3089 αὐτόθι

494 3136 942 3214 χειροτονηθέντων
972 3134 1056 3187 ἐπὶ
1080 3139 1169 3190 τῆς
1194 3130 1548 3205 πατριαρχίας
1574 3133 1665 3180 τοῦ
1694 3128 1745 3178 ὲν
1769 3130 1992 3197 μακαρίᾳ
2020 3130 2082 3198 τῇ

2170 1952 2283 1995 tum
2315 1941 2624 2009 religiosum
2655 1943 2967 2008 episcopum
3002 1942 3383 1994 convenienter
3423 1941 3761 1996 sacerdotale

2168 2034 2332 2088 decus
2362 2045 2736 2099 recuperaret,
2770 2048 2858 2100 qui
2905 2047 3032 2084 vero
3084 2032 3133 2085 id
3181 2031 3598 2098 prohibuerunt,
3654 2032 3761 2085 sibi

2169 2126 2236 2180 de
2265 2139 2329 2177 eo
2368 2122 2705 2192 imputabant
2752 2122 3010 2174 rationein
3046 2139 3056 2173 :
3084 2120 3238 2188 cujus
3268 2135 3429 2175 causa
3478 2121 3670 2191 lugens
3704 2133 3759 2173 et

2172 2216 2516 2269 contriStatus
2548 2212 2839 2281 ingredior.
2875 2213 2991 2266 dies
3020 2223 3310 2280 noctesque
3341 2212 3634 2266 bonitatem
3664 2213 3757 2267 Dei

2174 2323 2293 2362 eum
2321 2306 2571 2375 lacrymis
2593 2306 2908 2367 obsecrans,
2940 2319 3005 2357 ne
3031 2305 3391 2357 hmreditatetn
3416 2320 3565 2357 suam
3590 2319 3763 2374 usque

2178 2400 2230 2454 in
2265 2400 2422 2453 finem
2458 2396 2703 2464 repellat,
2737 2398 2830 2450 sed
2862 2398 3054 2449 ostium
3084 2395 3327 2463 aperiat,
3355 2396 3498 2464 quod
3532 2397 3603 2448 illi
3632 2413 3768 2450 eou-

2177 2494 2470 2553 cluserunt,
2502 2499 2558 2543 ut
2597 2504 2809 2542 rursum
2843 2488 2961 2540 istic
3003 2490 3289 2540 sacerdotii
3334 2488 3472 2555 ejus,
3517 2503 3610 2556 per
3636 2505 3771 2557 snp-

2182 2582 2508 2651 plementnm
2539 2578 2758 2647 episcop
2798 2594 2935 2643 rum,
2985 2578 3241 2643 splendor
3288 2589 3340 2631 et
3387 2591 3769 2633 ornamentum

2182 2674 2492 2737 exoriatur,
2527 2672 2778 2725 Ecclesia),
2821 2687 2949 2725 ονε-ε
2976 2687 3101 2725 cura
3145 2673 3393 2740 pastorali
3436 2690 3682 2737 servans,
3720 2685 3772 2727 ct

2186 2779 2214 2816 a
2244 2764 2488 2832 luporum
2532 2761 2739 2815 insidiis
2784 2763 3024 2832 vigilanti
3058 2763 3237 2815 studio
3270 2764 3522 2829 eripiens.
3560 2765 3633 2817 De
3680 2766 3770 2827 iis,

2184 2856 2273 2923 qui
2326 2871 2429 2907 non
2486 2855 2745 2909 canonice
2795 2854 2915 2905 istic
2966 2854 3121 2906 electi
3175 2865 3298 2907 sunt
3348 2854 3397 2906 itt
3444 2855 3771 2922 patriarcltia

2188 2949 2283 3001 bra
2313 2964 2358 3001 te
2405 2948 2675 3001 memotia:
2700 2946 3011 3013 Sophrnnii,
3044 2962 3164 2998 eum
3196 2960 3455 3000 canonem
3487 2950 3776 3003 invmlabi-

2190 3041 2308 3093 liter
2337 3039 2675 3092 decernimus
2724 3037 3006 3102 custodiri,
3058 3040 3144 3103 qui
3190 3054 3217 3089 ιι
3263 3040 3462 3091 sanctis
3508 3040 3777 3106 apostolis

2189 3141 2241 3185 et
2272 3131 2515 3185 Patribus
2550 3131 2751 3183 nostris
2781 3129 3100 3181 constitutus
3131 3142 3213 3183 est
3258 3132 3325 3183 de
3372 3132 3433 3183 iis
3462 3134 3549 3200 qui
3581 3134 3631 3184 in
3667 3134 3775 3185 a‘ia

502 3230 670 3297 μνήμῃ
713 3227 1006 3299 Σωφρονίου,
1047 3223 1131 3276 τὸν
1157 3222 1240 3273 ἐπί
1269 3227 1367 3274 τῶν
1392 3215 1817 3289 χειροτονούντων
1845 3217 1873 3275 ἦ
1906 3237 2078 3293 χειρο-

2187 3228 2403 3280 civitate
2451 3236 2644 3295 praeter
2688 3228 3005 3279 sententiam
3053 3229 3432 3294 scientainqne
3483 3229 3774 3296 pontiﬁcis,

487 3318 823 3387 πονουμένων,
854 3318 937 3369 καί
962 3314 1350 3372 συναινούντων.
1382 3310 1410 3368 ἦ
1438 3310 1821 3382 συγκαλούντων
1856 3309 1903 3360 ἐν
1933 3307 2085 3381 ἑτέρᾳ

495 3406 636 3461 πόλει
657 3408 797 3481 παρά
823 3408 1022 3477 γνώμην
1044 3406 1125 3457 καὶ
1147 3401 1335 3460 εἴδησιν
1360 3407 1450 3455 τοῦ
1481 3403 1529 3453 ἕν
1553 3408 1614 3473 τῇ
1656 3400 1799 3453 πόλει
1819 3404 2087 3472 προεστῶ-

502 3519 593 3560 τος
641 3498 931 3573 ἀρχιερέως
958 3498 1177 3569 κείμενον
1221 3494 1405 3547 κανόνα
1443 3499 1547 3552 τοῖς
1594 3492 1756 3564 ἁγίοις
1786 3492 2088 3552 ἀποστόλοις

498 3594 581 3647 καί
620 3590 878 3665 Πατράσιν
902 3590 1058 3658 ἡμῶν,
1104 3584 1446 3657 ἀπαραιῗάτως
1481 3583 1709 3658 ὁρίζομεν
1744 3583 2083 3655 φυλαχθῆναι.

501 3681 718 3743 Κανόνας
762 3684 859 3757 γὰρ
898 3680 1343 3737 ἐκκλησιαστικοὺς
1382 3679 1439 3730 οὐ
1497 3674 1757 3747 δυνάμεθα
1805 3674 1964 3746 λύειν,
2012 3679 2089 3731 ἐκ·

478 3771 699 3830 -δίκηται
748 3774 832 3825 καί
878 3770 1105 3842 φύλακες,
1155 3767 1258 3821 ἀλλ’
1315 3769 1373 3820 οὐ
1421 3766 1723 3838 παραϐάται
1780 3773 1881 3820 τῶν
1944 3767 2089 3821 κανό-

482 3889 600 3920 -νων
642 3866 987 3936 ὑπάρχοντες·
1023 3866 1064 3917 εί
1093 3864 1177 3915 καί
1224 3862 1539 3934 ἀμφοτέρους
1586 3862 1759 3914 ἐκεῖνοι
1805 3863 1928 3920 τούς
1973 3861 2090 3935 θρό-

504 3980 624 4019 νους
669 3958 988 4033 παρέϐησαν,
1019 3955 1105 4010 τόν
1143 3975 1196 4010 τε
1226 3954 1333 4008 καθ’
1362 3956 1493 4025 ἡμᾶς
1523 3952 1849 4007 ἁποστολικόν
1898 3954 2085 4027 θρόνον,

480 4086 483 4087 ν
505 4049 589 4106 διὰ
613 4052 670 4106 τό
693 4055 767 4120 μὴ
789 4048 968 4105 δοῦναι
995 4049 1060 4102 τά
1086 4047 1377 4122 πραικίπτα
1400 4053 1490 4105 τῆς
1514 4047 1855 4117 χειροτονίας,
1871 4048 1938 4104 ὡς
1960 4044 2092 4120 εἴρη-

503 4163 611 4204 ται,
660 4143 746 4197 καί
787 4141 873 4195 τόν
917 4144 1009 4193 τοῦ
1055 4137 1202 4210 ἁγίου
1239 4136 1480 4191 Ἰακώϐου
1524 4134 1692 4210 θρόνον
1723 4132 1807 4190 διὰ
1851 4136 1952 4188 τοῦ
1995 4135 2089 4189 λα-

479 4231 606 4286 ’θεῖν
660 4229 744 4286 τόν
794 4230 844 4283 ἕν
894 4227 1053 4299 ἁγίοις
1086 4226 1379 4303 Σωφρόνιον,
1417 4226 1500 4279 ἵνα
1549 4224 1720 4278 λοιπόν
1771 4224 2087 4295 αὐτονόμως,

487 4325 577 4384 νὼς
630 4324 779 4377 αὐτοὶ
840 4321 1096 4384 θέλουσιν,
1170 4318 1275 4374 ἀλλ’
1329 4319 1386 4373 οὐ
1432 4320 1597 4379 καθὼς
1652 4318 1710 4373 τὸ
1777 4312 1981 4390 Πνεῦμα
2031 4319 2090 4374 τό

508 4414 650 4487 ἅγιον
696 4412 1127 4489 παρακελεύεται,
1182 4413 1279 4471 τὰς
1342 4412 1666 4486 χειροτονίας
1706 4411 1908 4471 ἑαυτοῖς
1971 4433 2090 4485 σφε·

2188 3318 2278 3389 qui
2310 3319 2356 3372 ei
2384 3319 2585 3373 civitati
2617 3326 2830 3384 praeest,
2860 3319 2943 3369 vel
2975 3318 3208 3383 eligunt,
3241 3321 3320 3371 vel
3355 3321 3647 3385 eliguntur,
3688 3321 3778 3374 vei

2188 3411 2550 3471 consentiunt,
2602 3410 2681 3463 vel
2736 3419 3035 3462 convocant
3074 3415 3091 3476 (
3124 3409 3360 3462 Lateran.
3405 3428 3547 3464 ιὀηε,
3580 3414 3778 3467 decrel.

2188 3503 2222 3552 ἓ
2255 3504 2295 3566 ).
2328 3500 2574 3553 (lationes
2614 3500 2755 3553 enim
2785 3499 3178 3553 ecclesiasticos
3208 3504 3416 3556 solvere
3449 3517 3551 3554 non
3580 3518 3781 3571 possu-

2191 3608 2330 3656 mus,
2381 3595 2471 3662 qui
2519 3593 2830 3647 defensores
2862 3601 2916 3644 et
2954 3596 3203 3646 custodes
3254 3609 3515 3649 canonum
3564 3612 3781 3663 sumus,

2192 3703 2295 3740 non
2354 3696 2801 3756 transgressores,
2865 3688 3073 3739 tametsi
3132 3695 3412 3756 utramque
3462 3689 3643 3743 sedem
3705 3690 3781 3743 illi

2192 3784 2495 3833 violasuut:
2531 3781 2667 3833 hanc
2714 3778 2929 3845 quidem
2979 3780 3328 3846 apostolicam
3372 3780 3577 3844 sedem,
3627 3783 3780 3847 quod

2184 3875 2523 3927 creationum
2557 3881 2823 3941 prmcepta
2877 3886 2982 3924 non
3023 3871 3293 3936 dederint,
3342 3884 3395 3925 ιιι
3423 3884 3547 3928 ante
3574 3876 3782 3928 dictum

2192 3974 2308 4025 est;
2361 3964 2543 4018 sedem
2575 3978 2705 4017 vero
2750 3964 2919 4017 sancti
2965 3963 3176 4026 Jacobi,
3226 3967 3366 4034 quod
3411 3966 3780 4034 Sophrouiuui

2192 4056 2369 4110 celare
2415 4054 2736 4119 studuerint,
2769 4061 2793 4088 ⁸
2826 4066 2879 4109 ut
2908 4055 3090 4109 caeteri
3123 4056 3312 4118 libere,
3352 4059 3501 4111 sicut:
3549 4059 3646 4125 ipsi
3679 4076 3780 4114 vo-

2194 4147 2330 4215 lunt,
2360 4161 2464 4201 non
2494 4147 2629 4200 sicut
2658 4154 2874 4199 sanctus
2902 4146 3130 4215 Spiritus
3153 4145 3328 4215 jubet,
3357 4149 3647 4201 eiectiones
3673 4153 3786 4204 sibi

2191 4222 2551 4310 arrogarent;
2581 4239 2715 4292 tales
2746 4248 3037 4306 propterea
3090 4238 3345 4294 Ecclesiae
3393 4258 3566 4293 canou
3610 4244 3789 4297 cami-

2192 4342 2301 4403 gat,
2334 4347 2439 4386 non
2484 4332 2625 4385 enim
2671 4331 3001 4385 confusionis
3038 4345 3099 4385 ac
3132 4332 3448 4385 turbationis
3500 4334 3638 4387 Deus
3673 4344 3785 4398 est,

2192 4427 2283 4479 sed
2308 4423 2513 4479 ordinis
2538 4432 2593 4477 et
2624 4424 2767 4491 pacis
2796 4420 2863 4490 (1
2894 4421 3013 4476 Cor.
3053 4438 3162 4488 ειν,
3194 4424 3262 4478 55
3284 4425 3324 4494 ).
3359 4425 3460 4491 Qui
3490 4440 3618 4479 vero
3649 4438 3786 4481 ante

416 4490 442 4530 1‘
488 4512 823 4584 τερίζωνται.
861 4506 941 4560 Διό
966 4506 1089 4565 τούς
1127 4505 1393 4565 τοιούτους
1418 4503 1443 4558 ό
1472 4507 1629 4558 κανὼν
1669 4507 1963 4578 σωφρονίζει
1998 4514 2078 4566 τῆς

2197 4520 2358 4587 ipsius
2385 4517 2788 4587 patriarchiam,
2820 4527 2909 4570 aut
2941 4526 3061 4586 post
3099 4518 3533 4573 dortnitationetn
3567 4536 3786 4575 inemo-

440 4604 445 4609 ’
506 4598 803 4660 Ἐκκλησίας
829 4613 843 4627 ⁸
868 4600 935 4653 οὐ
975 4600 1072 4673 γάρ
1121 4601 1255 4653 ἐστιν
1301 4599 1684 4657 ἀκαταστασίας
1720 4596 1747 4652 ό
1777 4598 1921 4666 Θεὸς,
1970 4597 2095 4654 άλλὰ

504 4697 693 4760 τάξεως
723 4697 810 4749 καί
834 4696 1048 4769 εἰρήνης.
1085 4692 1216 4755 Τοὺς
1237 4696 1409 4764 μέντοι
1437 4695 1537 4768 πρὸ
1576 4702 1668 4754 τῆς
1690 4699 2094 4772 πατριαρχείας,

506 4787 537 4845 ἦ
563 4787 693 4856 μετά
721 4790 810 4843 τήν
836 4788 1067 4855 κοίμησιν
1096 4790 1185 4839 τοῦ
1233 4785 1469 4857 ῥηθέντος
1507 4787 1561 4840 ἄν
1606 4786 1773 4859 ἁγίοις
1818 4795 2096 4860 Σωφρονίου

510 4874 974 4948 χειροτονηθέντας,
1008 4875 1388 4950 ἐπεγράψαμεν,
1437 4881 1520 4931 καί
1558 4884 1710 4935 τοῦτο
1755 4877 1841 4934 διὰ
1868 4888 1959 4938 τήν
2002 4888 2093 4936 τοῦ

509 4968 686 5037 καιροῦ
715 4966 1088 5039 στενοχωρίαν,
1119 4965 1274 5019 τόπον
1309 4967 1590 5048 ἀπολογίας
1617 4977 1722 5030 τοῖς
1748 4970 1882 5026 οῦτω
1913 4992 2094 5045 χειρο-

496 5054 767 5109 -τονηθεῖσι
787 5055 1167 5127 παρεχομένην,
1191 5052 1422 5125 οὐδαμῶς
1440 5055 1657 5111 ἐνθεῦθεν
1675 5052 1771 5112 τοῦ
1792 5060 2097 5117 ἐκκλησιασ·

502 5155 653 5205 πικοῦ
710 5151 1239 5224 προκριματιζομένου
1303 5152 1526 5213 κανόνος*
1581 5156 1664 5208 ἶνα
1710 5155 1930 5209 λίϐελλον
1980 5160 2098 5212 εἰλια

504 5247 708 5314 κρινοῦς
736 5243 1035 5312 μετανοίας,
1065 5239 1217 5312 ἤγουν
1245 5241 1508 5314 ὁρθοδόξου
1544 5249 1770 5304 πίστεως
1803 5243 2094 5302 ἐπιδιδοῦν-

508 5354 603 5392 τας
632 5328 704 5402 τῷ
748 5333 832 5385 imi
860 5333 1025 5399 τούτῳ
1052 5329 1175 5407 παρ’
1207 5334 1345 5401 ἡμῶν
1372 5336 1561 5409 ἀρτίως
1594 5336 1777 5390 αὐτόθι
1821 5359 2098 5413 προχειρι·

508 5425 697 5483 σθέντι,
728 5424 938 5494 κυρώσῃ
966 5422 1181 5481 τούτους
1209 5425 1259 5477 ἕν
1283 5432 1346 5497 τῇ
1384 5423 1485 5499 ἰδίᾳ
1510 5428 1649 5490 τάξει
1664 5428 2059 5500 βεϐαιουμένους
2078 5473 2095 5498 ,

440 5516 449 5533 ⁷
510 5522 557 5571 εί
582 5522 747 5586 μέντοι
767 5522 835 5586 μὴ
867 5517 917 5580 ἕξ
943 5515 1127 5593 ἐτέρων
1148 5519 1233 5571 καί
1261 5513 1401 5572 οὗτοι
1418 5518 1685 5575 κωλύονται
1706 5525 1982 5598 κυρωθῆναι
2004 5547 2098 5579 ποις

512 5608 884 5680 ραπτωμάτων,
923 5604 1057 5681 ἅπερ
1082 5614 1153 5677 τῷ
1184 5606 1348 5660 κανόνι
1386 5612 1770 5680 σεσημειωμένα
1801 5614 2092 5672 καθέστηκε.

518 5696 631 5771 Περὶ
654 5695 707 5750 δέ
734 5703 833 5751 τῶν
876 5697 1163 5754 σταλέντων
1192 5696 1508 5770 δογματικῶν
1541 5710 1774 5775 χαρτῶν,
1810 5703 1921 5761 ἦτοι
1966 5726 2095 5777 συγο-

2198 4613 2296 4663 rati
2326 4609 2613 4678 Sophronii
2638 4609 2803 4660 creati
2830 4617 2975 4669 sunt,
3007 4609 3072 4661 de
3097 4609 3161 4661 iis
3190 4610 3525 4676 scripsimus,
3559 4625 3790 4678 pronter

2198 4700 2455 4767 temporis
2497 4700 2819 4768 angustiam,
2854 4715 2971 4767 qme
3002 4700 3078 4753 sic
3107 4702 3303 4755 creatis
3334 4702 3661 4758 defensionis
3698 4707 3788 4760 lo-

2194 4806 2314 4843 cum
2356 4789 2576 4858 prtebet,
2624 4804 2746 4841 cum
2793 4791 2917 4844 inde
2967 4789 3339 4847 ecclesiastico
3385 4795 3577 4847 canoni
3612 4799 3792 4852 .nullo

2197 4880 2358 4935 modo
2390 4878 2788 4948 prajttdicetur,
2818 4890 2895 4944 ut,
2926 4896 3046 4933 cum
3080 4881 3319 4935 libellum
3350 4885 3573 4938 sinceite
3606 4890 3791 4953 pinni-

2202 4970 2381 5027 tentize
2404 4970 2520 5025 sive
2548 4970 2861 5024 orthodoxae
2909 4970 3029 5024 lidei
3058 4972 3308 5027 dederint
3335 4976 3405 5036 ei,
3438 4977 3524 5042 qni
3549 4993 3725 5044 nuper
3756 4997 3789 5034 ι

2203 5064 2355 5117 nobis
2379 5062 2445 5115 ad
2493 5062 2543 5115 id
2577 5062 2695 5115 istic
2723 5061 2963 5115 delectus
2988 5072 3090 5126 est,
3133 5078 3228 5117 eos
3258 5063 3310 5118 in
3345 5069 3560 5135 proprio
3588 5070 3794 5127 ordine

2199 5157 2502 5217 conﬁrmet,
2537 5157 2698 5209 modo
2730 5154 2779 5208 hi
2812 5170 2880 5208 ex
2903 5155 3023 5209 aliis
3058 5158 3289 5224 peccatis
3319 5175 3424 5212 non
3457 5162 3794 5227 prohibean-

2201 5258 2285 5300 tur
2315 5245 2641 5305 coulirmari,
2669 5260 2789 5314 quae
2816 5259 2846 5298 a
2874 5260 3083 5301 canone
3108 5254 3289 5303 notata
3311 5251 3440 5302 sint.
3474 5252 3793 5309 Trausmis-

2200 5352 2287 5392 sas
2308 5347 2487 5390 autem
2528 5336 2855 5404 dogmaticas
2876 5337 3111 5403 chartas,
3142 5339 3255 5393 sive
3283 5354 3402 5408 quae
3427 5342 3626 5409 scripta
3650 5355 3792 5398 sunt

2198 5430 2266 5483 ab
2295 5428 2638 5494 adversariis,
2689 5429 3007 5485 damnamus
3038 5446 3141 5485 una
3170 5447 3290 5487 cum
3324 5435 3387 5487 iis
3426 5440 3513 5504 qui
3546 5439 3792 5501 scripse-

2200 5528 2345 5585 runt,
2397 5519 2659 5589 siquidem
2709 5521 2761 5574 in
2812 5522 3043 5589 prepria:
3108 5524 3379 5593 opinionis
3430 5529 3793 5594 perversitate

2200 5623 2471 5677 maneant,
2504 5622 2560 5667 ut
2585 5623 2639 5667 et
2668 5629 2856 5669 omnes
2886 5616 3192 5681 haereticos,
3237 5632 3357 5673 cum
3386 5619 3633 5674 omnibus
3670 5622 3791 5674 im-

2203 5708 2301 5775 piis
2338 5721 2521 5762 corum
2564 5707 2777 5778 scriptis
2812 5726 2824 5762 :
2859 5709 3134 5768 hortantes
3180 5726 3274 5768 eos
3312 5716 3401 5782 qul
3446 5713 3639 5785 ubique
3684 5728 3792 5766 or—

586 5812 612 5840 ⁸
641 5808 761 5873 GL,
793 5822 844 5863 ιιι
872 5813 1057 5867 deinde
1082 5812 1258 5869 libere.
1291 5813 1560 5885 lnterpres
1589 5816 1713 5886 legit
1745 5818 1923 5871 λοιποί.
1957 5818 2284 5874 ΙΙΑιιυυικυε.
