4038 6354
246 372 388 431 105⁸1

1570 365 1629 423 S.
1675 364 1975 422 ATTALXE
2016 364 2200 419 VITA.

3393 366 3530 422 tuas

239 486 490 539 submota
516 492 635 550 post
664 482 841 537 socios
863 480 929 535 ad
962 480 1022 536 Β.
1052 480 1280 535 Attalam
1308 480 1587 549 repedaut.
1633 481 1732 548 Qui
1764 480 1832 534 ab
1860 483 1909 545 Α
1937 494 2073 533 unus
2096 476 2483 533 monachorum
2523 478 2744 535 nomine
2775 478 3134 535 Fraimericus
3162 484 3226 535 ad
3261 482 3525 539 frumenta

242 575 358 641 ipse
392 587 442 625 ιιι
475 574 720 640 superius
751 573 840 625 alii
876 574 1073 637 recepti
1109 583 1161 625 el
1191 571 1380 624 salvati
1402 582 1547 625 sunt.

312 665 446 719 CAP.
500 666 586 718 Ill.
638 663 820 717 Fluvii
862 666 1249 717 inundationem
1308 663 1832 733 compescit—Alia

237 758 306 811 ab
331 775 398 811 cn
420 766 622 826 patrata
659 757 911 809 miracula
960 759 1196 809 omnium
1243 758 1291 808 in
1318 758 1624 822 supradicto
1651 771 1836 808 mona-

236 852 408 902 sterio
458 852 679 901 fratrum
728 847 1037 900 testimonio
1068 847 1472 914 approbantur:
1519 848 1656 898 inter
1704 859 1835 910 quos

236 957 338 1008 ego
375 940 584 1009 positus
627 948 681 993 et
730 939 868 992 beati
900 940 997 992 viri
1032 941 1327 991 ministerio
1363 940 1647 1006 deputatus
1684 948 1835 991 tene-

228 1033 355 1094 bar,
388 1048 509 1085 cum
559 1031 791 1099 quodam
839 1032 889 1083 in
935 1040 1176 1099 tempore
1220 1032 1466 1084 lluviolus
1493 1032 1645 1100 Cujus
1679 1047 1834 1097 snpe-

238 1124 359 1176 rius
408 1126 734 1176 mentionem
782 1120 1043 1186 fecimus,
1098 1120 1556 1188 Bobiusnomiue,
1608 1122 1832 1189 tuigidis

236 1229 506 1283 aquarum
536 1213 769 1266 molibus
795 1212 1058 1267 violenter
1081 1228 1142 1266 ac
1171 1214 1350 1281 rapaci
1374 1228 1532 1266 cursu
1564 1213 1830 1276 deﬂuens,

234 1314 294 1358 ut
323 1306 507 1359 solent
548 1312 815 1358 torrentes
860 1317 925 1358 ex
974 1305 1184 1372 Alpium
1224 1304 1594 1357 cacuminibus
1642 1306 1832 1372 tlllztpsl

232 1404 290 1450 et
323 1395 578 1449 imbrium
628 1392 888 1449 eﬂnsione
936 1396 1116 1457 aucti,
1158 1391 1230 1445 ita
1259 1393 1361 1446 iste
1387 1408 1637 1446 saxorum
1675 1406 1833 1460 rupes

232 1496 294 1542 et
314 1488 578 1540 arborum
608 1486 890 1555 congeries
918 1485 1081 1538 nimia
1118 1482 1169 1536 vi
1208 1494 1509 1537 tumescens
1547 1500 1831 1537 cimeei'ia-

234 1586 345 1645 ret,
379 1578 642 1632 molinum
677 1576 989 1631 monasterii
1042 1575 1229 1644 rapido
1266 1590 1424 1629 cursu
1468 1575 1733 1628 suﬂ‘odere
1769 1588 1832 1629 ac

232 1682 403 1725 tutam
471 1669 740 1725 oiticinam
788 1669 937 1724 ocius
985 1668 1301 1737 demergere
1347 1670 1637 1722 nitebatur.
1711 1671 1829 1733 Quo

220 1752 453 1832 fragore
505 1762 689 1816 audito
728 1768 915 1815 custos
954 1759 1139 1814 molini
1184 1761 1400 1813 nomine
1444 1760 1731 1828 Agebudus
1762 1760 1827 1811 ad

1939 576 2166 631 serenda
2197 591 2413 629 vomere
2443 576 2693 630 tellurem
2729 577 3025 642 excole-ret,
3056 576 3231 631 siibitu
3257 580 3407 633 stivze
3437 583 3525 633 fir-

1938 672 2173 725 mitatcm
2199 671 2346 724 dura:
2370 670 2538 738 glebae
2564 673 2826 737 asperitas
2866 672 3094 737 peremit
3117 680 3276 739 :ilqttc
3304 672 3527 726 t‘Onlt‘e-

1938 767 2032 836 git.
2064 767 2231 831 Quam
2258 780 2377 817 cum
2406 764 2742 831 supradictus
2769 764 2930 817 frater
2955 779 3280 827 componen-
3308 780 3527 818 minare.

1940 869 2043 921 tur,
2077 859 2253 911 subito
2281 868 2333 911 et
2364 857 2640 925 inopinato
2673 859 2781 911 ictu
2815 859 3119 909 ferramenti
3159 858 3406 922 pollicem
3456 872 3522 910 ex

1938 950 2065 1005 laeva
2101 952 2361 1019 praecidit,
2394 951 2648 1020 sulcoque
2680 951 2952 1003 conditum
2997 952 3332 1017 superposita
3364 950 3520 1018 gleba

1937 1042 2079 1093 velut
2113 1042 2268 1095 funus
2303 1041 2587 1107 sepultura:
2629 1041 2811 1103 tradit,
2853 1042 3148 1110 relictoque
3190 1057 3406 1095 votui-re
3454 1046 3519 1094 ad

1938 1133 2324 1187 monasterium
2354 1135 2545 1199 pergit,
2574 1134 2823 1200 Patrique
2838 1132 3178 1187 confeSsione
3212 1133 3374 1186 humo
3399 1150 3525 1197 pro-

1936 1235 2133 1278 stratus
2167 1224 2364 1292 prodit.
2396 1225 2546 1288 Quod
2579 1225 2766 1279 videns
2790 1226 2869 1276 vir
2903 1223 2995 1278 Dei
3024 1239 3037 1277 :
3070 1223 3169 1278 Ubi
3198 1234 3300 1285 est,
3331 1224 3519 1294 inquit,

1940 1331 2063 1384 pars
2090 1316 2281 1369 abscisi
2314 1315 2558 1382 pollicis?
2591 1315 2657 1368 At
2688 1316 2776 1368 ille
2810 1314 3006 1369 fatetur
3027 1330 3055 1367 a
3084 1329 3143 1370 se
3168 1328 3321 1369 terra:
3338 1318 3525 1369 condi-

1936 1418 2068 1469 tum,
2111 1408 2365 1473 sulcoque
2399 1408 2694 1473 sepultum.
2725 1407 2879 1471 Male,
2927 1407 3017 1460 ille
3046 1406 3139 1470 ait,
3176 1407 3379 1469 fecisti;
3429 1423 3523 1460 cur

1936 1499 2067 1553 mihi
2101 1514 2203 1552 non
2237 1499 2506 1554 detuliSti?
2533 1500 2743 1553 concito
2769 1514 2899 1568 ergo
2930 1498 3100 1567 gradu
3149 1500 3273 1552 nulli
3303 1514 3520 1553 causam

1935 1590 2176 1644 indicans
2204 1605 2384 1660 perge,
2430 1599 2752 1660 sumptoque
2794 1605 2860 1645 eo
2887 1591 2990 1645 buc
3031 1592 3269 1659 deporta.
3305 1592 3393 1643 llle
3424 1593 3524 1645 ita-

1933 1698 2037 1752 que
2065 1698 2315 1752 egressus
2345 1684 2517 1755 pergit
2542 1704 2554 1748 ;
2590 1686 3015 1755 imperatumque
3032 1686 3238 1753 pollicis
3266 1685 3520 1740 damnum

1934 1776 2200 1844 deportat.
2248 1776 2378 1830 Erat
2405 1776 2546 1830 enim
2570 1778 2800 1845 spatium
2832 1792 2927 1846 per
2953 1778 3105 1839 ardui
3132 1778 3329 1832 montis
3358 1779 3519 1833 dorsa

220 1859 505 1910 molinum
558 1855 768 1923 pergit,
807 1861 864 1906 ut
894 1852 1102 1907 videret
1143 1849 1187 1905 si
1217 1852 1348 1905 tanti
1394 1847 1627 1919 fragoris
1657 1852 1825 1903 mutes

1937 1866 2172 1922 ﬂexuoso
2208 1866 2403 1923 itinere
2452 1868 2723 1924 tendentia
2757 1869 2838 1923 vel
2885 1870 3238 1924 interﬂuentis
3271 1877 3295 1905 ι
3327 1869 3522 1930 Trivia:

235 1948 372 2003 inibi
400 1949 671 2017 dispendii
701 1946 894 2000 damna
925 1954 1208 2015 generaret
1249 1960 1261 1995 :
1306 1943 1393 1997 ubi
1423 1958 1543 1997 cum
1572 1944 1826 2008 venisset,

226 2042 368 2094 vidit
390 2042 497 2093 nisi
527 2039 695 2093 celeri
729 2036 934 2091 auxilio
981 2036 1358 2099 subvenirent,
1388 2046 1578 2088 cuneta
1611 2034 1724 2085 fore
1749 2034 1829 2085 di-

216 2131 522 2200 ripienda;
556 2128 890 2197 festinusque
934 2127 1080 2181 Patri
1110 2127 1400 2180 nuntianda
1430 2127 1621 2191 credit,
1660 2137 1712 2178 ut
1743 2140 1830 2177 so-

226 2228 412 2274 lamen
453 2221 712 2289 praebeat,
756 2235 861 2288 quo
900 2227 1205 2287 opportune
1239 2219 1541 2271 necessaria
1574 2232 1636 2270 ex
1669 2232 1831 2284 :tqtta-

229 2331 351 2368 runt
403 2314 655 2368 ﬂuctibus
702 2313 1018 2366 liberarent.
1061 2314 1141 2365 Ad
1171 2327 1330 2380 quem
1364 2313 1443 2363 vir
1473 2310 1562 2364 Dei
1593 2328 1606 2363 :
1661 2309 1825 2373 Vade,

216 2409 447 2477 inquit,
501 2421 632 2461 voca
686 2404 817 2460 mibi
866 2403 1179 2458 Siuoaldum
1237 2405 1556 2468 diaconem,
1614 2412 1666 2454 tu
1701 2418 1829 2455 vero

225 2510 400 2555 stratu
445 2507 691 2567 receptus
733 2512 979 2551 somnum
1023 2510 1189 2564 cape,
1237 2510 1336 2550 nec
1367 2507 1511 2549 metu
1537 2496 1717 2563 aliquo
1744 2497 1832 2548 de-

214 2603 412 2648 ‘tentus
444 2594 663 2648 maerori
712 2592 876 2645 corda
932 2589 1236 2643 subtnittas.
1304 2585 1430 2641 Erat
1461 2589 1607 2642 enim
1650 2603 1828 2650 inane,

233 2686 557 2754 priusquam
588 2697 782 2736 aurora
819 2682 1066 2735 funderet
1096 2692 1245 2749 grata
1274 2680 1475 2733 lumina
1508 2682 1681 2732 terris.
1732 2681 1829 2732 Ve-

230 2775 312 2829 nit
339 2789 471 2844 ergo
499 2774 791 2829 Sinoaldtts
813 2772 879 2826 ad
933 2787 1104 2825 Vll'ulll
1148 2770 1265 2837 Dei,
1293 2771 1377 2823 cui
1413 2771 1472 2822 Β.
1506 2772 1683 2822 Attalo
1711 2770 1784 2821 ait
1812 2786 1823 2821 2

229 2872 595 2938 Apprelieuso
638 2866 831 2921 baculo
881 2881 987 2935 quo
1016 2873 1289 2918 sustentor
1320 2863 1452 2916 vade
1483 2863 1548 2915 ad
1582 2864 1826 2928 Dubium,

216 2959 654 3029 'itnperautisque
700 2971 834 3012 voce
894 2957 1056 3010 dicito
1105 2957 1259 3024 signo
1313 2953 1596 3008 dominicae
1649 2968 1830 3007 cruc.s

228 3055 491 3125 praelato,
533 3062 589 3107 ut
628 3053 757 3106 istas
805 3050 1013 3106 desinat
1040 3049 1319 3118 perfodere
1364 3051 1543 3117 ripas,
1573 3062 1671 3101 nec
1695 3063 1830 3115 pra:-

227 3157 464 3217 sumptae
510 3145 752 3199 audacia:
805 3144 996 3197 modos
1040 3143 1326 3211 suppleat,
1356 3140 1451 3193 sed
1493 3140 1594 3191 alia
1632 3145 1828 3192 cedens

1934 1961 2147 2014 alveum
2190 1961 2342 2029 quasi
2395 1957 2628 2016 milliarii
2670 1960 2850 2015 unius.
2888 1960 3057 2014 Porro
3090 1962 3169 2014 vir
3214 1960 3304 2014 Dei
3354 1961 3526 2015 susci-

1933 2051 2084 2117 piens
2142 2049 2307 2105 frusta
2372 2052 2623 2120 pollicis,
2679 2053 2791 2105 suis
2850 2051 3030 2105 salivis
3088 2053 3276 2106 illitum
3342 2053 3524 2107 manui

1928 2142 2128 2213 junxit,
2184 2143 2610 2213 conjunctusque
2660 2144 2837 2213 pollex
2887 2145 3066 2198 carnis
3121 2143 3327 2213 glutino
3376 2144 3526 2199 velut

1934 2244 2090 2289 antea
2120 2234 2561 2303 fueratadbmsit,
2597 2237 2865 2305 tacitoque
2903 2235 3118 2289 silentio
3151 2245 3207 2288 ut
3236 2236 3394 2289 abeat
3419 2235 3526 2290 im-

1934 2336 2102 2396 petat.
2135 2328 2179 2382 υ
2225 2332 2358 2381 mira
2398 2328 2567 2380 virtus
2596 2327 3031 2396 Dmniputentis!
3070 2342 3170 2395 qua
3201 2328 3279 2380 sic
3306 2339 3432 2380 suos
3462 2325 3519 2382 in

1934 2421 2091 2473 terris
2120 2420 2403 2487 glorificat,
2431 2429 2483 2473 ut
2505 2419 2689 2487 frigida
2720 2420 3035 2488 abscisaque
3058 2418 3302 2473 membra
3330 2431 3520 2472 eorum

1936 2512 2240 2564 interventu
2276 2513 2504 2578 pristino
2535 2510 2716 2565 decori
2748 2510 2954 2565 reddat.

2002 2602 2132 2656 CAP.
2171 2602 2231 2655 V.
2277 2601 2502 2655 Puerum
2562 2603 2921 2655 moribundum
2961 2610 3132 2655 sanat.
3188 2599 3319 2672 Ejus
3361 2600 3524 2655 virtti-

1934 2702 2026 2746 ιρι.
2048 2694 2302 2748 —lsdetn
2334 2693 2532 2749 etenim
2565 2696 2647 2749 vir
2677 2709 2798 2749 cum
2829 2696 3058 2765 quodam
3091 2695 3144 2748 in
3184 2703 3425 2762 tempore
3450 2692 3522 2749 ad

1934 2785 2294 2839 Mediolanum
2330 2788 2517 2840 urbem
2547 2786 2801 2849 venisset,
2832 2786 2902 2839 ibi
2931 2786 3146 2854 quidam
3180 2786 3433 2854 puerulus
3464 2786 3521 2842 in

1933 2878 2190 2929 extremis
2216 2873 2445 2943 febrium
2473 2876 2829 2930 anxietatibus
2876 2877 3097 2943 positus,
3140 2875 3262 2928 vitai
3308 2883 3514 2929 tantum

1931 2983 2110 3036 exspei
2131 2970 2276 3022 tabat
2296 2978 2496 3022 exitum
2532 2985 2543 3021 :
2576 2966 2730 3037 cujus
2754 2977 3002 3037 parentes
3028 2965 3215 3020 audito
3239 2968 3299 3019 D.
3322 2966 3518 3021 Attala:

1932 3064 2163 3117 adventu
2192 3064 2384 3116 festino
2434 3063 2500 3116 ad
2549 3077 2671 3118 eum
2723 3070 3015 3131 properant
3063 3075 3243 3125 cursu,
3295 3074 3526 3129 eumque

1935 3168 2220 3227 precantur
2249 3169 2304 3213 ut
2329 3159 2432 3213 illis
2461 3158 2761 3212 subveniat.
2795 3155 2949 3224 Quod
2980 3170 3101 3210 cuin
3129 3155 3210 3208 vir
3243 3154 3334 3209 Dei
3368 3152 3525 3207 dissi-

355 3206 373 3217 .
1110 3206 1160 3211 -_
1937 3206 2211 3227 ,μη-η-.-
2252 3206 2303 3213 --
2330 3206 2429 3213 ,--,-
2461 3206 2761 3212 ----------,
2804 3206 2948 3224 ,ιη-
2988 3206 3044 3210 ,-
3074 3206 3100 3208 η
3168 3206 3195 3208 η
3245 3206 3267 3208 -
3296 3206 3313 3209 -
3380 3206 3417 3207 η
3462 3206 3469 3207 ,

228 3239 399 3295 latera
439 3240 539 3293 ίεῑὸ
568 3240 709 3293 Sim“
739 3253 861 3292 0556
902 3237 1066 3290 “13353
1090 3277 1105 3301 ς
1134 3234 1485 3303 ίωιιοτὶἰειιυθ
1533 3249 1592 3287 5e
1618 3248 1822 3301 (308m)“
1852 3206 1901 3269 Ο
1934 3252 2137 3303 mulare
2170 3250 2451 3314 voluisset,
2484 3249 2696 3303 fletibus
2721 3262 2785 3302 ac
2810 3246 3141 3303 terribilibus
3170 3241 3521 3298 sacramentis

229 3346 349 3388 seat
377 3332 592 3387 Domini
619 3344 984 3386 recessurum.
1044 3331 1163 3393 Quo
1209 3329 1305 3381 viri
1338 3327 1431 3380 Dei
1462 3329 1688 3392 imperio
1728 3341 1821 3378 su-

230 3413 514 3498 pradictus
544 3426 625 3480 vir
648 3427 929 3490 obediens,
972 3438 1090 3477 cum
1118 3422 1239 3477 fidei
1269 3422 1595 3475 adminiculo
1629 3425 1821 3489 pergit,

228 3533 287 3577 et
319 3523 574 3591 imposito
621 3523 753 3589 ripae
805 3519 998 3573 baculo
1048 3517 1275 3583 imperat
1317 3525 1372 3568 ut
1416 3530 1474 3568 se
1507 3530 1570 3568 ex
1605 3515 1702 3567 viri
1732 3514 1823 3566 Dei

230 3617 545 3683 praeceptis,
578 3623 848 3668 annuente
877 3610 1053 3666 divina
1087 3611 1337 3680 potentia,
1365 3609 1457 3663 illo
1488 3618 1826 3677 promoveret

229 3724 262 3760 a
296 3711 440 3772 loco,
462 3708 674 3776 aliaque
713 3706 866 3760 collis
912 3705 1079 3779 latera
1120 3702 1357 3757 violento
1400 3709 1594 3754 conatu
1625 3702 1778 3753 cedat
1808 3718 1821 3754 :

234 3816 476 3869 moxque
521 3800 780 3854 obediens
827 3800 1021 3853 lluvius
1072 3797 1260 3852 relicto
1305 3795 1460 3850 alveo
1489 3796 1639 3847 collis
1695 3795 1827 3848 latc-

233 3910 292 3949 ra
350 3896 550 3948 cedens
593 3932 611 3961 ,
670 3893 868 3948 ﬂuenta
923 3907 1019 3961 per
1074 3893 1238 3945 ardua
1305 3890 1456 3945 collis
1516 3888 1679 3942 latera
1738 3904 1827 3942 ve-

229 3987 314 4042 lut
384 3987 501 4041 ales
555 3985 770 4039 strictos
829 3986 1014 4038 latices
1072 3981 1426 4044 sustentabat,
1482 3981 1825 4048 quoadusque

234 4079 377 4133 alvei
404 4091 642 4132 concava
677 4086 937 4147 paterent,
971 4090 1076 4144 quo
1106 4083 1439 4128 sustentante
1468 4073 1666 4141 liquido
1696 4070 1826 4123 ﬂue-

231 4180 377 4227 rent.
406 4170 634 4238 Jamque
684 4182 1036 4238 prorumpens
1088 4156 1278 4220 aurora
1320 4163 1517 4217 mundo
1561 4174 1615 4215 ut
1644 4162 1824 4215 lumen

236 4268 500 4337 panderet
544 4266 815 4332 surgebat,
850 4272 904 4317 et
942 4261 1103 4330 cmpit
1132 4262 1268 4315 intra
1298 4260 1645 4326 semetipsum
1678 4256 1823 4325 cogi-

237 4371 359 4413 tans
387 4357 676 4412 Sinoaldus
718 4356 899 4410 dicere
934 4373 945 4407 :
985 4353 1181 4408 Vadam
1218 4362 1272 4406 et
1296 4350 1491 4405 videbo
1522 4352 1562 4403 si
1587 4350 1701 4403 viro
1729 4350 1824 4402 Dei

237 4450 463 4506 violenti
490 4450 683 4503 ﬂuctus
712 4446 1034 4501 obedieriut.
1064 4443 1329 4511 Venitque
1362 4443 1425 4495 ad
1468 4442 1636 4508 ripam
1661 4440 1824 4504 alvei,

1927 3356 2049 3395 eum
2073 3343 2413 3409 compellant,
2459 3350 2515 3393 ut
2540 3343 2686 3409 prius
2709 3354 2813 3393 non
2843 3347 3105 3407 eatquam
3134 3334 3327 3390 noxius
3357 3336 3522 3388 ardor

1928 3447 1987 3486 se
2016 3432 2334 3499 supprimat,
2381 3445 2447 3484 ne
2479 3431 2648 3484 isdem
2680 3428 2959 3495 languidus
2985 3442 3051 3482 eo
3092 3426 3414 3480 abscedente
3443 3424 3523 3480 vi-

1931 3523 2122 3576 talibus
2146 3522 2381 3589 privetur
2409 3522 2569 3573 auris.
2601 3519 2804 3573 Anxius
2830 3532 2959 3588 ergo
2983 3528 3039 3571 et
3072 3516 3344 3585 popularis
3371 3515 3521 3569 favo-

1930 3614 2002 3667 ris
2047 3624 2283 3667 tumores
2315 3613 2525 3681 fugieus
2553 3626 2566 3665 :
2597 3612 2692 3675 lie,
2723 3611 2916 3679 inquit,
2968 3625 3068 3679 ego
3114 3620 3170 3662 ut
3209 3617 3395 3677 potero
3428 3624 3523 3663 vos

1931 3721 2242 3775 prosequar.
2274 3706 2509 3760 Veniens
2537 3720 2665 3774 ergo
2693 3703 2947 3757 basilicas
2976 3711 3030 3755 et
3056 3711 3368 3756 sanctorum
3403 3702 3519 3755 loca

1929 3801 2138 3863 circuit,
2164 3814 2366 3868 proque
2395 3799 2609 3852 infirmo
2638 3806 2883 3865 precatur
2912 3806 2971 3849 ut
3003 3796 3241 3863 protinus
3271 3795 3523 3863 sospitati

1931 3892 2201 3947 reddatur.
2223 3892 2426 3946 Deinde
2444 3901 2499 3945 ut
2521 3892 2795 3960 promissa:
2822 3890 2941 3944 lldei
2970 3890 3218 3957 impleret
3235 3889 3517 3957 effectum,

1931 3989 1997 4043 ad
2028 3991 2297 4043 infirmum
2326 3990 2553 4043 festinus
2581 3989 2820 4053 venit,et
2848 4004 2914 4042 ne
2935 3990 3053 4058 quis
3074 3988 3337 4057 largitoris
3364 3987 3524 4058 bujus

1932 4084 2167 4136 muneris
2195 4096 2370 4151 praeco
2410 4082 2687 4150 existeret,
2718 4080 2936 4135 domum
2982 4082 3212 4135 latenter
3252 4082 3525 4150 ingressus

1928 4172 2198 4226 infirmum
2228 4170 2424 4239 attigit,
2467 4186 2695 4241 moxque
2722 4172 2890 4226 virtus
2937 4172 3114 4225 divina
3162 4171 3363 4225 sanctis
3404 4172 3526 4239 ejus

1933 4264 2179 4334 precibus
2211 4265 2392 4317 favens
2438 4264 2680 4331 SOSpllali
2732 4264 2973 4330 pristina:
3020 4279 3219 4332 a-gruin
3267 4263 3520 4317 reddidit.

1931 4355 2122 4410 Grates
2156 4354 2315 4407 simul
2370 4367 2616 4421 parentes
2667 4352 2943 4407 Conditori
2990 4353 3254 4419 referunt,
3303 4355 3392 4421 qui
3442 4356 3522 4408 sic

1931 4461 2149 4501 suorum
2184 4446 2249 4499 ad
2273 4446 2553 4513 petitiones
2581 4445 2903 4498 famulorum
2926 4444 3143 4512 pietatis
3168 4458 3280 4496 sum
3309 4457 3522 4496 accom-

236 4556 292 4601 et
316 4557 545 4597 vacuum
576 4554 826 4605 cernens,
859 4538 1137 4606 spectabat
1178 4535 1403 4604 qualiter
1427 4534 1646 4586 alterius
1676 4533 1827 4585 collis
1860 4572 1910 4629 υ
1937 4543 2115 4595 .nodai
2142 4555 2320 4594 aures,
2355 4540 2483 4593 Emi
2527 4540 2670 4593 enim
2717 4538 2884 4592 isdem
2917 4539 2997 4589 νει·
3037 4546 3221 4605 graius
3248 4535 3521 4603 omnibus,

238 4639 409 4693 latera
452 4635 689 4703 cederet,
722 4644 779 4687 ut
815 4634 913 4686 sibi
945 4633 1156 4685 alveum
1191 4644 1297 4698 quo
1352 4630 1540 4681 ﬂueret
1575 4627 1824 4694 aperiret.

238 4730 598 4797 Festinusque
651 4726 717 4778 ad
746 4726 915 4779 virum
967 4724 1057 4777 Dei
1088 4722 1250 4786 venit,
1312 4732 1539 4787 peracta:
1592 4719 1830 4771 \‘lClOl'iIB

244 4833 509 4889 tropwum
536 4817 817 4870 nuntiavit.
847 4813 940 4867 Cui
971 4815 1052 4866 vir
1111 4812 1203 4865 Dei
1232 4829 1244 4862 :
1277 4811 1586 4863 Nullatcnus
1612 4823 1717 4871 me,
1751 4807 1831 4858 in—
1862 4848 1877 4859 .

238 4912 378 4980 quit,
414 4912 467 4962 in
526 4908 627 4961 hoc
657 4906 858 4959 saeculo
888 4904 1101 4958 vivente
1130 4903 1222 4955 ulli
1275 4901 1454 4955 dicere
1518 4915 1828 4967 praesunnis.

241 5004 440 5060 Procul
472 4998 634 5055 dubio
690 5007 844 5051 utne
875 4996 1026 5050 favor
1075 4993 1409 5048 adulatorum
1462 5007 1557 5045 eor
1616 4994 1831 5059 plenum

240 5096 533 5150 virtutibus
582 5096 894 5146 macularet.
926 5089 1075 5155 Quod
1107 5088 1293 5141 vitium
1322 5087 1575 5155 quamvis
1606 5085 1834 5138 diversis

241 5191 353 5241 sint
380 5184 662 5238 virtutibus
690 5182 864 5245 ditati,
892 5182 959 5234 ab
986 5178 1232 5233 omnibus
1256 5189 1335 5231 est
1363 5178 1565 5228 sanctis
1594 5176 1834 5227 studiose

239 5277 575 5349 fugiendum.
601 5273 731 5328 Nam
763 5272 864 5325 huc
893 5272 1116 5325 callidus
1152 5269 1321 5324 ltOstis
1352 5268 1623 5321 malitiOse
1655 5270 1832 5319 studet

239 5387 298 5429 nt
331 5375 458 5427 dum
504 5373 554 5423 in
611 5368 901 5437 majoribus
956 5380 1018 5419 ac
1045 5364 1207 5419 certis
1252 5363 1424 5432 culpis
1468 5376 1685 5417 sanctos
1742 5362 1832 5413 Dei

242 5467 516 5519 maculare
545 5480 647 5514 non
692 5463 851 5523 valet,
896 5461 1085 5513 saltem
1114 5463 1196 5512 vel
1228 5460 1280 5512 iit
1311 5459 1539 5512 occultis
1590 5472 1708 5524 quae
1740 5456 1837 5508 tni-
1899 5473 1903 5477 ·

244 5572 375 5611 nora
412 5556 660 5607 videntur
681 5554 899 5619 polluat.

315 5655 449 5705 ωλι»,
491 5648 580 5702 ιν.
640 5646 869 5719 Digitum
925 5646 1171 5701 monacho
1236 5646 1517 5700 abscissum
1584 5642 1835 5699 restituii.

249 5748 577 5812 Factumque
633 5750 716 5795 est
763 5743 1034 5811 deinceps,
1092 5755 1215 5796 cum
1255 5740 1434 5811 aliquo
1483 5739 1535 5793 itt
1597 5749 1839 5804 tempore

322 5880 342 5895 -
390 5861 462 5912 La
509 5858 718 5922 Trebic,
772 5859 991 5911 ﬂumen.

1936 4634 2218 4703 singularis
2263 4633 2512 4694 fervoris,
2560 4629 2847 4699 singularis
2878 4628 3114 4682 lenitatis
3142 4629 3193 4681 in
3229 4629 3526 4697 peregrinis

1935 4739 1987 4779 et
2020 4724 2341 4794 pauperibus
2373 4741 2385 4775 :
2419 4732 2641 4776 noverat
2669 4729 2721 4775 et
2745 4719 3007 4787 superbia:
3036 4719 3314 4789 resistere,
3339 4732 3391 4775 et
3425 4720 3523 4775 litt-

1936 4818 2152 4871 milibus
2182 4815 2425 4869 subditus
2448 4829 2604 4879 esse;
2652 4813 2992 4882 sapientibus
3016 4812 3281 4883 condigna
3326 4830 3517 4883 repen‘

1934 4910 2083 4974 dere,
2117 4920 2169 4962 et
2191 4908 2522 4978 simplicibus
2552 4906 2778 4979 mystica
2812 4907 3043 4976 aperire.
3075 4907 3131 4961 In
3162 4909 3434 4962 solvendis
3464 4924 3526 4962 ae

1935 5004 2284 5072 disponendis
2313 5000 2701 5072 quaestionibus
2733 5017 2918 5071 sagax,
2947 5003 3211 5057 adversus
3245 5003 3527 5057 haereticu-

1939 5113 2053 5152 rutn
2089 5099 2365 5166 procellas
2398 5096 2584 5166 vigens
2615 5110 2679 5150 ac
2726 5098 2951 5161 solidus,
2998 5096 3149 5151 fortis
3182 5097 3231 5148 in
3261 5093 3521 5153 adversis,

1939 5192 2148 5245 sobrius
2183 5191 2233 5243 iii
2267 5191 2559 5259 prosperis,
2593 5196 2898 5257 temperans
2925 5189 2977 5242 in
3008 5187 3253 5241 omnibus
3273 5226 3288 5247 ,
3317 5184 3526 5236 discre-

1940 5295 2022 5338 tus
2052 5285 2105 5338 in
2130 5284 2354 5339 cunctis.
2381 5283 2735 5339 Redundabat
2757 5278 2908 5337 amur
2935 5292 2989 5337 et
3015 5284 3173 5335 timor
3199 5280 3249 5333 in
3273 5279 3521 5343 subditis,

1941 5376 2215 5431 redolebat
2243 5376 2481 5429 doctrina
2514 5376 2566 5430 in
2615 5376 2927 5445 discipulis;
2980 5374 3160 5427 nullus
3208 5371 3356 5439 juxta
3403 5386 3524 5424 eum

1940 5470 2023 5523 vel
2049 5484 2279 5524 mmrore
2311 5468 2614 5534 tenebatur,
2633 5468 2718 5522 vel
2750 5467 2912 5522 nimia
2943 5463 3120 5519 lmtitia
3150 5464 3524 5518 extollebatur.

2012 5562 2143 5615 CAP.
2184 5560 2271 5616 Vl.
2319 5560 2525 5614 Ubitum
2555 5576 2706 5613 suum
2734 5561 2972 5613 divinitus
3004 5550 3530 5624 prrediscit.——Jona:

1940 5669 2004 5705 ea:
2045 5653 2211 5720 patria
2239 5653 2463 5705 reditum
2492 5651 2775 5704 accelerare
2815 5649 2959 5718 facit.
2994 5646 3231 5711 Cumque
3268 5645 3374 5712 jam
3403 5657 3527 5696 cum

1941 5747 2007 5800 ab
2031 5745 2284 5801 aerumnis
2316 5744 2472 5813 bujus
2511 5741 2689 5797 saeculi
2737 5755 2917 5796 rerum
2969 5738 3263 5805 Reparator
3294 5736 3529 5795 liberare
