4038 6354
529 277 666 335 1059

1676 277 1859 333 ιυΝίΕ
1904 274 2202 330 AllBA'l‘lS
2246 275 2663 333 ELNUNISNSlS

3682 282 3821 338 1060

524 399 712 459 vellet,
738 404 1037 448 monstrare
1057 394 1107 449 ei
1139 408 1231 463 per
1255 394 1515 449 visionem
1544 394 1708 448 voluit
1737 402 1795 447 ut
1816 394 1884 448 de
1911 391 2112 446 mundo
2142 392 2187 448 Δ
2220 400 2297 447 ret
2336 393 2441 448 cito
2471 396 2535 447 ad
2593 398 2976 451 uumasterium
3029 410 3157 456 ante
3194 400 3314 479 ejus
3367 405 3569 459 exitum
3615 407 3813 467 redire.

523 503 838 559 egressurus
872 499 1114 555 paratum
1163 487 1212 539 in
1246 486 1494 539 erunibus
1539 485 1639 538 iter
1670 487 1912 550 haberet,
1956 486 2113 552 quiu-

523 581 769 650 quaginta
814 578 1019 631 dierutn
1063 577 1236 643 Spatio
1280 590 1563 643 suspenso,
1620 592 1726 639 quo
1757 575 1862 628 iter
1898 586 2111 642 pararet

527 685 846 727 venturum:
900 671 993 724 sed
1038 683 1140 722 non
1174 677 1355 736 aperte
1399 667 1496 720 viri
1531 667 1622 719 Dei
1670 669 1877 721 animus
1910 681 2111 735 cogno-

525 775 672 818 verat
695 764 795 817 iter
827 761 963 815 istud
989 762 1191 813 exitum
1216 774 1335 812 esse
1360 757 1500 822 vita),
1532 773 1598 810 an
1640 758 1704 809 ad
1729 759 1889 810 alium
1921 773 2112 825 quem-

522 871 731 922 cunque
756 855 927 906 locum
959 860 1102 904 esset
1144 864 1544 919 progressurus.
1584 849 1880 918 Utrumque
1930 860 2108 904 tamen

523 950 602 1000 vir
632 946 726 1000 Dei
781 951 1062 1013 praeparat.
1120 942 1280 1010 Septa
1326 942 1635 995 monasterii
1700 941 1908 1006 densat,
1963 951 2111 1008 tegu-

521 1052 703 1095 menta
729 1046 974 1101 renovat,
1014 1036 1191 1089 omnia
1223 1036 1458 1101 roborat,
1504 1045 1561 1087 ut
1588 1036 1631 1089 si
1662 1034 1819 1089 abeat
1845 1035 1976 1089 nihil
2012 1036 2111 1089 im-

521 1136 710 1189 becille
756 1135 1022 1188 dimittat:
1078 1134 1326 1187 vehicula
1388 1149 1599 1202 quoque
1650 1133 1878 1197 refovet,
1946 1133 2110 1188 libros

520 1229 858 1295 ligamiuibus
886 1228 1064 1280 llrmat
1091 1244 1104 1280 :
1132 1227 1483 1294 supellectilia
1514 1226 1678 1291 ablui,
1730 1228 1933 1280 dissuta
1979 1242 2109 1280 con-

517 1322 620 1387 sui,
653 1330 900 1385 corrupta
924 1320 1191 1386 componi,
1230 1321 1579 1374 calciamenta
1609 1323 1805 1388 parari,
1844 1331 1903 1373 ut
1926 1322 2105 1374 omnia

521 1423 717 1481 νιφειο
740 1412 846 1465 sint
871 1410 1043 1481 jubet.
1070 1409 1187 1479 Ipse
1228 1427 1357 1466 vero
1381 1410 1587 1481 jejunio
1627 1422 1682 1465 et
1718 1412 1910 1479 vigiliis
1949 1420 2109 1479 atque

518 1504 852 1557 orationibus
896 1515 1093 1570 corpus
1136 1501 1322 1565 allicit,
1372 1502 1441 1553 ita
1471 1510 1525 1553 ut
1555 1518 1821 1563 nunquam
1853 1502 2108 1554 intentius

514 1605 671 1650 antea
702 1596 756 1649 in
785 1593 1029 1648 oratione
1072 1594 1219 1646 visus
1251 1595 1437 1649 luisset
1482 1595 1766 1649 desudare.
1824 1596 1891 1649 Et
1921 1610 1989 1650 ne
2022 1597 2106 1650 cui

513 1687 798 1742 ridiculum
850 1686 1118 1748 videatur,
1150 1685 1378 1740 referam
1419 1686 1545 1752 quid
1591 1690 1642 1740 in
1688 1703 1773 1741 me
1803 1687 1970 1742 isdem
2027 1690 2107 1742 vir

513 1784 707 1848 egerit.
754 1782 886 1834 Cum
940 1780 1053 1850 jam
1090 1796 1279 1834 novem
1336 1797 1598 1836 annorum
1647 1799 1740 1849 per
1770 1782 2021 1837 circoltuu
2055 1784 2105 1837 in

513 1876 841 1930 monasterio
872 1885 1219 1928 conversatus
1261 1874 1500 1939 luissem,
1546 1884 1599 1927 et
1625 1890 1767 1942 szepe
1800 1876 2107 1942 parentibus

516 1970 904 2037 postulantibus
932 1978 990 2021 ut
1025 1982 1119 2020 eos
1150 1983 1215 2020 ex
1262 1969 1521 2033 permissu
1570 1982 1668 2022 suo
1701 1968 1953 2029 viserem,
2008 1984 2106 2022 nec

514 2062 992 2129 impetravissent;
1048 2056 1195 2111 nullo
1249 2058 1443 2112 exinde
1504 2059 1832 2113 mentionem
1880 2058 2106 2113 faciente

510 2154 589 2206 ait
618 2170 629 2203 :
668 2150 813 2205 Vade
844 2148 1090 2211 festinus,
1122 2148 1217 2214 liti,
1244 2157 1297 2201 et
1321 2157 1545 2201 matrem
1576 2148 1899 2229 fratremque
1927 2148 2103 2212 visita,

512 2256 568 2301 et
596 2247 740 2301 nulla
773 2260 920 2298 mora
972 2243 1335 2311 przepediente
1382 2251 1676 2297 revertere.
1712 2241 1952 2310 Cumque
2002 2240 2105 2294 dif-

513 2343 709 2397 ferrem
743 2352 799 2396 et
821 2338 1077 2405 temporis
1105 2338 1561 2407 opportunitatem
1592 2341 1809 2393 evenire
1832 2338 1885 2391 iu
1920 2339 2105 2407 proxi-

512 2450 603 2490 mo
633 2435 866 2488 dicerem
902 2432 1038 2503 (erat
1066 2432 1207 2495 enim
1239 2441 1449 2497 tempus
1497 2428 1649 2482 nitnii
1698 2426 1937 2497 frigoris,
1972 2440 2107 2483 tem-

516 2542 616 2594 pus
637 2525 846 2581 scilicet
875 2521 1204 2587 Februarii),
1234 2530 1290 2575 ιιι
1324 2521 1417 2574 ille
1453 2521 1565 2574 ait:
1603 2520 1856 2575 Accelera
1893 2516 2105 2587 aggredi

514 2621 616 2673 iter
643 2618 786 2689 quod
827 2616 923 2670 tibi
972 2616 1104 2669 dixi.
1160 2614 1344 2668 Nescis
1376 2624 1551 2667 utrum
1584 2614 1634 2666 iu
1668 2612 2002 2680 postmodum
2042 2612 2103 2665 li-

511 2723 630 2765 cent
656 2725 835 2776 agere.
873 2706 1017 2761 Datis
1050 2722 1177 2768 ergo
1217 2705 1503 2760 comitibus
1537 2703 1761 2756 Blidulfo
1788 2704 2101 2772 presbytero

515 2813 573 2856 et
594 2799 989 2857 Hermenoaldo
1027 2800 1275 2858 diacono,
1310 2796 1380 2850 de
1416 2810 1639 2864 quorum
1685 2794 1939 2862 religione
1973 2794 2101 2848 nihil

517 2894 881 2954 dubitabatur,
929 2892 993 2943 ad
1039 2890 1363 2943 destinatum
1421 2887 1762 2954 pervenimus
1822 2886 1995 2940 locum
2055 2894 2104 2941 ιι.

520 2987 648 3040 Erat
694 2986 835 3038 enim
894 2984 1042 3036 locus
1091 2979 1319 3048 Sigusia,
1379 2978 1506 3032 urbs
1558 2977 1776 3043 nobilis,
1833 2978 2101 3045 quondam

517 3078 869 3134 Taurinatnm
917 3076 1153 3139 colonia,
1198 3088 1228 3125 a
1277 3074 1604 3127 monasterio
1636 3071 1842 3126 distans
1882 3082 2097 3125 centum
2128 3112 2177 3175 ο

523 3171 878 3242 quadraginta
916 3166 1174 3227 millibus,
1203 3164 1290 3219 ubi
1337 3170 1395 3217 ut
1434 3162 1796 3232 pervenimus,
1821 3161 2047 3232 gratuite
2072 3177 2101 3213 a

517 3263 778 3336 genitrioe
808 3269 927 3330 post
958 3268 1227 3311 tantorum
1259 3255 1541 3310 intervalla
1578 3269 1839 3308 annorum
1870 3252 2100 3321 suscepti

512 3371 721 3419 smnus,
771 3356 863 3406 sed
917 3367 1021 3403 non
1070 3349 1163 3401 diu
1210 3354 1393 3416 optato
1443 3345 1670 3415 genitrix
1718 3344 1906 3397 fruitur
1934 3343 2100 3396 dono.

517 3449 647 3502 Nam
679 3447 869 3499 eadem
925 3454 1080 3495 nocte
1132 3439 1281 3493 febre
1338 3448 1619 3505 correptus
1676 3434 1814 3489 inter
1856 3434 2102 3488 incendia

514 3539 749 3591 clamare
776 3536 936 3602 cmpi,
959 3549 1043 3586 me
1074 3533 1169 3585 viri
1203 3530 1293 3585 Dei
1321 3528 1570 3600 precibus
1600 3528 1855 3594 torqueri,
1883 3542 1948 3580 ue
1973 3526 2101 3580 inibi

513 3635 701 3681 contra
734 3625 1073 3678 interdictum
1116 3622 1434 3690 quantisper
1469 3632 1708 3672 morarer
1742 3634 1754 3669 :
1801 3618 1846 3671 si
1881 3634 1981 3670 ttutt
2017 3630 2104 3671 me

515 3721 624 3771 cito
678 3726 949 3775 moveant,
1008 3726 1325 3783 quocunque
1368 3714 1660 3779 potuissem
1708 3708 1986 3762 conamine
2036 3708 2104 3762 ad

518 3807 898 3861 monasterium
928 3805 1208 3874 repedare,
1257 3818 1343 3858 me
1392 3804 1499 3857 cito
1548 3812 1721 3856 morte
1772 3801 2106 3870 praevenien-

515 3904 665 3955 dum.
703 3900 865 3953 Mater
894 3900 958 3950 ad
996 3900 1151 3950 lucc:
1202 3895 1388 3950 Melius
1435 3895 1560 3948 ntihi
1607 3904 1772 3956 esset,
1824 3894 1923 3957 lili,
1971 3904 2025 3946 ιιι
2057 3902 2108 3949 te

521 3994 589 4045 ibi
620 4006 806 4045 sanum
834 3991 1028 4042 scirem
1060 4003 1217 4055 quam
1252 3987 1336 4040 hic
1368 3997 1632 4040 mortuum
1665 3986 1940 4038 deflerem.
1996 3984 2102 4037 Fa-

526 4096 642 4139 teor
693 4084 908 4150 longum
964 4080 1061 4133 fuit
1110 4079 1212 4134 diei
1273 4090 1585 4145 exspectare
1640 4080 1944 4134 adventum.
2003 4077 2099 4131 Vix

516 4187 832 4243 erumpente
884 4188 1098 4237 aurora,
1161 4182 1301 4227 retro
1341 4176 1597 4239 repedare
1645 4172 1967 4235 studuimus,
2018 4186 2104 4226 me

517 4289 616 4327 nec
646 4270 928 4339 quidquam
954 4269 1054 4321 cibi
1088 4270 1350 4332 capiente,
1382 4268 1548 4322 donec
1584 4268 1745 4321 medii
1776 4284 1910 4335 pene
1941 4267 2103 4322 itine-

517 4368 591 4417 ris
637 4364 748 4416 lot‘a
792 4361 1233 4428 pertingercmus.
1272 4358 1669 4412 Festinantibus
1719 4373 1846 4428 ergo
1892 4373 1956 4411 ac
2004 4358 2106 4412 iter

518 4453 830 4523 urgentibus
864 4452 1175 4520 soSpitatem
1222 4466 1432 4504 rursum
1476 4452 1676 4515 recepi,
1721 4450 2181 4538 venientesqueD

516 4549 583 4599 ad
638 4544 1019 4600 monasterium
1089 4542 1299 4596 Patrem
1358 4541 1466 4611 jam
1528 4542 1765 4596 febribus
1820 4541 2095 4596 detentum

517 4639 814 4706 reperitittis
853 4650 915 4690 ac
956 4635 1112 4687 morti
1163 4636 1462 4701 proximum
1513 4651 1525 4687 :
1578 4635 1768 4701 quibus
1810 4636 1940 4688 visis
1980 4650 2103 4705 gra-

518 4731 714 4783 tulatus
757 4736 857 4781 est.
904 4726 1099 4796 Sicque
1141 4736 1327 4795 aperte
1365 4729 1711 4795 cognovimus
1755 4727 1851 4780 viri
1905 4726 1995 4781 Dei
2047 4729 2098 4782 itt

518 4826 617 4875 hoc
667 4822 1007 4889 pr:cva|uisse
1050 4834 1256 4889 preces,
1298 4827 1357 4874 ut
1400 4833 1485 4874 me
1530 4822 1611 4873 vis
1666 4818 1889 4873 febrium
1936 4835 2096 4889 urge-

588 4964 611 4989 λ
657 4955 803 5021 Apud
854 4951 1046 5007 Bedam
1078 4962 1128 5004 et
1160 4950 1493 5006 Vincentium
1538 4952 1803 5004 Barralem
1838 4956 1888 5005 in
1926 4951 2098 5007 Chro-

516 5028 625 5081 nol.
657 5027 832 5078 l.»rin.
866 5030 978 5077 tunc
1009 5027 1254 5091 leguntur
1285 5042 1295 5076 :
1330 5041 1347 5073 ι
1380 5026 1459 5077 Ad
1485 5024 1806 5077 destinatum
1844 5026 2093 5091 perveni-

514 5114 632 5152 mus
665 5100 862 5157 locum,
893 5109 921 5147 a
952 5095 1274 5148 monasterio
1302 5094 1589 5147 distantem
1623 5106 1834 5147 centum
1874 5104 1929 5148 et
1968 5113 2095 5164 qua-

511 5171 749 5237 draginta
802 5167 1056 5220 millibus.
1103 5164 1356 5220 Unicum
1408 5166 1672 5221 veniunts,
1725 5166 1949 5232 gratuita
1986 5170 2093 5232 pie—

513 5250 617 5291 tate
651 5256 675 5291 a
699 5238 972 5307 genitrice,
1008 5255 1025 5287 ι
1059 5248 1160 5290 etc.
1191 5237 1263 5288 Ex
1293 5245 1470 5307 nostra
1502 5251 1627 5289 vero
1658 5237 1902 5297 lectione,
1932 5253 2091 5305 quam

511 5326 579 5365 ex
622 5306 752 5363 mss.
780 5308 1188 5372 Compendieusi
1218 5317 1273 5360 et
1321 5306 1665 5374 Regniacensi
1714 5310 1970 5372 eruimus,
2001 5324 2098 5375 ap-

514 5390 664 5450 paret
693 5396 810 5447 qua:
844 5379 1002 5432 fuerit
1039 5379 1189 5433 JOIIiB
1244 5380 1434 5443 patria,
1475 5394 1630 5445 quem
1679 5379 1921 5431 nonnulli
1961 5380 2095 5433 Scu-

513 5449 626 5505 tttm
664 5466 759 5503 seu
792 5450 1081 5502 llibernum
1111 5463 1391 5516 perperam
1435 5449 1659 5514 lingunt.

585 5520 610 5559 ιι
654 5521 907 5572 Nimirum
940 5535 1080 5573 anno
1111 5520 1236 5573 6‘27.
1281 5519 1408 5571 Nam
1453 5519 1741 5572 Ariovahlo
1784 5517 2094 5587 Langobar-

510 5592 706 5664 dorunt
728 5604 873 5664 rege
928 5591 1003 5664 in
1029 5590 1306 5664 Adalvaldi
1333 5660 1341 5664 _
1368 5592 1541 5664 locum
1583 5589 1871 5664 subrogato
1927 5593 2091 5664 (mind

511 5677 653 5714 anno
677 5660 782 5712 626
811 5660 1099 5729 contigisse
1122 5676 1187 5714 ex
1223 5660 1381 5714 l’aulo
1403 5660 1632 5713 diacOno
1656 5660 1706 5712 in
1745 5662 1836 5714 lib.
1872 5660 2090 5717 tv‘llist.

515 5732 706 5800 Lang.,
738 5745 856 5801 cap.
888 5730 942 5795 5,
972 5734 1202 5800 constat)
1234 5730 1404 5785 adhuc
1447 5730 1499 5785 in
1530 5730 1664 5784 vivis
1689 5741 1804 5787 erat
1833 5734 2030 5800 Attala,
2063 5749 2090 5788 a

2287 482 2413 536 CAP.
2462 483 2565 538 Vll.
2606 485 2818 539 Crucem
2845 489 3060 544 salutat.
3098 489 3176 543 De
3216 508 3312 545 sua
3352 499 3521 547 salute
3543 508 3712 551 certus
3737 500 3820 566 fa-

2212 585 2322 626 ctus
2347 579 2775 632 moritura—(lui
2823 595 2942 634 cum
2983 582 3092 648 jam
3128 584 3177 634 itt
3212 588 3480 653 supremis
3524 589 3644 642 vitae
3674 606 3818 657 pra:-

2212 676 2379 728 sentis
2419 674 2547 728 hora
2600 678 2929 745 fungeretur,
2981 694 3105 731 cum
3164 681 3342 736 adhuc
3389 684 3575 751 vigens
3621 684 3821 740 halitus

2211 776 2539 833 superesset,
2573 784 2632 823 se
2679 769 2825 821 foras
2880 770 3131 824 cellulam
3183 775 3423 841 protrahi
3470 774 3664 845 jubet:
3697 794 3821 830 sur-

2211 872 2448 926 gensque
2478 859 2543 912 de
2573 868 2743 913 stratu
2776 874 2881 929 quo
2912 862 3131 916 valebat
3156 865 3465 931 conamine,
3501 876 3820 923 sustentan-

2214 948 2353 1002 tibus
2398 950 2628 1019 undique
2677 951 2931 1006 fratribus
2983 954 3113 1007 foris
3164 955 3416 1009 cellulam
3470 975 3815 1029 progressus,

2210 1041 2473 1105 aspiciens
2513 1056 2724 1095 crucem
2767 1058 2933 1113 quam
2989 1044 3103 1112 ipse
3158 1046 3210 1099 in
3262 1047 3453 1101 eodem
3508 1048 3627 1103 loco
3686 1053 3817 1118 poni

2214 1140 2562 1196 prteceperat,
2611 1144 2665 1183 ιιι
2718 1134 3004 1201 egrediens
3064 1136 3479 1205 ingredienSque
3528 1142 3815 1206 cellulam,

2225 1230 2362 1273 tactu
2388 1224 2501 1287 ejus
2522 1237 2674 1275 suam
2704 1224 2931 1278 frontem
2979 1229 3229 1293 tuuniret,
3265 1232 3429 1297 erepit
3472 1243 3695 1285 mwstas
3744 1233 3821 1285 li-

2210 1327 2419 1382 uymas
2456 1314 2693 1369 fundere
2760 1332 2825 1371 ac
2885 1330 3146 1386 tr0ptcum
3204 1324 3377 1375 crucis
3436 1340 3745 1378 memorare
3805 1344 3815 1377 :

2216 1423 2235 1453 ι
2266 1405 2397 1467 Ave,
2432 1405 2619 1474 inquit,
2652 1407 2790 1461 alma
2821 1424 2952 1464 crux
2983 1426 3102 1479 qua:
3145 1416 3325 1466 mundi
3360 1417 3585 1482 pretium
3629 1429 3821 1482 porta-

2211 1501 2305 1563 sti,
2335 1516 2453 1568 qua:
2487 1502 2683 1555 vexilla
2730 1503 2909 1557 ferens
2952 1514 3153 1559 mterna
3196 1516 3247 1558 ιιι
3282 1518 3580 1561 nostrorum
3616 1510 3816 1564 vulne-

2212 1606 2328 1644 rum
2365 1591 2688 1647 medicinam
2717 1596 2945 1648 attulisti
2972 1614 2983 1647 :
3019 1605 3072 1649 tu
3104 1612 3294 1651 cruore
3324 1600 3441 1669 ejus
3473 1586 3603 1653 illita
3630 1617 3690 1655 es
3722 1602 3818 1668 qui

2212 1694 2266 1736 ut
2294 1702 2463 1752 genus
2512 1685 2807 1741 humanum
2837 1689 3072 1743 salvaret
3102 1706 3133 1745 e
3172 1693 3309 1746 etelo
3341 1693 3392 1746 in
3445 1696 3581 1747 hanc
3630 1696 3818 1765 lacry-

2143 1757 2185 1816 Β
2214 1796 2420 1832 morum
2449 1782 2637 1836 vallem
2664 1781 2966 1849 descendit,
2997 1787 3085 1853 qui
3120 1786 3173 1839 in
3198 1795 3249 1840 te
3279 1789 3429 1852 primi
3462 1791 3587 1843 Ade:
3622 1757 3816 1860 ruga'tn

2212 1871 2449 1924 extendit
2477 1872 2696 1935 dudum,
2732 1873 3109 1943 geminamque
3139 1879 3411 1931 secundus
3442 1882 3608 1932 Adam
3651 1884 3810 1935 lava-

2210 1975 2304 2014 cro
2329 1964 2593 2017 maculam
2624 1964 2819 2020 abluit.
2854 1984 2873 2016 ι
2910 1964 3152 2031 Dumque
3186 1968 3299 2022 lucc
3324 1982 3526 2039 ageret,
3554 1984 3815 2039 precatur

2210 2069 2397 2107 omnes
2428 2064 2484 2107 ιιι
2522 2056 2718 2109 abeant
2767 2073 2996 2127 seseque
3039 2060 3251 2113 cellulae
3297 2060 3542 2124 reddant,
3595 2065 3815 2129 sibique

2212 2145 2486 2213 paulisper
2510 2146 2683 2200 locum
2714 2149 2952 2216 quietum
2988 2153 3279 2215 praebeant.
3315 2152 3650 2207 Abeuntibus
3673 2170 3811 2220 ergo

2210 2240 2478 2303 omnibus,
2536 2255 2672 2293 unus
2719 2244 3098 2297 tantummodo
3153 2244 3369 2300 nomine
3420 2245 3813 2300 Blidemuudus

2212 2341 2327 2396 post
2362 2342 2564 2399 tergum
2594 2332 2690 2386 viri
2727 2333 2817 2386 Dei
2862 2334 3025 2388 tacito
3070 2336 3310 2389 anhelitu
3354 2345 3522 2401 stetit,
3557 2339 3815 2406 cogitans

2211 2422 2308 2473 viri
2346 2422 2438 2475 Dei
2465 2423 2693 2490 poplites
2725 2422 2851 2477 fessi
2884 2434 2940 2479 ut
2969 2435 3146 2489 erant,
3187 2426 3372 2482 fractis
3401 2429 3683 2482 conatibus
3719 2444 3815 2481 ca-

2208 2530 2323 2567 sum
2372 2518 2413 2569 si
2466 2518 2795 2585 incidissent,
2829 2534 2889 2573 se
2936 2520 3000 2573 ad
3045 2522 3445 2592 suscipiendum
3496 2539 3619 2577 eum
3657 2540 3815 2592 para-

2212 2611 2317 2654 ιιιιιι
2356 2604 2490 2657 fore.
2524 2604 2652 2657 Cum
2700 2622 2827 2676 ergo
2852 2608 3056 2664 nullum
3102 2626 3383 2677 superesse
3429 2621 3663 2679 putaret,
3700 2630 3817 2668 ete-

2211 2697 2286 2761 pit
2315 2696 2617 2749 Conditoris
2644 2699 2988 2754 clementiam
3018 2716 3137 2755 cum
3165 2702 3521 2773 lacrymarum
3554 2706 3816 2762 ubertate

2208 2786 2523 2853 conquirere
2554 2798 2608 2839 ut
2656 2789 2916 2858 largitatis
2944 2807 3055 2847 sua:
3082 2794 3181 2846 sibi
3204 2809 3269 2847 ac
3300 2796 3342 2847 si
3395 2795 3615 2865 imligno
3648 2798 3803 2850 dona

2210 2879 2387 2949 largiti
2422 2880 2754 2949 dignaretur,
2787 2893 2843 2938 et
2873 2895 3085 2940 veteres
3113 2888 3349 2940 maculas
3389 2887 3595 2955 deletis,
3625 2892 3815 2943 omnia

2209 2971 2365 3024 saluti
2396 2976 2814 3042 reditttegraret,
2868 2978 3112 3047 hancque
3161 2981 3435 3049 antiquam
3489 2983 3816 3036 misericor-

2209 3062 2349 3115 diam
2404 3080 2666 3120 exercens
2721 3081 2783 3122 se
2828 3071 3035 3123 caelesti
3087 3086 3306 3125 munere
3355 3087 3458 3126 non
3507 3074 3816 3129 abdicaret.

2211 3153 2343 3208 Tum
2386 3155 2521 3207 inter
2552 3166 2738 3211 tntesta
2767 3158 2995 3227 suspiria
3024 3170 3078 3215 et
3100 3161 3325 3215 fluentes
3348 3163 3611 3234 lacrymas
3635 3169 3819 3220 cretus

2211 3243 2447 3309 intuens,
2484 3245 2617 3299 vidit
2668 3248 2774 3301 sibi
2821 3249 2998 3303 subito
3025 3251 3241 3305 eosdem
3281 3262 3514 3320 apertos,
3538 3270 3680 3322 quos
3716 3271 3823 3325 per

2211 3334 2498 3389 multarum
2529 3336 2561 3389 ll
2588 3352 2781 3390 vrarum
2815 3340 2987 3407 spatia
3016 3341 3228 3396 intuens
3271 3345 3464 3398 uberes
3496 3345 3681 3400 cordis
3716 3364 3817 3400 ru-

2208 3425 2347 3494 gitus
2380 3429 2679 3493 promebat.
2712 3429 2927 3485 Gratias
2972 3432 3168 3489 deinde
3198 3438 3365 3490 refert
3407 3437 3815 3507 Omnipotenti,

2210 3519 2299 3586 qui
2332 3518 2431 3571 sibi
2460 3518 2651 3587 januas
2680 3521 2806 3574 cteli
2852 3531 3066 3590 apertas
3104 3536 3447 3593 monstraret,
3497 3546 3633 3597 quas
3689 3543 3821 3599 post

2211 3609 2477 3677 paululum
2515 3613 2757 3678 corporis
2786 3614 3043 3669 membris
3068 3619 3243 3671 anima
3274 3628 3430 3673 exuta
3454 3634 3816 3688 penetratura

2209 3710 2368 3754 esset.
2402 3699 2565 3755 Facto
2597 3701 2725 3757 inde
2763 3704 3095 3773 signojus‘sit
3122 3718 3181 3762 ut
3229 3708 3418 3765 fratres
3456 3712 3816 3783 advenirent,

2209 3798 2296 3863 qui
2328 3811 2451 3851 eum
2498 3797 2710 3852 cellul;e
2755 3799 3065 3856 redderent.
3098 3801 3223 3858 Htec
3272 3804 3426 3858 nobis
3463 3808 3819 3876 supradictus

2211 3890 2376 3946 frater
2405 3893 2593 3946 eadem
2628 3894 2716 3947 die
2739 3894 2945 3949 retulit.
2980 3896 3126 3951 lianc
3148 3897 3343 3968 quippe
3368 3899 3813 3958 consolationem

2209 3983 2409 4036 famulo
2458 3998 2557 4038 suo
2586 3983 2827 4039 Christus
2858 3987 3117 4053 ostendit,
3175 3998 3231 4041 ut
3279 3999 3549 4045 extremos
3601 3992 3819 4049 halitus

2207 4093 2430 4132 securus
2458 4080 2526 4132 de
2550 4077 2719 4133 futura
2744 4081 2920 4144 venia,
2952 4082 3058 4135 imo
3089 4083 3259 4151 gloria
3280 4099 3444 4137 ovans
3470 4084 3809 4143 dimitteret.

2207 4172 2357 4239 Quod
2389 4175 2471 4226 vir
2499 4173 2590 4227 Dei
2617 4175 2892 4249 occultare
2929 4176 3204 4240 voluisset,
3247 4178 3290 4230 si
3321 4179 3664 4246 supradictus
3695 4180 3812 4236 Bli-

2207 4264 2504 4317 deauundus
2534 4264 2713 4319 abdite
2742 4276 2859 4331 post
2885 4267 3003 4335 ejus
3031 4268 3247 4321 dorsum
3283 4284 3384 4322 non
3418 4272 3811 4326 remansisset.

2207 4357 2384 4409 Altera
2404 4370 2530 4411 vero
2556 4355 2642 4410 die
2675 4358 2976 4413 valedicens
3006 4360 3260 4415 fratribus
3283 4362 3551 4422 omnibus,
3595 4367 3817 4417 exhor-

2210 4456 2325 4500 tans
2351 4461 2447 4502 eos
2499 4457 2557 4502 ut
2584 4462 2818 4517 ereptum
2870 4451 2971 4506 iter
3022 4469 3125 4505 non
3177 4454 3564 4522 relinquerent,
3616 4459 3719 4510 scd
3759 4460 3814 4513 in

2207 4536 2517 4592 melioribus
2568 4539 2775 4594 actibus
2821 4543 3055 4597 roborati
3110 4545 3349 4611 quotidie
3403 4552 3817 4613 perseierando

2205 4629 2564 4684 firmarentur.
2596 4628 2915 4687 Consolatus
2944 4650 3071 4704 ergo
3102 4643 3346 4700 cunctos,
3383 4637 3505 4690 vita:
3558 4654 3817 4707 pr:esen-

2204 4726 2269 4776 tis
2299 4722 2520 4776 nexibus
2546 4723 2842 4788 absolutus,
2876 4724 2901 4761 δ
2932 4728 3164 4779 animam
3212 4730 3351 4781 coelo
3397 4730 3652 4785 reddidit.
3693 4733 3817 4789 Me-

2205 4815 2308 4869 rito
2340 4818 2483 4870 enim
2540 4832 2719 4872 rerutn
2776 4820 3073 4887 lteparator
3108 4832 3324 4876 sanctos
3367 4839 3489 4878 suos
3535 4826 3812 4885 virtutum

2200 4969 2306 5018 quo
2349 4950 2603 5007 Blidulfus
2648 4955 2941 5009 monachus
2983 4956 3228 5011 Ticinum
3263 4958 3456 5013 missus
3492 4979 3512 5011 ι
3562 4961 3805 5019 obviqu

2203 5024 2394 5101 habuit
2426 5024 2770 5101 A_r_itiva_ldtttti
2813 5041 3006 5101 regem‘
3028 5026 3526 5101 Langobardorum,
3569 5051 3588 5083 ι
3620 5036 3812 5101 inquit

2200 5094 2362 5171 Jonas
2384 5097 2434 5171 in
2467 5095 2577 5171 Vita
2606 5095 2662 5151 S.
2684 5097 2897 5171 Bertulli
2928 5095 3085 5171 infra.
3114 5094 3181 5152 At
3206 5099 3471 5155 Honorius
3496 5094 3633 5171 papa
3666 5094 3811 5159 lier-

2202 5167 2333 5218 tulfn
2380 5166 2567 5238 Attatae
2600 5169 2898 5220 successori
2930 5170 3264 5238 privilegium
3309 5166 3647 5227 concessisse
3682 5185 3809 5228 ιρι·-

2201 5238 2423 5313 liuidus
2452 5236 2759 5313 Januarias,
2812 5238 2994 5313 indict.
3044 5240 3096 5313 l,
3131 5236 3241 5293 seu
3291 5258 3432 5296 anno
3459 5244 3564 5296 (3‘28
3596 5247 3811 5313 legitur

2200 5310 2250 5361 in
2285 5309 2442 5361 Italia:
2473 5307 2655 5361 Sacra:
2701 5316 2836 5363 tom.
2872 5310 2958 5373 lV,
3004 5311 3092 5364 ubi
3121 5313 3187 5365 de
3233 5316 3399 5377 epise.
3451 5315 3582 5369 Bob.
3621 5307 3688 5369 Et
3734 5317 3805 5372 S.

2202 5379 2533 5432 Blitmuutlus
2564 5379 2739 5433 Attala
2786 5390 2999 5434 mortuo
3052 5383 3101 5434 in
3159 5385 3542 5438 ttionasterinm
3577 5386 3807 5442 Leuco-

2200 5464 2401 5503 naense
2430 5465 2676 5527 reversus
2698 5448 3045 5527 est-vivente
3075 5454 3250 5527 adhuc
3292 5456 3607 5510 Cblotbario
3641 5475 3807 5527 rege,

2199 5527 2256 5593 ut
2280 5522 2489 5593 ex‘liue
2515 5520 2649 5573 Vita:
2693 5520 2748 5575 S.
2779 5519 3035 5576 Walarici
3070 5525 3344 5591 probatur.
3382 5527 3537 5579 Auno
3563 5519 3809 5593 proinde

2197 5589 2494 5644 Chlotharii
2537 5600 2764 5645 mortem
2812 5589 3168 5661 praecedente,
3200 5595 3397 5652 Christi
3428 5589 3575 5662 69.7,-
3604 5600 3661 5652 lt.
3700 5604 3805 5654 At-

2201 5662 2303 5735 tata
2334 5672 2701 5735 mortuus_est,
2743 5672 2798 5717 et
2832 5663 3043 5735 quidem
3089 5680 3143 5718 vt
3199 5667 3320 5723 Idus
3374 5670 3610 5735 Martias,
3647 5680 3810 5729 teste

2201 5732 2462 5800 Usuardo,
2503 5733 2589 5801 qui
2632 5747 2753 5788 eum
2804 5734 3036 5788 Attalum
3069 5746 3245 5793 vocat.
