4038 6354
310 361 445 421 ίέθϐΙ

1598 370 1655 425 S.
1703 369 2046 426 BEIlTL‘LFl
2090 373 2265 430 VITA.

3426 390 3573 450 1062

304 487 453 542 eopia
481 474 706 526 adornat
733 474 873 528 sicut
903 476 1159 545 scriptum
1190 486 1308 531 est:
1344 478 1572 545 Spiritus
1598 482 1707 550 ejus
1732 496 1887 533 orna-
1916 500 1963 556 Α
1993 486 2325 551 anhelantes,
2365 485 2483 557 ejus
2512 490 2791 560 praeceptis
2821 507 3007 562 parere
3032 496 3266 565 student,
3299 509 3355 554 ut
3379 502 3445 557 de
3486 504 3567 557 la-

304 567 371 621 u‘l
396 568 549 621 caelos
583 563 703 634 (Job
729 582 851 620 xxvi
873 607 888 630 ,
918 568 1043 636 l5);
1072 571 1193 638 quia
1224 570 1296 623 illi
1322 572 1387 624 ad
1428 574 1699 627 cmlestem
1730 576 1888 631 vitam

2003 580 2134 634 bore
2176 580 2378 635 fructus
2404 584 2658 651 recipiant
2685 587 2805 641 vita:
2834 597 3068 645 mternat.

314 710 3539 764 Ἢ

1367 821 1646 905 VI'l‘A
1706 826 1799 907 S.
1862 828 2459 917 BERTULFI

1236 1001 1635 1063 ABBATIS
1694 1004 2175 1069 BOBIENSIS
2242 998 2701 1116 TERTIL/

1377 1142 1470 1204 (Ex
1500 1144 1703 1207 ΙΙεὼἱΙΙ.⁸
1729 1146 1849 1197 Acta
1875 1150 2059 1201 ordinis
2077 1156 2124 1203 S.
2152 1155 2447 1221 Benedicti.)

1538 1272 2278 1300 ___.________

576 1341 810 1399 OBSER
825 1342 986 1397 νΑτι
998 1343 1194 1400 ONES
1228 1344 1401 1399 ΡΒᾸΞ
1421 1346 1593 1403 νιίΕ.

294 1455 309 1471 ’
356 1451 538 1507 Vitam
567 1454 738 1505 sancti
771 1454 984 1506 Bertnlli
1026 1454 1301 1507 Bobiensis
1330 1457 1538 1509 abbatis
1574 1460 1736 1523 tertii,
1767 1460 1873 1515 Ve-

278 1524 509 1597 nerabili
560 1524 714 1576 Bede
745 1524 879 1597 falso
929 1524 1237 1597 ascriptam,
1296 1541 1324 1577 a
1370 1525 1527 1581 Snrio
1581 1532 1868 1597 expolitam

278 1596 567 1647 restituere
617 1594 961 1647 tentavinrus.
991 1595 1117 1647 Eam
1160 1599 1492 1664 reperimus,
1524 1610 1576 1650 at
1607 1594 1865 1664 nnitilam,

278 1665 340 1716 in
397 1664 624 1732 quodam
659 1666 961 1736 monasterii
1016 1670 1179 1736 nostri
1239 1665 1681 1734 Compendiensis
1735 1687 1862 1736 apo-

273 1744 512 1801 .grapnu,
547 1738 595 1785 in
629 1748 739 1804 quo
777 1733 926 1804 luna:
949 1733 1386 1796 lucubrationes,
1414 1748 1636 1804 excepta
1688 1733 1858 1795 sancti

290 1804 513 1877 liustasii
568 1803 774 1877 abbatis
820 1803 1092 1877 Vita,_hoc
1121 1806 1278 1860 modo
1306 1803 1577 1873 dispositae
1627 1821 1772 1877 sunt,
1806 1823 1862 1864 nt

291 1873 401 1925 Vita
453 1875 623 1925 sancti
672 1874 985 1926 Columbani
1040 1890 1203 1928 unum
1261 1878 1490 1937 librum,
1542 1878 1651 1930 Vita
1692 1873 1858 1935 sancti

283 1944 473 1995 Attalus
526 1944 733 1996 abbatis
765 1946 1013 2012 alterum,
1040 1948 1278 1997 narratio
1310 1946 1374 1999 de
1423 1948 1582 2000 rebus
1624 1953 1861 2004 nnrilicis

283 2013 333 2064 in
394 2014 811 2081 tturgundnlara:
861 2017 1189 2067 nionasterio
1242 2015 1587 2070 Eboriacensi
1643 2032 1860 2084 patratis

281 2084 497 2134 tertium
530 2086 817 2157 Constituat
846 2084 1239 2157 distinctnmLin
1271 2100 1397 2139 xvm
1424 2090 1649 2153 capitula
1678 2104 1693 2152 ;
1726 2105 1864 2157 quo-

268 2167 395 2204 rum
430 2158 645 2205 tertium
676 2156 940 2207 decimum
957 2156 1126 2208 sancti
1156 2154 1378 2209 Bertulti
1407 2158 1616 2211 abbatis
1635 2154 1861 2215 Bobien-

276 2224 347 2274 sis
381 2226 512 2275 Acta
532 2225 709 2288 qualia
759 2224 847 2294 hic
893 2224 1248 2292 subjiciuntur
1294 2230 1724 2294 comprehendit,
1758 2232 1859 2283 alia

270 2295 511 2360 quinque
542 2300 680 2362 (qua:
703 2293 918 2360 Quidem
954 2296 1004 2346 in
1038 2310 1137 2348 ms.
1169 2295 1302 2351 Cod.
1341 2298 1517 2349 lacero
1562 2293 1859 2353 desiderata

274 2379 337 2433 ex
394 2362 554 2416 Surio
606 2366 1007 2430 supplevimns,
1068 2367 1423 2433 quorumdam
1475 2369 1859 2422 monachorum

262 2432 901 2505 Bobiensinmpraeclara
917 2434 1052 2486 facta
1082 2432 1416 2504 mortemque
1430 2439 1698 2505 egregiam
1729 2456 1864 2505 prae-

269 2503 560 2571 stringunt.
613 2502 776 2558 Jonas
799 2518 987 2558 auctor
1017 2504 1176 2559 rebus
1224 2502 1357 2574 pene
1408 2502 1658 2563 omnibus
1706 2502 1860 2565 testis

268 2574 464 2628 adfati.

669 2723 1090 2795 INCIPIT
1154 2724 1444 2796 VITA.

342 2831 580 2898 LQuam
607 2837 861 2900 prmclara
894 2834 999 2886 sint
1022 2835 1644 2904 monimentajuswrum,
1672 2835 1860 2890 docte-

267 2938 384 2977 rum
412 2927 545 2977 ordo
602 2941 695 2992 per
726 2936 1024 2991 tenuiorum
1072 2927 1468 2982 vicissitudines
1513 2930 1714 2983 studuit
1768 2946 1862 2998 po-

1988 1361 2136 1414 nulfu
2153 1369 2201 1427 ⁸,
2221 1378 2340 1417 cum
2365 1366 2482 1431 ipso
2506 1373 2761 1441 tantisper
2776 1386 3011 1432 moratus
3033 1389 3136 1435 est.
3154 1382 3354 1441 Deinde
3376 1388 3439 1441 ad
3460 1405 3556 1444 ve-

1985 1456 2273 1511 nerabilem
2302 1460 2476 1515 virum
2510 1463 2811 1522 Eustasinm
2864 1474 3118 1538 perrexit,
3171 1494 3282 1545 quo
3312 1480 3402 1533 diu
3427 1484 3557 1536 sub-

1976 1544 2147 1609 jectus
2181 1560 2379 1604 sancta:
2410 1557 2643 1623 regular,
2697 1559 3047 1632 religionique
3089 1544 3270 1634 gratus
3300 1573 3550 1630 omnibus

1898 1661 1942 1720 Β
1979 1633 2198 1687 mansit.

2040 1726 2253 1825 5..Exin
2278 1729 2599 1790 adventante
2620 1736 2773 1792 beato
2799 1741 2970 1796 Attaia
2985 1758 3049 1798 ex
3078 1746 3546 1825 AnsoniaeIltalite]

1968 1816 2222 1884 partibus,
2238 1833 2359 1874 cum
2378 1827 2647 1880 voluntate
2671 1838 2725 1882 et
2742 1832 2887 1895 pacis
2903 1837 3220 1891 venerabilis
3233 1816 3443 1895 vinculo
3467 1816 3550 1897 vir

1966 1907 2240 1964 Eustasius
2268 1913 2385 1981 ejus
2413 1917 2654 1973 societati
2688 1922 3005 1991 subjunctns
3029 1938 3130 1992 est,
3155 1931 3273 1998 quia
3299 1943 3415 1987 erat
3440 1934 3546 1989 illis

1963 2013 2057 2051 cur
2086 2015 2247 2055 unum
2272 2014 2327 2056 et
2353 2007 2527 2060 anima
2551 2024 2676 2072 una,
2702 2026 2798 2065 nec
2819 2016 3105 2083 quidquam
3129 2021 3407 2076 discordia
3430 2040 3546 2077 ma-

1967 2092 2147 2159 nebat,
2170 2095 2247 2149 sic
2271 2095 2472 2168 [supple
2496 2098 2571 2166 ut]
2597 2113 2777 2155 mutuo
2803 2120 2873 2159 ac
2894 2108 3126 2164 vicissim
3150 2113 3416 2180 subjectos
3443 2116 3545 2171 sibi

1972 2194 2381 2241 eornmutarent.
2412 2190 2551 2244 Abiit
2571 2208 2699 2261 ergo
2725 2205 2843 2261 post
2865 2200 3087 2266 vestigia
3118 2206 3431 2259 venerabilis
3451 2211 3544 2260 At-

1964 2274 2105 2341 tatae,
2151 2277 2505 2346 Ausoniteqtte
2533 2283 2736 2339 sinibus
2760 2300 3028 2356 receptus,
3055 2291 3105 2344 in
3128 2291 3410 2351 Ebobiensi
3431 2311 3545 2353 cm-

1965 2368 2125 2453 nnhio
2154 2368 2253 2421 sub
2281 2368 2579 2425 obedientia
2596 2373 2739 2429 beati
2762 2378 2943 2431 Attalus
2961 2386 3267 2447 permansit.
3303 2384 3545 2455 Cumque

1966 2456 2229 2521 ltepertor
2266 2476 2443 2514 rerum
2475 2465 2785 2532 sarpelatum
2816 2468 3026 2525 Patrem
3083 2474 3313 2529 Attalam
3341 2477 3406 2530 ad
3434 2492 3545 2535 cae—

1968 2548 2117 2602 lestia
2146 2564 2308 2619 regna
2342 2566 2457 2620 post
2487 2571 2753 2612 aerumnas
2783 2561 2962 2615 saeculi
2984 2565 3182 2629 evexit,
3206 2567 3381 2621 omnis
3408 2582 3543 2622 con-

1958 2640 2049 2692 cio
2082 2645 2463 2698 monachorum
2499 2662 2628 2701 voce
2665 2651 2956 2719 animoque
3005 2657 3152 2709 unito
3182 2673 3196 2707 :
3230 2656 3288 2711 In
3324 2668 3546 2725 paterno

1969 2732 2193 2797 honore,
2226 2734 2392 2799 aiunt,
2424 2737 2719 2793 Bertulfum
2755 2742 3126 2799 sublimamus.
3178 2747 3279 2811 Qui
3311 2765 3407 2817 per
3436 2762 3543 2805 tre-

1967 2821 2143 2876 decim
2174 2838 2346 2879 annos
2372 2830 2514 2879 omni
2552 2829 2843 2898 diligentia:
2900 2834 3077 2889 studio
3108 2837 3312 2905 plebem
3341 2841 3540 2897 docere

1963 2926 2025 2965 ac
2050 2913 2288 2969 imbuere
2310 2917 2610 2973 salubribus
2649 2927 2866 2979 monitis
2892 2940 2996 2979 non
3032 2931 3234 2983 omisit.
3268 2930 3373 2984 Sed
3410 2933 3539 3001 quid

264 3016 493 3067 steritati
520 3015 813 3069 declarare.
838 3014 965 3080 Quae
998 3030 1127 3085 ergo
1166 3032 1305 3072 nunc
1334 3019 1533 3072 nostris
1564 3030 1856 3074 noscnntur
1884 3013 1928 3075 C
1967 3006 2019 3058 ίη
2078 3006 2161 3059 bis
2208 3014 2543 3081 ιεωροτίὺυε
2592 3019 2839 3086 gesserit,
2899 3027 3171 3077 memoriae
3222 3026 3539 3081 tradendum

267 3114 473 3173 patrata
536 3111 887 3175 temporibus,
922 3123 1253 3177 nequaquam
1313 3110 1527 3163 silentio
1575 3113 1851 3181 negligen-

266 3202 353 3253 tia:
408 3216 603 3253 somno
643 3214 885 3269 torpente
930 3213 1055 3256 sunt
1114 3205 1591 3273 praetermittenda,
1623 3216 1678 3261 ut
1717 3210 1857 3263 sicut

265 3292 422 3345 nobis
456 3296 874 3359 praecedentium
904 3296 1148 3365 exempla
1196 3298 1411 3351 uberius
1440 3299 1714 3366 religionis
1742 3310 1856 3354 stu-

264 3385 352 3437 dia
386 3394 668 3451 generant,
715 3387 783 3439 ita
836 3389 1177 3455 postmodum
1217 3390 1517 3459 posteritati
1548 3401 1851 3447 nostrorum

272 3485 582 3543 temporum
609 3490 890 3545 augmenza
924 3480 1127 3545 pariant
1155 3496 1169 3544 ;
1196 3484 1428 3548 dumque
1453 3481 1570 3534 aliis
1600 3483 1853 3537 imitanda

256 3580 651 3635 propagamus,
698 3568 852 3621 nobis
901 3574 1099 3637 saepius
1130 3576 1476 3625 memoranda
1506 3576 1850 3642 oppOnimus.

267 3657 611 3713 Venerabilis
659 3664 859 3714 etenim
920 3662 1183 3717 licrtulfus
1242 3664 1560 3719 Ebobiensis
1614 3668 1849 3722 emnobii

266 3747 483 3815 prwsul,
514 3751 665 3817 cujus
695 3758 939 3817 superius
985 3751 1210 3807 fecimus
1265 3744 1585 3809 mentionem
1612 3756 1702 3826 (In
1733 3774 1853 3826 pro-

257 3841 388 3911 lago
429 3842 559 3896 Vitae
593 3844 654 3898 S.
707 3844 1027 3909 Columbani,
1056 3857 1102 3899 et
1129 3849 1180 3899 in
1229 3845 1349 3901 Vita
1379 3848 1439 3902 S.
1472 3849 1703 3919 Attene),
1730 3850 1852 3919 quis

250 3940 602 4000 quantusque
632 3933 811 3999 fuerit,
854 3950 882 3987 a
914 3937 1067 3990 nobis
1101 3951 1207 3990 non
1245 3948 1324 3991 est
1354 3940 1708 3992 omittendum
1741 3953 1851 3993 tra-

254 4021 399 4074 dere
426 4027 721 4088 memoriae,
749 4026 841 4077 sed
870 4027 1012 4092 prius
1038 4027 1211 4095 qualis
1240 4031 1576 4083 conversatio
1604 4030 1656 4084 iit
1676 4046 1850 4085 succu-

260 4111 320 4166 ιο
350 4112 510 4167 fuerit
533 4121 931 4167 memorandum
956 4129 1061 4170 est.

335 4205 390 4257 2.
410 4203 533 4258 Fuit
567 4208 707 4261 enim
732 4222 929 4277 genere
955 4204 1170 4275 nobilis,
1206 4209 1326 4265 licet
1344 4209 1582 4279 gentilis,
1611 4224 1847 4267 consan-

263 4299 489 4366 guineus
533 4300 739 4351 Arnulli
768 4300 1041 4354 Mettensis
1068 4301 1213 4354 urbis
1246 4302 1531 4369 pontiﬁcis.
1594 4304 1695 4370 Qui
1726 4318 1846 4358 cum

1961 3112 2064 3157 est.

2028 3196 2085 3250 4.
2109 3192 2241 3250 Cum
2270 3195 2380 3266 jam
2431 3197 2657 3268 egregiis
2683 3200 2919 3256 moribus
2944 3200 3185 3259 bonitate
3214 3216 3270 3261 et
3300 3206 3537 3276 discipli-

1959 3298 2061 3351 na,
2104 3288 2435 3355 scientiaque
2473 3290 2805 3358 moderante,
2862 3293 3067 3359 plebem
3099 3308 3325 3364 regeret,
3374 3301 3541 3370 erepit

1956 3378 2209 3444 antiquus
2257 3378 2445 3448 anguis
2493 3382 2725 3447 quietem
2755 3383 3095 3440 adversitatis
3150 3387 3253 3440 ictu
3291 3397 3532 3453 quatere.

1959 3468 2229 3523 Excitavit
2280 3470 2561 3535 quemdam
2620 3472 2829 3525 Provvm
2881 3474 3093 3529 nomine
3136 3476 3530 3533 Dertonensisb

1955 3560 2101 3613 urbis
2150 3560 2476 3629 pontiﬁcem,
2508 3562 2596 3631 qui
2653 3572 2709 3617 ut
2749 3564 3043 3632 subjectum
3100 3568 3201 3621 sibi
3254 3574 3529 3638 prml’atum

1954 3649 2200 3704 abbatem
2228 3665 2347 3704 cum
2387 3652 2617 3705 emnobii
2644 3653 3015 3720 supplemento
3061 3656 3256 3711 laceret
3282 3660 3425 3712 omni
3482 3661 3535 3716 vi

1954 3738 2279 3794 intendebat.
2308 3732 2604 3809 Aggressus
2650 3744 2875 3809 primum
2903 3744 3103 3799 aulicos
3129 3747 3209 3801 vel
3257 3750 3535 3813 pontiﬁces

1952 3842 2034 3886 est
2056 3832 2256 3887 vicinos
2286 3835 2598 3888 muneribus
2646 3846 2872 3890 tentare.
2917 3839 3154 3905 Cumque
3181 3840 3279 3893 sibi
3320 3843 3535 3907 junctus

1953 3925 2232 3993 gauderet,
2260 3926 2368 3994 regi
2406 3940 2499 3993 per
2525 3942 2618 3980 eos
2645 3930 2870 3982 suadere
2894 3932 3045 3983 adiit.
3086 3932 3359 4000 Regnabat
3387 3938 3531 3990 enim

1951 4016 2409 4085 eodemtempore
2456 4019 2787 4074 Ariowaldns
2836 4020 3237 4091 Longohardus.
3268 4024 3369 4080 Sed
3411 4043 3532 4082 cum

1954 4108 2081 4161 nihil
2111 4108 2253 4161 aliud
2284 4124 2311 4160 a
2337 4124 2461 4177 rege
2490 4112 2540 4162 in
2566 4112 2839 4179 responsis
2889 4116 3215 4183 recepissent
3243 4156 3257 4179 ,
3318 4117 3421 4171 nisi
3477 4125 3534 4171 ut

1948 4199 2315 4254 ecclesiastico
2338 4200 2457 4270 jure
2487 4202 2967 4271 probarentutrum
2991 4207 3231 4260 cmnobia
3263 4209 3442 4273 procul
3464 4207 3534 4261 ab

1952 4296 2174 4349 urbibus
2202 4297 2270 4349 ita
2326 4297 2611 4364 episcopali
2638 4297 2872 4351 debeant
2901 4298 3206 4353 ministrare
3261 4300 3529 4364 dominio,

264 4392 547 4461 praalatum
582 4392 885 4460 pontiﬁcem
920 4393 1201 4446 Arnulfnm
1230 4392 1299 4447 ad
1338 4396 1541 4448 cultum
1574 4396 1850 4465 religionis

1957 4389 2042 4443 ille
2081 4402 2271 4443 omnes
2320 4402 2453 4457 quos
2505 4390 2673 4457 potuit
2714 4404 2813 4443 suo
2850 4389 3071 4443 intentui
3121 4388 3314 4457 jungit.

266 4492 389 4551 post
444 4484 649 4536 aulicos
718 4486 970 4550 honores,
1031 4485 1240 4550 intulas,
1290 4501 1617 4557 pompasque
1664 4491 1850 4544 saeculi

258 4578 331 4630 ad
380 4576 654 4647 religionis
696 4579 870 4632 Studia
902 4579 1157 4634 anhelare
1215 4581 1508 4649 perspexit,
1573 4582 1722 4636 nisus
1767 4592 1851 4637 est

258 4680 316 4723 et
345 4670 458 4739 ipse
507 4671 763 4724 calcando
795 4683 1003 4724 terrena
1054 4672 1291 4726 caelestia
1339 4672 1665 4727 desiderare.
1700 4671 1851 4727 Post-

262 4762 438 4831 posuit
496 4773 722 4830 patrem,
771 4765 947 4816 natale
987 4762 1194 4826 solum,
1227 4778 1449 4831 pompas
1499 4765 1645 4817 orbis
1694 4765 1847 4830 juxta

262 4855 541 4923 Evangelii
581 4869 804 4920 vocem;
836 4864 1165 4924 postremum
1213 4855 1505 4909 amissione
1537 4872 1716 4909 rerum
1750 4872 1849 4911 nu-

258 4949 363 5000 dus
387 4946 622 5001 tollendo
648 4963 862 5002 crucem
882 4948 946 5001 ad
970 4949 1322 5016 semetipsum
1348 4948 1665 5016 abnegandn
1688 4962 1848 5003 secu-

261 5051 347 5094 tus
376 5050 459 5094 est
496 5038 789 5097 Christum.
831 5040 1053 5096 iunctus
1096 5040 1406 5110 supradicto
1462 5041 1701 5110 pontilici
1751 5043 1848 5098 Ar-

314 5227 342 5255 ⁸
357 5218 614 5273 Arnuifus
632 5216 862 5270 nondum
879 5217 930 5270 in
945 5217 1282 5272 solitudinem
1301 5230 1592 5273 secesserat
1606 5232 1725 5271 cum
1743 5218 1843 5285 ipsi

254 5290 475 5356 junctus
503 5302 579 5342 est
614 5288 901 5348 Bertutl‘us,
934 5290 1026 5343 sed
1061 5292 1234 5342 adhuc
1258 5291 1307 5342 in
1338 5292 1646 5356 episcopatu
1678 5298 1839 5354 dege-

257 5364 367 5414 bat.
400 5362 675 5411 Eustasius
723 5362 984 5426 siquidem
1016 5361 1081 5412 ad
1121 5377 1278 5427 quem
1334 5370 1513 5426 postea
1571 5360 1840 5413 llertulfus

258 5432 448 5484 relicto
462 5431 686 5483 Arnutfo
706 5446 764 5483 se
783 5430 1001 5497 recepit,
1018 5431 1249 5485 decessit
1268 5446 1407 5483 anno
1424 5429 1551 5490 655,
1572 5447 1677 5498 quo
1699 5445 1840 5485 anno

254 5514 474 5554 sanctus
505 5500 756 5553 Arnull'us
784 5518 802 5549 ε
835 5502 1168 5554 Mettensium
1202 5505 1423 5569 pimsul,
1459 5520 1476 5552 ι
1514 5506 1683 5569 inquit
1716 5501 1843 5555 Fro-

254 5574 493 5626 doardus
524 5576 575 5624 in
606 5572 700 5625 lib.
732 5588 745 5625 l
776 5573 910 5624 llist.
941 5575 1155 5635 lthem.,
1189 5573 1393 5641 synodo
1426 5573 1714 5626 lthemensi
1740 5573 1842 5629 sub

257 5643 519 5697 Sonnatio
544 5644 823 5695 celebrata:
854 5660 873 5692 ι
906 5642 1171 5696 invenitur
1199 5644 1525 5697 interfuisse.
1566 5660 1585 5692 ι

330 5712 358 5751 δ
386 5716 546 5767 Surio
576 5710 801 5766 Procum
831 5711 1155 5768 Cleronensis
1184 5714 1323 5765 urbis
1363 5715 1675 5781 pontiﬁcem,
1706 5712 1836 5767 insi-

253 5786 340 5854 gni
374 5785 591 5851 menda,
611 5799 732 5839 cum
772 5783 1112 5838 scribendum
1141 5786 1211 5837 sit
1241 5782 1587 5839 Dcrtonensis.
1618 5782 1711 5840 Est
1740 5798 1835 5838 au-

2023 4478 2077 4533 5.
2107 4481 2345 4548 Cumque
2387 4480 2498 4533 hare
2521 4490 2827 4548 agerentur,
2886 4476 3020 4535 unus
3057 4497 3120 4534 ex
3174 4482 3359 4535 aulicis
3390 4482 3528 4536 clam

1957 4569 2176 4638 praelato
2199 4570 2431 4623 Bertullo
2459 4569 2597 4636 quod
2624 4570 2702 4623 rei
2750 4570 2983 4624 fomenta
3012 4570 3269 4638 gestirent
3308 4573 3528 4627 manda-

1950 4662 2044 4714 vit.
2075 4660 2171 4713 llle
2218 4661 2407 4713 missos
2428 4659 2734 4726 experiendi
2777 4674 2937 4712 causa
2961 4658 3027 4714 ad
3082 4675 3258 4729 regem
3302 4662 3526 4730 direxit,

1947 4752 2138 4822 quibus
2166 4750 2556 4806 Ariovuahlus:
2589 4767 2609 4801 ‹
2642 4750 2779 4813 Non,
2813 4750 3005 4820 inquit,
3033 4767 3207 4807 meum
3238 4762 3322 4810 est
3350 4770 3531 4811 sacer-

1948 4843 2130 4898 dutttm
2154 4857 2342 4897 causas
2369 4834 2692 4907 discernere,
2725 4855 2858 4912 quas
2903 4843 3177 4913 synodalis
3199 4849 3529 4903 examinatio

1948 4936 2013 4988 ad
2045 4949 2231 5002 purum
2260 4934 2420 4989 debet
2446 4933 2733 4987 adducere.
2786 4952 2806 4985 ι
2839 4934 3192 4991 Sciscitantur
3221 4939 3295 4994 i:h
3342 4942 3384 4995 si
3409 4944 3529 4996 illo-

1947 5043 2063 5081 rum
2084 5028 2156 5082 sit
2179 5026 2354 5081 lautor
2380 5023 2612 5081 consilii.
2643 5023 2986 5097 Nequaquam
3007 5030 3082 5084 ait
3101 5044 3162 5084 se
3214 5030 3293 5085 eis
3320 5029 3520 5097 favere,

1946 5230 2051 5273 tem
2087 5219 2333 5280 Dertnna,
2381 5234 2474 5272 seu
2506 5216 2737 5272 Tortoua
2771 5260 2788 5285 ,
2842 5218 2967 5271 urbs
2995 5215 3221 5285 Liguria:
3246 5215 3523 5283 episcopa-

1945 5292 2008 5345 lss
2036 5291 2135 5343 sub
2174 5292 2448 5351 metroiioli
2478 5288 2879 5353 llediolanensi,
2908 5290 3076 5341 media
3108 5288 3247 5339 inter
3277 5290 3515 5340 Genuam

1946 5373 1999 5414 et
2025 5360 2371 5414 Placentiam.
2406 5360 2581 5413 Codex
2611 5359 3049 5425 Compendiensis
3080 5359 3326 5409 distincte
3360 5359 3517 5409 habet

1949 5434 2155 5483 l'rowm
2181 5433 2381 5484 nomine
2409 5432 2735 5484 Dertonensis
2768 5428 2901 5481 urbis
2944 5428 3229 5494 ponti/irem
3249 5467 3261 5487 ,
3291 5441 3391 5479 nec
3422 5429 3522 5477 ali-

1946 5510 2025 5555 ter
2077 5503 2372 5571 praetulisse
2404 5501 2616 5577 videtur
2643 5503 2843 5577 Codex_
2875 5514 2979 5566 quo
3012 5513 3138 5549 usus
3180 5510 3262 5577 est
3306 5499 3514 5575 Serius,

1944 5569 2185 5641 quamvis
2213 5573 2566 5646 incertnmsit
2591 5587 2716 5625 num
2757 5569 2994 5646 vitiatum
3027 5582 3132 5646 non
3182 5569 3515 5646 sitepi’scnpi

1946 5636 2161 5706 nomen,
2185 5644 2273 5711 qui
2306 5644 2355 5709 in
2383 5644 2547 5697 Itaiite
2568 5656 2733 5697 sach
2764 5650 2906 5693 tonio
2932 5636 2994 5693 ιν
3030 5638 3202 5694 Penus
3224 5636 3335 5692 sive
3358 5636 3519 5690 Pinus

1944 5726 1999 5770 et
2029 5714 2285 5771 Proculus
2304 5714 2513 5770 dicitur.
