4038 6354
486 302 627 362 1065

1596 297 1788 354 tome
1831 297 2124 352 annuis
2167 266 2594 353 ELNONENSIS

3643 294 3778 351 1084

486 422 577 494 qui
606 421 888 476 adversum
934 418 1028 474 Dei
1062 416 1318 473 famulum
1348 415 1624 469 molestias
1672 416 1871 469 vellent
1908 429 2067 483 gene-
2102 415 2152 473 Α
2186 410 2390 465 Petrus.
2414 410 2525 464 Mea
2552 409 2711 464 hodie
2738 410 2881 465 clara
2910 410 2963 464 iu
2991 417 3102 464 toto
3124 410 3258 466 orbe
3279 410 3620 467 celebrantur
3643 414 3781 469 sole-

488 526 627 567 rare.
659 512 901 575 Cumque
944 509 1015 562 illi
1047 507 1289 578 quamvis
1318 522 1345 559 a
1381 505 1612 559 barbaro
1642 513 1697 558 et
1744 504 1955 558 Ariame
1988 519 2073 557 se-

491 614 593 659 ctze
620 605 840 658 credulo
874 605 995 657 talia
1028 604 1123 656 fari
1164 610 1464 665 cernerent,
1506 609 1730 669 poscunt
1774 610 1830 651 ut
1862 600 2077 665 supple-

490 706 673 750 mento
711 696 921 763 publica
949 694 1178 761 qualiter
1204 693 1391 746 Romae
1426 694 1491 745 ad
1519 690 1705 745 sedem
1730 691 2077 758 apostolicam

492 787 676 842 venire
699 797 898 856 queant
922 786 1226 839 fulciantur.

563 877 617 932 6.
648 877 860 945 Largito
892 891 1020 945 ergo
1050 873 1332 937 beneficio,
1361 873 1503 940 regio
1537 872 1678 923 rnltu
1730 872 1951 923 llotnam
1982 886 2073 923 us-

490 981 595 1035 que
623 967 962 1035 supradictus
1005 966 1170 1027 abba,
1224 965 1273 1016 in
1306 964 1458 1030 cujus
1499 963 1759 1031 obsequio
1800 980 1901 1031 ego
1949 963 2077 1017 infui

492 1060 577 1132 [[2,
613 1058 870 1130 interfui],
899 1059 963 1110 ad
994 1057 1285 1111 Honorium
1326 1072 1514 1124 papam
1544 1058 1797 1111 accessit.
1823 1057 1921 1123 Qui
1953 1073 2075 1110 rum

493 1153 567 1207 rei
610 1166 823 1207 causam
851 1148 1209 1216 patefecisset,
1238 1150 1330 1202 ille
1352 1149 1418 1203 de
1458 1149 1710 1202 industria
1738 1150 1929 1216 quaerit
1957 1164 2078 1217 quae

492 1246 562 1297 sit
605 1242 1006 1299 consuetudinis
1044 1239 1426 1313 [consuetudo]
1456 1242 1711 1309 regularis
1757 1240 2076 1307 disciplinae.

491 1334 730 1404 Cumque
786 1343 978 1389 cuncta
1043 1332 1206 1386 alacri
1258 1331 1437 1386 animo
1493 1330 1546 1385 in
1604 1344 1763 1385 aures
1835 1332 2080 1400 prmsulis

491 1426 822 1496 digessisset,
880 1423 1078 1493 placuit
1136 1422 1372 1476 llonorio
1422 1420 1683 1491 regularis
1731 1422 1937 1486 series,
1992 1436 2078 1475 re-

491 1518 702 1588 ligionis
724 1518 899 1572 cultus
922 1531 983 1570 ac
1012 1515 1324 1570 humilitatis
1346 1514 1559 1569 indicia.
1588 1514 1781 1570 Tenuit
1804 1530 1933 1586 ergo
1955 1530 2077 1569 eum

493 1610 769 1678 tantisper,
799 1616 853 1662 et
881 1606 1195 1675 quotidiano
1220 1602 1471 1659 aﬂatnine
1501 1606 1793 1660 Bertulfum
1821 1606 2079 1660 roborare

491 1704 673 1765 nisus,
716 1710 773 1754 ut
813 1701 975 1767 ccepti
1026 1699 1237 1754 itineris
1287 1698 1524 1754 laborem
1566 1715 1673 1754 non
1724 1700 2073 1769 relinqueret,

2187 501 2346 555 Iunia.
2362 502 2601 572 Cumque
2620 504 2731 557 haec
2746 501 2992 569 dixisset,
3010 502 3162 556 abiit.
3183 503 3273 557 Ille
3292 503 3481 557 timore
3499 506 3781 572 pereulsus

2183 596 2342 648 anxio
2356 606 2408 650 et
2423 596 2629 664 trepido
2645 596 2811 650 corde
2838 611 2921 649 me
2937 596 3198 650 sciscitari
3213 606 3364 649 curat
3379 598 3501 665 quid
3522 600 3593 650 rei
3617 612 3783 649 causa

2186 686 2407 741 inesset.
2455 688 2675 741 Putabat
2708 690 2847 741 enim
2878 699 2931 740 et
2961 688 3177 742 audisse
3206 704 3390 743 vocem
3418 698 3471 741 et
3500 698 3783 756 aSpectum

2186 778 2402 831 vidisse.
2426 779 2663 848 Cumque
2691 795 2789 847 ego
2820 780 3019 833 aierem
3058 797 3140 833 me
3173 780 3302 833 nihil
3334 781 3531 835 vidisse
3567 783 3649 835 vel
3680 798 3786 835 au-

2183 872 2325 922 disse
2355 887 2368 922 :
2406 872 2515 923 Non
2557 872 2749 932 cernis,
2784 870 2978 938 inquit,
3031 872 3225 924 fulvam
3254 875 3422 925 lucem
3451 888 3557 941 quo
3588 875 3784 928 Petrus

2184 965 2452 1030 apostolus
2475 964 2643 1031 pergit
2668 964 2689 1014 ?
2724 963 2963 1031 Cumque
2991 965 3189 1017 aeirem
3218 979 3300 1018 me
3325 979 3663 1034 nequaquam
3694 966 3785 1015 vi-

2184 1054 2332 1116 dere,
2359 1055 2514 1108 silere
2543 1058 2722 1123 C(Bpil.
2754 1055 2991 1124 Cumque
3013 1070 3110 1125 ego
3148 1058 3517 1124 cognovissem
3548 1057 3674 1125 quid
3706 1058 3785 1111 rei

2185 1160 2360 1198 causa;
2400 1146 2637 1213 gestiret,
2665 1150 2749 1200 vix
2781 1148 2993 1200 tandem
3026 1148 3273 1215 precibus
3316 1148 3557 1202 obtinere
3586 1148 3784 1213 merui,

2186 1245 2243 1288 ut
2272 1235 2399 1288 mihi
2454 1237 2527 1290 rei
2587 1238 2841 1305 panderet
2900 1239 3221 1293 veritatem:
3255 1240 3396 1307 quod
3424 1240 3513 1294 ille
3557 1240 3787 1293 omnino

2184 1326 2464 1394 siluisset,
2514 1326 2559 1383 si
2613 1343 2699 1385 me
2754 1337 2811 1385 et
2860 1329 3075 1386 audisse
3126 1340 3181 1386 et
3248 1332 3443 1385 vidisse
3506 1344 3611 1383 non
3679 1346 3785 1399 pu-

2186 1423 2372 1469 lasset.

2257 1509 2342 1564 t0.
2374 1508 2503 1563 Cum
2537 1510 2762 1579 quodam
2793 1511 2844 1565 in
2871 1520 3108 1579 tempore
3140 1510 3357 1579 expleto
3386 1508 3649 1579 psallendi
3692 1508 3785 1564 of-

2186 1601 2308 1656 ficio
2334 1618 2433 1656 una
2466 1618 2585 1656 cum
2618 1602 2871 1656 fratribus
2892 1603 3125 1657 secunda
3160 1604 3262 1655 diei
3295 1603 3424 1655 hora
3456 1601 3524 1656 de
3546 1602 3783 1655 ecclesia

2188 1693 2331 1747 beati
2366 1692 2507 1747 Petri
2554 1692 2922 1763 egrederetur,
2954 1693 3166 1747 obvium
3196 1691 3380 1746 habuit
3423 1695 3692 1746 hominem
3729 1694 3783 1747 in

490 1802 544 1847 et
574 1792 786 1847 Arianae
812 1793 975 1861 pestis
1006 1790 1282 1859 perfidiam
1315 1789 1596 1859 Evangelii
1636 1805 1894 1846 mucrone
1915 1790 2079 1845 ferire
2110 1779 2158 1839 Β
2186 1786 2267 1840 via
2318 1785 2577 1839 Turinum
2626 1783 2811 1851 lSur.,
2870 1784 3166 1854 viatorem]
3222 1786 3457 1851 nomine,
3515 1784 3787 1839 ὀςιιιιιοιιίε

488 1888 597 1937 bon
625 1882 903 1937 abnueret.
956 1882 1083 1937 Erat
1106 1882 1249 1935 enim
1281 1881 1610 1936 venerabilis
1659 1876 1856 1951 praesul
1904 1882 2083 1937 lluno-

492 1975 601 2028 rius
637 1988 794 2043 sagax
833 1973 1036 2037 animo,
1070 1971 1256 2038 vigens
1281 1971 1527 2036 consilio,
1562 1971 1805 2026 doctrina
1834 1973 2079 2037 clarens,

490 2066 778 2121 dulcedine
800 2074 855 2121 et
881 2064 1195 2118 humilitate
1210 2063 1436 2132 pollens.
1466 2062 1814 2118 Ltetabatura
1836 2070 2083 2135 gentibus

490 2159 695 2213 socium
718 2156 1003 2225 reperisse,
1030 2170 1149 2209 cum
1183 2171 1290 2225 quo
1313 2154 1489 2209 dulcia
1508 2164 1778 2223 promeret
1800 2156 2076 2225 alfamina,

490 2267 591 2307 nec
623 2266 842 2319 prorsus
861 2248 1235 2305 delectabatur
1262 2257 1319 2303 ut
1339 2249 1446 2303 cito
1468 2248 1537 2302 ab
1562 2247 1680 2317 ejus
1700 2250 1971 2304 consortio
1996 2264 2079 2305 se-

490 2353 821 2415 gregaretttr.

565 2435 617 2488 7.
669 2433 775 2489 Sed
822 2448 944 2488 cum
996 2432 1291 2488 vehemens
1336 2440 1499 2487 aestus
1549 2432 1822 2503 quaerendi
1864 2434 2079 2503 longum

496 2525 808 2591 prohiberet
831 2525 1083 2594 spatium,
1120 2524 1352 2591 praebuit
1402 2533 1643 2594 optatum
1672 2540 1890 2592 munus,
1922 2528 2083 2597 privi-

495 2617 631 2686 legia
657 2624 683 2652 ⁸
711 2615 860 2670 sedis
891 2617 1200 2687 apostolica:
1242 2616 1464 2684 largitus
1484 2624 1590 2683 est,
1619 2626 1881 2684 quatenus
1910 2617 2084 2673 nullus

492 2708 869 2778 episcOporum
906 2706 958 2761 in
995 2705 1219 2776 praefato
1247 2706 1495 2763 cmuobio
1516 2707 1753 2778 quolibet
1775 2708 1898 2779 jure
1913 2712 2085 2764 domi-

493 2799 615 2854 nari
672 2807 981 2853 conaretur.
1040 2798 1359 2867 Perceptum
1399 2812 1529 2867 ergo
1591 2808 1831 2869 optatum
1888 2816 2082 2855 munus

494 2888 627 2962 [Pro
682 2898 939 2959 percepto
968 2886 1254 2960 munere],
1306 2888 1375 2945 ad
1413 2889 1641 2960 patriam
1686 2905 1926 2947 remeare
1981 2891 2084 2946 nisi

492 2997 611 3038 811111
618 2997 697 3037 IIS.

569 3076 624 3130 8.
664 3074 905 3144 Cumque
947 3083 1162 3142 peracto
1208 3072 1415 3129 itineris
1458 3073 1634 3144 spatio
1668 3073 1909 3129 Tuscana
1956 3089 2082 3129 arva

497 3169 797 3237 postposita
869 3165 1152 3240 [Tuscanis
1198 3169 1340 3220 arvis
1395 3164 1746 3236 postpositis],
1808 3168 2085 3237 Apennina

494 3262 769 3329 attigimus
798 3274 945 3325 rura,
966 3268 1021 3313 et
1046 3274 1211 3329 prope
1237 3270 1471 3315 castrum
1500 3259 1589 3315 cui
1630 3260 1961 3315 Bismantum
1990 3274 2087 3314 no-

496 3366 619 3406 men
646 3361 729 3405 est
776 3352 1136 3415 venissemus,
1188 3359 1331 3405 tanta
1379 3352 1459 3406 vis
1506 3352 1735 3407 febrium
1791 3349 2085 3407 Bertulfum

493 3444 781 3511 Oppressit,
838 3451 894 3495 ut
923 3444 1148 3496 omnino
1196 3452 1370 3497 morte
1425 3444 1706 3512 pra-veniri
1755 3441 2085 3497 crederetur.

498 3537 671 3606 Eger
702 3538 843 3590 enim
876 3538 942 3591 ab
972 3538 1104 3592 urbe
1150 3552 1462 3606 progressus
1502 3536 1696 3592 fuerat.
1738 3537 2089 3606 Oppresserat

494 3641 690 3682 omnes
719 3626 972 3681 nitestitia
1027 3637 1134 3680 tam
1170 3627 1391 3695 longaevi
1442 3628 1669 3692 itineris,
1723 3643 1879 3697 quam
1936 3627 2088 3682 labor

497 3720 628 3787 agri
656 3718 826 3771 Patris
855 3734 866 3769 ε
901 3732 998 3773 nec
1032 3733 1251 3786 prorsus
1272 3718 1339 3772 de
1361 3707 1600 3787 ejusdem
1639 3719 1892 3786 sospitate
1936 3731 2085 3786 spem

500 3812 778 3873 habentes,
815 3818 969 3863 tenso
992 3811 1245 3873 tentorio,
1270 3824 1460 3877 aspero
1486 3809 1536 3862 in
1568 3810 1716 3870 loco,
1751 3822 1850 3862 nec
1870 3807 2088 3861 omnino

497 3901 568 3955 de
615 3900 874 3968 sospitate
925 3910 1142 3967 paterna
1206 3901 1433 3954 lidentes
1476 3898 1658 3952 metati
1707 3913 1908 3952 sumus.
1959 3898 2089 3952 Erat
2136 3929 2141 3935 ~

497 3993 640 4047 enim
669 3992 841 4061 vigilia
874 3994 1138 4060 passionis
1181 3992 1455 4046 beatorum
1490 3991 1628 4046 Petri
1660 4000 1716 4044 et
1753 3991 1903 4045 Pauli
1959 4004 2091 4058 apo-

498 4084 790 4139 Stolortnn.
815 4085 1055 4153 Cumque
1082 4085 1189 4153 jam
1240 4096 1354 4139 atra
1381 4100 1481 4137 uox
1515 4085 1766 4145 irrueret,
1810 4084 1900 4139 ille
1947 4084 2091 4138 inter

504 4176 659 4245 ignes
688 4175 915 4229 febriutn
943 4192 1027 4229 me
1058 4176 1356 4240 accersivit,
1381 4190 1444 4228 ac
1468 4176 1612 4229 curis
1641 4190 1791 4228 mens
1812 4174 1991 4228 dedita
2022 4177 2089 4229 de

502 4280 762 4323 nocturna
803 4270 977 4339 vigilia
1008 4268 1307 4321 suscitavit.
1344 4266 1587 4336 Cutnque
1616 4281 1712 4336 ego
1734 4266 2084 4321 excubassem

499 4376 781 4433 quousque
814 4364 1133 4430 intempesta
1165 4376 1268 4415 nox
1313 4369 1524 4426 rueret,
1560 4370 1734 4414 tantus
1786 4375 1875 4415 me
1926 4375 2087 4428 sopor

2185 1878 2332 1932 rabie
2361 1879 2594 1945 plenum.
2624 1876 2792 1943 Quem
2818 1875 3031 1930 intuens
3060 1876 3223 1930 caelos
3276 1876 3534 1944 inspexit,
3582 1878 3791 1930 Condi-

2186 1980 2462 2036 toremque
2512 1968 2818 2038 postulavit,
2864 1979 2920 2023 ut
2973 1981 3085 2021 sure
3135 1966 3251 2022 voci
3299 1970 3481 2023 favens
3537 1970 3783 2034 adesset,

2183 2062 2526 2129 sauciumque
2555 2061 2816 2115 daemonis
2841 2068 2987 2129 peste
3012 2059 3125 2114 suis
3167 2059 3496 2113 consulendo
3535 2060 3790 2127 precibus

2184 2164 2416 2209 curaret.
2452 2153 2658 2209 Deinde
2690 2154 2973 2223 imperavit
3002 2162 3059 2206 ut
3087 2152 3170 2207 vis
3199 2152 3382 2207 rabida
3412 2153 3673 2205 daemonis
3714 2152 3790 2205 ab

2185 2246 2399 2301 homine
2428 2246 2617 2313 exiret,
2665 2259 2766 2301 nec
2797 2259 3011 2313 prorsus
3061 2254 3410 2313 praesumeret
3444 2244 3534 2298 Dei
3594 2245 3793 2312 imagi-

2185 2354 2308 2393 nem
2340 2338 2635 2394 maeulare.
2666 2335 2983 2391 Mirabiliter
3011 2336 3365 2404 discerpendo
3388 2335 3565 2404 iniqua
3617 2340 3791 2403 pestis

2186 2429 2315 2499 fugit
2341 2431 2407 2484 ab
2434 2430 2672 2495 homine,
2718 2427 3078 2503 protinusque
3125 2429 3271 2484 salus
3316 2438 3504 2483 secuta
3532 2442 3641 2492 est,
3694 2441 3793 2481 so-

2185 2537 2411 2591 spesque
2439 2522 2507 2578 ab
2534 2521 2763 2577 ecclesia
2804 2536 2905 2575 una
2936 2536 3059 2575 cum
3112 2522 3367 2577 fratribus
3396 2537 3645 2591 egres~us
3696 2532 3788 2576 at-

2185 2631 2287 2684 que
2316 2614 2593 2669 incolumis
2616 2628 2959 2683 permanens,
2984 2615 3182 2684 gratias
3208 2615 3453 2670 Creatori
3508 2617 3787 2683 rependit,

2187 2708 2275 2775 qui
2290 2710 2369 2762 sic
2394 2710 2589 2761 famulo
2606 2722 2708 2762 suo
2723 2710 2833 2762 cito
2848 2709 3076 2763 favendo
3091 2709 3309 2779 ejusque
3331 2710 3664 2764 orationibus
3688 2710 3789 2765 ob-

2191 2798 2541 2867 temperando
2563 2812 2662 2853 suo
2682 2799 3219 2854 cruciatuisubvenit.
3246 2801 3445 2856 Deinde
3464 2804 3788 2868 interposito

2188 2898 2489 2958 temporum
2518 2890 2741 2958 circulo,
2794 2891 2929 2942 alius
2953 2904 3091 2944 saeva
3124 2893 3381 2945 dremonis
3410 2903 3555 2961 peste
3610 2894 3785 2949 infano

2190 2982 2332 3035 tulus
2381 2995 2669 3050 oppressus
2697 2982 2915 3035 nomine
2954 2981 3279 3044 Dominicus.
3312 2983 3450 3037 filius
3498 2984 3783 3052 cujusdam

2191 3075 2406 3128 nomine
2427 3074 2649 3139 Urbani,
2681 3073 2745 3126 ad
2770 3087 2895 3127 eum
2943 3074 3161 3127 curandi
3212 3076 3378 3144 gratia
3447 3079 3780 3145 projicravit.

2190 3166 2359 3231 Quem
2388 3165 2478 3220 diu
2526 3167 2805 3235 increpans
2842 3168 3066 3232 curavit,
3115 3177 3168 3221 et
3207 3183 3401 3223 saevam
3454 3177 3656 3236 pesti-nt
3715 3168 3784 3220 ab

2192 3257 2412 3312 homine
2467 3256 2616 3312 exire
2663 3257 2807 3312 fecit.
2856 3256 3053 3310 Deinde
3109 3257 3210 3310 alia
3267 3258 3435 3311 virtus
3492 3259 3786 3315 subsecuta

2189 3360 2288 3405 65L

2262 3444 2350 3498 Η.
2381 3441 2604 3509 Quidam
2663 3441 2906 3511 leprosus
2947 3440 3116 3493 valida
3166 3440 3309 3510 lepra
3363 3441 3631 3510 perfusus,
3683 3457 3785 3498 nec

2191 3550 2409 3605 prorsus
2461 3534 2774 3603 505pitatem
2818 3534 3172 3600 recipiendam
3214 3550 3242 3586 a
3275 3536 3493 3589 medicis
3524 3536 3775 3590 ﬁduciam

2188 3641 2403 3697 gerens,
2437 3625 2500 3679 ad
2538 3626 2896 3680 venerabilem
2930 3627 3096 3682 virum
3128 3627 3418 3682 Bertulfum
3449 3628 3611 3691 venit,
3641 3633 3786 3683 suis-

2189 3735 2294 3790 que
2334 3717 2670 3775 orationibus
2728 3728 2788 3773 ut
2843 3734 3009 3787 opem.
3050 3720 3433 3775 misericordiae
3482 3731 3785 3776 mereretur

2190 3814 2499 3884 postulavit.
2531 3812 2700 3879 Quem
2752 3827 2872 3866 cum
2902 3813 2980 3866 vir
3005 3812 3194 3868 fiducia
3224 3814 3414 3883 plenus
3460 3818 3783 3883 aspexisset,

2196 3906 2526 3976 gravissima:
2574 3906 2760 3959 ultioni
2813 3905 3082 3959 hominem
3133 3906 3412 3972 subiacere
3465 3908 3783 3973 suspiravit,

2193 4002 2521 4067 imperatque
2552 4006 2608 4051 ut
2632 4012 2816 4052 secum
2847 3996 3193 4065 quoadusque
3245 4011 3433 4065 sospes
3462 3998 3785 4053 redderetur

2190 4099 2448 4145 maneret.
2504 4089 2660 4144 Dedit
2702 4102 2921 4157 operam
2957 4096 3015 4143 ut
3042 4102 3194 4142 mens
3253 4090 3506 4143 virtutum
3560 4094 3784 4145 conscia

2189 4183 2356 4237 ctelos
2384 4192 2669 4249 penetrans
2711 4180 2778 4234 ad
2808 4194 2933 4235 suas
2983 4193 3173 4249 preces
3219 4195 3397 4235 rerum
3438 4182 3786 4238 Conditorem

2188 4275 2472 4328 excitaret.
2504 4273 2833 4341 Peractoque
2861 4271 3092 4326 biduauo
3129 4272 3357 4341 jejunio,
3399 4274 3574 4327 oleum
3620 4290 3789 4345 supra

2190 4368 2424 4422 membra
2450 4366 2718 4422 ulceribus
2769 4365 2922 4435 plena
2987 4365 3218 4419 efludit:
3268 4382 3497 4436 moxque
3547 4368 3789 4423 didicere

498 4456 786 4524 0907955“.
839 4466 899 4509 υι
940 4470 1150 4509 ειπεοω
1196 4465 1351 4522 ωνυῑ
1384 4456 1630 4509 mouere
1676 4472 1781 4509 ιιοη
1825 4456 2081 4519 valerem.
2116 4488 2170 4548 Ι)
2195 4464 2432 4519 membra
2466 4476 2581 4533 post
2610 4465 2870 4519 viscerum
2906 4462 3240 4531 putredinem
3268 4466 3551 4517 Sanitatem
3575 4466 3789 4530 recipe-

497 4561 793 4617 omnesque
822 4549 911 4617 qui
947 4563 1073 4616 erga
1100 4548 1387 4602 tentorium
1418 4549 1657 4602 sarcinas
1684 4548 1769 4603 vel
1806 4560 1974 4615 equos
1994 4560 2085 4600 ex-

497 4640 794 4704 cubabant,
817 4640 976 4693 simili
1008 4650 1132 4694 sunt
1154 4654 1349 4708 sopore
1370 4639 1630 4707 depressi.

575 4730 631 4785 9.
657 4731 902 4800 Cumque
928 4746 1060 4801 ergo
1088 4742 1275 4785 cuncta
1310 4731 1524 4784 silentia
1553 4730 1873 4798 operissent,
1904 4729 2087 4783 beatus

500 4826 871 4892 apostolorum
895 4825 1141 4891 princeps
1168 4825 1353 4876 Petrus
1369 4822 1583 4876 advenit
1598 4836 1659 4873 ac
1679 4836 1837 4888 super
1860 4830 2087 4872 stratum

501 4916 628 4983 aegri
648 4914 820 4969 Patris
841 4914 1011 4967 astitit
1036 4930 1052 4967 :
1078 4914 1271 4981 Surge,
1297 4914 1487 4981 inquit,
1513 4920 1569 4966 et
1584 4926 1769 4978 scapes
1785 4920 1903 4964 tuus
1918 4909 1982 4963 ad
2003 4926 2092 4964 so-

501 5009 650 5063 dales
666 5005 1105 5078 perge.Cumque
1126 5008 1213 5061 ille
1238 5006 1661 5076 inquireretquis
1673 5018 1835 5071 esset,
1860 5007 1953 5061 ille
1970 5007 2045 5061 ait
2073 5021 2088 5060 :

574 5157 596 5183 ει
625 5147 676 5201 In
702 5157 849 5202 tomo
899 5148 965 5202 IV
997 5148 1163 5201 ltalize
1214 5160 1403 5204 sacrm,
1434 5146 1519 5198 ubi
1575 5145 1642 5198 de
1672 5145 1953 5199 abbatibus
1987 5146 2089 5201 Bo-

503 5219 697 5282 biens.,
744 5222 796 5272 in
844 5220 1097 5280 Bertulfo,
1159 5227 1333 5270 exstat
1380 5216 1595 5269 Honorii
1638 5218 1970 5285 privilegium
2023 5221 2089 5271 de

505 5291 837 5344 immunitate
860 5289 1088 5343 cmnnbti
1114 5288 1409 5351 Bobiensie,
1442 5289 1624 5338 datmn
1658 5303 1709 5337 ιιι
1744 5289 1863 5340 ldus
1892 5288 2091 5340 Janua-

506 5361 591 5423 rii,
638 5361 841 5427 imperii
880 5360 1102 5413 lleraclii
1142 5360 1358 5425 Augusti
1393 5373 1532 5411 anno
1573 5360 1625 5423 8,
1656 5359 1838 5410 indnt.
1877 5360 1930 5425 1,
1968 5373 2091 5426 qua:

504 5442 645 5486 notae
669 5448 810 5484 anno
841 5430 1039 5484 Christi
1068 5429 1172 5482 6:28
1228 5431 1569 5482 conveniunt.

575 5501 603 5538 ι)
643 5505 846 5556 Catera
878 5503 1045 5555 sancti
1086 5499 1303 5553 Bertulli
1334 5513 1475 5567 gesta
1510 5498 1723 5552 silentio
1757 5500 1949 5566 pressit
2000 5500 2091 5552 Jo-

505 5586 620 5633 nas,
656 5588 751 5626 ncc
780 5588 841 5627 ea
873 5572 1087 5640 quidem
1117 5586 1303 5637 pauca,
1347 5572 1609 5636 squidem
1643 5585 1704 5621 ea
1757 5586 1874 5633 quae
1925 5572 1973 5623 in
2006 5572 2091 5623 iti-

506 5657 637 5696 nere
676 5644 914 5698 Romano
943 5642 1082 5693 facta
1114 5644 1366 5693 hactenus
1395 5640 1675 5706 descripsit
1719 5682 1730 5702 ,
1768 5640 1920 5691 initio
1954 5658 2090 5708 pra:-

511 5711 697 5767 laturze
751 5712 921 5765 sancti
951 5711 1165 5764 ltertulli
1219 5711 1506 5777 contigisse
1548 5726 1612 5763 ex
1661 5712 1823 5763 citato
1871 5711 2089 5767 llonorii

509 5782 787 5854 privilegio
809 5782 1092 5850 colligitur.
1122 5780 1185 5836 Et
1218 5788 1392 5836 tamen
1417 5780 1579 5835 Jonas
1612 5792 1726 5849 post
1764 5781 1929 5848 ipsius
1961 5783 2089 5834 Bcr-

2194 4572 2272 4621 re,
2306 4566 2361 4610 et
2400 4556 2463 4609 ad
2498 4557 2779 4624 pristinum
2811 4556 3061 4610 decorem
3116 4557 3293 4609 denuo
3348 4556 3545 4611 reverti
3579 4574 3593 4621 ;
3627 4567 3679 4609 et
3712 4558 3787 4611 ita

2191 4662 2353 4702 sanus
2382 4663 2524 4718 aeger
2575 4647 2794 4701 effectus
2815 4656 2919 4712 est,
2970 4656 3025 4700 ut
3053 4662 3154 4701 nec
3204 4648 3483 4716 vestigium
3527 4651 3687 4714 lepra:
3734 4652 3789 4702 in

2192 4738 2309 4807 ejus
2340 4752 2564 4807 corpore
2587 4745 2893 4807 appareret;
2937 4739 3132 4807 Sicque
3153 4739 3375 4792 Creator
3405 4740 3641 4792 omnium
3674 4744 3791 4795 suis

2196 4828 2424 4885 favendo
2446 4830 2711 4894 subvenit,
2729 4839 2784 4882 ut
2806 4828 3024 4883 uberius
3049 4831 3229 4896 vigore
3247 4830 3497 4881 virtutum
3524 4832 3791 4896 roburati,

2193 4922 2452 4975 calcando
2485 4921 2865 4991 perfunctoria,
2897 4922 3141 4976 coelestia
3166 4936 3381 4987 semper
3403 4922 3655 4975 studeant
3687 4924 3789 4975 ad—

2195 5015 2416 5085 implere
2444 5018 2706 5084 prteconia
2736 5012 2785 5068 δ.

2198 5152 2309 5207 Iulli
2352 5152 2553 5204 obitum
2586 5151 2700 5203 hrc
2735 5150 3020 5213 scribebat,
3046 5164 3167 5203 cum
3196 5148 3242 5201 ei
3277 5163 3448 5201 annos
3498 5147 3791 5217 regiminis

2197 5225 2474 5287 tredecim,
2508 5236 2667 5289 supra
2720 5238 2866 5275 ttttm.
2910 5222 2964 5283 5,
2994 5224 3231 5283 tribuat,
3286 5231 3336 5272 et
3389 5220 3791 5272 luentiratinnes

2202 5296 2297 5347 bas
2343 5294 2610 5347 llobnleno
2662 5293 2873 5345 Bertulli
2914 5292 3211 5345 sumessori
3259 5294 3307 5341 in
3353 5291 3571 5356 prologo
3657 5289 3791 5343 Vitae

2196 5365 2368 5417 sancti
2416 5362 2729 5416 Columbani
2762 5364 3037 5430 praemisso
3092 5362 3364 5415 inscribat.
3400 5360 3566 5413 Porro
3617 5361 3789 5413 sancti

2200 5436 2415 5488 Bertulft
2462 5435 2738 5499 memoria,
2772 5444 2887 5499 quae
2920 5435 2969 5485 ιιι
3002 5434 3235 5501 antiquis
3269 5431 3666 5500 Martyrologiis
3696 5432 3790 5484 de—

2199 5507 2510 5570 sideratur,
2559 5507 2609 5558 in
2660 5503 3002 5558 llenedicﬁno
3051 5504 3355 5558 celebratur
3412 5517 3497 5554 Juv
3556 5501 3785 5554 Kalend.

2198 5576 2498 5643 Septentb.,
2522 5592 2627 5645 quo
2650 5576 2734 5627 die
2767 5588 2983 5628 sanctus
3024 5574 3290 5629 Bcrtulfus
3317 5573 3469 5645 obiit,
3504 5582 3790 5641 postquam

2198 5648 2503 5700 ctenobimn
2546 5644 2835 5701 ’llobiense
2886 5657 3004 5714 post
3064 5646 3275 5700 beatum
3326 5644 3560 5697 Attalam
3620 5658 3791 5696 annos

2202 5718 2452 5774 tredecim
2484 5724 2714 5772 rexi-rat.
