4038 6354
249 368 384 427 1065

583 499 652 541 DS
675 498 904 540 UL'I'IONE
926 494 1161 540 IONACEI
1186 497 1252 539 ΑΒ
1277 498 1504 541 ΑιιιΑιηιε.

319 579 405 634 12.
440 579 759 647 Plerumque
782 580 978 634 etenim
992 579 1374 634 monachorum
1403 580 1612 648 experti
1643 594 1832 635 sumus

249 674 467 729 virtutes
512 674 756 742 ﬂagrare,
788 683 842 727 et
885 673 1006 729 ideo
1052 683 1225 727 ratum
1275 672 1521 726 ducimus
1551 684 1606 725 ut
1655 687 1720 726 ex
1752 671 1831 726 his

244 767 412 832 aliqua
435 768 839 820 interseramus.
889 763 1022 819 Cum
1045 763 1273 833 quodam
1299 774 1537 832 tempore
1561 763 1764 817 Blidulf
1772 778 1832 816 us

245 861 540 930 presbyter,
602 859 752 927 cujus
803 859 1050 928 superius
1125 859 1436 913 memoriam
1486 859 1754 923 fecimus,
1801 874 1831 912 a

245 958 395 1010 beato
415 955 584 1010 Attala
601 953 665 1008 ad
681 955 864 1007 urbem
883 952 1125 1007 Ticinum
1141 952 1346 1024 [Pavie]
1367 953 1605 1006 directus
1625 953 1830 1018 fuisset,

245 1052 420 1120 ibique
445 1049 792 1118 pervenisset,
829 1048 1018 1116 viaque
1051 1046 1240 1100 mediae
1295 1046 1521 1098 civitatis
1554 1045 1832 1099 ambulans

245 1146 455 1197 obviunt
505 1142 688 1195 habuit
715 1139 1074 1195 Ariowaltlum
1106 1138 1300 1192 ducem
1334 1137 1831 1205 Longobardorum,

244 1252 436 1304 genere
484 1235 752 1288 Imminem
811 1231 1227 1293 nobilissimum,
1282 1243 1538 1300 generum
1590 1228 1828 1296 Agilulii,

244 1339 524 1396 cognatum
571 1323 863 1380 Adalwaldi
891 1365 906 1388 ,
947 1332 1107 1378 sectae
1146 1322 1354 1375 Arianae
1395 1320 1688 1386 credulum,
1742 1320 1832 1389 qui

246 1419 664 1490 piistAdalwaldi
681 1418 883 1473 obitum
905 1431 1124 1486 regnum
1145 1414 1618 1484 Longobardorum
1640 1427 1832 1481 regen-

245 1517 364 1570 dum
393 1512 650 1582 suscepit.
728 1512 776 1564 ls
807 1526 933 1579 ergo
963 1523 1082 1562 cum
1117 1506 1403 1561 Blidulfum
1437 1505 1675 1568 vidisset,
1721 1504 1825 1556 ait:

245 1606 321 1661 Ex
346 1603 662 1660 Columbani
694 1600 966 1656 monachis
996 1600 1096 1653 iste
1123 1609 1224 1664 est,
1255 1596 1343 1667 qui
1368 1595 1520 1650 nobis
1553 1593 1834 1648 salutanti-

246 1702 341 1754 bus
368 1700 632 1767 denegant
682 1706 800 1765 apta
829 1695 1177 1762 respondere.
1236 1691 1475 1760 Cumque
1527 1691 1634 1760 jam
1687 1690 1827 1743 haud

246 1791 425 1860 procul
457 1791 688 1855 abesset,
730 1788 979 1841 deridens
1005 1788 1229 1840 salutem
1277 1783 1555 1853 praemisit.
1608 1784 1687 1836 Ad
1718 1783 1831 1838 haec

1545 366 1604 425 S.
1647 362 1987 424 BERTULFI
2034 365 2199 422 VITA

1856 487 1910 540 Δ
1933 481 2172 547 repedat.
2207 481 2254 538 Is
2280 497 2408 552 ergo
2439 484 2528 553 qui
2558 497 2615 537 se
2644 496 3001 552 spontaneum
3050 483 3118 540 ad
3161 484 3263 540 hoc
3300 497 3517 556 patran-

3374 370 3524 434 £656

1936 573 2060 626 dum
2091 588 2223 642 opus
2250 573 2530 640 indiderat,
2581 590 2706 629 mox
2733 584 2851 644 post
2890 576 3184 630 discessum
3217 583 3466 634 monachi
3501 596 3534 637 a

1935 665 2122 720 Ticino
2153 683 2182 720 a
2235 668 2478 722 daemone
2527 668 2838 737 corripitur,
2884 678 2940 724 et
2975 670 3203 724 diversis
3243 685 3524 739 poenarum

1936 759 2192 815 incendiis
2218 762 2531 830 ﬂagellatur,
2560 762 2961 831 admissumque
2997 763 3204 817 facinus
3236 764 3534 818 exitiabili-

1938 863 2015 907 ler
2055 854 2352 907 confitetur.
2427 855 2613 908 Omnis
2667 857 2892 923 pepulus
2948 855 3172 909 clamat:
3225 857 3537 926 Quicunque

1940 947 2058 999 talia
2113 946 2508 1001 Ebobiensibus
2537 948 2834 1011 monachis,
2885 963 3004 1017 quae
3037 950 3150 1018 ipse
3199 958 3533 1018 patraverat,

1935 1046 2250 1103 commutat,
2281 1037 2442 1091 simili
2470 1038 2661 1092 ultioni
2687 1039 2982 1107 subjaceat,
3018 1049 3073 1094 et
3091 1039 3180 1107 qui
3211 1041 3537 1095 Arianorum

1934 1132 2239 1197 acquiescat
2281 1131 2718 1200 persuasionibus
2772 1132 2930 1187 talem
2976 1133 3107 1187 iram
3150 1132 3279 1202 justi
3317 1133 3523 1190 Judicis

1936 1222 2151 1277 sentiat.
3152 1239 3154 1242 '

2008 1315 2095 1369 15.
2134 1316 2283 1384 Quod
2313 1316 2520 1374 facinus
2542 1319 2730 1374 videns
2760 1320 3100 1376 Ariowaldus
3130 1320 3389 1378 divinitus
3421 1338 3535 1378 ma-

1937 1407 2262 1474 nifestatum,
2295 1413 2549 1466 confusus
2575 1421 2629 1466 ct
2651 1422 2895 1467 metuens
2921 1429 2986 1468 ne
3011 1414 3110 1467 sibi
3138 1413 3337 1484 aliquid
3358 1414 3541 1470 simile

1935 1501 2166 1564 eveniat,
2186 1502 2357 1569 ipsum
2384 1518 2544 1571 quem
2576 1506 2654 1558 vis
2671 1504 2885 1558 horrida
2919 1504 3197 1573 torquebat
3233 1521 3354 1561 cum
3377 1507 3541 1560 sociis

1939 1592 2002 1645 ad
2054 1594 2266 1648 beatum
2312 1595 2544 1650 Attalum
2584 1597 2792 1666 dirigit,
2850 1608 3199 1666 precaturque
3255 1614 3352 1668 pro
3396 1613 3457 1654 se
3484 1607 3544 1654 ut;

1937 1687 2276 1741 commissum
2305 1688 2502 1742 malum
2525 1689 2810 1756 ignoscant
2837 1707 2851 1755 ;
2883 1705 2945 1745 se
2972 1693 3138 1746 multo
3168 1692 3423 1747 famulatu
3453 1708 3540 1763 pa-

1936 1786 2108 1832 ratmn
2140 1795 2278 1846 esse,
2330 1782 2375 1834 si
2425 1781 2542 1850 ejus
2589 1782 2728 1836 dona
2781 1783 2976 1838 vellent
3019 1785 3280 1855 recipere.
3344 1786 3544 1842 Videris

247 1854 502 1937 ﬂlidulfus
543 1899 554 1934 :
590 1882 853 1948 Salutem,
883 1879 1072 1948 inquit,
1105 1879 1351 1947 optabam
1386 1873 1477 1949 [F.
1505 1917 1521 1942 ,
1565 1876 1826 1948 Optaretn]
1863 1854 1909 1914 Β
1941 1872 2126 1926 beatus
2154 1875 2329 1928 Attala
2360 1874 2587 1929 membri
2615 1875 2698 1930 sui
2735 1875 2966 1946 injurias
3013 1854 3270 1934 divinitus
3299 1879 3541 1935 vindica-

246 1989 409 2042 tuam,
443 1978 488 2031 si
519 1986 575 2030 tu
605 1990 712 2030 non
741 1975 844 2028 tuis
871 1973 1242 2028 seductoribus
1281 1983 1334 2026 et
1385 1971 1612 2026 veritate
1641 1970 1835 2024 alienis

245 2066 451 2124 faveres
481 2067 761 2134 doctrinis,
834 2081 966 2134 quos
992 2074 1046 2120 et
1073 2064 1379 2118 sacerdotes
1427 2063 1601 2116 adhuc
1625 2062 1835 2116 vocatis

246 2160 540 2216 mendacio
563 2159 665 2213 sibi
709 2160 928 2213 allatum
983 2173 1174 2213 nomen
1225 2167 1561 2226 usurpantes.
1664 2157 1836 2211 Porro

245 2253 433 2308 melius
461 2262 544 2308 est
571 2261 622 2306 te
651 2251 972 2306 ineffabilem
1002 2250 1316 2306 Trinitatem
1350 2265 1451 2303 una
1473 2250 1679 2304 Deitate
1707 2264 1838 2303 con-

247 2346 404 2411 fiteri,
449 2361 556 2400 non
605 2356 713 2400 tres
756 2356 1068 2414 potestates,
1125 2344 1219 2400 sed
1269 2353 1377 2400 tres
1410 2359 1686 2413 personas,
1738 2360 1838 2399 nec

245 2455 405 2494 unam
442 2441 600 2494 trium
633 2441 906 2494 nominum
935 2454 1236 2509 personam,
1277 2439 1369 2493 sed
1404 2451 1510 2493 tres
1533 2439 1586 2492 in
1616 2439 1836 2493 veritate

248 2532 441 2598 Patris,
474 2541 528 2585 et
560 2531 704 2598 Filii,
737 2540 790 2586 et
839 2531 1068 2599 Spiritus
1095 2530 1267 2585 sancti
1299 2543 1577 2599 personas,
1607 2544 1710 2584 una
1749 2543 1837 2598 po-

247 2632 463 2689 testate,
493 2624 792 2691 voluntate,
826 2625 1082 2680 essentia.

315 2714 407 2768 i3.
448 2713 574 2769 Haec
597 2729 716 2768 cum
742 2715 1011 2784 paulisper
1035 2714 1277 2782 audiens,
1309 2729 1623 2785 progressus
1647 2713 1722 2768 ait
1742 2730 1837 2769 cur

244 2820 302 2862 se
345 2821 453 2860 non
513 2807 711 2863 habere
758 2808 914 2875 hujus
967 2807 1354 2862 incredulitatis
1401 2807 1695 2872 ministros,
1747 2813 1836 2875 qui

244 2900 508 2954 obruente
552 2901 728 2954 noctis
757 2899 987 2968 caligine
1020 2900 1332 2955 redeuntem
1379 2899 1753 2965 sollicitarent,
1785 2910 1840 2954 et

245 2995 474 3049 fustibus
503 2993 588 3048 vel
611 2993 834 3048 sudibus
863 2979 1108 3047 collisum
1142 2993 1296 3047 morti
1339 2992 1479 3046 hunc
1511 2994 1835 3048 monachmn

245 3085 550 3141 traderent?
609 3086 760 3139 Tunc
790 3099 924 3138 unus
953 3086 1200 3139 vesanior
1229 3085 1439 3140 caeteris
1472 3087 1567 3148 ait,
1618 3086 1685 3140 ad
1739 3086 1840 3141 hoc

242 3195 299 3235 se
331 3179 652 3250 patrandum
687 3187 928 3247 paratum
960 3191 1080 3232 esse
1106 3177 1151 3231 si
1177 3177 1386 3245 jubeat.
1449 3176 1540 3231 Ille
1565 3192 1728 3231 vero:
1781 3178 1836 3234 Si

245 3272 380 3337 haec,
423 3273 613 3340 inquit,
672 3270 884 3335 feceris,
934 3269 1242 3324 muneribus
1274 3278 1326 3324 te
1355 3269 1596 3339 sequenti
1639 3270 1726 3325 die
1753 3270 1835 3324 di-

245 3365 395 3419 tabo.
458 3365 783 3434 Progressus
818 3379 946 3433 ergo
1001 3365 1204 3418 socium
1258 3364 1359 3419 sibi
1407 3365 1628 3418 sceleris
1667 3363 1830 3418 alium

243 3459 476 3513 similem
493 3461 573 3512 sui
596 3458 788 3528 jungit,
816 3458 892 3511 via
902 3474 1056 3527 mque
1069 3459 1200 3512 atris
1220 3458 1564 3512 obruentibus
1592 3458 1833 3512 tenebris

239 3549 496 3604 custodit.
526 3548 846 3604 Commeans
865 3564 992 3617 ergo
1019 3564 1109 3618 per
1122 3549 1363 3604 eamdem
1385 3551 1522 3602 viam
1539 3549 1830 3604 monachus

239 3648 293 3694 et
321 3640 628 3710 presbyter,
659 3648 714 3695 et
737 3654 767 3693 a
784 3654 933 3695 caena
964 3640 1027 3693 ad
1051 3654 1208 3709 quam
1231 3656 1260 3694 a
1281 3639 1507 3710 quodam
1526 3640 1831 3695 Christiano

240 3731 502 3786 invitatus
533 3730 707 3786 fuerat
738 3745 1036 3801 regressus,
1071 3731 1345 3801 inopinato
1375 3733 1424 3786 in
1456 3732 1710 3787 satellites
1743 3733 1828 3787 in-

237 3822 392 3887 cidit,
424 3835 818 3891 percussusque
846 3822 1069 3877 cerebro
1099 3838 1162 3880 ac
1190 3825 1334 3878 omni
1366 3839 1622 3893 compage
1639 3838 1830 3894 corpo-

236 3915 310 3967 ris
336 3912 556 3967 collisus
607 3914 812 3983 magnis
856 3913 1072 3967 qutium
1105 3915 1293 3969 ictibus
1344 3929 1406 3970 ac
1454 3915 1674 3971 sudibus
1704 3916 1828 3985 pul-

239 4016 390 4059 satus
440 4005 663 4072 interiit,
717 4004 863 4059 nullo
894 4021 922 4060 e
951 4009 1149 4075 populo
1197 4008 1478 4061 sentientev
1508 4008 1644 4078 (erat
1683 4008 1828 4063 enim

236 4098 451 4152 abditus
479 4097 669 4169 locus),
702 4099 795 4153 sed
820 4114 919 4154 nec
943 4101 1071 4155 dare
1093 4116 1281 4155 vocem
1310 4102 1551 4172 quiverat
1571 4103 1827 4173 anticipa-

237 4197 322 4244 tus
347 4190 471 4244 loco
514 4206 542 4243 a
591 4190 802 4245 talibus.
867 4193 961 4246 Diu
991 4207 1119 4262 ergo
1149 4194 1415 4262 exanime,
1457 4203 1513 4248 ut
1542 4195 1821 4265 putabant,

235 4283 473 4338 cadaver
499 4284 766 4340 caedentes
807 4287 1025 4355 abeunt,
1048 4290 1251 4343 auctori
1299 4290 1518 4346 sceleris
1561 4303 1822 4362 patratum

235 4372 444 4430 facinus
479 4377 742 4432 nuntiant.

309 4467 400 4522 14.
435 4466 680 4539 Cumque
706 4472 751 4526 is
773 4473 839 4526 ad
863 4472 1016 4544 cujus
1045 4475 1262 4530 domum
1294 4477 1601 4533 morabatur
1623 4481 1823 4537 morari

238 4563 611 4665 presbyterum
651 4574 704 4619 et
759 4569 1079 4623 monachum
1129 4579 1393 4638 cerneret,
1441 4583 1688 4629 eventum
1744 4577 1906 4646 reip
1931 4563 2598 4672 έθωεξιιθέέέέο
2618 4563 3118 4675 ροξέξ

237 4656 488 4710 nesciens
506 4661 643 4728 (erat
669 4660 809 4713 enim
833 4671 884 4745 et
910 4661 1022 4732 ipse
1047 4665 1324 4735 presbyter
1352 4666 1533 4721 Justus
1559 4669 1822 4741 nomine),

238 4748 439 4802 veritus
483 4764 550 4803 ne
599 4750 650 4804 in
696 4752 924 4807 Arianos
970 4755 1264 4820 incidisset,
1312 4769 1525 4828 arrepto
1575 4761 1765 4815 baculo
1795 4777 1826 4817 e

239 4849 388 4907 parte
415 4840 595 4910 dirigit
624 4841 745 4913 iter,
793 4845 1101 4916 reperitque
1146 4848 1433 4917 iacentem,
1488 4853 1595 4906 acsi
1635 4868 1826 4910 somno

235 4929 553 5000 depressum
581 4936 838 4992 suscitare
863 4950 1103 4994 conatur.
1149 4941 1243 4997 llle
1269 4957 1395 4997 vero
1428 4944 1570 4999 velut
1598 4962 1627 5001 a
1655 4956 1826 5004 strato

236 5024 522 5080 incolumis
544 5028 734 5096 surgit,
764 5029 848 5083 vix
895 5032 1165 5101 plagarum
1199 5035 1434 5104 vestigiis
1466 5021 1778 5105 parentibus
1809 5059 1821 5094 :

236 5121 439 5186 pariter
464 5121 528 5174 ad
558 5131 813 5177 metatum
848 5137 1093 5194 pergunt.
1159 5126 1503 5198 Conquirenti
1550 5133 1675 5201 quid
1725 5135 1826 5189 hoc

234 5211 440 5279 fuisset,
475 5214 605 5268 nihil
632 5216 678 5269 ei
705 5218 1229 5289 responditunquam
1260 5223 1472 5276 suavius
1507 5225 1820 5295 accessisse,

235 5319 334 5360 nec
357 5319 603 5361 somnum
631 5307 922 5364 dulciorem
950 5312 1199 5368 habuisse
1227 5322 1471 5372 testatur.
1531 5315 1829 5387 lnterrogat

233 5396 278 5450 si
303 5396 458 5451 dolor
478 5400 680 5469 aliquot
701 5403 1064 5459 membrorum
1087 5407 1328 5476 attingat,
1353 5423 1684 5480 nequaquam
1708 5412 1825 5480 plus

232 5492 490 5561 808pitem
505 5490 692 5561 fuisse,
723 5507 778 5551 et
797 5501 1002 5554 nescire
1017 5500 1117 5554 sibi
1135 5502 1333 5571 aliquid
1355 5505 1565 5558 adversi
1580 5506 1826 5563 evenisse

234 5586 535 5656 respondit.
582 5589 819 5645 Peractis
848 5607 975 5662 ergo
997 5596 1314 5650 necessariis
1343 5595 1411 5652 ad
1442 5600 1823 5654 monasterium

307 5731 332 5757 α
373 5722 564 5804 Sui-ius
592 5725 777 5806 scribit
805 5725 938 5806 Yraj.
997 5728 1100 5806 iria
1150 5729 1340 5806 fluvius
1374 5741 1455 5788 est
1503 5734 1734 5806 Liguria:
1760 5752 1827 5792 ex

232 5799 518 5866 Δρεηηίῃο
542 5805 719 5850 monte
735 5801 871 5866 apud
891 5799 1144 5865 Antilam,
1169 5801 1455 5858 Dertonam
1479 5815 1532 5859 et
1554 5799 1826 5862 Castrum-

232 5860 440 5921 Novum
462 5864 631 5920 ﬂuens
671 5860 851 5936 posiea
872 5867 925 5925 in
949 5860 1148 5925 Padum
1167 5872 1414 5945 inﬂuens,
1438 5877 1571 5950 .aliis
1595 5860 1832 5952 Scripia,‘

530 5966 803 6030 PATBOL.
849 5964 1240 6038 LXXXVII.

1941 1975 2042 2033 tas,
2077 1977 2225 2037 rogat
2249 1978 2302 2021 ut
2330 1969 2506 2022 cuncti
2540 1984 2635 2038 pro
2667 1969 2918 2036 pestifero
2939 1980 3114 2036 orent,
3142 1983 3305 2043 utque
3332 1973 3410 2027 vis
3439 1973 3540 2028 ad-

1941 2074 2108 2112 versae
2164 2063 2438 2127 potestatis
2492 2061 2689 2116 misero
2747 2063 2813 2116 ab
2873 2064 3087 2120 homine
3118 2066 3365 2133 pellatur,
3413 2080 3540 2124 nam

1941 2165 2163 2205 munera
2201 2153 2346 2220 impii
2379 2168 2441 2206 ac
2483 2152 2724 2209 hazretici
2757 2155 2988 2211 hominis
3019 2172 3289 2227 nunquam
3336 2157 3390 2212 in
3420 2173 3544 2227 per-

1941 2253 2155 2313 petuum
2179 2258 2237 2298 se
2267 2245 2542 2314 suscipere
2571 2247 2868 2316 respondit.
2914 2248 3240 2303 Cunctorum
3267 2264 3397 2320 ergo
3419 2265 3546 2305 ora-

1942 2338 2176 2393 tionibus
2208 2339 2464 2394 Dominus
2494 2341 2558 2393 ad
2593 2351 2800 2410 tempus
2825 2343 3085 2412 pepercit,
3116 2342 3355 2397 redditus
3386 2344 3540 2397 sani-

1942 2431 2035 2484 tati
2064 2433 2242 2485 statim
2273 2432 2433 2486 homo
2459 2446 2647 2501 sospes
2676 2432 2855 2500 rediit,
2883 2433 2975 2487 sed
3005 2433 3122 2487 vitae
3156 2433 3305 2488 lucro
3332 2449 3438 2489 non
3453 2433 3549 2490 diu

1943 2525 2141 2592 p0titus
2163 2534 2263 2578 est.
2295 2523 2536 2594 Cumque
2563 2524 2782 2579 metatui
2822 2540 2920 2580 suo
2949 2525 3232 2591 resideret,
3261 2532 3317 2579 et
3344 2527 3412 2580 ab
3425 2525 3549 2581 aliis

1940 2615 2305 2686 increparetur
2331 2631 2426 2670 cur
2453 2616 2557 2671 hoc
2574 2616 2806 2680 fecisset,
2841 2616 3144 2671 insultantis
3173 2632 3303 2673 voce
3332 2617 3461 2672 dicit
3483 2630 3548 2672 se

1941 2709 2041 2764 hoc
2070 2720 2262 2778 sponte
2287 2709 2478 2765 fecisse
2505 2711 2644 2779 quod
2671 2711 2863 2767 exinde
2890 2711 3070 2766 vellet.
3118 2711 3237 2766 Mox
3264 2719 3545 2780 correptus

1941 2805 2060 2874 igne
2092 2805 2316 2859 febrium
2348 2815 2403 2862 et
2447 2806 2586 2860 inter
2629 2822 2816 2876 poenas
2866 2806 3097 2861 incendii
3146 2806 3382 2860 clamans
3432 2805 3541 2860 vita

1943 2897 2176 2966 privatus
2189 2907 2290 2952 est.
2313 2899 2478 2965 Quem
2505 2913 2838 2968 nequaquam
2856 2898 3006 2967 juxta
3033 2898 3262 2953 aliorum
3288 2897 3539 2968 sepulcra

1939 2989 2168 3056 sepelire
2191 2990 2306 3042 ausi
2334 2999 2479 3054 sunt,
2510 2991 2602 3044 sed
2637 2990 2821 3057 procul
2849 2991 2916 3044 ab
2941 2991 3187 3046 omnibus
3215 2990 3270 3045 in
3299 2989 3534 3061 quodam

1945 3083 2236 3151 conspicuo
2266 3083 2402 3147 loco,
2436 3099 2542 3152 quo
2570 3094 2957 3152 praetereuntes
2987 3087 3261 3142 dicerent:
3319 3085 3414 3141 Hic
3444 3085 3540 3142 ille

1945 3178 2108 3232 miser
2156 3177 2446 3232 tumulatus
2471 3177 2637 3248 jacet,
2691 3180 2780 3248 qui
2826 3179 3212 3234 Ebobiensibus
3260 3179 3544 3234 monachis

1944 3284 2038 3324 sua
2069 3271 2285 3324 lascivia
2315 3270 2685 3326 crudelitatem
2740 3271 3153 3326 administravit.
3206 3271 3352 3345 (Huc
3380 3288 3546 3344 usque

1939 3378 2004 3417 ea:
2025 3362 2214 3418 Codice
2243 3364 2559 3434 Compend.)

2149 3495 2214 3533 DE
2242 3493 2490 3534 MONACHO
2519 3494 2770 3534 MEBOVEO
2811 3497 2879 3536 ET
2923 3496 3150 3537 ULTIONE
3183 3497 3325 3538 EJUS.

2011 3586 2097 3642 l6.
2132 3588 2338 3643 Eodem
2374 3599 2614 3658 tempore
2664 3590 2959 3647 monachus
2988 3591 3267 3649 Meroveus
3295 3592 3536 3662 nomine,

1934 3692 1964 3732 a
1988 3678 2145 3733 beato
2174 3679 2346 3735 Attala
2381 3681 2666 3735 Dertonam
2698 3683 2884 3738 urbem
2909 3684 3125 3750 missus,
3149 3693 3204 3741 et
3231 3700 3390 3742 causa
3414 3685 3535 3755 ejus

1934 3770 2136 3838 negotii
2169 3781 2387 3841 pr0pter
2414 3773 2552 3842 quod
2588 3784 2824 3841 venerat,
2886 3776 3091 3846 longius
3137 3778 3203 3833 ab
3235 3778 3365 3833 urbe
3405 3792 3538 3848 pro—

1932 3876 2170 3931 gressus,
2204 3864 2269 3917 ad
2299 3865 2582 3934 quamdam
2614 3867 2793 3921 villam
2825 3865 2986 3922 lriae61
3017 3869 3177 3924 ﬂuvio
3203 3869 3539 3940 adjacentem

1931 3957 2200 4011 accessit:
2262 3957 2349 4012 ubi
2398 3957 2578 4012 fanum
2608 3959 2892 4027 ;quoddam
2937 3961 3217 4017 arboribus
3266 3953 3578 4019 consitum‘

1932 4047 2140 4114 videns,
2169 4047 2388 4102 allatum
2421 4048 2596 4119 ignem
2625 4049 2672 4104 ei
2701 4051 3214 4123 admovitcongestis
3235 4054 3288 4108 in
3313 4054 3537 4110 modum

1933 4141 2060 4210 pirac
2090 4140 2264 4210 lignis.
2336 4142 2390 4196 ld
2440 4156 2569 4197 vero
2618 4152 2902 4200 cernentes
2933 4144 3038 4199 fani
3069 4147 3328 4214 cultores,
3359 4146 3534 4203 Mero-

1930 4247 2085 4287 veum
2120 4236 2511 4303 apprehensum
2544 4235 2740 4307 diuque
2772 4237 3003 4294 fustibus
3032 4253 3231 4294 caesum
3259 4240 3530 4296 etictibus

1930 4337 2212 4380 contusum
2241 4327 2290 4381 in
2326 4327 2521 4382 ﬂumen
2557 4329 2684 4382 illud
2728 4329 3044 4400 demergere
3084 4342 3365 4386 conantur.
3421 4331 3534 4388 Sed

1929 4416 2069 4472 unda
2105 4419 2428 4472 monachum
2461 4434 2564 4472 non
2598 4435 2726 4474 ausa
2785 4421 2881 4474 fuit
2937 4421 3234 4490 suscipere,
3287 4422 3411 4477 licet
3440 4422 3536 4476 ille

1929 4511 2044 4580 ejus
2071 4512 2145 4566 rei
2179 4526 2338 4580 quam
2395 4521 2634 4580 gesserat
2674 4512 2891 4566 nomine
2920 4514 3056 4566 mori
3103 4522 3323 4582 paratus
3360 4524 3528 4569 esset.

3143 4623 3303 4677 quem
3323 4608 3539 4665 Domini

1934 4696 2218 4751 clementia
2249 4704 2507 4761 servaret,
2543 4711 2699 4751 mane
2730 4697 2867 4751 inter
2896 4712 2954 4751 se
2977 4703 3373 4755 connnunicato
3399 4714 3535 4756 con-

1931 4790 2050 4844 silio
2073 4805 2232 4859 super
2253 4789 2422 4844 undas
2437 4806 2557 4845 eum
2573 4799 2938 4860 prosternunt,
2963 4793 3351 4865 materiamque
3364 4811 3530 4867 super

1931 4897 2052 4937 eum
2084 4891 2422 4948 coacervant,
2472 4893 2526 4936 ut
2572 4883 2789 4938 immani
2829 4885 3075 4954 pondere
3118 4887 3534 4955 deprimeretur.

1931 4973 2168 5042 Cumque
2190 4973 2240 5028 id
2273 4974 2447 5029 scelus
2473 4989 2533 5028 se
2556 4973 2664 5044 jam
2696 4976 2994 5032 confecisse
3023 4985 3292 5046 putarent,
3341 4980 3534 5034 relicto

1931 5063 2014 5136 (ut
2043 5063 2323 5136 putabant)
2352 5065 2610 5122 cadavere
2627 5068 2692 5120 ad
2721 5066 2866 5121 littus
2898 5070 3145 5125 redeunt.
3195 5070 3306 5124 illis
3321 5072 3528 5124 abeun-

1932 5157 2072 5213 tibus
2104 5159 2380 5214 Merovens
2412 5158 2541 5213 nihil
2589 5159 2848 5216 molestiae
2887 5163 3144 5227 sentiens,
3176 5161 3460 5216 incolumis
3499 5175 3534 5215 a

1932 5249 2094 5304 ﬂuvio
2121 5250 2289 5319 surgit
2317 5248 2544 5320 diruptis
2575 5250 2825 5317 nexibus,
2877 5267 3060 5322 sospes
3111 5253 3396 5306 Dertonam
3448 5253 3534 5305 in-

1931 5343 2192 5413 greditur,
2224 5358 2286 5399 ac
2302 5353 2481 5412 postea
2504 5345 2570 5399 ad
2589 5357 2968 5401 monasterium
2995 5347 3148 5401 redit.
3187 5346 3321 5400 Ecce
3343 5356 3526 5401 autem

1933 5444 2156 5504 repente
2186 5436 2362 5489 divina
2382 5435 2512 5490 ultio
2540 5437 2594 5492 itt
2618 5439 2733 5508 ejus
2755 5439 3092 5493 adversarios
3122 5438 3526 5493 animadvertit.

1933 5523 2202 5592 Quotquot
2225 5525 2367 5580 enim
2395 5527 2446 5581 in
2484 5542 2549 5581 eo
2580 5527 2728 5584 fuere
2754 5530 3124 5598 contubernio,
3155 5528 3380 5582 diversis
3406 5535 3533 5582 sunt

1931 5617 2328 5676 calamitatibus
2385 5619 2589 5676 affecti:
2650 5621 2738 5677 alii
2771 5622 3033 5688 caecitate,
3076 5621 3165 5675 alii
3215 5620 3351 5690 ignis
3397 5621 3534 5676 adu-

1933 5749 2091 5879 ἰιὲιὲἱο
2109 5751 2168 5881 έα
2194 5751 2395 5809 Scrivia
2421 5752 2616 5822 dictus,
2666 5754 2834 5826 inquit
2859 5755 3132 5827 Philippus
3164 5754 3445 5814 Ferrarius
3473 5756 3532 5814 in

2069 5839 2105 5881 n
2154 5862 2164 5881 ι

2069 5839 2164 5882 no.

2933 5982 3014 6045 3h
