4038 6354
468 388 493 444 4
505 392 605 447 067

1607 384 1798 443 ῘΟΝΕ
1837 380 2128 441 ABBATIS
2166 380 2592 441 ELNONENSIS

3588 388 3721 443 1068

466 508 656 568 suone,
679 500 889 571 quidam
914 500 1119 570 publica
1140 508 1522 561 contractione,
1550 499 1786 566 plerique
1805 497 2040 551 omnium
2070 500 2121 559 Α
2146 496 2254 550 vult
2308 496 2447 565 quod
2494 494 2938 551 clementissimus
2989 494 3129 550 Beas
3171 495 3386 551 exeunti
3430 496 3500 551 de
3533 500 3725 556 mundo

468 596 824 651 membrorum
854 594 1144 660 debilitate,
1208 596 1277 648 ita
1307 602 1364 646 ut
1412 593 1605 646 diversi
1655 589 1892 645 diversis
1922 606 2043 644 sen-

467 692 626 745 tirent
659 702 859 757 pinnas.
938 690 1002 739 At
1026 687 1112 740 ubi
1142 692 1518 753 compererunt
1544 682 1845 737 Meroveum
1871 684 2043 750 sospi-

466 791 572 838 tem
599 780 664 835 ad
696 780 953 834 Bubiense
992 779 1369 833 monasterium
1408 778 1711 841 revertisse,
1742 776 1952 845 quidam
1978 790 2044 829 ex

468 875 535 929 iis
565 889 632 941 eo
659 871 871 928 adducti
901 882 1050 933 sunt;
1082 880 1137 925 et
1168 870 1441 939 perpaucis
1471 869 1680 938 quidem
1720 870 2043 937 paenitentia:

471 967 737 1035 medicina
767 963 1059 1023 remedium
1091 964 1287 1031 attulit,
1320 964 1503 1032 reliqui
1532 976 1721 1017 omnes
1750 977 1812 1018 ea
1844 962 2046 1017 ultione

467 1062 703 1129 periere.
1218 1120 1225 1123 _

865 1169 928 1213 DE
950 1165 1105 1206 OBI'I'U
1138 1165 1344 1206 AGIIODI
1372 1161 1631 1205 IONACHI.

538 1246 625 1299 17.
668 1244 742 1300 Ita
782 1258 909 1298 sane
941 1244 1221 1297 mirificum
1271 1241 1483 1295 famulis
1525 1242 1633 1295 suis
1675 1241 1815 1295 Deus
1854 1254 2046 1293 munus

464 1339 720 1408 impertit,
752 1351 871 1392 cum
898 1347 1015 1405 post
1045 1337 1235 1389 damna
1288 1336 1527 1403 corporis
1562 1342 1615 1386 et
1642 1345 1757 1403 post
1788 1334 2046 1403 irrogatas

463 1433 703 1504 injurias,
733 1434 852 1495 etin
878 1434 1119 1501 praesenti
1150 1430 1253 1483 vita
1276 1427 1539 1498 adjutorio
1567 1443 1664 1480 suo
1689 1442 1783 1480 eos
1806 1428 2042 1493 roborat,

463 1538 514 1583 et
573 1530 622 1581 in
675 1526 849 1580 futuro
894 1534 1013 1594 post
1068 1522 1359 1577 certamina
1425 1520 1733 1574 coronando
1761 1518 2044 1586 glorificat,

463 1633 594 1687 quos
626 1618 712 1672 hic
733 1627 945 1687 propter
964 1630 1158 1670 nomen
1182 1630 1335 1669 suum
1365 1614 1559 1667 illatam
1587 1612 1830 1681 injuriam
1857 1620 2046 1679 sponte

461 1714 708 1780 excipere
733 1711 914 1764 sentit.
977 1708 1211 1763 Vidimus
1242 1722 1339 1762 nos
1366 1708 1418 1761 in
1441 1706 1628 1761 eodem
1652 1707 1898 1759 Bobienst
1931 1719 2046 1757 mo—

460 1806 695 1859 nasterio
740 1804 898 1856 etiam
949 1802 1171 1855 aliorum
1226 1799 1609 1855 monachorum
1646 1798 1851 1853 felicem
1880 1799 2042 1850 vitam

2148 597 2446 643 monstrare
2477 590 2643 643 voluit
2666 591 2841 657 qualis
2870 602 3049 658 postea
3096 590 3304 644 futurus
3332 602 3498 657 esset,
3548 593 3645 647 nisi
3671 603 3727 648 ut

2145 682 2392 736 ostendat
2408 697 2498 735 eos
2519 684 2607 749 qui
2622 684 2781 736 simili
2810 682 3149 750 simplicitate
3174 683 3378 749 vivunt,
3403 694 3456 738 et
3476 684 3727 741 obedien-

2148 772 2235 825 tire
2264 780 2317 825 et
2344 772 2736 826 mortificationi
2768 773 3064 827 voluntarie
3094 772 3468 841 subjiciuntur,
3503 774 3727 831 similem

2148 876 2458 935 exspectare
2489 868 2996 933 remunerationem,
3043 876 3099 921 et
3142 868 3329 922 aeterni
3358 868 3575 922 luminis
3614 884 3731 925 esse

2147 960 2389 1015 claritate
2418 960 2719 1030 potituros?

2241 1068 2308 1107 υι
2332 1067 2486 1107 οιςιτι]
2515 1067 2817 1107 τηεωωιῡι
2841 1068 2907 1107 ΕΤ
2935 1067 3306 1108 ΙΔΟΒᾹΟΗΑΒΙΟ
3328 1067 3575 1109 IONACHO
3593 1062 3618 1088 ⁸

2217 1145 2308 1200 90.
2354 1146 2590 1201 Vidimus
2628 1147 2857 1200 etaliutn
2903 1146 3023 1201 huic
3072 1147 3398 1211 obedientia,
3447 1148 3643 1217 pietate
3683 1160 3735 1203 et

2150 1241 2575 1306 mansuetudine,
2602 1241 2828 1295 similem
2860 1241 3225 1296 Theodaldutn
3259 1243 3485 1297 feliciter
3536 1259 3600 1297 ex
3637 1247 3736 1299 hac

2150 1334 2255 1387 vita
2273 1334 2583 1397 abeuntem,
2605 1344 2659 1387 et
2682 1348 2889 1387 summa
2910 1334 3513 1389 animiexsultationead
3533 1346 3731 1390 aeterna

2148 1425 2312 1479 animi
2343 1424 2529 1494 gaudia
2562 1435 2953 1491 properantem.
3013 1425 3145 1479 Cum
3179 1426 3319 1479 enim
3353 1425 3509 1479 lactus
3556 1428 3607 1480 in
3640 1443 3735 1479 suo

2148 1526 2317 1571 strato
2346 1516 2711 1583 decumberet,
2746 1527 2897 1587 rogat
2930 1527 2985 1571 ut
3015 1517 3208 1574 fratres
3236 1534 3426 1573 omnes
3470 1519 3535 1572 ad
3560 1520 3734 1587 ipsum

2150 1608 2408 1671 veniant;
2454 1608 2627 1677 iisque
2657 1607 2905 1663 omnibus
2935 1624 3238 1677 supremum
3288 1609 3404 1663 vale
3439 1609 3643 1678 dicens,
3678 1625 3738 1667 se

2149 1700 2336 1753 eadem
2360 1700 2490 1755 hora
2518 1701 2588 1752 ait
2612 1715 2643 1754 e
2665 1715 2891 1767 corpore
2916 1715 3279 1769 egressurum.
3308 1700 3420 1765 Qua
3442 1712 3617 1756 autem
3650 1718 3739 1757 ra-

2155 1790 2297 1844 tione
2323 1793 2527 1844 exitnm
2558 1806 2710 1844 suum
2743 1796 3072 1860 cognoverit,
3120 1793 3274 1846 nobis
3331 1794 3736 1864 haudquaquam

462 1896 859 1963 felicioremque
878 1895 1100 1958 exitum,
1130 1893 1219 1960 qui
1242 1893 1406 1955 multa
1436 1892 1685 1943 virtutum
1711 1890 1848 1942 dese
1862 1903 2045 1943 exem-
2078 1872 2126 1932 B
2151 1884 2316 1937 voluit
2340 1885 2593 1938 indicare.
2642 1886 2882 1953 Cumque
2900 1885 3145 1940 omnibus
3172 1887 3287 1941 vale
3307 1888 3547 1955 dixisset,
3574 1889 3734 1943 viati-

458 1988 545 2056 pla
577 1986 886 2055 prmbuere;
915 2001 942 2039 e
971 1985 1163 2054 quibus
1190 1997 1285 2037 nos
1309 1982 1497 2037 saltem
1520 1983 1690 2051 aliqua
1722 1982 2041 2047 referemus,

464 2087 517 2139 nt
549 2076 846 2135 viventibus
898 2089 1190 2142 eorumque
1241 2075 1401 2127 vitam
1456 2073 1652 2126 imitari
1707 2072 2045 2140 cupientibus

460 2168 673 2227 ubetinr
701 2168 1001 2225 adhortatio
1029 2167 1269 2221 accedat.

538 2262 628 2320 i8.
673 2259 959 2329 Monachus
982 2260 1193 2327 quidam
1225 2257 1490 2326 Agibodus
1514 2257 1749 2323 nomine,
1787 2257 1873 2325 qui
1905 2255 2046 2311 beati

461 2353 652 2411 Αιιδιω
680 2361 915 2417 tempore
950 2351 1253 2405 monialintn
1286 2350 1666 2405 monasterium
1691 2349 2033 2418 gubernarat,

459 2445 514 2500 in
541 2445 792 2505 extremis
815 2444 1101 2511 angoribus
1132 2442 1355 2511 positus,
1388 2442 1468 2495 sui
1499 2442 1674 2495 exitus
1696 2442 2040 2508 exspectabat

458 2536 669 2594 horam.
732 2538 968 2605 Cumque
993 2537 1099 2604 jam
1126 2536 1320 2590 fratres
1349 2542 1606 2599 astarent,
1656 2535 1744 2601 qui
1774 2534 1967 2587 animm
2015 2547 2047 2587 e

461 2631 663 2687 mundo
703 2629 951 2698 migranti
973 2643 1219 2698 suprema
1259 2627 1433 2682 officia
1463 2628 1856 2697 persolverent,
1887 2633 2047 2694 atque

462 2720 532 2781 de
558 2735 707 2781 more
726 2720 791 2779 ad
818 2718 1068 2787 psallendi
1100 2732 1293 2779 munus
1308 2731 1429 2773 sese
1456 2724 1840 2785 praepararent,
1863 2714 2045 2782 elapsa

464 2826 496 2865 e
518 2826 745 2882 corpore
772 2814 967 2875 anima,
1002 2811 1133 2869 vidit
1161 2819 1417 2869 arternam
1450 2810 1621 2866 lucem
1653 2809 1753 2865 sibi
1788 2816 2044 2876 paratam,

460 2906 734 2973 solemque
789 2905 924 2965 miro
972 2903 1177 2972 fulgore
1220 2903 1526 2967 micantem.
1583 2899 1713 2957 Cum
1763 2908 1939 2954 autem
1988 2912 2050 2953 ea

463 2999 675 3057 visione
703 3006 961 3066 stuperet.
989 2996 1296 3064 diceretque
1324 3010 1383 3050 se
1404 3008 1671 3062 nunquam
1694 2992 1853 3047 talem
1882 2991 2048 3046 solem

463 3090 683 3158 vidisse.
744 3088 823 3139 νει
882 3088 1178 3149 diritatem
1223 3100 1341 3154 quae
1388 3085 1436 3147 ei
1493 3093 1675 3151 posset
1711 3082 2047 3151 aequiparari,

461 3196 597 3247 unus
624 3195 655 3241 e
676 3178 931 3243 cmlicolis
957 3178 1215 3241 accedens
1246 3175 1545 3241 sciscitatur
1561 3172 1684 3241 quid
1714 3173 1793 3226 sic
1823 3173 2047 3226 attonita

2151 1992 2270 2032 cum
2304 1979 2565 2048 poposcit.
2634 1979 2751 2045 Quo
2777 1988 3017 2048 accepto,
3047 1982 3391 2049 antiphonam
3421 1996 3535 2052 Ipse
3564 1984 3740 2053 impo-

2150 2070 2257 2124 suit
2302 2071 2370 2123 ita
2401 2070 2616 2124 dicens:
2648 2069 2803 2124 Ibunt
2849 2074 3014 2125 sanati
3061 2076 3123 2125 de
3164 2075 3350 2127 virtute
3386 2078 3437 2128 in
3480 2078 3735 2141 virtutem,

2153 2165 2407 2218 videbitur
2436 2164 2573 2218 Deus
2603 2166 2815 2223 deorum
2844 2167 2895 2219 in
2928 2167 3055 2221 Sion
3088 2167 3256 2237 (μιαί.
3288 2170 3539 2239 uniti);
3572 2170 3739 2225 abso-

2158 2258 2375 2327 lutaque
2404 2256 2706 2326 antiphona:
2751 2258 3006 2321 melodia,
3036 2260 3186 2313 laetus
3217 2270 3272 2314 et
3299 2276 3503 2315 summa
3552 2262 3739 2316 hilari-

2156 2357 2265 2402 tate
2295 2347 2549 2413 refertus,
2597 2352 2827 2407 animam
2882 2350 3113 2404 reddidit
3159 2351 3421 2416 Creatori,
3482 2362 3535 2406 ut
3584 2352 3740 2407 nobis

2153 2442 2239 2512 qui
2281 2453 2568 2511 praesentes
2598 2457 2813 2498 eramus
2857 2454 3041 2511 aperte
3081 2444 3263 2501 liceret
3293 2444 3585 2513 intelligere
3613 2460 3739 2499 eum

2154 2537 2220 2591 de
2245 2538 2412 2606 gloria
2458 2538 2663 2593 caelesti
2708 2549 2761 2595 et
2808 2538 3074 2605 promisso
3114 2538 3334 2605 pranuio
3384 2551 3551 2607 usque
3602 2538 3739 2593 adeo

2152 2632 2471 2686 exsultasse.

2224 2722 2315 2779 at.
2364 2724 2514 2777 Alius
2542 2723 2836 2783 monachus
2862 2724 2963 2778 sub
2984 2723 3175 2779 abbate
3217 2724 3479 2790 Bertult‘o,
3523 2724 3740 2781 nomine

2157 2815 2571 2880 Baudacharius,
2594 2831 2715 2871 cum
2734 2826 2976 2886 tempore
2997 2818 3279 2873 vindemiae
3301 2819 3580 2887 deputatus
3595 2828 3742 2874 esset

2156 2910 2325 2963 vineae
2352 2911 2737 2977 custodiendae,
2764 2926 2831 2965 ne
2859 2926 2921 2966 ea
2949 2911 3016 2994 ab
3048 2911 3232 2966 avibus
3256 2922 3310 2967 et
3341 2912 3524 2967 bestiis
3555 2913 3736 2981 aliqua

2159 3004 2349 3074 injuria
2381 3005 2460 3057 vel
2489 3004 2812 3059 detrimento
2837 3007 3163 3073 afﬁceretur,
3216 3007 3391 3061 evenit
3419 3016 3475 3061 ut
3522 3008 3739 3077 triginta

2156 3101 2348 3155 fratres
2397 3101 2635 3171 ejusdem
2670 3102 2839 3157 vinea:
2882 3104 3091 3165 tuenda:
3119 3117 3277 3157 causa
3310 3118 3373 3157 eo
3402 3104 3736 3159 advenirent.

2157 3192 2249 3249 ille
2275 3210 2403 3263 ergo
2429 3195 2689 3250 charitate
2719 3196 2906 3265 plenus
2931 3206 3049 3251 orat
3079 3206 3135 3249 ut
3177 3197 3283 3251 illic
3331 3206 3453 3265 post
3500 3197 3739 3252 laborem

461 3274 754 3343 intueatur-
814 3272 903 3339 Illa
931 3271 1220 3339 respondet
1241 3272 1409 3333 solun
1436 3270 1719 3325 micantem
1750 3282 1807 3321 se
1830 3266 2044 3331 intueri.
2076 3266 2125 3309 -"
2159 3286 2297 3340 fessa
2330 3287 2566 3341 membra
2599 3287 2865 3354 reficiant,
2887 3303 3005 3342 cum
3026 3289 3153 3342 nihil
3178 3289 3319 3343 aliud
3340 3288 3555 3343 haberet
3577 3305 3739 3358 quam

460 3365 545 3419 cui
576 3377 841 3431 nunquam
886 3362 1047 3414 alium
1096 3361 1323 3413 similem
1359 3358 1567 3412 viderit.
1634 3358 1726 3412 Ait
1768 3358 2043 3421 cmlicola:

462 3456 683 3511 Noveris
717 3465 766 3509 te
790 3454 948 3523 hodie
972 3463 1246 3525 venturam
1281 3452 1343 3523 ad
1375 3467 1471 3525 nos
1503 3462 1554 3519 et
1606 3451 1657 3505 in
1688 3451 1787 3521 hac
1818 3451 2048 3506 admira-

459 3545 555 3600 bili
612 3548 729 3601 luce
784 3545 1137 3598 habitaturam
1203 3544 1505 3613 septiesque
1564 3544 1859 3599 vincentem
1920 3544 2047 3597 solis

458 3640 661 3706 lumen,
704 3638 973 3693 Justorum
999 3636 1557 3693 chorisinserendam.
1628 3636 1860 3692 Reversa
1890 3636 2046 3705 igitur

459 3734 581 3785 vale
632 3731 715 3785 dic
769 3732 987 3785 fratrum
1020 3731 1266 3801 collegio,
1324 3740 1481 3801 atque
1522 3730 1593 3784 ita
1633 3744 1791 3799 porro
1850 3729 2045 3784 redibis

463 3825 526 3877 ad
556 3839 669 3876 nos.

538 3918 623 3970 i9.
668 3916 895 3970 Beversa
928 3915 1085 3987 igitur
1113 3916 1287 3971 anima
1313 3918 1364 3970 in
1395 3932 1609 3988 corpus,
1644 3917 1920 3988 Agibodus
1944 3916 2047 3970 fra-

463 4010 634 4064 tribus
659 4009 900 4063 nltimum
929 4011 1044 4063 vale
1067 4008 1221 4065 dixit.
1264 4009 1500 4077 Quodam
1528 4021 1705 4065 autem
1735 4026 1764 4065 e
1798 4010 2047 4064 fratribus

464 4106 813 4169 permutante
861 4101 1091 4171 quanditt
1146 4101 1202 4155 in
1244 4116 1308 4153 co
1355 4103 1571 4171 ancipiti
1610 4105 1754 4158 exitu
1806 4113 2045 4158 moratus

464 4204 627 4258 esset,
673 4195 722 4249 ei
774 4193 1023 4248 indicavit
1051 4193 1176 4262 quid
1208 4194 1445 4261 vidisset,
1474 4204 1526 4249 et
1548 4206 1743 4267 quanta
1776 4198 1872 4267 ipsi
1905 4209 2046 4253 esset

465 4291 683 4345 claritas
715 4291 993 4359 promissa,
1020 4291 1267 4360 quodque
1297 4294 1483 4347 eadem
1539 4296 1669 4348 hora
1701 4295 1943 4350 obiturus
1976 4298 2045 4351 sit

462 4394 746 4455 postquam
778 4386 1023 4439 viaticum
1053 4372 1375 4456 perceperit,
1410 4398 1462 4440 et
1486 4387 1734 4441 fratribus
1760 4390 1876 4444 vale
1898 4392 2045 4445 dixe—

462 4478 551 4533 rit.
603 4476 826 4547 Sumpto
858 4478 977 4531 inde
1007 4479 1367 4534 sacratissimo
1400 4480 1602 4535 Domini
1635 4496 1881 4552 corpore,
1923 4498 2040 4535 om-

464 4570 625 4625 nibus
648 4571 830 4624 osculo
850 4570 1088 4637 priebito,
1120 4582 1236 4624 orat
1264 4581 1315 4624 ut
1340 4572 1618 4627 charitatis
1641 4558 1811 4627 officia
1832 4576 2036 4642 corpori

464 4663 795 4732 impendant.
836 4661 1013 4730 Itaque
1039 4664 1441 4727 promissionem
1465 4666 1736 4720 caelestem
1770 4683 1887 4719 mox
1922 4668 2039 4723 linis

463 4762 785 4826 prosecutus
833 4761 933 4816 est,
978 4754 1289 4825 felicemque
1322 4759 1547 4811 obtinuit
1579 4760 1795 4821 exitum,
1856 4776 2045 4829 magno

464 4846 547 4904 sui
572 4846 837 4900 desiderio
857 4847 1230 4915 superstitibus
1258 4849 1531 4904 derelicto.
1578 4849 1725 4903 llunc
1749 4850 1883 4921 enim
1920 4867 2011 4906 san
2030 4883 2043 4891 -

467 4948 675 4994 ctorum
703 4936 1083 4992 Hemunerator
1117 4942 1341 5007 posteris
1370 4942 1532 4995 voluit
1555 4943 1800 5013 exemplo
1825 4960 1962 5008 esse,
1990 4956 2046 4999 ut

465 5030 681 5101 quiejus
697 5043 942 5085 coronam
965 5040 1085 5086 ante
1106 5034 1301 5086 exitum
1318 5035 1630 5105 promissam
1647 5018 2041 5106 cognovissent,

467 5122 583 5190 ejus
612 5122 856 5192 puritatis
898 5130 951 5175 et
979 5123 1252 5192 religionis
1283 5126 1334 5178 in
1367 5126 1615 5181 omnibus
1668 5127 1960 5184 imitatores
1989 5144 2047 5185 se

461 5216 784 5282 praeberent.
842 5213 1035 5269 Fuerat
1064 5218 1105 5269 is
1126 5230 1156 5270 a
1183 5232 1347 5287 puero
1375 5221 1476 5273 sub
1506 5220 1786 5289 disciplina
1819 5222 2046 5292 regulari

463 5308 724 5368 eruditus,
754 5306 851 5361 sub
866 5306 1193 5363 Columbano
1215 5326 1244 5363 a
1268 5313 1461 5365 sacculo
1488 5328 1794 5380 conversus,
1823 5316 2046 5384 simplex

464 5410 519 5453 et
549 5402 690 5454 omni
724 5400 960 5455 bonitate
998 5402 1138 5456 inter
1166 5401 1358 5459 fratres
1380 5406 1717 5476 conspicuus,
1746 5405 2046 5477 obedientia

468 5501 520 5545 et
558 5492 811 5559 religione
846 5494 1069 5562 pollens,
1102 5494 1348 5563 denique,
1374 5497 1521 5569 juxta
1556 5497 1699 5550 Pauli
1727 5500 2045 5554 sententiam

465 5583 517 5654 (Ι
558 5586 678 5639 Cor.
706 5587 797 5655 tv),
836 5587 1029 5640 malitia
1058 5588 1273 5641 omnino
1303 5592 1569 5657 parvulus.
1612 5591 1746 5658 Quid
1776 5595 1915 5646 enim
1946 5594 2045 5657 sibi

547 5726 571 5751 ⁸
601 5716 696 5770 SS.
721 5716 1015 5791 Theodalili
1048 5730 1101 5773 et
1129 5720 1493 5788 liaudacharii,
1523 5724 1855 5791 duorumque
1884 5740 2043 5791 snpe-

464 5788 949 5865 1·ἱοι·ιιιη,ΜΜθνογεξί⁵
967 5801 1018 5843 et
1048 5792 1529 5865 Agibodipnet-non
1557 5788 1921 5865 l.irol)at°di'(de
1943 5788 2045 5865 quo

462 5862 673 5930 postea)
692 5856 1053 5915 Translatioin
1070 5862 1342 5933 Martyrol.
1368 5863 1565 5919 Bened.
1591 5856 1889 5921 celebratur
1905 5856 2040 5936 prid.

2152 3394 2339 3447 parum
2393 3382 2540 3447 panis
2580 3394 2737 3449 quem
2783 3380 2834 3433 in
2879 3396 3003 3435 suos
3054 3395 3177 3434 usus
3226 3395 3407 3435 secum
3462 3380 3736 3436 attulerat.

2149 3473 2482 3542 Objurgante
2512 3483 2688 3527 autem
2713 3489 2835 3527 eum
2866 3475 3152 3543 pra'posito
3183 3474 3495 3543 dicenteque
3525 3490 3591 3529 ne
3614 3475 3739 3551 quid

2150 3566 2253 3621 tale
2283 3575 2588 3629 attentaret,
2622 3564 3054 3635 quandoquidem
3108 3580 3269 3634 panes
3319 3566 3588 3621 conficere
3629 3582 3737 3621 non

2149 3667 2346 3729 posset,
2376 3661 2461 3713 ille
2509 3658 2579 3711 ait
2617 3674 2629 3709 :
2666 3658 2845 3728 Larga:
2874 3671 3081 3711 mecum
3123 3658 3283 3724 dapes
3330 3667 3489 3722 sunt,
3539 3657 3737 3725 quibus

2148 3753 2349 3822 possint
2391 3753 2548 3806 etiam
2594 3752 2773 3820 plures
2820 3750 3022 3805 satiari.
3099 3748 3390 3819 Ριξξι)οεὶιο
3433 3748 3740 3804 sciscitante

2147 3856 2391 3911 quaenam
2414 3841 2519 3895 illae
2548 3842 2653 3894 sint
2679 3842 2860 3909 dapes,
2896 3840 3181 3907 respondet
3206 3850 3412 3893 anatem
3445 3840 3593 3893 sibia
3626 3838 3738 3893 Do-

2148 3934 2293 3987 mino
2312 3932 2510 3986 datam.
2545 3932 2677 3986 Tum
2702 3948 2827 3987 vero
2850 3933 3191 4001 praepositus:
3225 3930 3351 3998 Fac,
3377 3932 3565 4001 inquit,
3595 3934 3735 3987 sicut

2147 4024 2359 4082 dixisti.
2388 4025 2568 4079 Divisit
2590 4025 2774 4094 itaque
2788 4034 2998 4078 anatem
3026 4022 3238 4093 triginta
3262 4024 3544 4090 fratribus;
3575 4033 3739 4095 atque

2146 4118 2280 4173 adeo
2307 4119 2382 4172 illi
2410 4118 2655 4171 exsatiati
2698 4125 2839 4181 situt,
2890 4127 2945 4169 ut
2973 4114 3213 4170 dicerent
3257 4131 3317 4173 se
3346 4131 3615 4185 nunquam
3656 4118 3728 4173 ita

2144 4211 2266 4265 cibo
2295 4212 2541 4279 expletos
2575 4208 2762 4265 fuisse.
2818 4208 2975 4264 Auxit
3002 4210 3150 4263 enim
3182 4209 3314 4265 fides
3338 4211 3479 4280 quod
3510 4211 3736 4282 dapibus

2144 4301 2347 4357 deerat.

2594 4391 2661 4429 DE
2705 4390 2976 4429 LEOPABDO
3006 4390 3276 4431 IONACHO.

2212 4465 2303 4520 22.
2330 4466 2857 4537 Leopartiusquoque
2878 4468 3173 4535 monachus
3183 4468 3288 4523 alio
3302 4476 3541 4538 tempore
3564 4468 3736 4524 vineae

2146 4562 2356 4629 tuenda:
2384 4558 2666 4628 deputatus
2698 4560 2897 4623 invenit
2927 4560 3256 4629 rtdpecuiam
3287 4562 3496 4616 botrum
3529 4577 3727 4618 voran-

2151 4658 2277 4706 tent.
2327 4652 2496 4717 Quam
2528 4650 2813 4722 objurgans
2842 4655 3001 4713 minis
3032 4654 3303 4715 intentatis
3337 4654 3495 4722 jussit
3521 4668 3591 4709 ne
3617 4669 3734 4708 am-

2150 4746 2289 4813 plius
2317 4748 2527 4813 vineam
2556 4748 2862 4817 attingeret.
2916 4747 3027 4807 Sed
3056 4762 3177 4802 cum
3203 4748 3292 4803 ille
3311 4749 3547 4813 abiisset,
3576 4749 3733 4805 furax

2108 4886 2109 4889 η
2148 4840 2371 4913 bestij
2412 4840 2568 4905 rediit
2597 4841 2664 4897 ad
2691 4843 2984 4911 carpendas
3032 4858 3194 4897 uvas:
3238 4859 3367 4914 quas
3414 4844 3504 4899 ubi
3545 4856 3732 4901 contra

2148 4930 2162 4984 i
2189 4933 2286 5003 lius
2302 4933 2708 5003 prohibitionem
2730 4935 2979 5003 gustanit,
3008 4934 3244 4990 haerente
3265 4938 3317 4989 in
3328 4951 3423 4991 ore
3434 4937 3554 4992 cibo
3568 4940 3734 4993 vetito

2145 5031 2402 5095 exstincta
2433 5040 2553 5093 est;
2595 5046 2823 5096 moxque
2846 5030 3151 5100 Leopardus
3180 5032 3471 5089 monachus
3518 5039 3729 5093 vineam

2147 5124 2321 5176 studio
2362 5122 2701 5187 circumiens,
2732 5123 2931 5190 reperit
2983 5124 3195 5191 vulpem
3222 5133 3485 5178 mortuam
3532 5123 3587 5177 in
3636 5134 3729 5175 ore

2150 5214 2444 5283 prolnbitos
2476 5225 2746 5277 tenentem
2772 5215 2948 5271 cibos.

2219 5306 2306 5359 :25.
2339 5307 2458 5374 Atio
2486 5316 2723 5377 tempore
2750 5308 2939 5364 eodem
2967 5306 3245 5377 Leopardo
3289 5323 3413 5363 cum
3455 5307 3724 5370 Βίστονες),

2148 5404 2298 5472 cujus
2319 5417 2476 5472 supra
2499 5404 2721 5475 fecimus
2733 5406 3078 5473 mentionem,
3108 5415 3257 5478 septa
3282 5408 3455 5463 vineae
3472 5422 3539 5464 ex
3562 5408 3695 5463 abba

2152 5498 2216 5551 tis
2249 5498 2472 5565 imperiti
2502 5496 2842 5567 defendente,
2875 5498 3118 5554 arborem
3148 5500 3321 5555 securi
3366 5500 3723 5562 succiderunt,

2150 5592 2311 5646 ramis
2341 5606 2521 5660 sepem
2553 5592 2867 5648 densarunt.
2920 5595 3157 5663 Dumque
3186 5595 3431 5650 arborem
3464 5604 3625 5649 totam
3646 5608 3725 5647 ra-

2149 5728 2373 5782 Kalend.
2398 5727 2701 5795 Septemb.,
2732 5728 2841 5793 ubi,
2866 5744 2958 5797 pro
2975 5727 3257 5797 Leobardi,
3272 5736 3521 5785 corrupte
3542 5728 3723 5784 Leom-

2147 5796 2298 5873 pardi
2328 5798 2534 5868 legitur.
2872 5814 2873 5817 η
