4038 6354
494 359 516 411 1
529 358 627 415 071

491 582 552 618 ex
587 566 763 635 regula
794 563 933 617 heati
961 560 1277 617 Columbani
1301 559 1443 613 omni
1474 559 1763 612 intentione
1801 566 1853 610 et
1889 554 2065 608 devo-

493 658 638 712 tione
686 664 1101 719 construxerat,
1158 662 1348 721 quanta
1387 661 1440 705 et
1492 650 1662 718 qualia
1715 647 1840 701 inibi
1884 660 2064 700 rerum

488 747 648 803 Sator
672 748 741 801 ob
773 746 1087 800 famularum
1120 758 1336 798 suarum
1369 740 1665 795 hortamina
1692 739 1945 808 dignatus
1973 743 2057 790 est

487 843 859 899 demonstrare
887 839 1164 895 miracula.
1196 839 1326 891 Cum
1374 834 1480 903 jam
1522 837 1654 887 duce
1681 832 1898 885 Christo
1929 829 2067 883 mul-

487 941 660 988 tarum
689 933 982 1002 puellarum
1034 944 1216 984 secum
1265 926 1549 980 adunatam
1580 924 1679 977 sub
1710 921 1943 991 regulari
1977 920 2064 973 di-

482 1031 710 1099 sciplina
742 1028 993 1084 retineret
1021 1025 1317 1084 cohortem,
1352 1021 1578 1092 quodam
1611 1019 1662 1072 in
1695 1027 1938 1085 tempore
1960 1028 2063 1068 una

482 1137 512 1177 e
542 1120 815 1189 subjectis,
850 1115 1061 1172 nomine
1090 1113 1378 1171 Sisetrudis
1404 1120 1460 1173 ι,
1492 1110 1766 1166 celleraria
1798 1113 2065 1161 monaste—

486 1215 574 1281 rii,
604 1215 801 1269 exitum
828 1212 946 1265 vitae
979 1224 1072 1278 per
1103 1207 1481 1263 revelationem
1512 1202 1793 1273 cognovit,
1828 1199 2063 1269 quadra-

485 1306 738 1376 gintaque
768 1304 972 1356 dierum
1001 1300 1172 1368 spatio
1203 1296 1509 1363 interjecto,
1553 1307 1658 1362 quo
1695 1292 1794 1347 iter
1844 1297 2059 1358 pararet

477 1394 769 1459 admonita,
803 1407 980 1447 mores
1010 1392 1325 1460 corrigeret,
1361 1389 1521 1441 vitam
1552 1384 1895 1447 emendaret,
1922 1391 1975 1435 et
2004 1396 2065 1437 se

477 1498 536 1541 ut
564 1486 615 1541 in
642 1485 893 1541 omnibus
923 1492 1159 1552 paratam
1187 1480 1381 1535 habeat
1412 1479 1668 1545 imperat.
1700 1474 2064 1529 Transierunt

476 1578 688 1649 triginta
723 1586 777 1631 et
815 1587 1021 1643 septem
1073 1575 1188 1627 dies
1234 1572 1289 1625 in
1334 1571 1476 1624 omni
1516 1566 1769 1638 religione
1822 1563 2060 1635 peracti,

470 1669 678 1741 jejunio
721 1678 774 1723 et
811 1667 1055 1721 oratione
1097 1678 1217 1719 cum
1251 1660 1434 1716 nitenti
1464 1662 1820 1730 lacrymarum
1861 1656 2063 1725 vigilia-

474 1775 698 1831 rumque
728 1760 915 1814 labore
945 1771 1138 1827 corpus
1169 1755 1474 1817 attriverat,
1511 1762 1568 1806 ut
1608 1751 1814 1805 facilius
1847 1748 2057 1803 venturi

1612 348 1801 405 ΙΟΝιΕ
1842 340 2140 404 ABBATIS
2180 344 2621 407 ELNONENSIS.

497 480 702 526 morato
734 466 1169 539 Burgundol‘araz,
1198 466 1339 536 quod
1364 464 1647 520 Evoriacas
1678 471 1897 526 vocant,
1929 459 2068 529 quod
2102 458 2151 515 Α

3578 358 3700 413 ΝΗ

2793 462 3018 518 CAPUT
3056 463 3120 517 ll.

2352 553 2429 608 De
2458 557 2832 609 conversatione
2867 555 3148 610 Gibitrudis
3179 565 3224 610 et
3252 556 3367 611 vita:
3394 559 3542 615 exitu.

2242 645 2293 698 5.
2336 646 2557 716 Aliaqne
2583 663 2769 702 rursus
2795 648 3027 715 posthmc
3050 650 3220 704 oritur
3240 650 3547 710 exhortatio.
3571 654 3704 722 Quaa-

2170 735 2291 790 dam
2319 736 2515 791 etenim
2550 740 2696 808 virgo
2726 739 3019 795 Gibitrudis
3050 741 3287 802 nomine,
3311 758 3496 810 genere
3523 754 3573 800 et
3599 750 3705 803 reli-

2170 828 2327 898 gione
2371 828 2561 883 nobilis
2587 874 2602 899 ,
2655 832 3019 900 supradictum
3062 835 3361 889 caanobium
3410 851 3641 893 c0nversa
3682 859 3704 894 a

2168 922 2363 975 saeculo
2396 923 2578 991 petiit,
2610 941 2765 993 quam
2800 928 2945 980 velut
2974 944 3164 983 munus
3192 938 3393 997 gratum
3424 945 3579 984 ovans
3610 948 3708 987 mo-

2172 1013 2387 1067 nasterii
2423 1016 2587 1070 Mater
2618 1016 3016 1086 Burgundofara
3058 1022 3278 1088 recepit.
3331 1021 3451 1074 Erat
3492 1023 3621 1076 enim
3665 1025 3706 1077 ei

2170 1106 2635 1176 consanguinitate
2688 1110 2973 1177 proxima:
3025 1127 3143 1179 qua:
3194 1112 3320 1163 tanti
3367 1112 3561 1166 ardoris
3607 1115 3709 1181 igne

2167 1199 2511 1264 etferbuerat,
2540 1208 2595 1253 ut
2624 1202 2673 1255 in
2698 1202 2943 1256 omnibus
2969 1201 3136 1255 sancti
3159 1201 3381 1271 Spiritus
3405 1207 3561 1272 gratia
3586 1204 3629 1256 in
3656 1220 3707 1257 ea

2165 1290 2435 1345 videretur
2464 1292 2707 1361 flagrare.
2758 1292 2887 1347 Nam
2926 1309 3048 1348 cum
3080 1294 3255 1347 adhuc
3284 1305 3496 1363 paterna
3524 1295 3708 1349 detine-

2167 1394 2313 1440 retur
2341 1386 2523 1449 domo,
2556 1396 2607 1440 et
2634 1385 2839 1451 Spiritu
2873 1396 3059 1441 sancto
3089 1396 3340 1441 monente
3368 1402 3425 1441 se
3455 1388 3603 1440 cultui
3632 1400 3706 1440 re-

2164 1477 2377 1548 ligionis
2406 1479 2587 1533 dicare
2618 1481 2816 1545 vellet,
2870 1481 3099 1547 postulat
3142 1487 3344 1546 patrem
3377 1489 3708 1546 matremque,

2165 1580 2221 1625 ut
2252 1569 2352 1624 sibi
2382 1572 2675 1625 oratorium
2704 1586 2811 1641 quo
2842 1586 2938 1625 suo
2965 1570 3239 1626 Conditori
3270 1571 3537 1626 exhiberet
3562 1571 3710 1624 iamu-

2166 1663 2329 1718 latum
2356 1670 2749 1719 construerent.
2782 1662 2886 1718 Sed
2917 1677 3039 1717 cum
3072 1678 3213 1732 aegre
3244 1671 3484 1731 parentes
3508 1660 3707 1723 ferrent,

2162 1766 2315 1811 erant
2342 1758 2486 1811 enim
2517 1756 2676 1810 ambo
2705 1771 2772 1811 ex
2803 1771 3001 1825 genere
3028 1756 3354 1810 Francorum
3390 1754 3600 1820 nobiles,
3626 1766 3710 1807 nec

470 1852 676 1908 itineris
708 1852 847 1906 viam
876 1852 1133 1919 aperiret.
1183 1846 1456 1900 Venerunt
1502 1858 1630 1914 ergo
1670 1842 1777 1897 duo
1823 1840 2051 1910 juvenes
2083 1841 2130 1900 B
2162 1865 2378 1920 prorsus
2408 1864 2474 1904 eo
2506 1850 2700 1904 itinere
2729 1850 2869 1918 quod
2910 1848 2974 1902 ad
3016 1864 3175 1917 regna
3216 1848 3457 1918 perducit
3483 1847 3710 1901 calorum

470 1946 684 2001 candidi
715 1942 1107 2000 circumamicti
1157 1940 1309 1993 stolis
1358 1938 1589 1992 animam
1629 1951 1660 1989 a
1695 1947 1927 2002 corpore
1966 1947 2052 1987 se—

469 2050 770 2111 gregantes,
820 2052 1046 2092 vacuum
1105 2037 1342 2091 ferentes
1390 2046 1484 2100 per
1527 2043 1746 2095 aerem,
1780 2041 1843 2080 ac
1872 2024 2055 2078 multis

468 2133 892 2189 discussiouibus
942 2129 1254 2198 inquisitam
1306 2125 1371 2179 ad
1440 2122 1609 2178 caelos
1663 2122 2051 2189 deportanles,

470 2225 885 2293 permistamque
915 2220 1170 2288 angelicis
1212 2215 1391 2271 choris
1416 2224 1470 2268 et
1498 2212 1900 2267 candidatorum
1940 2222 2056 2262 om-

470 2318 615 2371 nium
650 2316 903 2369 insertam
936 2308 1261 2367 multitudini
1293 2306 1645 2362 cohortantur
1676 2303 1827 2357 laetos
1861 2313 2054 2369 capere

468 2407 534 2460 de
563 2404 759 2459 saeculo
788 2400 1107 2470 triumphos.
1135 2400 1375 2466 Cumque
1417 2396 1526 2465 jam
1566 2406 1732 2449 ovans
1761 2389 1911 2445 uberi
1955 2404 2051 2443 ex—

469 2497 756 2555 sultatione
786 2496 924 2549 inter
953 2500 1151 2547 aeterna
1187 2490 1373 2561 gaudia
1422 2488 1701 2541 haberetur
1731 2497 1945 2549 secura,
1998 2489 2055 2537 et

468 2590 730 2659 virginum
759 2587 938 2642 choris
981 2586 1178 2639 inserta
1220 2579 1501 2637 excellenti
1543 2578 1711 2648 gloria
1754 2575 2050 2645 tripudians

466 2681 743 2751 gauderet,
771 2688 826 2735 et
854 2690 979 2733 ante
1000 2684 1343 2745 conspectum
1370 2670 1650 2726 clementis
1675 2668 1878 2725 Judicis
1909 2674 2051 2720 asta-

465 2783 585 2840 ret,
628 2772 847 2842 jubetur
875 2771 1054 2826 denuo
1085 2767 1288 2824 traduci
1320 2767 1370 2821 in
1400 2779 1615 2835 corpus,
1664 2771 1717 2818 et
1763 2761 1920 2815 tertio
1960 2759 2049 2814 die

465 2865 644 2919 denuo
674 2865 873 2919 redire.
916 2864 994 2917 Ad
1024 2877 1218 2931 corpus
1250 2876 1462 2916 rursum
1493 2858 1753 2914 revehunt
1783 2857 2051 2926 imperan-

465 2968 568 3024 tes,
601 2966 659 3012 ut
686 2971 748 3011 se
779 2956 996 3010 uberius
1027 2966 1266 3023 paratam
1300 2964 1419 3023 post
1450 2953 1683 3006 triduum
1714 2950 1943 3016 habeat,
1992 2957 2051 3002 ut

468 3048 818 3118 quadraginta
848 3047 1058 3102 dierum
1088 3046 1320 3101 circulus
1350 3044 1655 3113 impleatur.

531 3142 586 3195 3.
630 3140 864 3195 Reversa
921 3141 1099 3208 itaque
1149 3138 1201 3192 in
1253 3150 1477 3205 corpore
1528 3135 1750 3189 Matrem
1800 3129 2045 3195 vocavit,

466 3245 785 3299 omnemque,
809 3230 1126 3284 famularum
1158 3228 1256 3283 Dei
1287 3236 1556 3282 catervam
1586 3234 1831 3292 precatur
1858 3234 1914 3277 ut
1940 3223 2051 3277 suis

465 3324 800 3379 orationibus
840 3324 889 3377 ei
931 3321 1169 3377 solamen
1200 3320 1410 3375 ferant:
1459 3328 1569 3373 tres
1598 3317 1770 3371 adhuc
1803 3315 1920 3370 dies
1949 3316 2051 3369 sibi

465 3416 585 3470 vitae
632 3423 827 3469 metam
877 3428 1187 3469 concessam
1220 3411 1386 3467 fuisse
1418 3422 1664 3467 testatur.
1716 3407 2052 3464 Adveniente

464 3506 621 3578 igitur
649 3506 737 3562 die
769 3507 925 3561 tertia
967 3506 1187 3560 Matrem
1231 3503 1420 3559 adesse
1465 3502 1737 3573 postulat,
1787 3514 2051 3569 suumque

463 3600 664 3654 exitum
717 3607 774 3652 ut
823 3610 1012 3652 omnes
1054 3606 1367 3666 exspectent
1413 3603 1679 3665 precatur.
1735 3591 2053 3647 Astantibus

464 3693 643 3758 itaque
681 3688 930 3744 omnibus
959 3687 1083 3742 vitae
1113 3690 1315 3741 exitum
1365 3695 1418 3741 et
1462 3684 1704 3755 corporis
1733 3682 2048 3752 sospitatem

464 3780 859 3851 pollicentibus,
886 3794 984 3834 nec
1010 3780 1062 3833 in
1090 3779 1370 3848 pr0patu|o
1396 3777 1591 3831 habere
1617 3776 1815 3830 dictum
1846 3784 2049 3829 testan-

465 3871 603 3926 tibus
628 3911 645 3937 ,
697 3872 781 3924 illa
823 3869 1083 3938 c0nspicit
1112 3870 1247 3924 duos
1274 3871 1494 3938 juvenes
1523 3866 1774 3939 superius
1803 3866 1947 3921 visos
1977 3865 2048 3919 ad

465 3976 525 4016 se
555 3962 757 4027 venire,
790 3971 842 4013 et
870 3962 913 4014 si
939 3958 1048 4029 jam
1079 3960 1223 4014 abire
1254 3959 1432 4024 vellet,
1465 3958 1819 4013 sciscitantes.
1852 3955 1922 4010 At
1953 3954 2048 4009 illa

463 4071 673 4110 ovans:
708 4055 941 4120 Vadam,
975 4055 1180 4124 inquit,
1215 4053 1364 4121 hinc,
1408 4054 1605 4109 domini
1649 4052 1784 4116 mei,
1818 4052 2009 4103 vadam
2036 4088 2052 4114 ,

464 4163 561 4201 nec
589 4146 817 4215 amplius
845 4147 898 4201 in
928 4150 1028 4200 hac
1054 4147 1163 4199 vita
1196 4145 1445 4202 aerumnis
1480 4146 1631 4213 plena
1665 4144 1924 4206 detinear,
1949 4141 2048 4196 sed

465 4239 626 4294 fulva:
655 4240 760 4294 luci
796 4240 996 4310 de'qua
1024 4240 1155 4294 redii
1184 4238 1397 4294 reddar.
1428 4238 1749 4294 Sciscitante
1778 4251 1905 4305 ergo
1936 4234 2050 4288 Ma—

476 4342 557 4388 tre
610 4332 1011 4402 Burgundofara
1058 4333 1248 4403 quibus
1300 4332 1420 4387 talia
1468 4332 1809 4401 depromeret
1855 4330 2040 4386 dicta:

470 4425 584 4480 Non
608 4469 621 4492 ,
669 4429 869 4496 iuqttit,
918 4426 1088 4482 cernis
1116 4429 1260 4481 viros
1289 4427 1421 4481 stola
1453 4426 1662 4481 indutos
1692 4434 1868 4480 astare
1888 4466 1903 4492 ,
1952 4424 2044 4494 qui

2076 3198 2125 3264 (Ξ

2157 1944 2470 1998 nitebantur
2518 1942 2761 2012 ingredi,
2816 1941 2910 1996 sed
2956 1941 3127 1996 fulciri
3179 1942 3348 2009 magis
3396 1937 3710 1993 saecularibus

2157 2034 2539 2089 desiderabant
2568 2034 3004 2103 phaleramentis,
3038 2042 3093 2087 et
3122 2031 3189 2087 ob
3221 2033 3323 2086 hoc
3353 2031 3578 2086 sobolem
3606 2042 3708 2084 ma-

2155 2126 2235 2195 gis
2285 2124 2661 2179 desiderabant
2710 2140 2741 2179 e
2791 2126 2936 2191 ﬁlia,
2991 2140 3147 2193 quam
3201 2138 3301 2179 sua
3351 2123 3483 2177 cosio
3529 2121 3711 2175 tradere

2158 2219 2400 2285 pignora.
2435 2216 2541 2273 Sed
2572 2232 2689 2270 cum
2724 2218 3028 2272 nullatenus
3061 2216 3247 2285 puellas
3277 2214 3510 2268 animum
3537 2211 3599 2268 ab
3624 2212 3711 2265 hac

2156 2305 2455 2361 intentione
2499 2307 2781 2361 immutare
2822 2306 3099 2371 valerent,
3153 2306 3576 2372 obtemperantes
3613 2302 3713 2369 ejus

2161 2400 2321 2464 "votis,
2356 2414 2573 2466 parvum
2604 2400 2890 2453 admodum
2919 2398 3189 2452 oraculum
3223 2403 3553 2451 construunt.
3582 2391 3710 2458 Quod

2161 2506 2282 2546 cum
2315 2491 2400 2547 die
2434 2502 2702 2560 noctuque
2732 2492 2901 2560 puella
2934 2492 3330 2560 frequentaret,
3372 2493 3527 2558 cmpit
3550 2495 3711 2541 contra

2161 2598 2278 2637 eam
2310 2583 2487 2638 callidi
2522 2583 2688 2637 hostis
2718 2583 2947 2637 versutia
2976 2583 3081 2637 tela
3107 2584 3318 2650 jacere,
3360 2592 3715 2651 aggressusque

2160 2686 2243 2731 est
2269 2692 2362 2746 per
2389 2676 2619 2746 bajulam
2652 2676 3025 2743 impedimenta
3059 2691 3261 2743 parare,
3294 2690 3356 2729 ac
3385 2690 3450 2729 ne
3479 2684 3531 2727 ut
3557 2684 3715 2726 orato-

2155 2768 2292 2821 rium
2321 2767 2686 2835 frequentaret
2715 2767 3020 2834 prohibere.
3050 2767 3153 2821 Sed
3182 2782 3305 2821 cum
3332 2782 3390 2821 se
3418 2767 3530 2834 angi
3560 2762 3716 2833 puella

2154 2869 2428 2926 cerneret,
2470 2859 2637 2929 coepit
2662 2858 2968 2914 Conditoris
2996 2860 3333 2913 clementiam
3364 2872 3623 2927 quaerere,
3670 2859 3718 2906 et

2153 2969 2273 3025 qua:
2305 2953 2508 3028 [Forle,
2540 2951 2631 3024 ne]
2662 2953 2761 3007 sibi
2796 2952 3146 3022 frequentiam
3177 2953 3368 3007 orandi
3398 2949 3711 3021 prohiberet,

2153 3056 2313 3117 atque
2344 3046 2521 3102 lumen
2553 3046 2747 3099 anima:
2768 3044 2928 3101 vellet
2957 3045 3326 3115 exstinguere,
3354 3045 3465 3114 ipsa
3494 3046 3557 3099 ab
3580 3052 3717 3097 teter-

2155 3152 2226 3193 no
2256 3138 2575 3206 privaretur.

2228 3230 2280 3284 4.
2322 3230 2430 3284 Nec
2469 3240 2673 3285 morata
2703 3229 2877 3284 divina
2911 3229 3117 3299 pietas:
3163 3244 3290 3285 mox
3322 3229 3508 3283 dolore
3536 3228 3703 3282 oculo-

2157 3337 2273 3375 rum
2300 3322 2543 3391 perculsa
2570 3321 2875 3377 necessario
2895 3324 3065 3377 caruit
3096 3322 3320 3385 lumine,
3344 3322 3713 3392 geminavitque

2158 3422 2435 3482 parentum
2468 3423 2669 3470 metum
2701 3414 2913 3469 Arbiter
2943 3414 3181 3469 clemens
3205 3454 3220 3478 ,
3277 3424 3583 3483 patremque
3616 3410 3719 3479 ejus

2157 3506 2400 3562 febribus
2429 3508 2708 3576 corripuit.
2764 3507 2861 3573 Qui
2895 3509 3139 3576 quamvis
3170 3506 3453 3561 nobilitate
3496 3517 3722 3567 tumens,

2158 3608 2336 3653 tamen
2368 3615 2431 3654 ex
2466 3600 2587 3655 lilia:
2623 3602 2875 3669 exemplo
2918 3601 3027 3670 jam
3059 3601 3123 3655 ad
3158 3602 3407 3655 timorem
3439 3597 3596 3653 divini
3624 3594 3723 3650 cul-

2158 3700 2243 3746 tus
2275 3692 2602 3760 anhelabat,
2658 3694 3064 3762 postulabatque
3098 3695 3258 3748 tiliam
3293 3703 3348 3748 ut
3376 3708 3472 3763 pro
3502 3692 3722 3761 genitore

2157 3783 2442 3840 Dominqu
2474 3796 2590 3841 oret
2617 3831 2633 3856 ,
2684 3798 2740 3841 et
2769 3788 2813 3841 si
2841 3788 3084 3856 sospitati
3120 3803 3213 3856 per
3243 3787 3368 3857 ejus
3400 3782 3721 3840 intercessio-

2158 3892 2281 3931 nem
2329 3878 2583 3935 reddatur
2609 3919 2627 3939 .
2678 3880 2729 3931 in
2780 3879 3030 3933 omnibus
3072 3894 3131 3933 se
3174 3889 3303 3948 post
3342 3879 3461 3948 ejus
3487 3870 3725 3931 voluntati

2160 3970 2484 4033 pariturum.
2536 3970 2645 4025 Nec
2692 3970 2862 4026 defuit
2910 3972 3138 4027 fideliter
3182 3972 3426 4040 poscenti
3472 3970 3608 4024 salus
3646 3965 3724 4019 diu

2159 4059 2324 4115 dilata
2350 4080 2363 4126 ;
2397 4072 2684 4132 amotoque
2715 4062 2821 4131 igni
2853 4062 3040 4126 febris,
3069 4063 3310 4132 pristinae
3342 4073 3428 4117 est
3457 4077 3572 4116 mox
3596 4057 3729 4129 geni-

2163 4164 2248 4209 tor
2279 4156 2528 4211 redditus
2562 4156 2808 4220 sanitati,
2847 4172 2910 4212 ac
2936 4158 3193 4225 deinceps
3224 4158 3403 4226 puella
3435 4154 3651 4227 postulat
3678 4155 3729 4205 ut

2159 4247 2226 4301 ad
2274 4249 2635 4317 supradictum
2666 4248 2970 4303 coenobium
3004 4248 3191 4303 venire
3219 4258 3405 4315 queat.
3461 4247 3573 4313 Quo
3616 4256 3721 4297 cum

2160 4340 2321 4394 vitam
2374 4341 2679 4410 religiosam
2715 4357 2807 4410 per
2839 4342 2999 4396 multa
3050 4357 3312 4396 annorum
3362 4341 3531 4410 spatia
3576 4350 3727 4408 pcre—

2161 4435 2325 4503 gisset
2349 4474 2363 4498 ,
2418 4436 2600 4491 evenit
2630 4446 2685 4489 ut
2715 4435 2942 4504 quodam
2978 4436 3032 4489 in
3064 4445 3309 4504 tempore
3342 4435 3555 4502 prmtata
3600 4430 3728 4482 Bur—

468 4536 556 4575 me
589 4521 972 4577 nudiustertius
1003 4522 1068 4575 ad
1095 4521 1259 4576 caslos
1289 4530 1541 4576 vexerant
1583 4529 1637 4575 et
1666 4536 1804 4575 nunc
1834 4529 2046 4591 paratos
2076 4563 2135 4624 Β
2164 4527 2457 4597 gundofara
2492 4527 2726 4581 febribus
2772 4529 3152 4595 corriperetur,
3204 4541 3267 4579 ac
3319 4523 3594 4593 prarsentis
3620 4520 3730 4573 vitae

463 4632 585 4672 esse
614 4634 700 4671 me
731 4634 796 4672 eo
830 4618 1019 4672 itinere
1045 4617 1343 4672 reducere?
1375 4616 1579 4671 Miranti
1612 4616 1765 4672 Matri
1792 4625 1845 4672 et
1868 4616 2046 4671 omni-

472 4711 570 4763 bus
610 4712 1108 4767 circumastantibus
1139 4712 1381 4766 ultimum
1411 4712 1528 4768 vale
1557 4712 1760 4779 dicens,
1792 4713 2044 4783 praesenti

468 4802 579 4857 vita
612 4805 814 4870 privata
856 4813 958 4858 est.
1011 4805 1411 4860 lntendentibus
1440 4820 1566 4875 ergo
1598 4806 1649 4859 in
1678 4806 1795 4875 ejus
1836 4807 2047 4860 exitum

469 4895 737 4977 omnibus,
772 4895 966 4949 choros
994 4897 1267 4966 angelicos
1296 4911 1481 4951 omnes
1510 4896 1732 4952 audiunt
1758 4899 2046 4953 concinere

469 4999 523 5044 et
545 4990 714 5043 dulcia
740 4989 1097 5044 modulamina
1119 5005 1214 5058 per
1229 5004 1351 5044 aera
1370 4989 1598 5055 deferre,
1621 5000 1867 5059 metuque
1888 4990 2053 5044 simul

468 5098 529 5137 ac
560 5082 757 5151 gaudio
784 5097 970 5137 omnes
999 5083 1364 5151 procubuere;
1396 5097 1729 5153 egressaeque
1760 5082 1902 5137 foras
1934 5084 2051 5137 cel-

468 5172 629 5225 lulam
660 5188 763 5242 qua
790 5172 1027 5227 excubiae
1061 5172 1397 5238 tenebantur,
1424 5183 1674 5243 quantum
1705 5176 1851 5229 auris
1880 5174 2046 5229 valuit

464 5266 696 5319 humana
722 5265 1039 5335 pertingere,
1063 5279 1220 5319 voces
1242 5281 1452 5334 semper
1474 5265 1739 5336 angelicas
1763 5266 2049 5323 audierunt

464 5368 738 5413 canentes.
765 5357 912 5411 Hanc
938 5358 1160 5426 primam
1188 5358 1343 5427 hujus
1363 5359 1590 5415 cmuobii
1613 5360 2044 5417 exhortationem

464 5449 721 5504 Dominus
755 5450 1053 5505 famulabus
1082 5454 1192 5507 suis
1223 5453 1388 5507 voluit
1414 5453 1814 5521 demonstrare,
1850 5466 1908 5511 ut
1938 5471 2048 5510 cae-

463 5550 590 5595 terae
617 5556 735 5611 quae
762 5544 1075 5609 superstites
1105 5554 1304 5612 essent,
1333 5546 1480 5601 omni
1506 5548 1802 5604 intentione
1831 5548 1900 5603 ad
1929 5548 2048 5603 cul-

463 5637 578 5683 tum
610 5632 887 5701 religionis
914 5637 1233 5704 aspirarent.

535 5750 561 5779 ⁸
586 5743 877 5805 Sisetrudis
902 5765 1057 5809 soror
1082 5748 1184 5809 fuit
1208 5751 1380 5809 beatae
1413 5752 1791 5824 Eartongothae
1818 5754 1955 5825 virg.

2160 4620 2388 4676 nexibus
2418 4620 2733 4676 crederetur
2763 4619 3003 4674 dissolvi.
3037 4620 3164 4685 Qua:
3192 4617 3495 4671 Gibitrudis
3520 4623 3729 4669 cernens

2158 4715 2384 4769 Matrem
2416 4714 2725 4768 monasterii
2764 4713 2816 4767 in
2855 4722 3097 4767 extremo
3138 4712 3367 4780 positam
3399 4725 3536 4785 esse,
3567 4704 3731 4761 Domi-

2158 4825 2287 4863 num
2318 4808 2587 4862 ﬂebilibus
2621 4806 2858 4874 postulat
2887 4805 3108 4859 vocibus
3128 4844 3143 4869 ,
3189 4814 3247 4857 ut
3279 4805 3552 4872 antiquam
3581 4797 3727 4853 remi-

2156 4900 2376 4955 niscens
2425 4897 2848 4952 misericordiam
2878 4897 3098 4950 Matrem
3132 4893 3265 4949 mori
3299 4910 3405 4948 non
3435 4895 3604 4955 sinat,
3645 4884 3729 4940 sed

2158 4993 2306 5062 prius
2338 5006 2397 5045 se
2426 4990 2649 5061 recipiat
2677 5004 2740 5042 ac
2768 4989 2980 5043 sodales
3007 5004 3131 5041 suas
3158 4989 3299 5043 cmlo
3334 4986 3609 5046 recondat,
3641 4979 3732 5035 sic-

2121 5110 2133 5147 -,
2159 5098 2261 5151 que
2283 5083 2496 5137 demum
2523 5081 2742 5135 Matrem
2766 5080 3017 5149 subsequi
3038 5081 3236 5149 jubeat.
3269 5080 3539 5149 Auditque
3560 5086 3732 5130 vocem

2160 5186 2283 5244 post
2332 5175 2599 5244 lacrymas
2653 5174 2885 5242 desuper
2936 5174 3249 5228 dicentem:
3308 5171 3495 5237 Vade,
3548 5165 3730 5223 famula

2158 5269 2353 5324 Christi
2385 5310 2401 5333 ,
2451 5277 2508 5323 ut
2547 5267 2689 5322 enim
2720 5268 2900 5338 petisti
2929 5267 3229 5325 obtinuisti.
3278 5265 3371 5319 Illa
3401 5264 3597 5319 etenim
3624 5273 3732 5314 sos-

2163 5377 2257 5430 pes
2280 5360 2307 5399 δ
2335 5361 2544 5431 superis
2575 5360 2750 5414 adhuc
2776 5360 3054 5429 jungetur,
3097 5370 3151 5413 tu
3183 5373 3312 5413 vero
3345 5357 3495 5426 prius
3520 5371 3550 5409 e
3576 5350 3739 5408 carnis

2160 5456 2388 5510 vinculis
2407 5456 2741 5511 dissolveris.
2776 5454 2883 5509 Nec
2909 5463 3112 5509 morata
3138 5454 3225 5508 diu
3262 5451 3418 5506 febre
3448 5446 3736 5515 corripitur,

2161 5561 2224 5601 ac
2251 5546 2515 5613 supremis
2546 5546 2725 5601 functa
2757 5547 2901 5601 horis
2940 5546 3169 5600 animam
3198 5542 3464 5598 reddidit.
3513 5541 3737 5605 Cumque

2160 5643 2270 5712 jam
2303 5650 2546 5710 suscepta
2581 5643 2647 5696 ab
2673 5641 2877 5711 angelis
2914 5654 3076 5709 super
3106 5638 3309 5693 aethera
3340 5636 3650 5695 veheretur,
3689 5635 3740 5682 et

2234 5754 2262 5793 ιν
2294 5755 2348 5809 Id
2396 5764 2513 5826 est,
2560 5754 2962 5826 superstitibus.
2995 5752 3134 5811 Vide
3168 5752 3385 5826 prolog.
3425 5751 3555 5808 Vita:
3580 5740 3742 5807 sancti

2082 5886 2088 5895 δ
2164 5824 2503 5884 Columbani.
