4038 6354
336 324 471 390 1073

1503 327 1561 383 s.
1605 290 2191 409 nonsummum
2233 325 2414 382 vm.

3448 335 3587 390 1074

294 484 305 535 ζ
338 459 456 508 ante
482 445 717 504 tribunal
745 445 932 502 aeterni
961 444 1160 502 Iudicis
1191 446 1360 516 posita
1391 445 1791 501 candidatorum
1819 446 1902 513 (ut
1928 444 1981 504 A
2008 445 2217 512 pietatis
2246 446 2442 511 cultus,
2493 445 2728 502 lenitatis
2772 446 3012 504 affectus.
3064 447 3303 520 Cumque
3332 453 3587 510 omnibus

338 544 453 611 ipsa
472 549 594 607 post
615 536 905 609 referebat)
934 549 1180 592 catervas
1210 540 1568 606 conspiceret,
1591 552 1911 606 omnemque

342 636 579 690 militiam
629 633 749 688 caeli
802 642 925 687 ante
973 632 1197 700 gloriam
1252 632 1433 685 aeterni
1484 632 1686 686 Judicis
1737 643 1911 686 astare

339 728 692 793 conspiceret,
719 724 865 779 audit
895 740 921 777 a
951 724 1144 779 throno
1169 738 1353 779 vocem
1387 723 1685 779 dicentem:
1713 723 1912 779 Rever-

342 828 454 876 tere
477 860 505 888 γ
533 820 655 889 quia
688 819 912 888 adplene
946 819 1199 873 saeculum
1233 834 1337 872 non
1361 818 1711 887 dereliquisti.
1758 817 1914 872 Scri-

343 925 485 985 ptum
532 924 617 968 est
656 914 797 969 enim
823 931 838 969 :
883 914 1013 966 Date
1041 922 1087 967 et
1116 913 1315 965 dabitur
1344 912 1481 965 vobis
1511 910 1664 980 (Luc.
1699 926 1766 974 γι,
1796 909 1910 979 38),

343 1019 394 1064 et
419 1008 543 1063 alibi
575 1010 627 1062 in
654 1010 897 1063 oratione
922 1027 934 1061 :
966 1007 1177 1060 Dimitte
1201 1007 1346 1059 nobis
1366 1006 1532 1059 debita
1562 1012 1757 1067 nostra,
1784 1004 1913 1056 sicut

344 1113 387 1156 et
424 1119 518 1156 nos
556 1102 857 1154 dimittimus
886 1100 1197 1153 debitoribus
1225 1100 1410 1152 nostris
1438 1097 1651 1166 (Matth.
1680 1112 1763 1160 vr,
1796 1094 1909 1163 12).

344 1196 453 1249 Non
484 1196 624 1249 enim
656 1194 902 1247 dimisisti
942 1193 1213 1248 sodalibus
1242 1202 1432 1254 totum,
1462 1192 1583 1258 quia
1615 1189 1707 1243 tibi
1741 1189 1914 1242 illatas

299 1310 303 1315 τ
344 1287 615 1341 molestias
648 1287 949 1350 retinuisti;
1000 1284 1345 1339 reminiscere
1394 1293 1444 1335 te
1487 1282 1766 1335 adversum
1806 1288 1915 1334 tres

343 1395 623 1449 compares
652 1380 807 1433 ltesos
836 1386 1080 1444 portasse
1110 1378 1338 1444 animos,
1370 1390 1465 1429 nec
1494 1373 1714 1427 omnino
1740 1372 1915 1427 indul-

344 1476 533 1548 gentia:
566 1474 919 1529 medicamine
948 1473 1139 1528 vulnus
1180 1488 1246 1527 ex
1289 1482 1402 1527 toto
1432 1471 1637 1525 illatum
1670 1484 1907 1523 sanasse.

343 1566 566 1636 Corrige
594 1581 722 1635 ergo
751 1567 926 1619 mores
952 1608 966 1631 ,
1017 1580 1279 1633 compone
1319 1564 1525 1618 animos
1554 1577 1693 1632 quos
1731 1573 1914 1630 tepore

345 1663 420 1716 vel
453 1660 769 1729 negligentia
802 1660 1102 1714 maculasti.

410 1753 463 1807 5.
506 1753 693 1807 Mirum
725 1751 870 1805 dictu
896 1752 909 1803 !
940 1750 1153 1805 rediens
1182 1764 1243 1806 ac
1266 1751 1388 1804 vitae
1418 1751 1653 1817 pristinae
1682 1749 1911 1816 reddita,

341 1841 580 1897 tristibus
626 1843 873 1897 lamentis
926 1841 1127 1895 illatam
1177 1841 1505 1911 deprompsit
1555 1843 1911 1910 sententiam,

343 1945 657 2003 reatumque
683 1948 839 1989 suum
868 1933 1174 1999 conﬁtetur,
1201 1933 1519 2002 sodalesque
1543 1944 1698 1989 vocat
1727 1935 1918 1990 adver-

340 2043 457 2083 sum
480 2041 611 2097 quas
636 2036 811 2080 motos
833 2028 1039 2080 animos
1060 2025 1384 2093 deportarat,
1410 2028 1727 2093 veniamque
1751 2030 1920 2097 poscit

341 2134 408 2173 ne
437 2118 502 2172 de
535 2126 677 2171 tanta
710 2117 993 2171 dolositate
1022 2118 1213 2172 damna
1250 2120 1487 2173 incurrat
1514 2120 1640 2173 vita:
1670 2131 1914 2186 aeternm;

340 2225 539 2279 sexque
570 2210 846 2263 mensibus
878 2210 1092 2264 sanitati
1125 2211 1325 2264 reddita
1362 2218 1478 2278 post
1508 2213 1753 2278 prmsenti
1786 2212 1917 2266 vixit

342 2306 393 2359 in
424 2320 558 2368 aevo,
590 2313 941 2374 correptaque
974 2314 1091 2372 post
1124 2304 1268 2357 febre
1300 2304 1440 2358 diem
1471 2304 1755 2379 exitusgsui
1784 2318 1917 2372 prae-

344 2398 490 2463 dicit,
516 2398 808 2465 horamque
838 2397 1063 2452 abeundi
1094 2398 1159 2451 de
1188 2398 1386 2451 mundo
1420 2400 1756 2465 praenuntiat.
1790 2397 1918 2463 Quae

341 2490 411 2542 ita
445 2488 651 2543 felicem
681 2490 885 2541 exitum
936 2489 1179 2557 peregit,
1234 2498 1291 2541 ut
1336 2489 1472 2542 intra
1513 2489 1764 2543 cellulam
1812 2504 1915 2556 qua

342 2592 537 2646 c0rpus
561 2577 775 2647 jacebat
806 2579 1070 2644 exanime,
1098 2578 1330 2631 balsama
1359 2580 1605 2633 crederes
1632 2578 1914 2634 desudare.

341 2672 494 2740 Quod
522 2674 761 2727 omnium
793 2674 879 2742 qui
920 2689 985 2727 eo
1026 2682 1152 2728 tunc
1196 2673 1267 2727 ibi
1302 2671 1493 2726 luimus
1528 2683 1766 2739 tempore
1796 2686 1919 2725 ma-

343 2780 500 2835 gnum
530 2768 707 2835 paruit
749 2766 1081 2820 miraculum.
1136 2764 1239 2819 Sed
1284 2775 1339 2818 et
1385 2764 1653 2819 tricesimo
1683 2764 1768 2818 die
1797 2779 1914 2817 cum

342 2857 456 2926 ejus
481 2856 1042 2912 commemorationem
1075 2871 1141 2911 ex
1173 2871 1320 2910 more
1347 2855 1712 2911 ecclesiastico
1738 2855 1915 2908 facere

344 2964 684 3012 conaremur,
738 2957 791 3003 et
840 2949 1124 3003 missarum
1176 2949 1433 3003 solemnia
1483 2947 1915 3012 eelehraremus,

346 3049 485 3094 tanta
516 3039 800 3108 fragrantia
830 3042 1113 3095 ecclesiam
1145 3042 1406 3109 replevit,
1449 3048 1507 3093 ut
1536 3039 1772 3093 omnium
1807 3055 1915 3093 un-

2010 550 2156 609 grata
2185 551 2329 594 esset
2356 580 2371 605 ,
2419 543 2602 595 evenit
2636 551 2693 595 ut
2721 553 2905 597 contra
2938 553 3177 600 tenorem
3210 547 3407 615 regulae
3432 549 3461 587 b
3484 549 3588 603 ali-

2011 633 2136 700 quid
2186 641 2388 701 ageret.
2453 632 2690 704 Cumque
2742 634 3022 706 objnrgata
3073 651 3105 690 a
3154 636 3370 706 praefata
3421 638 3588 696 Matre

2015 725 2199 781 fuisset
2218 735 2273 780 ut
2288 726 2534 781 admissae
2558 742 2709 782 noxae
2729 728 2939 797 culpam
2964 730 3153 795 lueret,
3167 737 3224 785 et
3243 730 3590 803 quoadusque

2014 818 2341 885 paenitentia:
2361 819 2658 874 interdictae
2681 835 2921 874 normam
2940 821 3212 889 implesset
3234 837 3293 877 se
3313 837 3343 876 a
3363 837 3589 893 corpore

2015 908 2226 963 Domini
2269 912 2526 977 privaret.
2573 910 2814 980 Cumque
2847 911 2931 963 illa
2966 911 3104 965 sacri
3137 913 3380 980 corporis
3410 913 3591 981 priva-

2017 1002 2158 1054 tione
2189 1001 2526 1056 interdiclum
2558 1002 2813 1068 audisset,
2844 1003 3102 1071 gravibus
3132 1007 3329 1058 ictuata
3355 1005 3591 1059 vulneri-

2016 1094 2114 1147 bus
2145 1093 2271 1148 llere
2302 1095 2482 1162 coepit.
2538 1094 2666 1148 Erat
2698 1095 2837 1149 enim
2866 1095 2917 1149 in
2948 1098 3236 1150 crastinum
3266 1106 3473 1151 sacrata
3506 1112 3593 1151 so-

2017 1185 2263 1239 Iemuitas
2292 1188 2427 1240 beati
2456 1185 2708 1240 antistitis
2735 1186 2947 1241 Martini
2979 1190 3250 1243 transitus.

2086 1277 2139 1332 7.
2182 1277 2507 1345 Pervigilans
2536 1294 2661 1346 ergo
2692 1293 2752 1332 ea
2784 1289 2963 1346 nocte,
2992 1288 3045 1334 et
3068 1280 3394 1336 ablutionem
3422 1282 3594 1350 culpae

2017 1383 2283 1433 exorans,
2336 1384 2402 1423 ne
2452 1370 2581 1422 tanti
2623 1369 2803 1424 damni
2849 1370 3145 1425 incurreret
3196 1386 3412 1425 causam
3463 1383 3521 1426 ut
3565 1387 3594 1424 a

2017 1477 2242 1530 corpore
2271 1462 2473 1515 Christi
2520 1478 2611 1516 sua
2641 1463 2795 1531 culpa
2825 1473 3219 1533 segregaretur,
3253 1465 3448 1517 meruit
3479 1474 3596 1517 tan-

2018 1556 2137 1608 dem
2187 1564 2307 1623 post
2356 1555 2622 1625 lacrytnas
2669 1566 2723 1609 et
2766 1557 2958 1610 uberes
3007 1558 3245 1626 rugitus,
3297 1573 3359 1611 ac
3410 1558 3597 1612 crebra

2018 1646 2265 1715 suspiria,
2291 1646 2606 1701 veniabilem
2631 1647 3049 1703 consolationem
3073 1665 3101 1702 a
3124 1648 3349 1703 Domino
3375 1649 3591 1703 habere.

2021 1741 2187 1806 Vade,
2217 1742 2409 1812 inquit,
2434 1753 2487 1798 et
2516 1744 2567 1798 in
2597 1744 2695 1798 hac
2723 1745 2807 1799 die
2836 1747 3182 1802 reconciliare
3212 1746 3444 1811 Christo,
3472 1750 3592 1817 quia

2020 1834 2274 1917 delictum
2306 1850 2400 1904 pro
2426 1851 2529 1905 quo
2561 1838 2833 1903 postulasti
2860 1837 3135 1891 dimissum
3166 1849 3248 1893 est
3277 1838 3393 1905 tibi,
3422 1839 3601 1893 Matri-

2020 1944 2121 1998 que
2168 1929 2408 1982 indicans
2450 1928 2734 1997 patefacito
2765 1931 2907 1999 quod
2951 1932 3081 1985 dixi.
3130 1932 3282 1999 Quod
3316 1949 3473 1987 mane
3508 1950 3601 2001 per

2020 2024 2411 2079 confessionem
2446 2025 2696 2078 humilem
2726 2025 2872 2079 Matri
2903 2026 3168 2095 patefecit,
3196 2042 3458 2096 sacroque
3482 2042 3602 2081 cor-

2022 2117 2135 2186 pori
2185 2117 2522 2170 reconciliata
2568 2117 2867 2185 religiosam
2902 2118 3235 2182 postmodum
3270 2119 3429 2171 vitam
3472 2134 3596 2187 per-

2021 2208 2162 2276 egit,
2211 2221 2272 2260 ac
2302 2217 2420 2274 post
2459 2207 2743 2261 multorum
2773 2208 2972 2262 circula
3005 2218 3307 2277 temporum
3340 2225 3461 2264 cum
3488 2210 3596 2279 jam

2020 2316 2136 2353 eam
2185 2299 2406 2354 Creator
2456 2302 2695 2354 omnium
2744 2301 2882 2356 caelo
2928 2302 3162 2356 condere
3211 2304 3416 2367 voluit,
3468 2305 3605 2371 ignis

2023 2395 2186 2449 febris
2214 2395 2503 2464 corripuit;
2547 2410 2774 2463 cumque
2804 2396 2852 2447 in
2887 2397 3140 2450 extremis
3168 2405 3312 2450 esset
3341 2397 3413 2449 ait
3439 2415 3451 2450 :
3484 2396 3607 2450 Cito

2021 2497 2300 2541 currentes
2329 2502 2486 2540 unam
2520 2502 2548 2540 e
2578 2488 2726 2541 vobis
2758 2497 3019 2542 mortuam
3053 2498 3353 2557 segregate,
3383 2497 3543 2556 atque
3574 2503 3605 2543 a

2021 2589 2334 2633 cazterarum
2367 2582 2636 2632 consortio
2667 2579 2901 2647 dejicite,
2952 2596 3055 2633 non
3102 2582 3243 2634 enim
3276 2581 3491 2647 dignum
3523 2590 3607 2634 est

2023 2679 2080 2724 ut
2110 2684 2227 2738 quae
2259 2670 2523 2724 cruciﬁxte
2557 2671 2754 2725 mundo
2778 2687 2882 2725 non
2907 2672 3005 2724 sibi
3029 2673 3237 2737 vivunt,
3263 2682 3528 2726 mortuam
3553 2681 3609 2726 et

2022 2780 2050 2819 a
2082 2766 2189 2818 vita
2216 2775 2545 2832 segregatam
2581 2764 2718 2817 inter
2740 2778 2799 2819 se
2824 2765 3112 2817 retineant.
3147 2767 3384 2833 Cumque
3414 2779 3608 2821 omnes

2023 2858 2162 2912 inter
2212 2871 2272 2911 se
2319 2857 2735 2925 conquirerent,
2797 2866 2853 2910 et
2905 2856 3155 2924 quidnam
3210 2856 3393 2910 dicere
3448 2858 3607 2911 vellet

1998 2948 2447 3015 sciscitarentur,
2493 2962 2593 3000 una
2641 2962 2824 3000 earum
2856 2946 3076 3001 confusa
3125 2964 3185 3001 ac
3235 2958 3439 3003 terrore
3480 2964 3603 3017 per-

2028 3039 2174 3094 culsa
2210 3040 2324 3093 solo
2353 3039 2730 3108 prosternitur,
2778 3053 3035 3107 suamque
3068 3055 3259 3092 noxam
3291 3042 3600 3108 confitetur,

344 3141 661 3198 guentorum
690 3145 756 3185 ac
784 3131 1173 3200 pigmentorum
1204 3132 1397 3186 odores
1424 3132 1675 3186 crederes
1703 3131 1916 3186 adesse.
1950 3159 1996 3221 ε
2027 3148 2089 3188 ac
2115 3135 2166 3188 in
2194 3135 2444 3189 omnibus
2472 3149 2529 3188 se
2552 3134 2953 3189 emendaturam
2979 3135 3276 3203 pollicetur.
3314 3135 3440 3190 Erat
3463 3137 3606 3191 enim

345 3224 531 3279 Merito
562 3226 759 3280 etenim
806 3240 982 3280 rerum
1012 3226 1168 3280 Sator
1199 3227 1284 3279 hic
1327 3226 1428 3280 sibi
1469 3227 1670 3279 dicatas
1711 3226 1919 3279 animas

348 3319 457 3371 suis
487 3319 801 3374 muneribus
831 3319 954 3373 facit
982 3318 1257 3387 effulgere,
1285 3318 1372 3388 qui
1402 3320 1469 3372 ob
1500 3333 1652 3371 suum
1684 3332 1921 3372 amorem

344 3409 645 3465 nullatenus
672 3410 954 3464 voluerunt
981 3412 1236 3465 saeculum
1266 3411 1488 3480 diligere
1514 3410 1596 3464 vel
1626 3424 1830 3465 amare.

960 3500 1185 3557 CAPUT
1227 3501 1310 3556 ΙΙΙ.

677 3591 754 3647 De
786 3593 1194 3648 Herclrantrudis
1222 3594 1324 3647 vita
1355 3602 1400 3647 et
1432 3594 1587 3647 obitu.

415 3685 467 3738 li.
510 3684 765 3752 Quaedam
815 3686 1013 3740 etenim
1062 3686 1237 3755 puella
1281 3687 1419 3740 intra
1469 3684 1705 3740 infantiae
1754 3700 1924 3739 annos

346 3775 588 3841 detenta,
613 3784 637 3812 ⁸
661 3776 1079 3831 Herchantrudis
1111 3780 1355 3843 nomine,
1387 3776 1697 3846 parentibus
1732 3777 1926 3831 nobili-

354 3866 479 3935 bus,
501 3868 554 3921 in
579 3868 941 3936 supradictum
966 3870 1351 3923 monasterium
1377 3884 1635 3923 conversa
1663 3868 1918 3923 introivit.

350 3960 468 4025 Quo
498 3974 617 4014 cum
652 3976 745 4028 per
773 3962 970 4014 multos
1000 3976 1170 4014 annos
1196 3960 1354 4014 vitam
1384 3959 1685 4030 religiosam
1718 3970 1921 4029 ageret,

343 4051 525 4105 evenit
564 4060 622 4105 ut
655 4051 832 4120 justus
863 4051 1078 4106 Arbiter
1111 4068 1204 4120 per
1235 4053 1514 4121 prmsentis
1543 4054 1781 4121 corporis
1814 4068 1925 4121 pae-

344 4160 441 4199 nas
495 4144 726 4213 probare
769 4144 963 4210 vellet;
1016 4152 1266 4214 tantaque
1313 4154 1494 4199 tenera
1545 4154 1674 4197 aetas
1721 4144 1924 4213 ﬂagella

341 4238 630 4304 sustinuit,
671 4245 729 4291 ut
766 4236 1073 4305 exemplum
1107 4237 1158 4291 in
1191 4252 1251 4291 ea
1284 4236 1383 4291 Job
1411 4250 1474 4289 ex
1509 4250 1787 4305 poenarum
1820 4237 1923 4289 im-

342 4330 582 4385 manium
613 4327 951 4383 multitudine
981 4328 1235 4383 crederes
1273 4328 1600 4383 redundare.
1650 4326 1758 4383 Sed
1790 4330 1923 4382 mira

338 4422 396 4476 in
424 4421 653 4491 juvenili
681 4429 839 4475 aetate
870 4420 1121 4488 patientia
1153 4420 1541 4487 reperiebatur,
1589 4420 1722 4473 mira
1756 4421 1926 4473 virtus

2030 3225 2226 3279 saeculo
2254 3240 2454 3279 vacans
2482 3233 2535 3277 et
2567 3226 2694 3279 foris
2735 3227 3044 3281 smcularem
3078 3228 3237 3282 vitam
3266 3228 3604 3297 desiderans,

2028 3331 2126 3370 nec
2158 3316 2551 3372 mortificationi
2596 3319 2815 3371 omnino
2862 3319 3133 3387 praebebat
3182 3318 3412 3372 studium
3440 3362 3454 3385 ,
3504 3320 3601 3375 sed

2027 3416 2137 3462 tnta
2162 3408 2372 3462 vivebat
2391 3398 2607 3462 srecuio.
2642 3407 2887 3461 Posthmc
2911 3408 3326 3463 lierchantrudis
3350 3424 3470 3462 cum
3493 3409 3604 3479 jam

2026 3512 2131 3552 nox
2163 3507 2274 3552 atra
2307 3498 2555 3553 irruisset
2598 3507 2651 3552 et
2696 3498 2844 3567 pulsa
2878 3500 2997 3554 luce
3038 3500 3222 3554 orbem
3255 3510 3502 3567 teneret,
3553 3502 3605 3556 in

2026 3592 2215 3646 cellula
2261 3609 2364 3661 qua
2408 3593 2622 3662 jacebat
2670 3593 2846 3647 lumen
2876 3593 3012 3662 ignis
3042 3605 3191 3663 rogat
3241 3596 3608 3662 exstinguere.

2028 3683 2267 3751 Cumque
2315 3692 2524 3737 caetera:
2573 3684 2975 3738 sciscitarentur
3020 3686 3143 3754 quid
3193 3685 3373 3739 dicere
3406 3686 3607 3743 vellet:

2028 3776 2143 3830 Non
2174 3776 2391 3841 videtis,
2444 3776 2638 3845 inquit,
2687 3784 2915 3844 quantus
2964 3777 3217 3845 splendor
3263 3778 3511 3832 adveniat
3556 3789 3613 3834 et

2027 3870 2226 3924 choros
2257 3871 2560 3923 canentium
2595 3887 2700 3923 non
2731 3860 2971 3924 auditis?
3016 3870 3331 3937 Quaerentes
3360 3872 3464 3926 illa:
3492 3888 3611 3940 quae

2028 3961 2316 4015 concinere
2344 3961 2571 4027 audiret,
2598 3962 2681 4014 illa
2711 3963 2823 4014 ait:
2855 3958 3197 4015 Conlitemini
3227 3962 3452 4017 Domino
3478 3980 3612 4032 quo-

2028 4053 2173 4107 niam
2204 4053 2396 4117 bonus,
2428 4054 2677 4121 quoniam
2710 4050 2762 4105 in
2792 4056 3045 4107 saeculum
3076 4053 3439 4108 misericordia
3472 4055 3609 4123 ejus,

2029 4147 2113 4201 vel
2143 4157 2335 4203 caetera
2364 4161 2481 4215 quae
2511 4146 2928 4215 subsequuntur,
2960 4145 3075 4199 inec
3101 4148 3276 4200 omnia
3308 4161 3402 4200 ora
3430 4148 3613 4202 conci-

2028 4249 2181 4295 nunt.
2229 4237 2626 4292 Admirantibns
2656 4253 2783 4306 ergo
2812 4238 3093 4305 omnibus,
3126 4248 3230 4291 tam
3266 4239 3416 4292 Matri
3447 4254 3609 4308 quam

2029 4331 2408 4386 consodalibus
2452 4331 2695 4383 ultimum
2726 4332 2847 4384 vale
2878 4331 3061 4384 dicens
3100 4330 3277 4383 emisit
3318 4330 3569 4398 spiritum
3596 4372 3612 4396 ,

2031 4439 2093 4479 ac
2125 4434 2243 4492 post
2274 4424 2481 4478 felicem
2514 4425 2714 4478 exitum
2745 4423 2881 4477 cmlo
2912 4421 3136 4483 reddita,
3170 4430 3367 4474 acterna
3397 4437 3613 4491 prome-

336 4513 659 4569 bumilitatls
681 4552 696 4579 ,
742 4513 874 4566 mira
922 4511 1307 4578 mansuetudo,
1357 4512 1487 4564 mira
1535 4512 1738 4580 pietas,
1792 4513 1924 4565 mira
1957 4514 2009 4574 ι)
2033 4517 2137 4570 ruit
2167 4514 2352 4583 gaudia
2368 4514 2676 4591 possidere,
2707 4522 2759 4566 et
2787 4528 2850 4567 ex
2884 4512 3234 4582 praesentibus
3264 4514 3437 4569 umnis
3467 4515 3613 4571 lucra

336 4608 563 4674 lenitas,
594 4607 727 4660 mira
758 4605 994 4659 charitas
1023 4604 1275 4673 pollebat.
1310 4604 1449 4657 Inter
1475 4618 1649 4672 paenae
1679 4603 1925 4657 incendia

343 4702 514 4755 virtus
546 4698 740 4753 animae
786 4698 1070 4763 manebat,
1102 4696 1415 4751 inconcussa
1448 4694 1601 4759 fides,
1636 4693 1924 4747 immobilis

340 4792 600 4856 bonitas,
655 4787 1086 4858 incomparabilis
1148 4787 1503 4857 Iacrymarum
1564 4785 1819 4850 ubertas;
1871 4784 1925 4838 in

350 4894 607 4955 quantum
640 4896 835 4951 corpus
873 4881 1141 4950 angebant
1170 4886 1339 4948 paena:
1366 4876 1547 4941 illatae,
1580 4885 1782 4930 tantum
1809 4878 1929 4931 ani-

342 4994 490 5035 mam
523 4976 828 5031 lzetiticabat
858 4990 981 5044 spes
1020 4973 1333 5043 gaudiorum
1390 4981 1445 5027 et
1494 4972 1780 5025 exsultatio
1811 4972 1931 5027 vitae

345 5082 587 5127 aeternae.
619 5070 785 5124 Tanta
810 5068 1050 5123 custodia
1076 5068 1259 5121 Matris
1280 5065 1510 5120 enutrita
1537 5066 1673 5119 intra
1698 5065 1927 5119 cmnobii

341 5163 448 5221 fuit
476 5173 624 5232 septa
649 5205 663 5230 ,
710 5171 768 5217 ut
798 5162 1103 5215 nullatenus
1130 5160 1271 5214 inter
1301 5173 1523 5212 sexuum
1554 5158 1757 5212 noverit
1790 5156 1931 5225 diju-

346 5258 532 5312 dicare
574 5266 840 5321 naturam,
871 5269 1025 5323 atque
1054 5253 1195 5308 enim
1226 5266 1428 5306 marem
1462 5259 1520 5305 ut
1548 5250 1804 5305 feminam
1838 5266 1934 5318 pu-

347 5349 532 5414 tabat,
582 5364 734 5417 aeque
764 5347 1016 5401 feminam
1064 5354 1121 5400 ut
1160 5360 1385 5400 marem.
1443 5344 1759 5413 Exemplum
1789 5343 1931 5397 enim

350 5449 472 5495 erat
521 5440 771 5495 omnibus
821 5439 965 5494 illius
1013 5439 1378 5503 conversatio,
1430 5435 1702 5505 patientiae
1739 5436 1930 5503 virtus,

426 5607 452 5634 τι
485 5598 865 5653 Hercantrudis
888 5641 901 5665 ,
952 5613 1044 5651 seu
1087 5595 1469 5661 Ercantrudis,
1521 5602 1847 5665 memoratur
1880 5595 1928 5665 in

351 5670 627 5741 Martyrtil.
664 5663 977 5741 Benedic’t.L
995 5669 1081 5722 die
1116 5667 1360 5741 M_Maii,
1411 5665 1707 5734 eodemque
1745 5664 1834 5717 die
1876 5663 1928 5717 in

354 5737 684 5797 monasterio
712 5750 907 5795 sancte
938 5739 1091 5794 Faraa
1121 5737 1333 5792 colitur.

429 5811 454 5851 ι)
484 5811 638 5881 Apud
671 5812 863 5866 Bedam
893 5818 947 5865 et
975 5807 1187 5870 Sui-ium
1219 5808 1446 5877 legitur:
1477 5825 1497 5859 ς
1529 5806 1655 5863 Haec
1691 5814 1929 5876 tempore

2028 4623 2219 4677 capere
2245 4606 2367 4659 vitae
2396 4615 2632 4659 aeternm.

2642 4694 2866 4750 CAPUT
2902 4696 2995 4750 IV.

2265 4791 2339 4843 De
2368 4790 2503 4843 obitu
2534 4789 2831 4858 Aunoﬂedis
2860 4799 2907 4842 et
2937 4797 3092 4843 cantu
3121 4791 3353 4860 angelico

2102 4880 2155 4935 8.
2199 4882 2312 4937 Alia
2346 4896 2556 4951 quoque
2601 4896 2664 4934 eo
2709 4890 2949 4947 tempore
2976 4880 3174 4936 Christi
3208 4883 3359 4952 virgo
3401 4885 3615 4939 nomine

2034 4973 2367 5037 Aunolledis,
2401 4989 2522 5026 cum
2554 4982 2822 5026 extremos
2855 4972 3050 5027 halitus
3079 4973 3401 5039 dimitteret,
3434 4987 3486 5029 et
3518 4989 3614 5042 pro

2033 5068 2228 5124 damno
2256 5069 2376 5119 vitae
2411 5065 2686 5133 prtesentis
2716 5064 2861 5118 lucra
2891 5067 3193 5134 perciperet
3220 5066 3339 5118 vitae
3372 5074 3611 5131 aeternae,

2035 5161 2261 5230 laetaque
2290 5175 2317 5212 a
2347 5158 2522 5211 carnis
2556 5158 2775 5211 nexibus
2803 5166 3158 5226 separaretur,
3184 5156 3385 5209 similes
3415 5158 3613 5211 meruit

2037 5256 2222 5309 exiens
2252 5253 2318 5306 de
2346 5266 2459 5305 aevo
2491 5251 2687 5304 habere
2717 5262 2904 5305 cantus
2934 5251 3013 5305 sui
3043 5248 3234 5303 exitus.
3268 5248 3397 5301 Nam
3425 5259 3614 5317 aperte

2035 5345 2252 5401 auribus
2292 5345 2467 5398 hausit
2510 5358 2629 5411 qua:
2676 5342 2859 5413 procul
2903 5342 2969 5396 ab
3014 5341 3130 5408 ejus
3173 5340 3411 5394 excubiis
3451 5355 3611 5395 voces

2034 5449 2479 5511 prorumperent:
2528 5438 2773 5507 Asperges
2817 5453 2897 5489 me
2938 5437 3175 5505 hyssopo,
3212 5443 3258 5486 et
3291 5433 3612 5498 mundabar;

2033 5597 2264 5667 quodam
2308 5600 2447 5651 sacri
2491 5595 2735 5667 corporis
2769 5591 3225 5667 participationem
3273 5584 3607 5667 interdictam

2033 5655 2137 5724 sibi
2172 5669 2409 5723 sentiens
2440 5655 2655 5736 propter
2686 5655 2974 5736 illusiones’
2995 5668 3311 5725 nocturnas,
3358 5655 3607 5728 gravibus

2035 5754 2285 5812 percussa
2314 5733 2586 5793 doloribus
2615 5737 2745 5791 llere
2775 5733 2960 5803 coepit,
2985 5742 3087 5787 etc.
3125 5746 3146 5783 ι
