4038 6354
463 334 600 388 1075

1592 323 1781 381 tome
1825 314 2122 409 ABDATIS
2156 317 2581 375 ELNONENSIS

3583 313 3721 370 1076

460 448 649 503 favebis
696 461 795 511 me,
822 454 869 499 et
916 460 1065 514 super
1111 444 1272 495 niuem
1319 441 1609 496 dealbabor.
1669 439 1881 492 Auditui
1926 453 2035 489 meo
2064 434 2119 493 Δ
2146 442 2252 498 tur,
2283 452 2345 488 ac
2378 437 2597 503 impleto
2622 434 2970 502 quadraginta
3004 432 3209 487 dierum
3239 432 3445 486 circulo
3479 432 3718 500 primum

462 537 608 593 dabis
634 535 883 610 gaudium
910 546 955 591 et
987 535 1245 600 fictilium,
1286 545 1331 589 et
1360 534 1680 589 exsultabant
1715 552 1827 589 ossa
1862 534 2031 585 humi-

1093 718 1315 775 CAPUT
1353 718 1416 773 γ.

656 802 736 870 De
764 812 1033 870 Orecltilde
1062 810 1439 866 adolescentulo
1466 819 1513 864 et
1542 810 1679 864 obitu
1705 814 1837 881 ejus.

537 907 594 975 9.
630 907 873 978 Cumque
902 920 1076 961 rerum
1110 904 1366 973 Repertor
1396 902 1689 972 majestatis
1733 916 1843 957 suae
1872 916 2037 957 orna-

466 1009 703 1057 mentum
750 998 921 1070 justas
970 1013 1063 1065 per
1099 996 1303 1051 animas
1349 1011 1410 1051 ac
1456 1011 1673 1051 munere
1719 994 2040 1051 innocentia)

465 1091 653 1164 plenas
683 1106 777 1163 per
802 1100 1106 1146 sanctorum
1139 1102 1297 1143 voces
1327 1090 1662 1144 accumulare
1690 1104 1794 1142 non
1823 1086 2040 1157 desinit,

466 1184 715 1241 videlicet
736 1192 795 1239 ut
820 1182 1110 1237 renovandi
1135 1181 1453 1237 hortaminis
1472 1182 1746 1251 religionis
1770 1188 2042 1237 accrescat

469 1278 941 1348 supplementum,
1006 1277 1186 1331 evenit
1232 1286 1291 1329 ut
1341 1275 1646 1345 supradicto
1696 1277 1747 1330 in
1796 1276 2043 1330 coenobio

467 1368 708 1437 quaedam
738 1367 1133 1423 adolescentula
1156 1410 1169 1434 ,
1224 1366 1441 1422 nomine
1470 1366 1828 1422 Demecbildis
1858 1366 1949 1439 [In
1977 1369 2043 1420 ti-

468 1462 595 1528 tulo,
628 1458 968 1530 Orechildis],
1000 1474 1123 1515 cum
1150 1459 1407 1529 genitrice
1434 1468 1866 1521 converteretur;
1909 1462 2044 1516 mul-

466 1552 641 1617 tisque
682 1552 871 1607 diebus
900 1552 1209 1621 supradicto
1253 1554 1304 1607 iu
1338 1554 1582 1609 caenobio
1613 1556 1861 1623 peractis,
1890 1556 2043 1622 geni-

469 1646 653 1700 tricem
700 1654 928 1700 tentator
955 1661 1237 1715 aggressus
1278 1654 1362 1700 est
1385 1688 1399 1709 ,
1447 1654 1506 1699 ttt
1534 1656 1763 1714 coeptum
1794 1634 2043 1714 carpendi

468 1738 571 1793 iter
596 1736 662 1791 ad
692 1738 927 1793 cmlestia
956 1754 1115 1807 regna
1144 1738 1479 1808 prmpediret.
1513 1737 1616 1792 Sed
1649 1740 1785 1808 quod
1816 1741 2042 1805 genitrix

470 1827 836 1883 imbecillitate
863 1828 1044 1882 abacta
1077 1828 1379 1898 fragilitatis
1413 1831 1849 1899 obtemperabat,
1893 1842 2044 1884 versa

470 1922 586 1976 vice
631 1920 701 1977 ob
743 1922 1006 1977 malorum
1037 1922 1497 1977 coacervationem
1542 1922 1896 1977 adulescentis
1926 1922 2045 1976 filize

469 2013 738 2083 correptio
764 2023 787 2047 ει
813 2014 1113 2082 dissiparet.
1162 2013 1404 2082 Cumque
1443 2013 1550 2082 jam
1587 2028 1677 2081 per
1710 2014 1869 2067 multa
1910 2022 2045 2067 tem-

473 2120 662 2174 porum
715 2105 978 2159 curricula
1029 2118 1182 2159 mens
1240 2104 1617 2159 adolescentia
1665 2106 1818 2160 annis
1868 2104 2046 2159 dedita

473 2200 668 2256 uberes
699 2199 898 2255 fructus
930 2200 1179 2253 redderet
1210 2199 1502 2262 Conditori,
1534 2198 1762 2267 quodam
1803 2198 1890 2252 die
1918 2196 2049 2251 vidit

472 2296 641 2352 ctelos
670 2304 885 2364 apertos
913 2304 966 2348 et
993 2302 1251 2348 aeternum
1278 2307 1451 2347 rerum
1474 2292 1714 2346 Satorem
1747 2290 2049 2360 aSprctibus

474 2390 839 2457 contemplata
871 2404 1023 2454 aeque
1052 2387 1286 2443 caelestis
1314 2386 1587 2439 charitatis
1620 2384 1814 2439 lumine
1859 2387 2047 2439 intuita

472 2485 656 2541 audire
686 2482 917 2538 meruit:
954 2481 1083 2536 Veni
1134 2482 1198 2534 ad
1250 2495 1383 2544 uos,
1436 2488 1488 2532 et
1535 2481 1775 2545 corporis
1826 2479 2049 2533 nexibus

472 2580 718 2634 absoluta
751 2589 1007 2633 aeternam
1038 2575 1247 2642 suscipe
1276 2572 1591 2628 claritatem.
1630 2572 1780 2640 Quod
1814 2590 1933 2627 cum
1968 2573 2049 2627 lliB

476 2688 595 2741 qua:
622 2672 845 2726 aderant
879 2669 1205 2725 mirarentur
1244 2667 1366 2734 quid
1414 2668 1485 2721 rei
1535 2675 1697 2735 gestae
1727 2667 1922 2721 veritas
1955 2665 2051 2717 ha-

476 2766 649 2826 beret,
684 2763 764 2818 vel
795 2762 938 2832 quod
978 2760 1314 2816 intendentes
1346 2758 1409 2811 ad
1440 2757 1635 2812 coelum
1676 2756 1813 2812 oculi
1845 2757 2049 2827 aspice~

476 2866 631 2920 rent,
680 2869 781 2911 nec
829 2856 1049 2908 omnino
1081 2851 1352 2922 palpebris
1381 2850 1717 2904 moventibus
1748 2848 1873 2919 quid
1906 2846 2048 2903 oculi

475 2946 963 3013 contemplarentur
995 2945 1316 3010 inspicerent
1337 2980 1355 3007 ,
1397 2940 1473 2993 ait
1504 2954 1561 2993 se
1590 2954 1799 2992 sursum
1833 2940 2045 3007 vocari,

476 3048 530 3093 et
561 3054 589 3094 a
622 3037 901 3109 praesentis
928 3038 1055 3091 vitae
1088 3035 1316 3090 nexibus
1344 3034 1579 3099 absolvi,
1620 3042 1737 3088 erat
1762 3033 1903 3087 enim
1933 3024 2049 3088 dies

472 3132 709 3188 Sabbati.

552 3225 634 3278 l0.
685 3221 1033 3276 lllucescente
1060 3234 1186 3290 ergo
1214 3219 1265 3273 in
1295 3218 1586 3273 crastinum
1616 3217 1702 3272 die
1733 3217 2041 3284 Dominico,

475 3317 624 3372 febre
652 3311 1333 3383 correpta,adolescentula
1366 3325 1675 3379 supremum
1704 3309 2049 3378 exspectabat

479 3408 704 3460 exitum.
738 3396 938 3460 V’idens
970 3404 1122 3458 anxia
1171 3403 1397 3473 genitrix
1439 3402 1830 3456 incumbentem
1877 3402 2048 3455 unica:

480 3500 643 3565 prolis
673 3498 872 3552 exitum
892 3538 907 3561 ,
937 3498 1077 3551 inter
1102 3495 1364 3565 singultus
1391 3509 1451 3547 ac
1476 3494 1705 3563 gemitus
1762 3493 1924 3547 ﬁliam
1955 3507 2048 3561 po-

475 3595 598 3658 scit,
624 3602 679 3645 ut
709 3593 959 3645 si.va|eat
990 3592 1296 3658 impetrare,
1325 3588 1535 3655 superis
1563 3586 1848 3651 reddatur;
1883 3594 1973 3639 aut
2001 3584 2045 3639 si

478 3702 589 3740 sua:
618 3685 741 3739 vita:
774 3696 965 3740 metam
998 3683 1273 3752 suppleat,
1308 3697 1366 3736 se
1398 3682 1504 3733 cito
1535 3681 1601 3734 de
1641 3680 1739 3734 hac
1780 3680 1881 3732 vita
1930 3688 2049 3744 post

477 3794 533 3830 see
566 3779 717 3831 duc:tt
742 3818 755 3841 ,
790 3792 887 3831 nec
918 3791 1070 3844 posse
1106 3790 1163 3830 se
1195 3781 1312 3843 post
1341 3772 1457 3842 ejus
1488 3776 1663 3826 vivere
1704 3771 1927 3825 exitum.
1965 3770 2048 3824 Ad

480 3870 592 3921 IltPc
623 3869 714 3921 illa
742 3886 753 3921 :
785 3867 1125 3932 Carnalibus,
1159 3868 1325 3932 inquit
1345 3907 1359 3929 ,
1390 3867 1503 3918 hurc
1531 3865 1721 3918 crebro
1750 3863 2048 3930 deposcens

482 3961 767 4014 desideriis
795 3960 1124 4024 stimulatis;
1157 3974 1255 4027 ego
1286 3969 1460 4011 tamen
1491 3956 1537 4011 si
1566 3956 1780 4009 valuero
1814 3955 1915 4009 tuis
1946 3954 2047 4009 ob~

480 4052 869 4107 sccrationibus
901 4052 1116 4114 favens,
1152 4062 1267 4121 post
1313 4051 1469 4119 digna
1508 4052 1832 4120 poenitentia;
1876 4049 2049 4103 medi-

477 4152 753 4209 camenta,
804 4153 920 4211 post
965 4160 1050 4197 tne
1094 4156 1176 4209 te,
1223 4143 1434 4197 Christo
1476 4142 1718 4206 favente,
1763 4141 2047 4197 attraham.

484 4237 587 4289 Nec
616 4251 761 4289 mora
783 4275 798 4299 ,
831 4236 881 4288 in
913 4234 1166 4289 extremis
1196 4234 1340 4288 horis
1373 4234 1567 4301 posita,
1601 4233 1907 4285 monasterii
1933 4236 2048 4285 Ma-

485 4334 619 4379 trem
655 4326 901 4393 postulat.
939 4325 1177 4393 Cumque
1209 4326 1395 4378 l’estiua
1424 4324 1589 4377 Mater
1616 4324 1682 4377 ad
1712 4339 2048 4393 cgressnram

482 4419 549 4473 de
577 4419 779 4472 mundo
808 4419 1039 4473 animam
1070 4427 1339 4472 extremos
1371 4417 1600 4471 honores
1626 4418 1929 4483 dependere
1957 4415 2050 4469 ad-

2146 525 2470 579 terribilibus
2499 527 2799 579 daamonum
2833 525 3138 593 aspectibus
3166 524 3353 578 territa
3376 533 3492 587 est,
3523 523 3724 579 deinde

2140 616 2435 687 Largitoris
2466 632 2566 682 ope
2594 619 2866 672 consolata
2898 617 3107 671 veniam
3152 630 3211 670 se
3253 616 3553 669 intercessu
3599 616 3725 668 filia:

2141 710 2403 763 meruisse
2430 708 2648 777 fatetur,
2677 709 3023 776 animamque
3050 707 3307 776 deinceps
3336 707 3514 761 carnis
3560 706 3722 760 nexi-

2140 801 2242 856 bus
2271 802 2501 855 solutam
2534 801 2671 856 cmlo
2703 799 2954 854 reddidit.
2986 800 3196 869 Quippe
3222 798 3379 852 datur
3406 797 3633 865 intelligi
3670 805 3729 851 ut

2143 907 2263 961 quae
2294 894 2409 946 suis
2440 893 2649 947 meritis
2678 908 2785 946 non
2814 890 2983 946 valuit
3021 890 3203 945 saeculi
3236 888 3463 942 evadere
3505 888 3691 940 ruinas
3711 927 3727 949 ,

2144 982 2448 1038 interventu
2499 983 2619 1036 tilias
2664 983 2857 1037 meruit
2898 981 3207 1050 pcenitendo
3247 980 3298 1033 in
3341 992 3509 1033 parvo
3545 977 3729 1046 spatio

2146 1091 2240 1145 per
2271 1090 2453 1145 poenas
2486 1076 2662 1130 illatas
2692 1075 2910 1130 salvari.

2790 1189 2991 1244 IAPUT
3029 1188 3120 1244 Vl.

2790 1190 2897 1243 ‘AP
2951 1190 2991 1243 Τ
3079 1190 3120 1243 l.

2148 1284 2225 1338 De
2256 1283 2459 1337 Damna
2493 1290 2542 1337 et
2584 1190 3201 1365 duabufadolljescgttulis
3242 1286 3287 1331 et
3327 1278 3476 1331 radio
3504 1276 3733 1331 micante

2750 1370 2802 1406 ιιι
2853 1369 2938 1407 ore
2980 1368 3106 1406 υηο.

2221 1470 2308 1524 ll.
2340 1468 2394 1524 Si
2427 1484 2488 1523 ea
2521 1482 2641 1534 quae
2667 1468 2733 1523 ad
2767 1468 3061 1536 perfectum
3091 1466 3171 1521 vel
3202 1474 3549 1535 augmentum
3584 1462 3735 1518 facta

2147 1568 2269 1613 sunt
2296 1557 2697 1628 perfecturum,
2729 1557 2810 1611 vel
2840 1558 3000 1611 etiam
3040 1556 3105 1608 ad
3149 1554 3582 1609 emendationem
3625 1553 3736 1606 de-

2152 1650 2508 1719 linquentium
2539 1647 2845 1709 inserimus,
2880 1661 3213 1714 nequaquam
3246 1659 3340 1698 nos
3384 1659 3491 1696 non
3537 1658 3736 1697 neces-

2152 1742 2327 1795 sarias
2360 1756 2446 1795 res
2475 1741 2749 1808 quispiam
2772 1739 2977 1808 iudicet
3005 1738 3315 1806 commlare.
3358 1735 3501 1789 Nulli
3530 1738 3736 1802 quippe

2152 1836 2369 1890 dubium
2396 1845 2478 1887 est
2504 1834 2649 1903 quod
2674 1834 2903 1888 aliorum
2928 1832 3119 1885 damna
3148 1831 3431 1899 plerosque
3454 1827 3734 1884 monendo

2151 1930 2215 1983 ad
2265 1928 2523 1995 capienda
2574 1929 2718 1981 lucra
2771 1924 3131 1995 vigilantiores
3179 1922 3425 1977 reddant.
3482 1920 3734 1986 Quadam

2150 2019 2347 2074 etenim
2376 2018 2464 2073 die
2495 2018 2772 2073 Dominico
2798 2032 2917 2071 cum
2946 2016 3233 2069 missarum
3262 2011 3524 2067 solemnia
3556 2026 3734 2078 saepe-

2151 2112 2257 2165 fata
2291 2109 2694 2179 Burgundofara
2737 2100 2856 2162 cum
2904 2107 3218 2161 famularum
3265 2103 3490 2172 collegio
3534 2118 3737 2169 exspe-

2151 2212 2321 2257 ctaret
2346 2243 2359 2266 ,
2392 2211 2445 2255 et
2472 2202 2581 2270 jam
2624 2201 2761 2255 sacri
2806 2199 3047 2266 corporis
3089 2194 3465 2251 communione
3511 2193 3737 2263 partici-

2153 2302 2408 2363 pareutur
2431 2310 2445 2358 ;
2492 2292 2737 2363 quaedam
2779 2305 2843 2345 ex
2876 2291 2940 2345 iis
2966 2288 3184 2344 nomine
3212 2289 3445 2351 Domna,
3472 2301 3595 2339 cum
3618 2285 3735 2353 jam

2151 2400 2345 2453 corpus
2377 2384 2587 2439 Domini
2615 2384 2929 2451 accepisset,
2955 2396 3015 2436 ac
3041 2380 3351 2450 sanguinem
3393 2378 3643 2441 libasset,
3676 2385 3738 2431 et

2151 2492 2307 2532 sacro
2342 2476 2510 2531 choro
2550 2477 2750 2529 inserta
2790 2489 2909 2528 cum
2940 2472 3281 2542 comparibus
3318 2477 3572 2524 caneret:
3620 2466 3737 2521 Hoc

2150 2584 2364 2624 sacrum
2394 2582 2589 2637 corpus
2632 2567 2843 2621 Domini
2869 2575 2922 2621 et
2957 2552 3256 2620 Salv'atoris
3290 2563 3607 2633 sanguinem
3637 2575 3736 2614 sn-

2153 2663 2283 2716 mite
2332 2660 2483 2714 vobis
2526 2661 2579 2713 in
2626 2660 2788 2714 vitam
2832 2668 3118 2723 aeternam;
3152 2658 3203 2711 in
3248 2672 3345 2711 ore
3382 2656 3498 2724 eius
3539 2653 3736 2723 globus

2150 2756 2289 2823 ignis
2320 2753 2551 2808 candido
2600 2753 2809 2822 fulgore
2855 2752 3077 2805 rutilans
3124 2736 3373 2805 micabat.
3417 2747 3522 2803 Sed
3548 2760 3735 2803 curua

2152 2846 2295 2900 nulla
2331 2854 2545 2901 astante
2576 2846 2711 2912 ignis
2743 2844 3027 2898 illustratio
3058 2843 3467 2912 perstriceretur,
3496 2841 3619 2895 duas
3647 2841 3733 2894 in-

2152 2939 2367 2993 fantulae
2396 2940 2642 2994 cominus
2672 2948 2907 2994 astantes
2947 2952 3079 3007 quas
3121 2938 3420 2992 innocentia
3465 2937 3735 2991 immacu-

2153 3032 2285 3085 latas
2316 3032 2603 3098 reddebat,
2635 3032 3012 3099 conspicantur
3042 3030 3217 3085 radios
3244 3032 3312 3085 ab
3350 3045 3445 3085 ore
3480 3028 3734 3097 supradi-

2078 3153 2123 3218 C
2156 3135 2257 3180 cla:
2287 3124 2425 3179 inter
2444 3134 2633 3179 cantus
2659 3124 3013 3178 modulamina
3038 3123 3234 3179 eximio
3258 3123 3460 3191 fulgore
3484 3122 3682 3177 micare
3708 3137 3727 3175 :

2155 3231 2253 3271 nec
2292 3231 2510 3286 prorsus
2548 3214 2704 3270 silere
2742 3216 2996 3279 scientes,
3037 3215 3217 3270 dicere
3255 3212 3508 3268 mirantes
3545 3224 3734 3279 cmpe-

2148 3316 2310 3362 rnnt:
2342 3308 2619 3377 Aspicite,
2660 3308 2882 3376 aspicite
2927 3308 3226 3361 rutilantem
3268 3304 3478 3374 globum
3522 3304 3589 3355 ab
3632 3317 3733 3359 ore

2151 3402 2370 3455 Domnre
2420 3402 2641 3457 micare.
2691 3404 2842 3467 Quod
2893 3415 3012 3455 cum
3056 3402 3225 3455 Mater
3264 3399 3504 3464 audiret,
3551 3399 3731 3452 incre-

2150 3496 2578 3566 pandoimperat
2604 3496 2762 3549 silere
2802 3510 2867 3548 ne
2910 3494 3159 3549 vanitatis
3201 3508 3337 3547 noxa
3380 3492 3560 3560 (sicut
3605 3496 3732 3555 post

2150 3603 2322 3646 actum
2353 3594 2477 3661 est)
2519 3593 2633 3661 ejus
2674 3608 2769 3647 cor
2811 3593 3076 3657 fuscaret,
3109 3606 3200 3660 per
3228 3590 3378 3658 cujus
3406 3604 3467 3643 os
3498 3588 3731 3642 affluens

2151 3686 2317 3753 gratia
2349 3686 2524 3739 lumen
2549 3684 2803 3739 reddebat
2830 3698 3118 3738 amoenum.
3162 3683 3266 3737 Sed
3291 3679 3577 3750 fragilitate
3600 3694 3728 3732 cor-

2152 3789 2303 3846 rupta
2329 3782 2491 3846 coepit
2534 3787 2650 3846 post
2692 3778 2919 3845 Spiritus
2958 3779 3124 3830 sancti
3167 3776 3311 3830 lucra
3352 3774 3603 3828 elationis
3645 3771 3730 3826 vel

2151 3870 2419 3938 superbia:
2446 3870 2689 3923 stimulos
2716 3882 2917 3934 amare,
2945 3869 3293 3922 contumacia
3320 3866 3521 3920 crimen
3555 3866 3731 3919 incur-

2152 3978 2291 4027 rere,
2320 3962 2636 4030 arroganlite
2662 3960 3000 4031 supercilium
3027 3958 3295 4029 praeferre,
3322 3960 3392 4012 ita
3420 3968 3476 4012 ut
3500 3958 3725 4011 Matrem

2154 4060 2567 4116 contemneret,
2612 4050 2820 4105 sodales
2854 4051 3153 4117 deSpiceret
3180 4059 3235 4104 et
3262 4051 3497 4103 omnium
3528 4050 3730 4103 monita

2154 4153 2456 4213 sperneret.
2488 4143 2597 4196 Nec
2625 4158 2799 4209 mora,-
2823 4142 2973 4199 febre
2992 4151 3236 4212 correpta
3262 4156 3324 4195 ac
3353 4142 3404 4195 in
3430 4150 3727 4195 extremum

2155 4237 2420 4302 deducta,
2466 4248 2565 4288 nec
2605 4235 2682 4288 sic
2723 4234 2925 4289 studuit
2967 4234 3273 4288 emendare.
3318 4232 3409 4286 ita:
3442 4246 3571 4286 vero
3611 4248 3729 4301 qua:

2158 4328 2433 4390 viderant,
2470 4342 2570 4380 una
2603 4342 2783 4380 earum
2819 4328 3036 4381 nomine
3062 4325 3397 4392 Ansitrudis,
3429 4326 3616 4379 dolore
3643 4340 3731 4379 ca-

2159 4424 2284 4491 pitis
2305 4462 2318 4485 ,
2346 4423 2448 4476 alia
2481 4423 2625 4477 febre
2651 4434 2931 4492 correpta,
2960 4433 3120 4491 atque
3147 4425 3209 4476 ad
3237 4434 3536 4479 extremum
3564 4424 3730 4477 dedu-

484 4512 752 4577 venisset,
783 4522 839 4565 ut
867 4510 1131 4579 conspicit
1154 4525 1271 4564 eam
1304 4510 1472 4575 puella
1496 4549 1509 4574 ,
1540 4523 1709 4563 ovans
1734 4509 2048 4577 gratulatur,

2158 4525 2258 4571 clas
2274 4530 2584 4586 supremum
2611 4526 2921 4583 exspectant
2943 4519 3162 4571 exitum.
3187 4516 3428 4586 Cumque
3447 4516 3558 4586 jatn
3586 4518 3730 4569 ades-

483 4621 545 4657 ac
570 4607 616 4658 ci
644 4606 997 4674 omnibusque
1026 4603 1325 4658 valedicetts
1347 4602 1659 4673 genitricem
1675 4593 2051 4668 'Comtnendat,

484 4696 623 4749 inter
666 4710 784 4763 quae
832 4695 1063 4765 postulat
1108 4704 1162 4748 ttt
1204 4696 1469 4749 silentium
1517 4694 1766 4747 habeant.
1814 4694 2056 4762 Cumque

480 4802 666 4843 omnes
706 4790 845 4843 facto
886 4789 1095 4843 silentio
1124 4789 1504 4857 exspectabant
1540 4789 1733 4841 animm
1760 4801 2053 4856 egressum,

485 4876 570 4928 illa
615 4877 724 4930 ait:
771 4878 899 4931 Date
942 4879 1147 4942 locum,
1180 4876 1401 4931 Creator
1447 4893 1597 4931 meus
1638 4878 1703 4931 ad
1744 4893 1829 4930 me
1870 4879 2051 4943 venit,

483 4963 730 5020 Salvator
777 4982 928 5020 meus
970 4966 1037 5021 ad
1084 4982 1168 5020 me
1216 4978 1498 5035 properat,
1541 4969 1870 5037 imperatque
1904 4967 2056 5023 Matri

486 5056 540 5113 ut
571 5060 899 5115 Dominicam
930 5061 1225 5115 orationem
1256 5062 1673 5131 Symbolumque
1703 5061 1880 5116 dicere
1902 5061 2057 5131 juva-

486 5163 599 5217 ret,
634 5153 756 5222 quia
792 5153 903 5222 ipsa
946 5152 1298 5207 trementibus
1338 5154 1488 5208 labiis
1520 5153 1777 5207 imtnobili
1809 5155 2057 5209 affamine

485 5247 791 5315 exprimere
842 5244 1003 5300 verba
1055 5242 1318 5312 nequiret.
1358 5246 1565 5312 Quibus
1614 5247 1846 5315 peractis
1894 5248 2057 5301 nimia

485 5338 794 5392 :tmmnitate
831 5350 893 5390 ac
935 5336 1288 5389 illustratiutte
1318 5336 1507 5390 cellula
1538 5337 1799 5390 renitente
1826 5336 2057 5389 animant

426 5470 427 5473 η
487 5443 652 5481 ovans
684 5427 916 5482 reddidit
945 5429 1205 5485 Creatori.
1239 5428 1344 5481 Nec
1374 5443 1519 5481 mora
1564 5429 1795 5497 genitrix
1834 5429 2060 5497 corripi-

489 5530 593 5585 tur,
624 5520 1080 5591 quadragintaque
1106 5521 1315 5575 dierum
1356 5524 1528 5588 spatio
1560 5534 1783 5589 corpore
1822 5520 2060 5589 ﬂagella-

560 5686 590 5748 “,
622 5675 928 5748 Legettdum
969 5668 1138 5741 forte,
1180 5678 1483 5747 dissipabat.
1534 5679 1896 5743 Corrigendus
1930 5693 2059 5748 ergo

492 5746 642 5800 lit-dre
671 5744 725 5801 ei
755 5744 895 5803 Surii
926 5757 1096 5803 textus
1131 5750 1212 5802 his
1240 5744 1415 5805 verbis
1445 5764 1728 5817 expressus
1758 5766 1769 5802 :
1805 5744 2058 5803 matoru'm

2158 4619 2279 4661 sent
2322 4609 2587 4662 sodalium
2629 4608 2901 4671 cohortes,
2932 4618 2984 4661 et
3024 4609 3089 4661 ad
3123 4608 3383 4675 psallendi
3411 4607 3646 4661 ofﬁcium
3677 4607 3730 4662 in

2157 4712 2346 4753 eorum
2374 4698 2519 4752 exitu
2548 4710 2607 4753 se
2640 4707 3022 4765 "asperarent,
3049 4700 3209 4765 cmpit
3235 4712 3339 4750 una
3369 4712 3550 4751 earum
3581 4698 3730 4750 inau-

2158 4791 2267 4845 dita
2298 4791 2516 4845 auribus
2546 4791 2797 4845 humanis
2820 4806 2883 4846 ac
2910 4791 3087 4845 dulcia
3126 4791 3486 4845 modulamina
3520 4792 3607 4860 pio
3636 4804 3728 4845 ore

2158 4898 2380 4946 canere,
2412 4898 2568 4937 orare
2606 4883 2951 4937 Conditorem
2993 4884 3139 4937 miris
3167 4883 3544 4946 sermonibus,
3576 4883 3729 4935 inau-

2157 4977 2284 5031 ditis
2325 4976 2574 5046 precibns
2600 5018 2614 5041 ,
2662 4977 3021 5031 ittefl‘abilibus
3067 4978 3453 5040 sacramentis,
3494 4978 3731 5043 odorque

2158 5071 2313 5124 sitnul
2335 5070 2582 5124 cellulam
2612 5072 2824 5139 replens
2849 5072 2994 5124 mirae
3021 5070 3318 5125 suavitatis.
3348 5070 3579 5139 Eratque
3605 5073 3729 5122 hora

2159 5161 2263 5215 diei
2310 5175 2481 5225 nona,
2526 5176 2630 5230 qua
2675 5162 2810 5215 odor
2851 5161 3097 5215 cellulam
3139 5162 3461 5229 repleverat.
3506 5160 3732 5214 Balsami

2158 5254 2293 5309 odor
2322 5253 2585 5321 fragrabat
2613 5270 2646 5308 e
2676 5264 2921 5323 pectore,
2956 5256 3140 5325 sicque
3166 5270 3258 5324 per
3289 5263 3451 5309 totam
3484 5270 3733 5324 superve-

2160 5344 2395 5398 nientem
2435 5352 2647 5399 noctem
2669 5384 2683 5408 ,
2714 5344 2791 5398 sic
2833 5359 2924 5411 per
2954 5344 3367 5413 subsequentem
3397 5345 3537 5399 diem
3570 5359 3732 5414 usque

2161 5436 2227 5491 ad
2256 5438 2415 5491 aliam
2448 5437 2633 5490 horam
2657 5451 2853 5491 nonam
2876 5474 2891 5500 ,
2916 5446 2973 5490 ut
2994 5437 3173 5491 odoris
3196 5438 3431 5491 suavitas
3462 5447 3518 5491 et
3548 5449 3730 5492 cautus

2162 5527 2521 5582 modulamina
2564 5536 2989 5597 perseverarent.
3030 5528 3229 5583 Deinde
3270 5530 3489 5584 Matrem
3541 5544 3730 5584 cant-re

2161 5682 2591 5761 coacervationem
2623 5684 2962 5740 adolescentis
2991 5687 3114 5756 ﬁlim
3141 5704 3227 5741 cor
3256 5688 3552 5757 dissipavit,
3589 5676 3736 5757 quod:

2163 5754 2503 5821 sequentibus
2534 5762 2809 5825 repugnat.
