4038 6354
325 376 466 442 1977

1488 372 1546 431 s.
1586 350 2172 429 consumenda
2212 362 2390 420 VITA.

3441 342 3580 412 1078

321 495 572 566 poscunt,
593 504 758 562 seque
778 490 1012 546 abituras
1041 485 1347 558 praedicant,
1372 485 1673 552 amissoque
1695 481 1888 536 deinde
1914 478 1971 539 Α
1992 478 2059 531 tle
2099 486 2274 533 vestro
2312 478 2534 545 collegio
2572 474 2933 548 migravernnt
2968 472 3033 530 ad
3065 468 3228 532 ctelos
3254 468 3277 528 ἲ
3308 468 3568 543 Qdaarcn—

321 589 516 657 spiritu
546 600 667 643 cum
698 586 817 654 eius
846 584 1135 638 amissione
1168 579 1390 636 recessit
1416 591 1468 633 et
1500 579 1633 632 odor
1664 576 1899 642 fiagtan-

326 685 434 737 tite.
479 682 591 737 Hoc
628 693 824 747 nempe
858 676 1221 731 indubitanter
1250 672 1578 729 crede'udttm
1610 676 1724 734 est,
1760 664 1901 735 quod

320 776 554 846 gloriam
593 776 729 828 hanc
768 773 893 827 boni
930 771 1104 824 exitus
1145 778 1266 837 quae
1303 766 1421 820 isne
1464 762 1660 817 habere
1688 766 1899 813 merue-

323 875 484 933 runt,
509 865 812 936 supradicta
844 852 1045 917 Domus
1077 859 1347 914 habuisset
1368 899 1382 922 ,
1414 857 1456 910 si
1489 858 1585 925 per
1616 853 1901 910 elationem

320 958 647 1029 arrogantia
681 957 869 1010 vitium
901 953 1130 1009 εει-ρηάο
1161 964 1263 1005 non
1296 938 1639 1022 perdidisset.

922 1043 1148 1099 CAPUT
1190 1040 1299 1095 VII.

392 1140 477 1195 De
508 1140 767 1195 Wilst’nda
794 1147 838 1192 et
870 1136 1132 1208 prophetia
1160 1136 1292 1205 ejus,
1322 1141 1367 1186 et
1394 1139 1549 1184 cantu
1578 1127 1827 1196 angelico.

384 1232 477 1288 12.
502 1230 725 1301 Aliaquc
742 1230 995 1297 deinceps
1020 1228 1315 1282 hortamina
1340 1224 1492 1291 hujus
1515 1221 1697 1291 gloriae
1714 1230 1905 1285 supra-

319 1328 467 1382 dicto
488 1326 730 1381 coenobio
755 1324 935 1375 adorta
960 1329 1104 1385 Sunt,
1130 1328 1183 1370 ut
1206 1333 1298 1385 per
1320 1313 1712 1383 apparitionem
1740 1310 1908 1377 pieta-

321 1420 389 1471 tis
412 1417 608 1471 divina:
628 1415 839 1470 uberius
860 1419 1168 1466 amarentur
1187 1410 1328 1462 lucra
1353 1405 1474 1459 vita:
1495 1414 1730 1457 aeternae.
1749 1401 1908 1465 Quaa-

318 1511 447 1565 dam
471 1509 670 1565 etenim
701 1518 763 1570 ex
791 1512 983 1576 genere
1011 1504 1283 1558 Sancitum
1311 1498 1626 1555 Willesinda
1663 1496 1907 1562 nomine,

317 1601 370 1655 iu
402 1612 591 1655 eorum
620 1597 945 1653 monasterio
970 1605 1049 1649 est
1075 1598 1348 1647 conversa.
1376 1592 1490 1659 Quo
1512 1604 1629 1643 cum
1652 1604 1746 1659 per
1772 1588 1907 1641 mul-

320 1703 409 1749 tos
440 1704 609 1748 annos
635 1692 798 1746 vitam
831 1686 1134 1759 ieliglosam
1160 1688 1389 1755 egisset,
1417 1684 1640 1755 quadam
1670 1683 1753 1736 die
1782 1682 1907 1735 dum

320 1790 376 1844 in
412 1791 627 1843 hortum
658 1787 795 1841 intra
829 1780 1133 1837 monasterii
1162 1784 1311 1848 septa
1342 1779 1643 1840 laboraret,
1670 1789 1790 1829 cum
1822 1786 1910 1827 so-

2005 570 2190 637 teSque
2222 570 2324 624 illa:
2356 571 2397 624 si
2428 578 2777 637 agnosceret,
2814 567 3110 637 increpanti
3149 574 3282 621 voce
3314 566 3379 621 ad
3416 568 3574 621 unam

2003 680 2188 721 earum
2218 662 2557 719 Ansitrudcm
2588 664 2800 718 nomine
2830 663 3063 733 loquitur
3089 679 3099 713 :
3131 658 3229 716 Vel
3257 670 3341 730 tu,
3374 660 3578 730 inquit,

2005 757 2113 814 bon
2152 759 2397 827 agnoscis
2434 768 2673 811 sororem
2713 764 2854 810 tuam
2892 742 3163 809 Ansildem
3188 796 3201 821 ,
3233 767 3351 823 qua:
3380 739 3580 807 dbdum

2005 850 2072 906 ad
2103 852 2269 905 caelos
2313 849 2590 918 migravit,
2630 848 3027 903 candidatarum
3068 847 3244 902 choris
3282 846 3582 902 insertam?

2007 942 2132 997 Haec
2175 936 2302 1009 ergo
2350 940 2534 995 dicens
2583 942 2756 994 anima
2805 942 2834 994 a
2882 944 3045 996 carhe’
3088 942 3266 1010 elapsa
3312 944 3433 1006 est;
3481 953 3585 1008 qua

2006 1049 2224 1106 egressa
2248 1076 2262 1100 ,
2292 1034 2478 1089 cantus
2516 1035 2785 1102 angelicus
2823 1040 2942 1088 mox
2980 1042 3061 1089 est
3099 1036 3148 1087 in
3191 1038 3313 1088 aere
3348 1032 3584 1088 auditus.

2008 1127 2141 1184 Nam
2185 1127 2429 1199 quaedam
2471 1141 2652 1182 earum
2695 1125 2900 1195 longius
2936 1141 2965 1180 e
2999 1114 3189 1180 cellula
3238 1128 3341 1194 qua
3389 1124 3585 1193 corpus

2005 1218 2216 1290 iacebat
2249 1219 2492 1274 exanime
2529 1217 2737 1273 fuerant
2776 1232 3102 1288 progressae,
3157 1216 3376 1271 audiunt
3422 1218 3587 1286 ange-

2010 1310 2183 1367 lorum
2213 1321 2384 1365 ctctus
2412 1325 2505 1379 per
2532 1324 2654 1365 aera
2685 1308 2999 1366 resultantes
3025 1312 3182 1379 atque
3206 1308 3494 1375 canentes;
3520 1324 3587 1364 ex

2012 1406 2119 1472 duo
2165 1411 2323 1458 cantu
2378 1404 2753 1472 compercrunt
2792 1402 3107 1457 Wilsit’idam
3142 1401 3320 1456 carnis
3362 1400 3588 1456 nexibtis

2013 1497 2241 1551 solutam
2271 1514 2284 1562 ;
2327 1505 2713 1566 currenteSquc
2747 1505 3059 1566 reparet-but
3098 1496 3334 1550 membra
3372 1492 3547 1549 functa
3570 1534 3586 1558 ,

2012 1590 2171 1659 atque
2209 1603 2452 1644 sororum
2492 1598 2688 1643 etetum
2715 1587 3084 1658 exsequiarum
3135 1587 3310 1642 officia
3360 1570 3588 1653 impleu-

2017 1688 2122 1740 tem
2149 1701 2162 1751 ;
2203 1692 2602 1755 agnoscuntque
2640 1684 2968 1753 psallentium
2999 1693 3194 1738 coetum
3225 1698 3342 1752 quae
3371 1697 3464 1751 per
3498 1696 3593 1735 au-

2019 1795 2106 1835 ras
2137 1779 2415 1835 audierant
2444 1792 2799 1849 concrepare,
2828 1776 2944 1847 cjus
2972 1776 3402 1847 supplementum
3427 1774 3597 1831 fuisse

320 1880 543 1935 dalibus
574 1879 748 1933 locuta
777 1884 896 1930 est:
928 1873 1046 1927 Cito
1075 1887 1103 1925 a
1135 1868 1286 1925 nobis
1316 1883 1433 1937 quae
1461 1869 1512 1922 in
1546 1868 1646 1921 hac
1670 1880 1794 1919 area
1822 1879 1908 1919 ex-
1936 1863 1988 1926 B
2014 1871 2410 1941 exsequiarum,

324 1973 557 2027 colimus
588 1982 690 2025 una
724 1970 859 2023 itura
891 1966 968 2021 est
1000 1982 1014 2031 ;
1046 1974 1099 2018 et
1132 1964 1252 2017 ideo
1284 1970 1493 2031 paratas
1528 1971 1647 2014 esse
1677 1957 1902 2019 debere,

322 2083 395 2123 ne
439 2066 777 2136 negligentia),
816 2060 1108 2127 tepiditatis
1139 2061 1349 2131 pariant
1375 2058 1566 2112 damna
1600 2057 1721 2110 vita:
1748 2064 1906 2108 acter-

322 2176 434 2215 nae.
467 2162 710 2229 Cumque
744 2156 850 2211 illze
882 2159 1167 2224 querereht
1208 2164 1324 2221 quae
1363 2159 1535 2213 esset,
1576 2161 1907 2217 nequaquam

322 2260 579 2324 promere
606 2252 808 2316 voluit,
844 2256 941 2306 nec
973 2252 1173 2303 morata
1205 2232 1292 2300 diu
1321 2244 1562 2315 corporis
1593 2242 1906 2298 infirmitate

324 2354 578 2414 correpta
614 2352 715 2399 est.
758 2343 887 2410 Quae
926 2355 1046 2395 cum
1080 2338 1309 2394 diversis
1338 2336 1697 2391 anxietatibus
1725 2348 1910 2403 agere-

330 2446 445 2506 tur,
477 2438 641 2507 erepit
672 2437 791 2492 laeta
829 2436 895 2488 ad
926 2435 1119 2489 ctelum
1149 2434 1326 2485 vultus
1356 2432 1588 2493 referre,
1624 2426 1673 2482 et
1706 2430 1912 2497 ignotas

329 2530 439 2587 stbi
479 2528 678 2583 dudum
709 2527 1100 2596 Scripturarttm
1131 2520 1350 2593 paginas
1378 2528 1661 2583 enarrare;
1692 2518 1912 2573 exorsa-

332 2636 441 2689 que
470 2634 499 2675 a
530 2621 787 2689 principio
827 2616 991 2673 libros
1033 2616 1196 2686 Moysi
1236 2622 1331 2685 per
1361 2616 1605 2669 Ordinem
1639 2612 1867 2666 recitare
1889 2649 1905 2675 ,

335 2712 725 2783 Erangeliique
763 2706 940 2766 vitalia
980 2716 1311 2763 sacramenta
1362 2718 1425 2761 ac
1474 2706 1765 2773 apostolica
1794 2711 1915 2771 post

335 2814 583 2858 veterum
637 2803 953 2857 documenta
1013 2808 1261 2863 narrare,
1316 2802 1611 2865 omnesque
1661 2795 1914 2861 deinceps

325 2899 637 2967 Scripturas
667 2908 732 2952 ex
762 2895 950 2950 ordine
980 2902 1310 2955 memorare,
1345 2891 1608 2958 simulque
1638 2887 1816 2942 dicere
1848 2900 1916 2940 ne

326 3004 395 3043 se
422 3003 539 3059 qua:
571 2986 887 3056 superStites
918 2990 1229 3040 remaneant
1257 2982 1484 3037 t‘rls1itiae
1516 2980 1776 3044 subdant,
1810 2980 1916 3033 cito

328 3100 398 3135 ex
442 3096 629 3137 eorum
668 3080 989 3136 adversariis
1026 3078 1299 3132 dominum
1338 3076 1592 3129 ultionem
1633 3074 1912 3131 daturum.

331 3174 547 3241 sibique
588 3175 904 3242 promissam
944 3179 1065 3225 esse
1118 3169 1255 3223 hanc
1302 3166 1717 3222 cumulationem
1768 3164 1919 3217 datu-

333 3221 545 3241 --νηιη
950 3221 1059 3225 η--
1121 3221 1124 3222 ν
1239 3221 1248 3223 -
1316 3221 1319 3222 ν

333 3282 476 3320 ram.
520 3256 645 3320 Erat
679 3265 818 3318 enim
859 3262 1196 3316 adversarius
1224 3260 1533 3314 m‘onaSteril
1558 3297 1572 3321 ,
1610 3258 1712 3325 liga
1747 3259 1915 3309 r‘iomi-
1944 3221 1995 3286 ο

332 3374 408 3412 nc
430 3398 446 3423 ,
476 3359 557 3409 vir
588 3357 640 3408 in
673 3353 869 3408 siculo
899 3350 1143 3406 sublimis
1164 3390 1177 3414 ,
1209 3349 1293 3405 cui
1328 3348 1655 3416 liagobertus
1687 3346 1918 3399 moriens

332 3453 506 3503 tilium
561 3446 885 3501 Clodoveum
942 3450 1059 3497 cttut
1118 3444 1283 3511 regno
1331 3438 1815 3492 commendaverat.
1872 3433 1919 3487 ls

335 3552 477 3611 ergo
507 3540 892 3594 adversabatur
921 3535 1227 3606 supradicto
1257 3532 1523 3599 coenobio,
1558 3530 1920 3598 terminosque

335 3633 579 3687 violabat
613 3641 660 3696 α,
690 3644 1010 3697 omnemque
1047 3627 1303 3680 familiam
1340 3624 1454 3693 ejus
1492 3625 1914 3677 circummanen-

335 3737 447 3778 tem
474 3734 788 3792 quacunque
815 3729 1020 3788 poterat
1041 3718 1321 3771 occasione
1349 3714 1789 3784 persequebatur.
1815 3711 1922 3767 Sed

334 3830 449 3871 non
476 3817 564 3870 diu
588 3825 778 3882 emptae
805 3813 1108 3881 pertinaciae
1139 3812 1334 3877 potitus
1360 3817 1440 3862 est
1467 3816 1623 3872 voto;
1655 3816 1773 3858 nam
1798 3818 1924 3857 mox

332 3922 461 3981 post
482 3911 798 3981 promissam
818 3910 1072 3963 ultionem
1096 3919 1377 3975 percussus
1400 3901 1619 3957 interiit.
1639 3900 1924 3968 Coepitque

337 4004 539 4057 deinde
563 4002 859 4068 orationes,
890 4012 953 4053 ac
984 4000 1392 4065 deprecatioues
1420 4005 1643 4062 quaeque
1671 3991 1924 4045 sacerdo-

335 4105 451 4150 tum
473 4093 645 4148 ofticia
663 4093 1002 4161 deprmnunt,
1017 4090 1155 4143 dulci
1178 4085 1539 4143 modulamine
1555 4097 1771 4137 canere.
1796 4084 1927 4148 Quae

339 4205 464 4243 cum
499 4186 847 4242 vehementer
873 4185 1195 4238 mirarentur
1225 4186 1343 4249 qu‘m
1372 4177 1643 4243 astabant,
1675 4189 1834 4228 unam
1862 4189 1929 4228 ex

340 4280 644 4335 astantibus
674 4277 902 4331 allocuta
932 4282 1054 4329 est:
1091 4273 1263 4341 Ejice,
1304 4270 1507 4339 inquit,
1551 4267 1727 4332 foras,
1760 4267 1926 4334 ejice,

351 4374 492 4441 iacta
525 4371 854 4441 quisquilias.
886 4368 1124 4433 Cumque
1154 4365 1270 4418 alia:
1299 4362 1671 4430 conquirerent
1700 4360 1822 4430 quid
1851 4358 1931 4413 di-

349 4477 475 4516 cere
508 4461 703 4524 vellet,
742 4458 850 4512 ait:
884 4458 995 4511 Non
1032 4456 1225 4521 aspicis
1254 4452 1466 4522 quantis
1500 4450 1751 4505 sordibus
1785 4464 1934 4504 men-

344 4564 452 4608 tem
480 4552 672 4607 habeat
697 4555 1004 4614 occupatam
1034 4554 1088 4599 et
1113 4556 1380 4599 caenosam
1405 4583 1418 4606 ,
1448 4556 1546 4596 nec
1591 4541 1813 4595 omnino
1842 4554 1935 4608 per

345 4646 741 4700 confessionem
782 4639 1015 4711 pectoris
1042 4638 1148 4691 sui
1195 4651 1374 4690 aream
1426 4648 1651 4703 purgare
1689 4632 1923 4698 studuit,

346 4752 505 4806 quam
544 4738 595 4789 in
635 4734 831 4789 saeculo
867 4733 1040 4786 adimo
1090 4728 1260 4799 posita
1296 4729 1602 4797 priusquam
1644 4727 1746 4780 huc
1780 4724 1927 4778 clau-

348 4830 585 4892 deretur,
625 4829 767 4882 omni
798 4818 1051 4895 spurcitia
1094 4820 1418 4876 maculavit?
1458 4816 1711 4873 Perculsa
1749 4825 1928 4880 metu,

350 4920 667 4976 verecundia
697 4928 939 4987 correpta
963 4956 977 4983 ,
996 4924 1065 4971 let
1089 4928 1116 4968 a
1146 4914 1346 4967 lumine
1374 4911 1604 4977 Spiritus
1628 4908 1799 4962 sancti
1837 4907 1931 4962 de-

353 5015 617 5080 prehensa
644 5011 726 5065 cui
754 5011 876 5065 talia
904 5009 1235 5070 dicebautur,
1263 5007 1378 5059 snio
1402 5002 1778 5074 prosternitur,
1798 5002 1934 5055 cela-

356 5115 515 5174 taque
544 5104 669 5158 vitia
702 5102 848 5155 Matri
882 5115 974 5169 per
999 5099 1390 5153 confessionem
1424 5094 1636 5166 prodit,
1669 5093 1938 5163 coepitque

358 5198 595 5266 posticae
644 5211 765 5266 quae
813 5195 932 5247 vita:
978 5193 1178 5247 exitum
1230 5190 1575 5258 exspectabat
1610 5201 1833 5256 rogare,
1887 5191 1942 5237 ut

357 5292 528 5362 spatio
556 5291 691 5345 facto
719 5291 891 5343 locum
925 5284 1259 5339 venientibus
1282 5282 1492 5336 darent.
1516 5280 1667 5346 Quod
1699 5290 1820 5331 cum
1848 5275 1943 5329 ob-

364 5394 759 5455 temperarent,
793 5382 946 5437 hilari
977 5381 1122 5435 vultu
1142 5421 1156 5445 ,
1183 5382 1464 5449 capiteque
1492 5377 1745 5430 inclinato
1773 5372 1900 5434 dicit
1924 5389 1939 5426 :

363 5479 695 5539 Benedicite,
730 5476 959 5529 domina:
989 5487 1142 5538 mete,
1176 5469 1493 5535 benedicite,
1524 5467 1753 5523 domina:
1784 5480 1935 5518 mea).

363 5570 800 5641 lnquireutesque
822 5580 942 5636 quae
968 5563 1213 5617 astabant
1237 5561 1427 5628 quibus
1455 5559 1678 5615 salutetur
1711 5555 1942 5624 praemit-

364 5672 530 5729 teret,
567 5661 881 5732 respondit:
922 5657 1035 5713 Non
1067 5655 1287 5715 cernitis
1322 5667 1541 5709 sorores
1579 5658 1789 5705 vestras
1823 5661 1941 5716 quae

2615 1958 2841 2017 CAPUT
2869 1957 3001 2014 Vill.

2225 2080 2304 2134 De
2333 2080 2647 2135 Leudeberta
2677 2088 2722 2132 et
2751 2078 2937 2133 visione
2965 2076 3106 2133 Petri
3132 2075 3372 2148 apostoli.

2087 2172 2172 2229 l5.
2220 2172 2345 2228 Post
2399 2171 2497 2227 has
2545 2186 2753 2226 rursum
2802 2169 3015 2225 uberius
3063 2169 3280 2224 Bonitas
3311 2182 3595 2223 munerum

2014 2281 2232 2323 suorum
2285 2265 2526 2333 congerit
2591 2263 2980 2331 supplementa,
3016 2259 3277 2330 aliamque
3334 2260 3595 2327 virginem

2014 2358 2400 2415 Leudebertam
2426 2356 2662 2419 nomine,
2696 2356 2911 2408 monitis
2934 2340 3235 2407 salubribus
3265 2364 3327 2403 ac
3351 2348 3592 2405 caelestis

2017 2454 2276 2523 prosapiae
2307 2449 2637 2505 documentis
2670 2448 2879 2503 munire
2911 2462 3013 2500 non
3044 2445 3271 2500 distulit.
3307 2442 3436 2497 Nam
3467 2457 3591 2497 cum

2015 2553 2255 2597 sanctam
2307 2542 2359 2596 in
2415 2541 2603 2595 eodem
2656 2540 2904 2596 etenobio
2965 2554 3057 2608 per
3089 2537 3262 2607 aliqua
3296 2544 3596 2603 temporum

2016 2638 2185 2703 spatia
2214 2635 2372 2688 vitam
2414 2642 2613 2703 ageret,
2647 2648 2737 2703 per
2765 2647 3008 2699 soporem
3056 2646 3171 2684 eam
3229 2628 3369 2683 Deus
3413 2626 3601 2681 admo-

2017 2743 2145 2781 nere
2177 2743 2280 2781 non
2334 2726 2560 2793 distulit,
2606 2725 2748 2779 utad
2778 2725 2897 2778 vita:
2926 2726 3123 2777 exitum
3174 2720 3489 2789 paratiorem
3542 2733 3600 2773 se

2018 2821 2256 2876 efficeret
2289 2839 2300 2873 :
2340 2820 2617 2889 aiebatque
2672 2821 2719 2874 ei
2753 2834 2849 2873 vox
2883 2832 3001 2872 cum
3050 2829 3208 2884 sopor
3260 2812 3497 2867 membra
3530 2812 3601 2865 la-

2021 2921 2218 2977 xasset,
2249 2920 2306 2964 ut
2333 2925 2390 2964 se
2420 2924 2447 2962 a
2478 2896 2794 2977 supradictae
2827 2906 3004 2961 Matris
3048 2903 3261 2958 monitis
3292 2901 3597 2956 nullatenus

2021 3004 2276 3071 deviaret,
2304 3004 2426 3072 quia
2464 3002 2570 3056 cito
2600 3015 2628 3053 a
2659 3000 2864 3068 superis
2907 3006 3245 3068 scgregatura
3296 3003 3455 3049 esset.
3491 2988 3600 3046 Nec

2022 3097 2230 3153 distulit
2279 3096 2366 3150 diu
2420 3094 2665 3164 promissi
2726 3093 2961 3146 numeris
3020 3092 3262 3159 Largitor
3335 3078 3598 3155 benignus

2026 3189 2220 3244 donum
2251 3188 2601 3249 accumulare,
2633 3183 2993 3253 corripuitque
3043 3179 3373 3251 :egritudine,
3425 3192 3488 3231 ac
3536 3176 3589 3228 in

2026 3281 2302 3351 propatulo
2348 3280 2413 3333 ad
2444 3295 2749 3345 supremum
2801 3276 2998 3332 exitum
3028 3274 3292 3343 perduxit.
3333 3272 3447 3338 Quo
3477 3284 3601 3323 cum

2017 3382 2131 3453 jam
2155 3383 2221 3436 ad
2254 3389 2520 3435 extmnos
2549 3388 2655 3431 tam
2686 3377 2850 3430 Mater
2880 3389 3034 3442 quam
3062 3372 3271 3426 sodales
3307 3367 3600 3438 rependere

2027 3482 2265 3528 astarent
2296 3471 2547 3533 honores,
2601 3467 2774 3523 subito
2820 3477 2937 3535 post
2971 3468 3179 3533 lengum
3210 3462 3477 3515 silentium
3511 3473 3603 3511 vo.

2027 3580 2142 3621 cem
2175 3564 2365 3634 promit
2388 3577 2449 3616 ac
2498 3562 2659 3615 dicit:
2714 3561 2825 3626 Qua
2868 3560 3017 3621 hora,
3052 3556 3283 3624 gloriose
3330 3551 3603 3623 apostolo-

2028 3674 2145 3714 rum
2176 3658 2419 3726 princeps
2450 3656 2622 3715 Petre,
2652 3654 2728 3707 vis
2764 3662 2818 3705 ut
2847 3649 3066 3705 eamus?
3112 3647 3258 3717 Quod
3308 3660 3428 3698 cum
3484 3644 3629 3696 ali-.11-

2027 3751 2151 3821 quid
2185 3756 2364 3819 ageret
2414 3760 2572 3800 nosse
2620 3744 2836 3807 vellent,
2887 3738 3214 3807 illainquit:
3266 3736 3377 3790 Non
3414 3730 3608 3787 videtis

2030 3850 2307 3909 patronum
2335 3848 2569 3892 vestrum
2602 3835 2960 3904 apostolorum
3006 3832 3293 3900 principem
3328 3830 3467 3882 inter
3514 3838 3607 3879 vos

2027 3906 2219 3993 astare,
2245 3939 2299 3984 et
2330 3944 2413 3982 me
2439 3929 2504 3982 de
2532 3927 2628 3979 hac
2659 3926 2761 3978 vita
2792 3924 2986 3978 ducere
3015 3922 3194 3976 velle?
3228 3919 3322 3972 Vix
3366 3920 3481 3971 haec
3522 3906 3609 3969 di—

2028 4040 2155 4080 cere
2208 4022 2388 4089 licuit,
2423 4021 2572 4075 laetos
2618 4034 2804 4074 omnes
2833 4018 3351 4081 circumchpectant
3392 4010 3601 4073 vultus,

2031 4129 2410 4185 extremosque
2457 4112 2655 4169 dimisit
2715 4112 2930 4174 halitus,
2987 4121 3311 4175 superasque
3364 4101 3609 4171 linquens

2031 4226 2210 4275 auras,
2236 4207 2300 4263 ad
2334 4217 2530 4261 aeterna
2562 4190 2751 4275 gaudia
2784 4213 2863 4256 est
2896 4211 3165 4271 provecta.
3199 4198 3327 4250 Nam
3372 4195 3492 4248 ideo
3520 4208 3608 4245 re-

2034 4321 2149 4360 rum
2183 4306 2342 4359 Sator
2373 4311 2492 4372 post
2520 4302 2672 4371 longa
2693 4298 2900 4353 silentia
2946 4297 2995 4349 iu
3036 4295 3171 4346 hinc
3222 4305 3405 4343 vocem
3458 4288 3609 4340 flebi—

2034 4399 2137 4455 lem
2156 4411 2468 4468 promovere
2494 4397 2721 4464 linguam
2741 4392 3008 4461 permisit,
3038 4387 3240 4441 utalias
3262 4385 3325 4436 ad
3345 4383 3461 4450 ejus
3484 4380 3610 4432 vitae

2036 4495 2283 4562 exempla
2338 4501 2671 4561 provocaret,
2741 4496 2794 4539 et
2856 4493 3029 4534 tantas
3089 4492 3362 4532 munerum
3430 4470 3612 4538 cupias

1960 4578 2245 4658 Dsuperis
2296 4586 2704 4645 demonsuaret,
2746 4579 2933 4647 quibus
2981 4574 3045 4625 ab
3096 4571 3193 4622 hac
3242 4568 3359 4621 luce
3405 4566 3457 4617 in
3512 4577 3612 4617 suo

2034 4657 2223 4735 timore
2255 4676 2338 4730 vel
2369 4687 2553 4727 amore
2578 4672 2867 4741 migrantes
2892 4666 3061 4719 ditare
3096 4677 3201 4716 non
3232 4657 3449 4714 desinit.

2658 4779 2882 4839 CAPUT
2913 4778 3005 4832 IX.

2036 4908 2111 4962 De
2161 4901 2559 4973 delinquentium
2612 4897 2929 4966 correptione
2972 4900 3019 4948 et
3063 4892 3391 4945 damnatione
3438 4885 3617 4957 fugiti-

2730 4983 2928 5022 varum.

2233 5085 2561 5142 Ederbuerat
2591 5092 2773 5136 contra
2803 5081 2938 5133 banc
2966 5079 3172 5148 plebem
3202 5070 3396 5128 Christi
3430 5068 3617 5137 nequi-

2050 5186 2120 5239 tia
2174 5180 2448 5235 diabo‘licae
2498 5176 2743 5241 fraudis;
2802 5174 3007 5228 etdum
3069 5170 3272 5237 pollere
3334 5162 3615 5215 virtutibus

2047 5284 2310 5339 cerneret,
2339 5284 2619 5341 aggressus
2648 5278 2732 5323 est
2765 5265 3140 5319 mutationibus
3171 5256 3437 5311 maculare
3466 5268 3619 5317 quas-

2048 5368 2171 5419 dam
2218 5378 2283 5418 ex
2312 5362 2394 5415 his
2421 5376 2549 5428 quas
2572 5370 2703 5414 nova
2728 5354 3059 5411 conversatio
3095 5351 3253 5404 rudes
3280 5344 3553 5407 reddebat,
3585 5359 3614 5396 a

2050 5468 2359 5512 cancrorum
2384 5454 2705 5509 continentia
2732 5450 2873 5502 nisus
2913 5444 3162 5505 chllcre,
3194 5455 3256 5493 ac
3306 5446 3452 5505 septa
3504 5434 3618 5487 Mo-

2052 5554 2265 5608 uasterii
2291 5550 2491 5608 violare
2520 5555 2762 5607 tentare;
2809 5536 3255 5609 praecipitavitque
3285 5530 3612 5586 exitiabilem

2052 5648 2211 5701 vitam
2240 5645 2418 5698 saeculi
2447 5640 2770 5700 desiderare,
2804 5647 2865 5687 ac
2892 5632 3080 5684 canino
3119 5641 3266 5680 more
3315 5623 3493 5677 relicta
3543 5620 3621 5670 vi-

434 5808 463 5838 ι
496 5798 557 5852 id
608 5796 846 5852 criminis
895 5793 1046 5864 Este
1083 5792 1283 5848 homini
1345 5791 1430 5860 pio
1498 5800 1775 5860 perperam
1818 5780 2019 5851 imponi
2057 5792 2240 5838 censet
2274 5778 2538 5833 Adrianus
2574 5772 2845 5831 Valesius,
2887 5768 2935 5817 in
2978 5765 3100 5817 lter.
3142 5761 3330 5814 Franc.
3375 5754 3465 5810 lib.
3507 5766 3575 5803 xx
3606 5788 3621 5816 ι

366 5888 483 5943 pag.
526 5869 646 5925 158.
