4038 6354
429 303 466 363 1
476 302 580 361 079

1569 304 1761 363 JONE
1799 305 2087 366 ABBATIS
2122 307 2546 366 ELNONENSIS

3574 313 3710 369 i080

446 433 663 480 scerum
689 419 1013 490 putrimenta
1035 419 1213 476 denuo
1234 433 1447 477 sumere
1467 421 1624 476 velle.
1655 420 1897 491 Cumque
1920 422 2030 492 jam
2057 429 2111 488 Α
2137 425 2427 481 fessionem
2451 425 2658 482 facinus
2690 426 2950 495 pandant.
2978 426 3222 497 Cumque
3250 418 3514 481 obdurato
3552 427 3711 483 corde

440 526 547 583 per
592 526 788 581 opacas
813 511 1034 567 umbras
1065 513 1379 583 silentiaque
1408 515 1569 567 fuscae
1599 514 1772 568 noctis
1818 514 1885 569 ad
1933 514 2035 568 im-

442 620 607 661 mane
646 604 1031 675 perliciendum
1081 605 1364 661 consilium
1413 608 1736 674 aspirareut,
1787 615 1841 662 et
1881 617 2032 675 septa

442 695 760 755 monasterii
792 711 889 766 per
912 697 1165 768 repagula
1194 697 1352 752 scalae
1376 697 1640 752 transilire
1687 708 2033 765 conarentur,

443 788 688 847 Subitoa
718 787 897 842 medio
943 787 1240 843 dormitorii
1289 803 1462 843 massa
1515 789 1657 858 ignis
1714 789 1768 843 in
1814 788 2032 844 modum

446 879 623 937 modii
652 894 871 951 egressa
906 888 1069 935 totam
1108 880 1324 935 domum
1350 882 1696 950 perlustravit
1721 882 2033 951 atque‘illu-

448 974 696 1041 minavit,
726 989 788 1029 ac
838 981 958 1044 post
1004 973 1057 1028 in
1114 982 1222 1029 tres
1274 974 1440 1029 divisa
1489 975 1675 1044 globos
1726 989 1823 1043 per
1868 976 2037 1030 ostiu-

447 1084 571 1126 rum
615 1079 823 1126 meatus
845 1083 966 1123 cum
998 1082 1191 1137 magno
1241 1068 1463 1123 tonitrui
1487 1068 1695 1137 fragore
1748 1082 2031 1139 progressa

451 1172 558 1220 est.
588 1162 831 1217 Totidem
863 1161 1057 1217 etenim
1090 1161 1224 1216 ostia
1264 1161 1455 1216 domus
1485 1160 1739 1227 habebat,
1774 1176 1869 1230 per
1900 1174 2035 1230 quos

452 1270 583 1315 suos
614 1255 750 1327 ignis
796 1255 985 1324 globos
1016 1255 1297 1325 proferret.
1342 1255 1442 1323 Qui
1487 1254 1703 1309 tonitrui
1750 1254 1935 1325 fragor
1987 1262 2040 1307 et

455 1348 786 1405 dormientes
815 1348 1083 1415 excitavit,
1116 1359 1169 1403 et
1192 1348 1527 1417 egredientes
1558 1348 1865 1403 monasterii
1887 1357 2038 1416 septa

456 1441 710 1505 correxit,
743 1450 797 1495 et
836 1456 953 1494 cum
1006 1441 1114 1511 jam
1164 1439 1359 1493 vallum
1404 1439 1566 1509 pedes
1622 1440 1813 1509 aliqua:
1858 1454 2037 1494 earum

456 1529 816 1597 trajeeissent,
847 1539 901 1585 et
957 1539 1103 1585 tanto
1138 1530 1349 1600 fragore
1376 1530 1675 1599 perterrita:
1724 1530 1860 1583 intra
1892 1538 2040 1599 septa

456 1620 660 1675 vellent
690 1620 909 1687 referre,
940 1621 1087 1675 velut
1110 1622 1325 1689 plumbo
1355 1630 1672 1690 aggravatos
1710 1635 2040 1691 nequaquam

457 1712 711 1767 valebant
751 1713 1031 1780 reducere,
1062 1714 1183 1782 quia
1223 1713 1469 1768 diabolus
1514 1727 1614 1782 qua
1660 1711 1875 1766 valebat
1928 1721 2042 1766 arte

2137 516 2266 571 nihil
2290 518 2511 572 remedii
2534 532 2726 587 capere
2759 518 2978 586 vellent,
3032 519 3169 574 inter
3219 520 3427 591 ﬂagella
3484 520 3713 578 clamare

2135 622 2413 679 cmperunt
2440 630 2455 666 :
2487 612 2759 667 Sustinete
2793 611 3090 681 paululum,
3122 614 3410 681 sustinete,
3442 629 3539 669 nec
3569 630 3712 684 pror-

2135 718 2230 760 sus
2255 712 2602 772 expectantes
2633 714 2838 769 urgete.
2875 702 3120 772 Cumque
3150 703 3269 758 alite
3329 704 3661 775 inquirerent
3687 722 3714 760 a

2137 796 2326 864 quibus
2341 795 2593 850 sustineri
2617 803 2893 865 rogarent,
2925 796 3116 851 aiunt:
3144 796 3259 851 Non
3284 798 3521 867 aspicitis
3540 798 3716 853 turbas

2140 888 2452 957 Etliiopum
2483 887 2911 953 adventantium,
2942 904 3063 959 quae
3094 903 3191 943 nos
3212 904 3402 959 rapere
3447 900 3503 944 et
3554 890 3721 943 abdu-

2138 997 2263 1037 cerc
2292 982 2523 1037 volunt?
2572 982 2814 1051 Cumque
2867 982 2983 1037 haec
3034 999 3152 1053 quae
3208 984 3432 1039 aderant
3485 983 3720 1038 terribile

2138 1075 2282 1130 dictu
2317 1074 2660 1140 mirarentur,
2686 1075 2905 1128 audiunt
2938 1075 3202 1143 fragorem
3253 1090 3415 1145 supra
3475 1074 3717 1129 cellulam

2139 1177 2193 1223 et
2224 1176 2530 1238 tegumenta
2556 1169 2921 1236 personantia,
2978 1166 3284 1233 ostiumque
3312 1165 3521 1222 cellula:
3574 1175 3722 1236 pate-

2140 1263 2334 1317 factum
2362 1262 2433 1329 vi,
2466 1264 2536 1316 ita
2559 1271 2615 1315 ut
2642 1262 3005 1331 nigrescentes
3042 1260 3262 1314 umbras
3315 1266 3489 1313 astare
3535 1273 3722 1313 cerne-

2140 1364 2279 1422 rent,
2336 1362 2390 1409 et
2432 1368 2593 1409 voces
2639 1354 2827 1408 crebro
2878 1368 2970 1408 eas
3022 1351 3316 1406 clamantes
3359 1366 3454 1419 per
3502 1350 3721 1406 nomina

2141 1445 2408 1510 audirent,
2441 1444 2511 1498 ita
2538 1452 2595 1498 ut
2636 1444 2722 1498 vix
2752 1459 2873 1512 qua:
2921 1442 3145 1498 aderant
3169 1443 3321 1512 signo
3347 1442 3521 1496 crucis
3549 1458 3725 1496 arma-

2143 1545 2211 1591 tze
2243 1536 2307 1590 ad
2342 1536 2599 1604 psallendi
2629 1536 2862 1591 officium
2891 1536 3118 1592 detenta:
3144 1536 3350 1590 valeant
3371 1545 3565 1591 astare.
3589 1536 3727 1591 Tan-

2144 1628 2183 1683 ti
2209 1628 2408 1683 doloris
2428 1638 2586 1700 atque
2629 1628 2877 1685 maeroris
2921 1637 3115 1683 eventu
3142 1627 3311 1685 Mater
3343 1636 3520 1698 urget,
3553 1636 3611 1681 ut
3636 1641 3729 1695 per

2146 1721 2535 1776 confessionem
2567 1721 2798 1789 pandant
2822 1720 2974 1787 vitia,
3000 1728 3056 1776 et
3075 1714 3212 1775 sacri
3226 1720 3465 1789 corporis
3487 1733 3725 1773 commua

459 1806 710 1863 studebat
730 1823 1035 1879 aggravare,
1064 1822 1195 1878 quas
1223 1808 1398 1861 divina
1421 1806 1686 1875 correptio
1710 1820 2042 1875 nequaquam

2163 1817 2312 1873 nione
2346 1816 2686 1871 roborentur.
2723 1817 2788 1869 At
2811 1814 2913 1869 illa:
2941 1814 3121 1869 audita
3143 1814 3285 1869 sacri
3308 1813 3552 1881 corporis
3575 1828 3729 1867 men-

461 1903 673 1958 sinebat
701 1901 897 1970 perire.
923 1903 1171 1958 Confusa:
1198 1918 1326 1973 ergo
1348 1903 1536 1972 culpas
1582 1908 1897 1970 agnoscunt,
1930 1900 2045 1955 Ma-

461 2000 641 2067 trique
670 2014 905 2055 reversm
932 2016 1026 2070 per
1053 2000 1447 2055 confessionem
1482 1998 1733 2066 produnt.

540 2092 943 2166 15.Aggressus
962 2094 1215 2161 deinceps
1238 2093 1369 2149 alias
1400 2092 1534 2146 duas
1562 2093 1810 2160 antiquus
1838 2088 2047 2159 anguis,

465 2199 601 2256 quas
621 2189 871 2240 noviores
892 2199 954 2239 ac
980 2186 1149 2240 multo
1170 2184 1553 2239 imbecilliores
1574 2180 1912 2238 conversatio
1938 2179 2054 2235 red-

465 2276 651 2343 debat,
700 2284 905 2333 tentare
935 2276 1214 2344 compulit,
1267 2277 1495 2345 primum
1548 2290 1615 2329 ne
1660 2272 2050 2329 confessionem

466 2384 654 2425 veram
683 2384 1019 2440 nequaquam
1037 2370 1106 2425 ab
1132 2384 1225 2424 ore
1248 2378 1580 2440 promerent.
1610 2366 1739 2421 Erat
1761 2365 1902 2421 enim
1924 2379 2054 2419 con-

468 2462 769 2519 suetudinis
795 2462 1199 2543 monasterii,ut
1233 2472 1315 2518 ter
1350 2462 1401 2516 in
1428 2461 1515 2518 die
1539 2476 1635 2532 per
1663 2459 2052 2515 confessionem

474 2561 504 2591 ι
522 2569 851 2625 unaquaeque
874 2570 1058 2609 earum
1087 2564 1321 2609 mentem
1351 2565 1620 2623 purgaret,
1638 2560 1692 2607 et
1711 2552 2057 2622 qualemcun-

477 2661 582 2715 que
613 2662 796 2717 rugam
824 2661 974 2701 mens
1005 2646 1291 2716 fragilitate
1312 2646 1644 2711 attraxisset,
1696 2646 1777 2713 pia
1827 2644 2056 2713 proditio

477 2738 741 2793 ablueret.
775 2738 829 2791 ln
861 2737 998 2791 hanc
1026 2752 1154 2805 ergo
1184 2736 1359 2792 labem
1389 2745 1597 2791 mentes
1627 2734 2053 2805 supradictarum

474 2831 771 2902 puellarum
800 2830 998 2885 diaboli
1038 2831 1211 2899 jacula
1240 2830 1628 2893 demerserant,
1653 2840 1703 2882 ut
1731 2828 1871 2882 nulla
1920 2842 2055 2882 con-

472 2922 638 2978 fessio
667 2938 790 2979 vera
821 2924 889 2978 ab
915 2938 1007 2977 ore
1032 2922 1295 2993 prodiret,
1336 2937 1429 2977 seu
1463 2936 1584 2989 qua:
1636 2921 1687 2975 iu
1736 2920 1833 2973 hoc
1863 2920 2057 2974 sacculo

479 3016 887 3080 commiserant,
941 3029 1035 3070 seu
1090 3032 1208 3084 qua:
1260 3013 1567 3088 quotidiana
1601 3011 1854 3081 fragilitas
1898 3020 2061 3065 attra-

2150 1911 2327 1979 tione,
2379 1910 2586 1979 garrire
2631 1906 2878 1963 dentibus
2936 1921 3000 1962 ac
3051 1905 3296 1962 frendere
3347 1913 3625 1975 coeperunt
3679 1913 3731 1958 et

2149 2002 2438 2059 stridentes
2474 2002 2696 2058 dicere:
2729 2002 2884 2067 Cras,
2928 2014 3081 2066 cras;
3132 2009 3186 2055 et
3230 1998 3439 2054 interim
3490 1997 3730 2066 supradi.

2156 2106 2300 2151 ctam
2323 2110 2509 2151 vocem
2537 2102 2778 2164 repetere
2806 2111 2820 2148 :
2848 2092 3192 2160 ExSpectate,
3215 2097 3541 2159 exspectate,
3572 2088 3729 2142 susti-

2153 2200 2277 2243 nete
2317 2188 2614 2257 paululum,
2667 2186 2946 2241 sustinete.
3004 2184 3149 2241 Inter
3188 2198 3319 2254 quas
3344 2196 3509 2238 voces
3549 2188 3734 2236 extre-

2153 2296 2298 2337 mum
2330 2279 2555 2334 halitum
2582 2279 2921 2335 dimiserunt.

2227 2372 2317 2426 l7.
2363 2372 2510 2440 Quas
2538 2386 2659 2426 cum
2691 2372 2749 2425 in
2781 2371 3009 2442 collegio
3050 2379 3361 2426 creterarum
3407 2381 3732 2437 nequaquam

2153 2466 2325 2522 Mater
2350 2464 2658 2520 monasterii
2680 2464 2912 2532 sepelire
2944 2473 3117 2519 ratum
3142 2463 3380 2526 duceret,
3412 2461 3727 2531 segregatim

2158 2556 2455 2611 humandas
2508 2555 2559 2610 in
2617 2566 2913 2611 extremum
2969 2555 3303 2625 sepeliendas
3354 2554 3481 2609 foris
3530 2552 3731 2623 jubet:

2157 2665 2319 2721 supra
2349 2664 2573 2719 quarum
2600 2648 2836 2705 tumulos
2869 2649 3058 2718 globus
3090 2650 3223 2718 ignis
3252 2647 3303 2703 iu
3352 2646 3569 2701 modum
3618 2645 3733 2714 cly-

2159 2741 2246 2811 pei
2272 2742 2406 2795 intra
2466 2738 2748 2794 trienuium
2781 2754 2924 2808 saepe
2966 2739 3228 2808 apparuit,
3262 2736 3558 2806 praesertim
3587 2735 3725 2802 Qua-

2159 2832 2470 2901 dragesimze
2498 2831 2686 2886 diebus
2718 2846 2885 2900 usque
2915 2830 2979 2884 ad
3008 2831 3294 2885 adventum
3317 2829 3486 2883 sancti
3520 2827 3735 2883 Pascha

2162 2925 2244 2979 vel
2271 2925 2430 2979 etiam
2485 2924 2662 2994 vigilia
2695 2924 2895 2979 Natalis
2926 2924 3133 2978 Domini
3179 2922 3468 2978 ferventior
3520 2936 3743 2991 appare-

2162 3018 2271 3082 bat,
2324 3016 2588 3086 simulque
2643 3030 2799 3071 voces
2874 3016 3243 3070 tumultu-tntis
3301 3016 3469 3069 turba;
3545 3014 3721 3068 multae

476 3106 662 3173 luebat,
686 3107 770 3161 vel
794 3106 844 3160 in
872 3107 1220 3175 cogitatione.
1252 3106 1333 3160 vel
1363 3106 1413 3159 in
1444 3118 1711 3168 sermone.
1737 3103 1816 3157 vel
1851 3102 1903 3155 in
1936 3118 2059 3171 ope-
2084 3153 2136 3219 ο
2163 3110 2537 3180 personabant.
2574 3109 2712 3163 Inter
2742 3122 2873 3179 quas
2902 3108 3019 3163 duae
3058 3107 3325 3162 ulutantes
3360 3105 3735 3175 erumpebant,

481 3215 536 3219 μ-
591 3214 653 3219 μ-
688 3216 803 3219 μ-..-
848 3200 1103 3219 -__r-_-!_
1147 3214 1242 3219 ..-μ
1291 3197 1611 3219 ..μ-ξι-..ιξμ
1668 3196 2055 3219 ωΑ.³ξ---...Α..ι.ι
2168 3200 2309 3219 μλ--.
2341 3201 2385 3219 εΔ
2444 3200 2721 3219 .-.....-...ε-
2752 3211 3002 3219 _------_-
3053 3196 3221 3219 --|-:_.
3259 3214 3269 3219 -
3299 3195 3387 3219 17..
3440 3194 3567 3219 ...ΣΙ-2
3599 3196 3612 3219 1
3665 3209 3735 3219 ..ι-η

481 3215 564 3268 re,
591 3214 660 3255 ne
688 3216 810 3255 vera
841 3200 1109 3254 confessio
1147 3214 1243 3267 per
1291 3197 1614 3268 paenitentia:
1668 3196 2060 3250 medicamenta

483 3307 676 3347 rursus
726 3293 976 3348 redderet
1023 3292 1284 3358 sospitati.
1340 3287 1577 3356 Cumque
1608 3288 1819 3342 letliifer
1875 3288 2063 3357 anguis

486 3384 739 3454 paulatim
786 3382 947 3439 corda
999 3381 1312 3437 obdurando
1365 3380 1827 3446 virusinfudisset,
1861 3388 1914 3433 et
1965 3379 2066 3433 sibi

484 3476 739 3546 deceptas
767 3490 862 3530 sua
918 3476 1150 3544 nequitia
1204 3484 1407 3529 mentes
1459 3488 1645 3543 parere
1697 3472 2064 3541 comperisset,

485 3585 773 3641 aggressus
800 3578 967 3625 estut
991 3569 1217 3638 quadam
1274 3579 1428 3624 nocte
1471 3576 1621 3622 extra
1678 3575 1826 3637 septa
1881 3580 2068 3619 mona-

482 3660 635 3718 Sterii
686 3675 986 3731 progressae
1044 3661 1221 3731 fugam
1280 3662 1596 3731 arriperent,
1653 3670 1707 3714 et
1750 3658 1814 3713 ad
1858 3658 2070 3728 propria

484 3767 733 3809 remeare
778 3755 997 3809 vellent.
1031 3754 1275 3822 Cumque
1305 3770 1399 3823 per
1443 3754 1664 3807 densam
1697 3760 1907 3805 noctem
1960 3751 2074 3803 abt-

488 3854 635 3911 rent,
666 3859 765 3898 nec
797 3860 1013 3913 prorsus
1039 3859 1134 3913 pro
1156 3842 1421 3899 densitate
1448 3842 1692 3912 caliginis
1715 3841 1855 3895 viam
1883 3850 2070 3895 tenere

489 3936 805 4005 quivissent,
839 3937 1007 3991 astitit
1054 3936 1118 3989 ad
1165 3937 1354 3990 laevam
1386 3934 1652 4002 diabolus,
1699 3948 1762 3988 ac
1814 3933 1991 3987 lumen
2020 3933 2073 3987 in

492 4031 711 4087 modum
737 4030 969 4085 lucerna!
1000 4038 1117 4084 arte
1140 4044 1242 4100 qua
1270 4028 1786 4091 valuitassimilavit,
1808 4036 2076 4081 monstra-

488 4133 676 4189 vitque
698 4122 837 4175 viam
885 4122 952 4175 ad
998 4122 1179 4175 saeculi
1237 4120 1488 4175 reducem
1527 4134 1591 4174 ac
1647 4118 2075 4188 tergiversationi

488 4214 635 4268 vires
660 4211 891 4267 advexit.
925 4208 1167 4279 Cumque
1197 4211 1261 4263 ad
1293 4210 1465 4264 locum
1497 4209 1862 4279 pervenissent
1913 4209 2085 4288 desti:

492 4314 704 4369 natum,
732 4300 1181 4371 subsequentibus
1210 4298 1615 4370 inquisitoribus
1638 4299 1796 4354 nullis
1817 4299 2080 4354 obstanti-

460 4398 602 4456 .bus
640 4397 705 4452 ad
738 4396 1015 4467 praefatum
1047 4394 1349 4450 cmnobium
1396 4404 1575 4463 rugata
1606 4391 1784 4449 fronte
1832 4394 2074 4448 redeunt.

2167 3200 2315 3255 velut
2341 3201 2391 3254 in
2443 3200 2723 3255 tormentis
2752 3211 3006 3253 resonare
3050 3196 3226 3251 sole‘nt
3259 3214 3271 3250 :
3299 3195 3389 3249 Vae
3440 3194 3613 3249 mihi!
3665 3209 3743 3246 va:

2168 3292 2335 3347 mihi!
2370 3306 2452 3346 va
2499 3290 2664 3345 mihi!
2715 3290 2954 3345 Cernetis
3005 3290 3182 3358 itaque
3230 3286 3395 3341 Mater
3443 3284 3747 3340 monasterii

2165 3381 2366 3453 justam
2388 3382 2710 3436 sententiam
2741 3395 2771 3435 a
2797 3379 2946 3450 justo
2972 3379 3157 3434 Judice
3184 3394 3342 3448 super
3370 3377 3593 3447 injustas
3624 3377 3736 3430 ani-

2172 3488 2288 3528 mas
2312 3473 2534 3539 illatam,
2566 3470 2901 3527 manifestius
2929 3472 3296 3526 damnatarum
3325 3469 3648 3524 sententiam
3672 3476 3751 3523 est

2172 3581 2416 3639 aggressa
2462 3565 2746 3635 comperiri
2776 3583 2791 3633 ;
2823 3565 3188 3635 accedensque
3238 3564 3304 3617 ad
3354 3564 3637 3627 tumulum,
3663 3576 3751 3617 ex-

2174 3662 2471 3730 perimento
2522 3660 2715 3728 quaerit
2764 3660 2810 3715 si
2865 3658 3127 3713 cadavera
3179 3658 3420 3728 quamvis
3464 3656 3745 3726 putredine

2174 3761 2425 3821 corrupta
2455 3753 2507 3807 in
2539 3752 2787 3822 sepulcro
2839 3760 3109 3807 maneant.
3165 3752 3388 3820 Jamque
3435 3750 3637 3805 mensis
3681 3764 3745 3804 ex

2173 3863 2280 3919 quo
2326 3848 2505 3903 funem
2568 3862 2791 3916 corpora
2823 3848 3036 3903 condita
3085 3855 3237 3901 erant
3289 3845 3643 3912 praeterierat,
3694 3854 3745 3899 et

2177 3956 2305 3996 ecce
2334 3940 2536 4009 reperit
2584 3941 2806 3995 interius
2852 3940 3159 4009 sepulcrum
3192 3938 3314 4009 igne
3343 3945 3611 4001 exustum,
3661 3950 3756 3990 nec

2176 4033 2465 4102 quidquam
2493 4041 2649 4087 terra:
2676 4031 2875 4087 residui
2898 4046 3181 4100 superesse
3227 4030 3509 4086 cadaveris
3566 4037 3759 4098 praeter

2177 4128 2389 4185 favillas
2419 4130 2669 4184 vestium.
2701 4127 2895 4183 Mansit
2942 4127 3120 4197 itaque
3169 4142 3261 4197 per
3292 4125 3574 4180 triennium
3603 4124 3757 4179 illatae

2177 4223 2456 4278 sententiae
2482 4222 2762 4287 severitas,
2790 4231 2847 4276 ut
2871 4230 3044 4276 terror
3080 4220 3446 4275 damnatarum
3507 4219 3752 4273 timorem

2178 4317 2443 4385 praeberet
2487 4316 2747 4371 sodalium
2795 4315 3201 4380 remanentium,
3232 4324 3479 4385 essetque
3526 4326 3750 4382 correp-

2179 4413 2253 4464 tio
2284 4412 2572 4466 viventium
2605 4425 2759 4480 poena
2796 4410 2941 4465 illata
2969 4417 3329 4475 mortuarum;
3380 4417 3440 4463 et
3486 4421 3552 4462 ex
3599 4406 3763 4478 negli-

571 4490 657 4544 16.
707 4488 825 4557 Quo
848 4503 968 4543 cum
1002 4487 1287 4553 redissent,
1318 4494 1543 4556 actoque
1598 4486 1924 4541 scrutamine
1957 4498 2063 4553 qua

2180 4503 2355 4576 gentia
2385 4505 2469 4559 vel
2522 4513 2707 4575 tepore
2746 4504 2855 4559 imo
2907 4502 3104 4559 duritia
3151 4502 3351 4559 mentis
3400 4502 3757 4572 pereuntium,

500 4598 663 4640 causa
687 4581 992 4639 discedendi
1023 4582 1312 4652 coegisset,
1353 4579 1683 4650 respondent
1708 4593 1768 4634 se
1816 4579 1929 4634 fore
1960 4578 2077 4632 telis

500 4676 805 4735 stimulatas
826 4674 1044 4739 diaboli,
1072 4682 1127 4728 et
1152 4680 1359 4729 mentes
1380 4686 1710 4743 nequaquam
1734 4672 1929 4727 habere
1957 4686 2082 4741 pos-

494 4785 560 4828 se
582 4770 831 4824 directas.
854 4767 983 4833 Qua:
1008 4767 1099 4822 diu
1126 4768 1251 4821 dum
1278 4767 1346 4821 ah
1371 4765 1518 4820 omni
1544 4765 1957 4834 congregatione
1981 4764 2082 4819 ob-

496 4861 865 4935 jurgarentur,
921 4869 975 4914 et
1032 4873 1364 4939 nequaquam
1415 4867 1725 4913 cunctarum
1799 4857 2085 4925 proficeret

501 4954 801 5023 correptio,
832 4951 1009 5007 divina
1063 4940 1264 5007 ultione
1310 4951 1482 5007 amba:
1541 4962 1807 5019 percussae
1865 4950 2086 5004 meritas

498 5047 653 5103 luere
676 5046 908 5102 didicere
937 5059 1146 5115 poenas.
1201 5045 1444 5115 Cumque
1487 5044 1644 5098 auxia
1675 5042 1844 5098 Mater
1899 5056 2088 5096 mona-

499 5139 654 5196 sterii
703 5137 1072 5209 saepeprazfata
1126 5146 1410 5208 quaereret,
1466 5152 1583 5207 quae
1638 5149 1809 5205 plenae
1877 5132 2090 5188 occasio

506 5231 671 5298 foret,
728 5238 784 5285 et
827 5230 1130 5285 nullatenus
1183 5229 1460 5284 veritatem
1512 5227 1815 5297 exprimere
1864 5225 2089 5291 valeret,

502 5321 752 5378 hortatur
780 5320 971 5376 iterato
1008 5327 1068 5375 ut
1111 5323 1251 5377 inter
1277 5332 1559 5390 supremas
1610 5319 1768 5375 horas
1817 5332 1913 5388 per
1965 5331 2095 5373 con-

584 5474 609 5500 ι
642 5461 757 5517 Νοη
789 5460 1259 5525 sacramentalem,
1288 5458 1548 5528 siquidem
1573 5471 1634 5511 ea
1665 5455 1819 5512 Matri
1865 5470 1961 5510 seu
2000 5455 2095 5509 ab-

512 5534 727 5589 batissa:
783 5534 966 5601 fiebat,
992 5532 1083 5586 sed
1115 5527 1466 5599 spiritualem,
1490 5543 1593 5598 qua
1617 5543 1681 5582 ex
1713 5527 1929 5601 Patrum
1960 5541 2097 5601 pra:-

512 5606 717 5674 scripto
742 5598 989 5657 monaclii
1028 5623 1046 5656 ι
1067 5598 1421 5673 cogitationes
1452 5601 1621 5653 malas
1642 5598 1785 5674 cordi
1816 5599 2097 5674 suoadve-

512 5669 742 5738 nicutes,
768 5675 849 5727 vel
878 5678 1014 5728 mala
1046 5689 1074 5727 a
1098 5669 1157 5726 se
1183 5675 1447 5725 absconse
1477 5669 1763 5724 commissa
1798 5683 1893 5736 per
1923 5670 2098 5722 humi-

512 5745 620 5799 lem
669 5744 1059 5800 coufessiouem
1092 5762 1113 5796 ι
1140 5746 1157 5812 (
1183 5753 1240 5797 ut
1268 5752 1485 5797 sanctus
1510 5740 1670 5812 Pater
1697 5739 2016 5812 Benedictus
2046 5741 2098 5794 in

513 5814 722 5885 regula:
772 5829 890 5885 cap.
922 5816 950 5867 7
985 5810 1253 5885 loquitur)
1304 5813 1443 5868 Patri
1475 5810 1739 5882 spirituali
1770 5810 2013 5865 revelant
2039 5823 2102 5863 ac

2182 4600 2325 4656 salus
2388 4614 2452 4653 ex
2503 4598 2762 4668 religione
2812 4614 2876 4653 ac
2920 4596 3117 4668 vigoris
3163 4596 3343 4652 studio
3390 4595 3760 4666 propinaretur

2183 4693 2552 4766 superstitum.

2818 4758 3043 4818 CAPUT
3074 4761 3144 4816 Χ.

2400 4862 2481 4917 De
2504 4860 2644 4914 obitu
2672 4857 3022 4928 Landebergw
3048 4865 3097 4910 et
3124 4863 3278 4912 cantu
3298 4854 3548 4925 angelico.

2260 4953 2352 5010 l8.
2403 4952 2724 5022 Interposito
2762 4950 2955 5005 deinde
3002 4959 3300 5018 temporum
3360 4948 3533 5018 spatio
3590 4960 3772 5001 rursus

2189 5042 2568 5100 consolationis
2630 5042 2891 5096 solamina
2949 5040 3282 5111 prodierunt.
3353 5040 3481 5094 Nam
3533 5039 3772 5108 qumdam

2192 5137 2364 5206 virgo,
2396 5135 2610 5189 nomine
2649 5132 3016 5202 Landeberga,
3048 5147 3166 5187 cum
3187 5132 3296 5202 jam
3344 5138 3615 5187 extremas
3647 5144 3774 5198 pra:-

2191 5228 2357 5285 sentis
2422 5226 2543 5280 vita:
2594 5233 2931 5292 exspectaret
2982 5225 3226 5280 amittere
3274 5224 3473 5289 horas,
3527 5223 3777 5291 omnique

2192 5319 2519 5374 anxietatum
2575 5316 2718 5372 mole
2762 5317 2987 5383 vallata,
3043 5316 3233 5373 validis
3285 5317 3481 5371 ictuata
3535 5314 3774 5369 dolorum

2202 5458 2463 5527 detegunt
2493 5457 2558 5513 ad
2600 5455 2881 5527 concilium
2942 5464 2995 5527 et
3053 5451 3351 5508 remedium
3407 5451 3774 5527 obtinendum.

2206 5523 2432 5585 Sanetus
2454 5528 2840 5591 Columbanus,
2872 5526 2923 5579 in
2954 5525 3265 5586 Pmnitent.,
3315 5538 3435 5589 cap.
3471 5524 3527 5575 ιε
3568 5542 3585 5573 ι
3622 5523 3778 5576 Detur

2204 5601 2476 5655 confessio
2518 5610 2643 5653 ante
2667 5612 2930 5663 mensam,
2963 5608 3087 5651 ante
3111 5596 3384 5649 introitum
3441 5595 3772 5655 lectuloruru,

2205 5673 2286 5724 vel
2322 5672 2621 5737 Cuicumque
2654 5670 2814 5723 fuerit
2848 5669 2999 5721 facile
3055 5668 3201 5721 dare.
3229 5686 3247 5717 ι
3282 5666 3383 5729 Qui
3416 5674 3614 5737 tamen,
3663 5678 3775 5732 cap.

2204 5742 2297 5811 29,
2330 5740 2541 5811 culpam
2577 5759 2596 5792 ‹
2634 5740 2899 5795 sacerdoti
2932 5738 3203 5797 fatendam
3230 5756 3249 5790 ι
3286 5736 3599 5806 praescribit.
