4038 6354
227 347 373 406 1081

1408 355 1467 413 S.
1506 350 2093 414 BURGUNDOFARIE
2135 355 2322 413 VITA.

3355 377 3383 435 Ι
3394 378 3502 436 082

226 463 467 520 stimulis
505 464 874 521 tantummodo
930 464 1108 523 exitus
1144 465 1266 521 vita:
1295 469 1640 537 exspectabat
1678 469 1821 523 sola-
1850 469 1903 530 Α
1930 476 2071 522 tanta
2095 469 2328 525 suavitas
2367 470 2549 527 odoris
2577 472 2821 529 cellulam
2854 477 3092 548 replevit,
3128 483 3236 539 acsi
3265 484 3501 546 balsama

227 570 384 610 men.
425 555 668 626 Cumque
714 558 823 625 jam
887 559 1103 615 adesset
1168 559 1374 615 vocatio
1436 576 1528 629 per
1573 562 1819 616 silentem

230 660 475 715 noctem,
505 660 561 704 et
590 664 774 705 omnes
796 667 915 721 quae
935 666 1131 723 aegram
1162 654 1427 709 excubare
1446 655 1705 709 curabant
1732 669 1821 709 SO-

227 757 368 812 pore
403 742 670 811 depressae
697 757 946 800 somnum
975 746 1285 815 carpebant,
1318 763 1421 802 una
1455 748 1822 803 tantummodo

227 833 551 900 aegritudine
596 834 731 889 fessa
782 838 999 892 nomine
1028 836 1363 894 Gernomeda
1409 841 1536 896 inibi
1569 842 1706 896 inter
1736 855 1823 896 so-

228 924 384 981 dales
408 925 628 994 pervigil
655 938 1006 983 remanserat.
1038 929 1277 999 Cumque
1300 945 1447 1001 ergo,
1480 940 1534 987 ut
1563 931 1819 998 diximus,

224 1026 508 1071 extremos
533 1027 868 1088 exspectaret
890 1022 1085 1087 exitus,
1110 1021 1278 1077 nubes
1299 1022 1461 1077 densa
1483 1033 1640 1093 atque
1660 1022 1823 1078 rutilo

225 1108 629 1176 quodammodo
684 1108 887 1179 fulgore
942 1112 1194 1180 permista
1225 1122 1451 1167 stratum
1478 1114 1707 1182 operuit,
1753 1113 1824 1168 si-

226 1199 458 1267 mulque
480 1215 638 1255 voces
663 1203 969 1257 canentium
1001 1204 1198 1258 auditae
1224 1213 1381 1273 atque
1406 1205 1819 1261 exsultantium:

225 1288 514 1345 Cantemus
581 1290 805 1347 Domino
831 1334 847 1359 ,
904 1294 1122 1363 gloriose
1182 1297 1313 1350 enim
1368 1299 1684 1369 gloriﬁcatus
1726 1310 1817 1354 est.

226 1379 297 1435 Ut
353 1396 486 1451 ergo
531 1381 739 1438 audivit
783 1384 1120 1440 Cernomeda
1178 1390 1480 1443 canentium
1535 1405 1823 1460 personare

225 1489 417 1541 voces,
445 1477 608 1545 cmpit
647 1478 801 1530 anxia
851 1480 1088 1534 excitare
1132 1480 1360 1535 sodales.
1396 1481 1499 1537 Sed
1531 1497 1650 1536 cum
1678 1484 1822 1537 nullo

223 1568 393 1623 modo
428 1585 730 1639 quanquam
761 1574 996 1627 excitare
1027 1574 1310 1644 potuisset,
1359 1578 1610 1631 attentius
1658 1579 1820 1633 linem

222 1663 301 1717 rei
333 1666 693 1733 exspectavit,
724 1682 823 1734 qua
857 1667 1109 1736 paulatim
1134 1671 1327 1725 nubem
1358 1671 1424 1724 ab
1452 1680 1619 1725 strato
1639 1670 1820 1725 suble—

226 1752 371 1821 vari,
400 1755 671 1824 simulque
692 1758 919 1811 animam
942 1773 971 1811 a
1001 1773 1225 1828 corpore
1263 1760 1452 1815 abduci
1484 1761 1634 1815 vidit.
1660 1762 1820 1815 Cum-

219 1858 327 1910 que
352 1844 471 1912 jam
503 1845 555 1899 in
586 1846 754 1900 altum
786 1848 965 1903 nubes
981 1850 1186 1904 elevata
1211 1850 1414 1916 fuisset,
1446 1861 1499 1905 et
1522 1852 1638 1920 ejus
1658 1867 1813 1908 aures

224 1938 541 1991 canentium
569 1953 727 1993 voces
756 1954 860 1994 non
892 1940 1156 2006 audirent,
1185 1951 1294 1997 tum
1322 1944 1535 1999 demum
1565 1958 1705 2014 aegra
1728 1961 1815 1999 so-

221 2028 379 2082 dales
411 2030 649 2084 excitare
692 2029 877 2097 valuit,
916 2045 977 2085 ac
1021 2040 1079 2085 ut
1106 2042 1365 2102 correptae
1393 2033 1600 2089 debitos
1628 2046 1817 2090 cantus

221 2123 600 2193 persolverent
647 2124 879 2191 monuit;
936 2127 1151 2194 ipsaque
1196 2141 1291 2195 per
1330 2135 1534 2195 septem
1564 2127 1814 2196 deinceps

216 2214 335 2268 dies
359 2215 619 2283 gravibus
648 2215 871 2270 febrium
915 2220 1111 2272 ictuata
1143 2220 1588 2288 correptionibus,
1627 2231 1816 2276 octavo

215 2304 307 2361 die
328 2306 502 2361 vitam
529 2306 719 2361 ﬁnivit.
1562 2321 1576 2332 ·

859 2396 1083 2453 CAPUT
1108 2398 1202 2455 XI.

434 2488 513 2543 De
538 2491 808 2559 afﬂuentia
832 2491 931 2544 olei
952 2501 998 2545 et
1017 2508 1164 2561 aqua
1189 2496 1604 2550 commutatione.

292 2580 388 2635 l9.
438 2579 682 2635 Posthaec
707 2581 863 2651 igitur
888 2583 1141 2637 bonitatis
1180 2599 1243 2639 ac
1286 2587 1528 2640 muneris
1548 2586 1817 2642 iustitutor

218 2687 420 2728 rursus
451 2672 662 2741 pietatis
687 2688 799 2727 sua:
828 2690 1047 2729 munera
1084 2676 1262 2746 largiri
1286 2692 1389 2731 non
1423 2678 1644 2733 distulit.
1686 2680 1814 2734 Nam

216 2765 473 2836 quaedam
507 2768 681 2835 puella
726 2768 944 2823 nomine
986 2768 1250 2824 Blitbildis
1278 2771 1418 2825 intra
1445 2772 1818 2828 adolescentia

215 2874 398 2914 annos
436 2859 487 2912 in
519 2859 822 2925 supradicto
852 2860 1099 2915 coenobio
1120 2870 1201 2915 est
1231 2876 1510 2918 conversa.
1546 2865 1674 2929 Quae
1695 2879 1815 2918 cum

212 2954 303 3008 diu
336 2951 604 3021 regularis
656 2950 949 3020 disciplina:
994 2952 1216 3007 habenis
1271 2954 1510 3009 confecta
1560 2955 1817 3010 immobili

214 3044 492 3099 desiderio
545 3044 784 3098 cmlestia
834 3044 1049 3113 praemia
1103 3045 1462 3113 desideraret,
1526 3048 1706 3102 evenit
1761 3057 1818 3103 ut

209 3138 397 3206 justus
426 3134 643 3189 Arbiter
667 3135 865 3204 justam
897 3137 1123 3191 animam
1155 3135 1372 3206 justitiae
1418 3138 1573 3206 cupia
1603 3139 1813 3207 plenam

216 3230 376 3284 caelis
401 3230 632 3282 condere
659 3229 836 3282 vellet.
863 3227 1101 3297 Cumque
1124 3231 1232 3298 jam
1277 3232 1330 3285 in
1372 3230 1621 3286 extremis
1648 3233 1814 3300 posita

218 3324 405 3378 lumen
449 3330 697 3391 posceret
730 3321 964 3375 noctium
990 3336 1087 3392 per
1115 3325 1481 3379 successiones
1521 3339 1703 3380 coram
1759 3341 1819 3382 se

209 3415 466 3479 accendi,
498 3424 553 3468 et
573 3428 739 3469 sacra:
760 3414 1008 3471 lectionis
1032 3417 1302 3486 praeconia
1331 3427 1455 3472 ante
1476 3433 1536 3473 se
1560 3420 1687 3489 legi,
1716 3434 1817 3473 una

210 3524 405 3564 earum
426 3521 546 3576 quae
575 3508 901 3561 assistebant
928 3523 1023 3563 vas
1049 3508 1319 3577 quoddam
1345 3511 1466 3566 oleo
1492 3510 1818 3582 lymphaque

210 3604 501 3673 replesset,
534 3617 720 3657 omnes
750 3617 913 3673 sopor
938 3603 1237 3673 oppressit:
1267 3605 1448 3674 sicque
1478 3604 1649 3661 noctis
1675 3616 1817 3661 meta

207 3698 467 3766 trajecta,
491 3694 689 3765 absque
718 3695 983 3751 sodalium
1003 3696 1266 3753 solamine
1295 3713 1433 3768 aegra
1453 3708 1667 3754 noctem
1691 3715 1813 3769 per-

209 3788 350 3857 egit.
418 3786 615 3841 Ruenti
657 3802 783 3856 ergo
834 3787 941 3843 diei
980 3789 1298 3856 crepusculo
1355 3803 1474 3844 cum
1531 3791 1817 3846 matutinas

208 3878 403 3934 Iaudes
448 3877 677 3932 Domino
727 3879 1071 3944 cecinissent,
1122 3880 1314 3935 intuita
1344 3881 1616 3937 lucernam
1653 3897 1813 3953 quam

206 3972 333 4028 oleo
386 3970 711 4042 lymphaque
756 3972 1065 4043 oppleverat
1114 3974 1164 4027 in
1234 3973 1371 4028 lacte
1409 3983 1811 4045 commutatam,

205 4063 409 4133 qutnrit
442 4064 869 4132 experimentum
902 4074 1078 4119 utrum
1114 4065 1215 4120 hoc
1243 4066 1505 4136 quispiam
1551 4068 1813 4123 sodalium

203 4166 620 4215 commutasset.
651 4156 761 4212 Illae
805 4157 1051 4227 inquiunt
1081 4176 1093 4211 :
1126 4159 1208 4213 An
1238 4160 1415 4213 nescis
1445 4159 1565 4228 quia
1608 4159 1693 4214 hic
1735 4161 1814 4215 lac

205 4268 315 4308 non
349 4249 555 4305 fuerit?
586 4249 736 4305 Tunc
762 4264 903 4318 aegra
931 4250 1033 4303 ait:
1058 4248 1399 4320 Nequaquam
1431 4257 1460 4287 ι
1482 4254 1585 4305 hoc
1616 4251 1697 4306 lac
1716 4266 1813 4307 oro

213 4356 462 4400 vestram
518 4344 752 4399 animam
819 4344 1137 4410 consumite,
1196 4359 1259 4399 ac
1308 4344 1577 4414 inquirere
1630 4345 1809 4402 sinite.

201 4435 458 4505 Cumque
515 4435 617 4489 illae
660 4437 913 4489 attentius
952 4450 1278 4506 cognoscere
1316 4436 1533 4503 vellent,
1584 4436 1809 4492 Matrem

205 4535 434 4596 vocant,
492 4527 677 4596 reique
711 4541 924 4582 causam
957 4527 1210 4583 indicant.
1242 4528 1332 4584 Illa
1378 4530 1556 4601 itaque
1582 4540 1639 4585 ut
1681 4532 1812 4588 dili-

204 4625 427 4695 gentius
467 4633 833 4695 cognosceret,
875 4624 1049 4679 oleum
1100 4639 1132 4679 a
1174 4625 1308 4681 lacte
1336 4640 1587 4696 separare
1637 4626 1805 4695 jubet.

202 4718 457 4789 Cumque
514 4726 886 4787 segregassent
928 4716 1104 4771 oleum
1137 4734 1167 4772 a
1196 4718 1333 4773 lacte
1378 4730 1433 4773 et
1476 4719 1605 4773 nihil
1648 4734 1809 4789 super

201 4812 393 4881 specie
423 4810 575 4865 lactis
601 4809 973 4876 remansisset,
990 4808 1341 4879 cmpitoleum
1363 4810 1537 4865 denuo
1565 4824 1809 4865 crescere

204 4914 259 4959 et
288 4903 515 4957 uberius
548 4916 576 4954 a
606 4916 733 4955 vase
788 4916 1027 4955 manare.
1084 4901 1234 4956 Tunc
1288 4901 1502 4956 demum
1561 4901 1645 4955 ha:
1691 4916 1808 4970 quae

204 4998 462 5052 astabant
490 4995 581 5049 Dei
610 4995 863 5050 virtutem
895 5009 1213 5065 cognovere,
1244 4994 1384 5063 quod
1434 4994 1610 5049 studio
1662 4994 1809 5050 omni

202 5090 545 5155 collegerunt
590 5095 644 5141 et
701 5085 769 5140 de
825 5086 1081 5140 industria
1147 5087 1383 5140 sacrario
1436 5085 1807 5142 condiderunt.

204 5181 406 5236 Testes
455 5189 581 5234 sunt
633 5178 791 5249 bujus
840 5179 914 5234 rei
974 5179 1412 5248 Burgundofara,
1472 5180 1813 5250 pontifexque

213 5273 517 5330 Siciliensis
566 5271 734 5338 urbis,
788 5280 842 5326 et
885 5270 1259 5325 Waldebertus
1303 5271 1433 5326 abba
1465 5270 1813 5326 Luxoviensis

212 5365 480 5423 coenobii.
541 5366 671 5419 Nam
699 5374 754 5419 et
779 5380 935 5432 aegra:
962 5364 1206 5434 quaedam
1237 5380 1357 5434 quae
1385 5366 1452 5420 de
1479 5365 1667 5420 eodem
1695 5366 1814 5421 oleo

216 5476 352 5518 sunt
381 5470 702 5527 attrectatae,
737 5460 980 5530 pristinae
1010 5467 1135 5513 sunt
1163 5460 1375 5513 sanitati
1407 5458 1656 5523 redditae;
1702 5457 1812 5512 Bli-

213 5555 404 5610 tbildis
428 5568 558 5607 vero
585 5552 728 5607 omni
754 5551 1089 5622 jucunditate
1111 5551 1313 5621 repleta
1343 5551 1552 5607 felicem
1583 5563 1816 5619 praesto-

116 5688 121 5691 -
212 5649 433 5703 labatur
462 5647 691 5702 exitum.
725 5645 857 5713 Quae
886 5659 1007 5699 cum
1051 5643 1191 5699 otelo
1218 5642 1450 5698 animam
1478 5642 1813 5709 reddidisset,

290 5795 319 5823 ει
347 5786 508 5845 Surio
527 5787 627 5841 hoc
654 5785 859 5853 labore;
880 5784 1087 5857 forsan,
1108 5784 1206 5840 hac
1234 5785 1379 5841 lacte.

1923 558 2049 615 inibi
2107 563 2354 617 crederes
2392 563 2672 621 desudare.
2727 566 2862 633 Quid
2910 569 3011 625 hoc
3066 572 3222 628 fuerit
3273 586 3328 632 ut
3367 580 3503 638 hanc

1928 664 2230 707 creaturam
2261 669 2412 724 aqua:
2438 657 2489 709 in
2520 657 2669 712 lactis
2692 662 2925 729 speciem
2954 673 3209 733 verteret,
3228 666 3309 724 vei
3325 671 3502 730 oleum

1922 743 2135 800 ﬂuendo
2163 746 2516 815 multiplicare
2544 750 2776 817 iuberet,
2833 752 2933 807 nisi
2976 755 3095 825 quia
3128 757 3398 817 miseratio
3425 764 3503 818 di-

1927 837 2048 889 vina
2077 837 2197 893 aliis
2225 840 2509 896 ostendere
2538 842 2710 898 voluit
2751 845 2979 914 qualiter
3006 851 3310 919 supradicta
3352 865 3507 912 nocte

1921 926 2101 982 divina
2126 930 2411 986 clementia
2446 947 2646 1004 aegram
2676 936 2946 992 visitavit?
2996 939 3059 993 Et
3084 940 3209 996 dum
3239 944 3326 998 illa
3351 946 3508 1001 soda-

1922 1020 2063 1076 libus
2092 1023 2263 1079 noluit
2288 1025 2524 1081 indicare
2552 1028 2677 1097 quid
2708 1029 3181 1097 vidisset,virtutis
3208 1050 3318 1093 suae
3337 1040 3509 1096 omni-

1923 1123 2113 1182 potens
2138 1114 2457 1174 visitationis
2485 1121 2770 1191 vestigium
2796 1123 3047 1194 reliquit.“

2524 1232 2750 1290 CAPUT
2773 1235 2890 1293 XII.

2206 1328 2282 1384 De
2305 1330 2462 1386 bestia
2480 1332 2533 1386 in
2567 1340 2967 1407 transgressione
2994 1342 3094 1395 cibi
3118 1345 3247 1401 visa.

1994 1417 2082 1473 20.
2117 1419 2249 1474 Dum
2280 1438 2589 1493 magnarum
2623 1444 2799 1484 rerum
2826 1432 2894 1487 ob
2919 1432 3043 1489 boni
3072 1436 3246 1492 meriti
3300 1442 3513 1512 religio-

1925 1511 2114 1582 nisque
2146 1515 2381 1569 studium
2437 1519 2750 1576 collatarum
2800 1524 3050 1582 miracula
3102 1545 3207 1585 non
3237 1511 3512 1592 omisimus

1926 1606 2141 1660 tradere
2190 1610 2509 1676 posteritati,
2542 1612 2807 1683 simulque
2837 1633 2956 1687 quae
2985 1615 3340 1683 ad'terrorem
3366 1630 3515 1685 durae

1923 1705 1977 1751 et
2002 1698 2205 1767 ignavae
2237 1701 2399 1754 menti
2426 1703 2690 1772 profuisse
2736 1712 3092 1777 comperimus
3134 1715 3382 1774 intimare
3421 1735 3514 1775 cu.

1922 1801 2126 1843 ramus.
2160 1791 2415 1857 Quaedam
2449 1797 2646 1850 etenim
2676 1802 2849 1867 puella
2882 1806 3073 1861 nobilis
3101 1823 3298 1877 genere
3327 1812 3393 1868 ad
3425 1829 3515 1869 su-

1923 1881 2223 1949 pradictum
2256 1888 2559 1943 coenobium
2590 1894 2848 1961 regularis
2895 1897 3190 1968 disciplinae
3227 1906 3360 1961 colla
3389 1909 3515 1963 sub-

1917 1974 2137 2029 mittere
2166 1978 2331 2043 venit,
2373 1980 2467 2035 sed
2510 1983 2664 2038 bonae
2690 1987 2811 2043 vitae
2854 1989 3111 2048 intentam
3144 2010 3207 2050 ac
3238 1999 3510 2070 religionis

1917 2064 2146 2121 formam
2180 2083 2457 2138 aggressus
2485 2076 2694 2144 anguis,
2754 2079 2931 2136 denuo
2955 2098 3050 2152 per
3076 2064 3515 2158 transgressionis

1919 2159 2108 2214 vitium
2134 2161 2201 2217 de
2228 2166 2472 2229 paradiso
2491 2167 2722 2224 evellere
2749 2173 3017 2229 excitavit.
3034 2176 3182 2232 Gulae
3198 2179 3509 2237 aviditatem

1917 2266 1979 2306 ac
2027 2254 2255 2308 esuriem
2289 2256 2483 2313 furtivo
2513 2262 2636 2316 cibo
2680 2276 2931 2332 aggressa
2965 2276 3048 2321 est
3094 2270 3323 2326 satiare:
3358 2275 3502 2343 quod

1920 2346 2131 2402 facinus
2150 2363 2249 2417 per
2266 2353 2435 2419 Spatia
2465 2362 2764 2423 temporum
2788 2373 2892 2412 non
2914 2359 3243 2430 deprehensa
3268 2366 3514 2434 patravit,

1920 2452 2018 2492 nec
2044 2454 2260 2504 prorsus
2290 2442 2442 2496 alicui
2473 2459 2537 2498 ex
2568 2446 2837 2503 sodalibus
2867 2450 3185 2518 patefactum
3220 2463 3320 2511 est.
3349 2456 3514 2511 Cum-

1920 2544 2025 2599 que
2065 2545 2195 2601 ergo
2225 2533 2314 2587 diu
2342 2535 2477 2604 gulae
2508 2539 2734 2593 aviditas
2764 2542 2993 2597 animam
3026 2547 3339 2615 macularet,
3372 2549 3520 2606 dedit

1920 2624 2097 2694 justus
2153 2627 2367 2682 Arbiter
2412 2629 2615 2699 justam
2664 2637 2986 2692 sententiam
3039 2654 3200 2708 super
3262 2642 3510 2710 injustam

1924 2717 2178 2788 animam,
2194 2721 2450 2792 corripuit
2466 2726 2842 2793 gravissimum
2863 2729 3064 2785 facinus
3082 2747 3236 2802 paena
3254 2736 3508 2805 graviori,

1924 2822 1986 2862 ac
2014 2823 2177 2876 super
2203 2809 2371 2864 fessos
2408 2821 2553 2865 artus
2598 2814 2848 2869 excitavit
2876 2817 3057 2872 odium
3105 2820 3233 2875 liciti
3262 2822 3387 2887 cibi,
3416 2837 3518 2877 nec

1929 2898 2141 2953 valebat
2167 2899 2375 2955 turbata
2407 2917 2557 2957 mens
2582 2905 2724 2960 aliud
2756 2908 3041 2977 quidquam
3094 2927 3253 2980 quam
3284 2913 3517 2971 furfures

1929 2992 2253 3062 frondesque
2285 3004 2340 3048 et
2372 2995 2652 3050 herbarum
2683 3002 2968 3067 agrestium
3000 3003 3280 3060 misturam
3335 3007 3514 3064 edere.

1929 3082 2171 3153 Cumque
2195 3083 2303 3154 jam
2326 3099 2420 3154 per
2450 3085 2564 3141 dies
2593 3088 2787 3144 multos
2819 3090 2934 3145 haec
2958 3093 3088 3148 ultio
3103 3108 3263 3164 super
3285 3095 3516 3153 animam
3550 3122 3553 3125 ·

1843 3187 1891 3251 c
1929 3174 2347 3244 transgressione
2364 3175 2639 3245 deceptam
2674 3189 2931 3247 maneret,
2945 3184 3045 3237 etsi
3060 3182 3189 3238 hora
3206 3184 3515 3242 refectionis

1928 3270 2295 3339 supradictum
2324 3272 2499 3326 cibum
2530 3272 2719 3329 adduci
2769 3277 3083 3343 postularet,
3118 3278 3249 3333 vidit
3276 3284 3514 3349 speciem

1922 3360 2040 3431 apri
2088 3363 2263 3432 magni
2292 3377 2471 3417 secum
2509 3364 2815 3432 comedere,
2868 3377 2922 3422 et
2948 3382 3097 3424 more
3143 3385 3375 3426 caenosa:
3402 3372 3514 3428 suis

1922 3449 2071 3505 cibos
2093 3453 2321 3520 grunnio
2346 3453 2625 3509 ventilare.
2653 3455 2722 3508 At
2746 3455 2832 3510 illa
2866 3457 3137 3526 pavefacta
3166 3459 3515 3530 interrogavit

1922 3556 2041 3610 quae
2094 3552 2256 3597 esset.
2314 3542 2608 3612 Respondit
2655 3544 2853 3600 bestia:
2901 3548 2985 3602 An
3029 3547 3204 3604 nescis
3238 3552 3361 3619 quia
3414 3567 3515 3623 ego

1920 3633 2078 3689 sum?
2120 3634 2269 3690 cibos
2295 3650 2430 3704 quos
2475 3652 2641 3707 usque
2680 3638 2840 3692 modo
2887 3654 2985 3709 per
3034 3644 3515 3713 transgressionem

1925 3725 2229 3791 comedisti,
2287 3736 2462 3782 tecum
2518 3744 2617 3799 ego
2670 3729 2902 3798 comedi,
2953 3742 3007 3787 et
3032 3733 3227 3789 amodo
3256 3736 3392 3791 scias
3421 3751 3517 3806 per

1926 3818 2051 3871 anni
2081 3819 2337 3873 circulum
2371 3820 2513 3874 hunc
2542 3821 2721 3876 cibum
2751 3822 2995 3878 habebis.
3044 3825 3341 3881 Permansit
3388 3842 3517 3899 ergo

1922 3910 2074 3966 cibus
2101 3926 2197 3981 per
2223 3914 2483 3967 vertentis
2512 3914 2649 3982 ,‘anni
2695 3924 2916 3982 metam,
2972 3931 3073 3973 nec
3127 3932 3346 3988 prorsus
3367 3921 3517 3978 aliud

1917 4000 2112 4055 edebat
2164 4016 2321 4072 quam
2368 4002 2598 4059 furfures
2626 4002 2949 4076 frondesque
2976 4006 3229 4063 arborum
3256 4017 3349 4064 aut
3375 4009 3514 4066 Iter—

1916 4094 2103 4150 barum
2135 4097 2448 4165 agrestium,
2481 4107 2533 4153 et
2578 4100 2718 4154 faecis
2745 4115 2868 4170 quae
2907 4116 2973 4157 ex
2999 4103 3242 4159 cervisiae
3277 4105 3515 4177 reliquiis

1917 4188 2214 4258 projicitur.
2247 4189 2383 4257 Quid
2410 4191 2552 4246 enim
2601 4191 2761 4248 fuerit
2805 4203 2864 4249 ut
2911 4194 3107 4251 diaboli
3136 4212 3266 4252 voce
3309 4198 3514 4269 fragilis

1914 4296 2066 4338 mens
2111 4282 2321 4338 misera:
2363 4288 2807 4357 transgressionis
2853 4282 3065 4345 conscia
3114 4291 3510 4363 objurgaretur,

1913 4376 2016 4432 nisi
2037 4380 2158 4449 quia
2183 4383 2527 4449 praesentium
2551 4398 2826 4451 poenarum
2852 4383 3154 4440 immanitas
3181 4402 3285 4441 non
3310 4390 3511 4446 sineret

1914 4469 2144 4524 animam
2184 4473 2523 4539 postmodum
2554 4473 2875 4527 cruciatibus
2921 4474 3183 4540 damnari,
3226 4485 3279 4529 et
3332 4478 3509 4534 divina

1842 4554 1897 4616 Β
1919 4560 2089 4630 pietas
2131 4561 2299 4615 voluit
2349 4577 2443 4630 per
2490 4577 2612 4617 eum
2645 4563 2965 4633 improperia
2998 4566 3386 4623 consentientis
3414 4570 3508 4624 de-

1918 4668 2191 4725 promere,
2220 4669 2314 4724 per
2340 4668 2498 4725 quem
2530 4653 2704 4709 fuerat
2730 4656 3086 4725 transgressio
3109 4670 3425 4728 prOpagata;
3456 4670 3513 4717 et

1913 4749 2054 4801 hunc
2076 4746 2274 4802 habere
2300 4746 2557 4816 judicem,
2582 4746 2731 4815 cujus
2756 4746 3094 4802 suasionibus
3126 4750 3279 4804 malis
3307 4752 3510 4809 diude-

1844 4881 1853 4891 .
1911 4844 2063 4906 cepta
2076 4835 2621 4905 obtemperaverat,ut
2636 4846 2754 4905 post
2772 4851 2957 4905 poenas
2971 4836 3146 4893 illatas
3162 4852 3510 4911 cognosceret

1911 4945 2017 4986 non
2035 4929 2244 4985 diabolo
2271 4931 2366 4985 sed
2394 4929 2632 4986 Creatori
2654 4931 2849 4999 debere
2877 4940 3176 4987 creaturam
3192 4935 3431 4992 obedire.

2502 5020 2729 5076 CAPUT
2761 5021 2900 5077 XIII.

1919 5114 2075 5183 (Qua:
2120 5125 2397 5185 sequuntur
2448 5118 2709 5186 desumpta
2758 5131 2819 5169 ea:
2848 5124 2983 5169 tomo
3027 5132 3064 5171 ll
3092 5116 3246 5171 Bedw
3273 5124 3317 5170 et
3350 5118 3506 5172 Suria

1987 5188 2190 5252 desunt,
2236 5189 2287 5239 in
2326 5204 2419 5241 ms.
2483 5186 2646 5241 Codd.
2682 5186 2985 5255 Compend.,
3031 5189 3084 5240 in
3133 5204 3232 5254 quo
3276 5190 3509 5249 superio-

1986 5259 2128 5312 ribus
2154 5265 2465 5311 continenter
2510 5257 2941 5326 subjiciturﬂita
2970 5259 3131 5311 sancti
3154 5256 3501 5324 Bertulﬁ-ab—

1990 5330 2120 5407 bolis
2146 5328 2429 5407 Bobiensis.
2455 5327 2599 5382 Certe
2620 5327 2781 5407 Jonas
2810 5330 2992 5397 ubique
3020 5330 3140 5380 dum
3165 5327 3229 5379 de
3254 5326 3507 5407 ‘Bnrgun-

1990 5400 2173 5468 dofara
2202 5401 2423 5468 loquitur
2455 5416 2567 5452 eam
2612 5401 2687 5451 uti
2716 5401 2958 5453 viventem
3008 5414 3203 5463 semper
3232 5398 3501 5467 designare

1989 5472 2247 5548 t1idetur:_
2279 5489 2310 5548 ιΔ
2358 5470 2524 5525 Testes
2565 5480 2707 5539 sunt,
2760 5472 2922 5548 inquit
2978 5484 3092 5548 cap.
3124 5469 3221 5548 III,
3246 5468 3402 5535 hujus
3429 5472 3506 5548 rei

1992 5540 2431 5611 Burgundofara;
2489 5560 2507 5593 ›
2566 5557 2661 5605 quo
2721 5542 2921 5593 nomine
2973 5538 3318 5611 simpliciter,
3358 5539 3504 5591 nullo

1994 5608 2194 5676 addito,
2227 5608 2332 5687 nisi
2362 5617 2500 5687 forte
2530 5610 2737 5671 Matris,
2769 5626 2878 5662 eam
2928 5608 3108 5676 ubique
3134 5608 3394 5687 appellat,
3450 5618 3503 5687 ut

1988 5684 2259 5737 verisimile
2288 5685 2522 5737 videatur
2546 5699 2604 5735 ea
2630 5696 2744 5751 quis
2765 5688 3038 5748 sequuntur
3062 5679 3326 5730 subdititia
3348 5679 3499 5747 esse.)

1989 5777 2080 5833 21.
2125 5775 2386 5834 Similiter
2430 5775 2531 5831 alia
2573 5774 2749 5845 puella
2782 5771 2995 5827 nomine
3019 5770 3353 5827 Baractrudis
3379 5784 3501 5827 cum
