4038 6354
213 343 361 404 1085

1033 346 1237 402 LIBER
1275 323 1782 407 MIRACULORUM
1818 345 1883 409 8.
1917 347 2200 409 JOANNIS
2237 313 2694 416 REOSMENSIS.

3357 363 3506 430 £086

212 457 351 513 illud
383 455 539 528 cujus
570 455 691 512 tabo
719 456 973 541 diuturno
1000 473 1308 527 gravamtne
1338 461 1664 529 laborabam,
1697 478 1814 518 cre-
1840 460 1895 520 Δ
1919 463 2110 520 anima:
2140 481 2260 534 quae
2285 469 2427 523 omni
2459 469 2577 526 sine
2622 472 2760 542 dape
2809 489 3009 542 manet,
3041 480 3334 538 cruciaret!
3396 487 3504 544 Au:

209 552 402 622 puisse
452 549 710 618 persensi.
748 535 824 603 Ita
853 551 1050 605 sensim
1084 552 1444 621 paulatimque
1472 569 1591 608 cum
1623 553 1814 611 officiis

206 647 328 700 suis
353 654 637 715 cmperunt
674 646 913 699 membra
954 645 1244 714 virescere,
1289 648 1458 702 donec
1486 649 1814 704 confirmatis

204 738 500 809 gressibus
527 746 631 792 tant
655 735 987 792 orationibus
1015 738 1153 794 beati
1170 736 1391 794 Joannis
1410 753 1565 808 quam
1591 739 1814 796 Domino

204 832 512 888 auxiliante
539 831 770 886 surrexi.

279 928 342 984 4.
402 927 512 982 Nec
539 926 798 982 dissimile
829 925 954 983 huic
1004 926 1099 982 fuit
1139 927 1268 983 illud
1299 927 1438 998 quod
1467 943 1583 984 sum
1611 928 1814 985 referre

207 1028 461 1090 paratus.
491 1018 622 1073 Nam
653 1027 898 1086 tempore
919 1034 1024 1088 quo
1056 1018 1268 1084 Franci,
1319 1022 1613 1088 postposita
1655 1035 1813 1089 repuo

207 1111 382 1177 bliea,
405 1110 732 1178 sublatoque
758 1109 968 1179 imperii
988 1110 1130 1177 jure,
1163 1110 1373 1179 propria
1395 1110 1812 1166 dominabantur

201 1213 504 1272 petestate,
559 1202 962 1258 Tlteodebertus
1009 1199 1149 1256 ﬁlius
1201 1201 1519 1257 Theoderici
1559 1203 1811 1258 Clodovei

202 1296 486 1366 quondam
510 1294 602 1350 lilii
634 1294 794 1349 Italia:
825 1294 1072 1348 claustris
1099 1292 1354 1364 disruptis
1393 1295 1589 1349 bellum
1635 1295 1808 1350 Auso-

203 1390 315 1443 niis
345 1388 548 1444 intulit.
581 1387 681 1454 Qui
710 1387 994 1443 celerrime
1024 1402 1290 1453 reversus,
1310 1387 1532 1442 dimisso
1560 1387 1698 1444 duce
1722 1387 1808 1442 cui

196 1495 482 1535 summam
527 1480 788 1535 bellorum
831 1477 1192 1544 commiserat,
1226 1481 1438 1535 nomine
1471 1480 1804 1548 But-celleno,

199 1572 379 1626 alium
411 1572 580 1628 etiam
611 1571 829 1626 nomine
856 1571 1270 1627 Mummolenum
1294 1572 1345 1626 in
1369 1570 1619 1626 auxilium
1648 1572 1700 1627 ei
1729 1571 1809 1627 di-

199 1668 376 1731 rexit,
429 1676 483 1721 et
527 1667 608 1721 sic
632 1667 700 1719 ad
723 1667 935 1735 propria
968 1667 1263 1736 repedavit.
1320 1665 1510 1722 Latere
1537 1667 1806 1722 neminem

198 1759 463 1828 suspicor
491 1759 664 1828 qualis
692 1770 1029 1829 quantusque
1069 1759 1288 1828 pestifer
1329 1761 1546 1814 morbus
1569 1761 1672 1815 illis
1693 1760 1805 1815 die-

1915 567 2060 612 eerte
2100 559 2145 612 si
2194 576 2254 614 ea
2288 570 2340 616 te
2368 564 2650 631 pauperies
2681 565 2747 621 de
2779 583 2878 637 qua
2914 568 3172 627 Dominus
3201 576 3498 643 praecinens

1914 649 2076 703 dixit:
2135 649 2283 706 Beati
2328 672 2574 726 pauperes
2612 661 2816 729 spiritu,
2861 661 3104 730 quoniam
3151 665 3378 731 ipsorum
3427 677 3501 726 est

1914 756 2124 811 regnum
2155 745 2394 800 (telorum
2423 747 2637 817 (Matth.
2672 767 2724 816 v,
2755 751 2838 822 5),
2875 765 2957 810 et:
2993 754 3139 810 Beati
3163 760 3252 827 qui
3274 763 3504 820 esuriant

1912 836 1960 886 et
1980 834 2157 890 sitiunt
2180 839 2452 908 iustitiam,
2467 845 2709 910 quoniam
2730 846 2826 918 ipsi
2851 850 3403 926 saturabuntur(ibid.,
3423 857 3502 928 6),

1915 928 2232 1000 possideret,
2265 934 2408 989 nulla
2439 936 2634 1006 dapem
2665 941 2818 1009 copia
2853 942 3144 1013 indigeres;
3211 947 3318 1002 Sed
3361 947 3502 1007 dabo

1913 1019 2270 1092 quodcunque
2309 1037 2500 1095 potero
2535 1031 2696 1088 modo
2744 1034 3050 1102 consilium,
3104 1047 3162 1092 ut
3215 1053 3362 1109 spem
3395 1056 3502 1098 non

1915 1111 2137 1178 perdas:
2190 1113 2340 1171 Multi
2357 1119 2499 1175 enim
2529 1136 2595 1178 ex
2638 1123 2910 1194 insperato
2960 1130 3218 1198 temporis
3248 1145 3347 1186 usu
3377 1145 3503 1188 eva—

1914 1216 2121 1262 serunt.
2180 1208 2325 1267 Pone
2347 1214 2400 1268 in
2422 1215 2646 1274 Domino
2667 1227 2821 1289 spem
2849 1231 3015 1288 tuam;
3045 1233 3101 1278 et
3127 1225 3243 1294 ipse
3268 1229 3508 1287 enutrict

1915 1305 1991 1392 te,
2015 1308 2068 1354 et
2092 1305 2267 1371 arripe
2293 1306 2489 1362 laboris
2517 1312 2774 1383 studium,
2796 1314 2956 1383 juxta
2987 1316 3324 1391 Apostolum,
3357 1321 3504 1392 quod

1913 1389 2108 1484 bonum
2137 1403 2239 1465 est,
2271 1409 2325 1454 ut
2345 1400 2543 1457 habeas
2575 1405 2717 1460 unde
2752 1415 2843 1464 tuo
2862 1410 2980 1463 usui
3001 1419 3051 1464 et
3081 1389 3328 1480 egentem
3353 1389 3499 1484 prae-

1912 1483 2039 1542 beas
2080 1493 2621 1566 necessaria(Ephes.
2648 1498 2864 1570 tv,28).
2914 1501 3254 1572 Factoquein
3285 1483 3502 1575 pectore

1908 1579 2025 1650 ejus
2044 1584 2216 1638 crucis
2239 1587 2412 1655 signo,
2446 1588 2522 1644 ire
2548 1589 2615 1645 ad
2637 1592 3108 1665 propriaimperat.
3153 1596 3244 1653 lll'e
3267 1599 3498 1667 imperio

1911 1675 2008 1730 viri
2040 1676 2134 1731 Dei
2169 1679 2567 1751 obtemperans,
2606 1693 2802 1740 tantam
2835 1691 3046 1753 copiam
3073 1690 3272 1745 la‘bo‘ris
3314 1701 3499 1749 susce-

1912 1769 2009 1837 pit,
2037 1781 2094 1824 ut
2121 1787 2454 1844 nequaquam
2479 1776 2733 1849 deinceps
2757 1793 2879 1849 qum
2915 1782 2970 1836 ei
2998 1783 3296 1838 necessaria
3321 1793 3498 1856 erant,
3572 1830 3574 1832 τ

207 1805 453 1828 -..νγ-η-
492 1805 662 1828 νη.-
694 1805 1028 1829 η---η---ιη
1071 1805 1278 1828 ...η-..υ-
1329 1805 1546 1814 --ησ--υ
1570 1805 1672 1815 ...η
1695 1805 1778 1815 -η-
1951 1805 2009 1835 ιι,
2038 1805 2094 1824 υ..
2121 1805 2186 1827 ..ς

207 1854 320 1910 bus
351 1854 514 1923 longe
545 1855 758 1921 lateque
780 1855 1002 1922 populos
1031 1856 1328 1924 patriamve
1347 1854 1695 1922 depopulatus
1716 1855 1808 1909 sit.
1837 1805 1889 1889 ﬂ
1914 1805 2222 1919 Sefuissen:

198 1947 386 2017 Hujus
415 1947 584 2003 morbi
616 1947 958 2004 infestatione
983 1963 1269 2019 germanus
1299 1963 1451 2004 meus
1477 1948 1807 2005 Fidamiolus

196 2057 372 2112 quem
424 2052 506 2109 tu,
546 2043 730 2108 frater,
771 2043 972 2110 optime
1023 2045 1186 2110 nosti,
1219 2043 1376 2114 longo
1414 2044 1524 2114 jam
1568 2051 1809 2113 tempore

195 2141 478 2205 quartam
504 2133 812 2190 tabescebat
841 2135 1200 2189 incommodo.
1253 2137 1322 2190 At
1345 2151 1467 2190 cum
1501 2136 1628 2191 mihi
1658 2151 1808 2191 eum-

198 2234 426 2295 pertum
481 2235 626 2282 esset
669 2241 792 2280 eum
824 2226 1026 2295 absque
1053 2227 1158 2280 ulla
1191 2242 1286 2297 spe
1316 2228 1440 2282 vitae
1464 2227 1644 2297 jacere
1674 2242 1809 2296 prte-

194 2327 506 2382 mortuum,
549 2318 806 2372 continuo
833 2318 900 2370 ad
934 2329 1116 2372 nutum
1158 2333 1436 2375 recurrens
1481 2319 1804 2386 prttsidium,

196 2423 318 2466 non
341 2408 499 2463 aliter
525 2409 594 2464 ad
622 2409 881 2466 Joannem
899 2425 1058 2480 quam
1090 2409 1155 2462 ad
1179 2410 1417 2465 cmlestia
1447 2409 1689 2478 praesidia
1709 2425 1806 2479 pro

196 2516 258 2558 re
293 2502 532 2570 peritura
560 2499 672 2571 jam
699 2501 919 2571 jamque
950 2502 1190 2556 lestinavi
1219 2505 1460 2558 devotus.
1509 2502 1806 2572 Statimque

191 2596 536 2665 eulogiarum
562 2611 756 2650 munus
779 2605 1057 2664 acceptum
1086 2611 1218 2652 sane
1241 2596 1612 2663 lautissimum,
1639 2612 1802 2652 unum

196 2685 574 2755 paximacium
627 2694 684 2741 et
734 2686 970 2756 quinque
997 2691 1207 2755 pomula
1240 2697 1402 2742 noctu
1430 2695 1805 2742 transcurrens

191 2784 458 2853 languido
476 2783 843 2854 deportabam.
862 2785 1106 2855 Dumque
1129 2784 1302 2839 adhuc
1325 2784 1504 2852 procul
1527 2784 1800 2851 abessem,

193 2891 312 2931 non
345 2886 450 2930 tam
483 2891 661 2931 meum
692 2890 851 2946 quam
875 2877 1120 2932 sanitatis
1167 2891 1280 2931 sua:
1309 2877 1591 2930 adventum
1632 2876 1803 2930 sensit

196 2981 466 3042 mgrotus,
499 2984 562 3025 ac
589 2971 892 3040 percontari
937 2986 968 3025 a
1018 2971 1490 3025 circumstantibus
1519 2971 1681 3035 cmpit
1710 2969 1800 3024 ubi

191 3081 410 3131 essem,
431 3079 666 3134 meoque
683 3066 899 3119 nomine
925 3078 1011 3118 me
1039 3077 1258 3126 vocans,
1285 3062 1633 3130 paximacium
1668 3061 1797 3116 illud

1984 1956 2037 2010 7.
2079 1957 2318 2023 Quodam
2348 1961 2509 2014 etiam
2541 1970 2786 2032 tempore
2837 1964 2956 2020 loca
2999 1965 3500 2039 circtmtsdjacentia

1913 2047 2086 2102 valida
2111 2049 2278 2106 fames
2308 2055 2586 2123 torquebat
2615 2056 2686 2110 ita
2714 2057 3028 2127 vehemens,
3061 2070 3116 2115 ut
3137 2071 3237 2118 nec
3269 2067 3391 2132 spes
3420 2067 3501 2120 vi-

1914 2142 2071 2195 vendi
2125 2143 2397 2214 plerisque
2444 2145 2600 2203 foret.
2669 2150 2801 2204 Cum
2829 2165 2957 2221 ergo
2989 2151 3059 2209 ad
3082 2150 3258 2210 i'irum'
3285 2157 3378 2212 Dei
3427 2159 3498 2216 ob

1910 2233 2188 2289 alimonias
2212 2239 2525 2306 quaerendas
2539 2253 2905 2310 properarent,
2935 2245 3024 2302 ille
3045 2249 3337 2317 prophetici
3363 2253 3498 2320 prae.

1911 2326 2052 2380 conii
2081 2328 2280 2383 dictum
2301 2343 2424 2386 ante
2453 2323 2641 2388 Oculos
2672 2334 2850 2391 ferens
2878 2351 2984 2406 quo
3013 2339 3116 2393 ait:
3146 2331 3357 2412 Frange
3381 2360 3500 2398 esu-

1909 2419 2058 2473 rienti
2090 2437 2272 2490 panem
2297 2434 2340 2477 et
2367 2426 2510 2479 ont‘ni
2540 2429 2730 2495 petenti
2755 2439 2802 2485 te
2827 2432 2992 2486 tribue
3038 2432 3195 2507 (laet.
3232 2433 3379 2504 Lv'ttt,
3417 2438 3496 2510 7),

1908 2527 2258 2584 quoscunque
2285 2518 2544 2574 advenire
2582 2534 2850 2590 cerneret,
2880 2530 3180 2583 necessaria
3226 2527 3500 2587 miniStra-

1909 2605 2016 2661 bat.
2071 2605 2314 2679 Cumque
2332 2610 2446 2680 jam
2476 2623 2725 2684 egentum
2757 2617 2908 2686 plebs
2930 2620 3173 2675 crebrius
3193 2623 3493 2694 a‘dven‘iret,

1906 2697 1996 2754 ille
2027 2711 2297 2756 assuetum
2329 2719 2463 2772 opus
2490 2707 2831 2778 impendens,
2855 2713 3103 2768 munibus
3137 2717 3494 2775 ministrabat.

1906 2787 2041 2843 Tum
2073 2805 2209 2847 unus
2231 2808 2262 2848 e
2282 2795 2515 2851 subditis
2540 2798 2605 2852 ad
2636 2798 2844 2855 Patrem
2873 2804 3154 2871 accedens,
3183 2810 3258 2862 ait
3282 2819 3340 2861 se
3370 2813 3497 2864 tan-

1914 2889 2018 2933 tam
2071 2881 2231 2938 farris
2279 2886 2486 2954 cupiam
2541 2899 2645 2943 non
2687 2889 2908 2958 habere,
2960 2893 3210 2964 quantam
3241 2901 3493 2968 egenlum

1903 2975 2196 3040 poscebant
2227 2978 2500 3034 cohortes.
2551 2980 2646 3037 Ille
2677 2996 2898 3052 gemens
2923 2989 3161 3056 poposcit
3190 2993 3282 3046 vas
3311 3005 3494 3063 segre-

1901 3068 2011 3133 gari
2041 3066 2106 3121 ad
2143 3068 2532 3125 sublevandum
2587 3085 2884 3142 pauperum
2921 3079 3214 3146 petentium
3242 3079 3490 3152 indigen-

190 3160 349 3230 quod
391 3158 724 3224 deferebant,
751 3161 898 3228 quasi
954 3165 1272 3226 praesentem
1308 3156 1592 3226 aspiceret,
1631 3157 1796 3222 depo-
1821 3196 1876 3259 ο
1903 3158 2061 3224 tiam;
2113 3176 2347 3231 moxque
2399 3164 2464 3216 ad
2492 3164 2773 3235 imperium
2807 3169 2874 3238 pii
2905 3167 3080 3227 Patris
3124 3177 3216 3227 v’as'
3243 3171 3487 3245 farcitttr,

190 3245 403 3310 scebat.
435 3251 600 3307 Paulo
629 3261 746 3322 post
774 3266 871 3320 ego
905 3250 1122 3304 veniens
1153 3250 1450 3320 plangentis
1479 3249 1648 3303 tnrbm
1675 3263 1793 3304 sum

192 3353 462 3415 exceptus
491 3342 691 3410 officio,
735 3354 894 3412 atque
937 3342 1006 3395 ita
1056 3341 1329 3410 ingressus
1377 3343 1590 3395 domum
1622 3344 1797 3411 inqua

187 3437 344 3507 aa'ger
383 3433 614 3506 jacebat,
649 3433 703 3488 ut
735 3433 838 3488 vidi
881 3439 1192 3503 germanum
1241 3447 1416 3488 meum
1470 3435 1800 3504 ja'tnjamque

195 3527 601 3599 praecipitanter
630 3519 743 3594 rapi
782 3525 833 3579 itt
882 3533 1132 3590 mortem,
1190 3529 1241 3578 in
1292 3534 1506 3590 apertos
1537 3524 1800 3595 singultus

190 3619 574 3690 lacrymasque
623 3631 995 3686 prorumpens,
1046 3631 1234 3669 munus
1277 3616 1408 3670 illud
1458 3617 1597 3685 quod
1643 3617 1799 3672 exiti-

189 3712 418 3768 bueram
453 3708 666 3779 protuli.
702 3707 866 3776 Igitur
894 3719 1002 3761 tres
1029 3707 1315 3776 particulas
1338 3707 1602 3761 benedicti
1636 3710 1788 3775 panis

190 3805 302 3859 vini
359 3802 628 3857 inlusione
675 3799 1000 3854 ntadefactas
1051 3801 1102 3854 in
1147 3815 1206 3854 os
1257 3801 1399 3856 illius
1432 3803 1541 3870 ipse
1573 3801 1798 3883 inserui;

191 3897 489 3963 statimque
531 3892 890 3947 corroboratis
913 3892 1141 3952 partubus
1167 3893 1218 3945 in
1256 3902 1478 3945 stratum
1510 3893 1708 3948 resedit
1734 3909 1800 3951 ac

189 3986 502 4057 respiravit.
556 3983 684 4040 Dein
747 3983 997 4052 paulatim
1051 3983 1206 4052 hujus
1253 3984 1415 4039 edulii
1453 3989 1796 4054 perceptione

186 4079 560 4144 corroborari,
589 4088 746 4146 atque
773 4077 837 4130 ad
864 4091 1026 4130 usunr
1047 4093 1204 4132 suum
1246 4089 1526 4148 cmperunt
1553 4084 1793 4138 membra

189 4174 419 4237 reverti,
449 4173 620 4227 donec
663 4173 1009 4227 incolumitati
1052 4173 1288 4242 pristinae
1341 4175 1583 4232 redditus
1639 4177 1791 4234 turba

187 4268 338 4322 omni
370 4267 706 4334 inspectante
736 4267 987 4319 surrexit.

260 4359 324 4414 5.
349 4357 486 4412 Nam
511 4371 610 4411 nec
638 4358 732 4410 hoc
754 4359 1178 4425 prtete‘reundun‘t
1200 4357 1427 4426 videtur,
1453 4360 1594 4430 (ιιιῸὰ
1618 4363 1791 4419 amico

187 4465 311 4514 suo,
341 4449 458 4504 imo
492 4450 698 4516 parenti
727 4450 1045 4518 periclitanti
1093 4443 1380 4505 valitudine
1414 4453 1565 4521 hujus
1615 4454 1787 4509 ti‘torbi

1909 3251 2128 3315 capiens
2177 3254 2294 3319 plus
2344 3252 2455 3308 fere
2501 3256 2704 3312 modios
2749 3274 2904 3327 quam
2936 3263 3214 3332 quinquies
3260 3269 3494 3338 quinos;

1905 3350 2096 3396 ets-tera
2130 3359 2257 3398 vero
2287 3344 2352 3398 ad
2394 3361 2520 3400 usus
2549 3349 2770 3432 fratrum
2805 3354 3143 3418 proficerent.
3193 3356 3325 3413 Cum
3359 3374 3492 3431 ergo

1905 3434 2060 3490 turba
2087 3430 2336 3504 egentum
2364 3439 2456 3510 per
2484 3430 2700 3510 aliquod
2745 3448 2997 3516 temporis
3046 3452 3273 3518 spatium
3321 3468 3385 3508 ex
3419 3430 3492 3513 eo

1905 3540 2032 3581 vase
2063 3528 2314 3594 aleretur,
2345 3533 2522 3588 evenit
2546 3544 2602 3589 ut
2621 3536 2835 3603 quidam
2857 3538 3002 3608 juxta
3020 3549 3219 3598 morem
3244 3545 3344 3600 sibi
3369 3548 3489 3605 dari

1904 3620 2205 3674 necessaria
2237 3635 2498 3690 posceret.
2569 3626 2662 3680 Ille
2692 3637 2995 3685 mensuram
3031 3631 3339 3691 censiuetam
3370 3627 3488 3695 dari

1899 3711 2046 3780 jubet
2067 3716 2262 3782 egenti.
2315 3717 2445 3770 Tum
2474 3718 2746 3776 minister:
2780 3721 3147 3794 Nequaquam,
3176 3729 3365 3798 inquit,
3399 3731 3486 3788 vel

1904 3818 2087 3873 parum
2120 3802 2172 3858 itt
2206 3821 2331 3860 vase
2353 3811 2626 3878 remansit,
2644 3811 2736 3866 sed
2764 3821 2929 3869 totum
2960 3817 3200 3884 imperiis
3218 3821 3320 3876 tuis
3347 3837 3484 3893 pau-

1903 3898 2118 3965 peribus
2139 3911 2220 3953 est
2244 3911 2538 3969 erogatum.
2562 3904 2675 3969 Quo
2688 3907 2869 3962 audito
2891 3910 3072 3964 oculos
3089 3912 3154 3967 ad
3180 3915 3375 3970 cmlum
3400 3926 3482 3970 at-

1902 3988 2058 4056 tollit,
2084 4004 2332 4060 genuque
2356 3993 2493 4048 flexo
2515 3995 2816 4066 largitorem
2840 4003 3078 4057 omnium
3097 4004 3259 4060 Deum
3286 4008 3482 4077 implo-

1901 4089 2001 4145 rat,
2038 4089 2355 4153 peraetaqtte
2387 4088 2650 4152 oratione,
2699 4091 2944 4148 ministro
2973 4095 3153 4165 jubet:
3207 4096 3372 4164 Vade,
3397 4102 3482 4155 itt-

1897 4175 2031 4240 quit,
2085 4187 2205 4230 cum
2241 4175 2363 4233 ﬁdei
2414 4181 2762 4250 adminiculo,-
2807 4185 2956 4241 defer
2998 4189 3247 4244 alimenta
3287 4208 3478 4260 egeno.

1896 4265 2132 4338 Pergens
2151 4274 2392 4327 minister
2411 4276 2607 4352 reperit
2626 4292 2716 4330 vas
2732 4279 2966 4346 plenum,
2995 4291 3310 4352 sumptaque
3327 4300 3478 4340 uten-

1894 4371 2014 4412 Strra
2051 4367 2263 4431 pauperi
2297 4365 2494 4432 tribuit,
2539 4351 2734 4424 deinde
2761 4371 2904 4426 Pa‘tri
2948 4371 3234 4428 n'untianda
3280 4376 3470 4431 credit.

1895 4451 1996 4506 Sed
2023 4454 2110 4509 ille
2137 4457 2399 4511 silendum
2443 4475 2564 4516 esse
2595 4461 2845 4532 imperat,
2897 4481 2963 4521 ne
2993 4465 3238 4521 elationis
3269 4469 3476 4524 macula

186 4545 343 4612 cujus
387 4557 448 4596 se
478 4551 699 4596 noverat
726 4543 1038 4610 aegritudine
1066 4543 1358 4611 laborasse,
1413 4558 1612 4612 partem
1647 4546 1786 4601 illius
1811 4559 1870 4622 υ
1893 4550 2160 4602 cumulum
2192 4553 2374 4618 gratiae
2405 4553 2570 4608 tollat.

193 4635 439 4690 muneris
472 4649 564 4702 per
591 4634 733 4702 quod
768 4648 928 4686 sanus
956 4632 1176 4687 elfectus
1222 4635 1410 4702 fuerat,
1437 4636 1660 4690 similem
1682 4637 1784 4695 sibi

183 4728 408 4784 officere
441 4728 660 4795 cupiens
689 4727 898 4781 detulit.
927 4727 1044 4793 Quo
1076 4738 1130 4781 et
1153 4728 1264 4794 ipse
1293 4741 1532 4797 accepto,
1564 4745 1784 4798 pl‘OSpC-

186 4822 327 4873 ritati
367 4833 539 4888 nuper
569 4818 781 4872 amissa:
818 4819 1136 4889 restituitur.
1169 4820 1298 4872 Nam
1345 4829 1398 4873 et
1449 4819 1632 4872 barum
1685 4835 1783 4874 ett-

188 4914 455 4983 Iogiarum
519 4912 835 4966 munuscula
901 4911 1071 4965 sancti
1126 4911 1346 4967 Joannis
1411 4909 1784 4968 benedictione

182 5007 520 5062 sanctificata
586 5004 803 5060 crebras
867 5018 1027 5074 super
1092 5004 1423 5058 inlirrnantes
1479 5019 1637 5073 egere
1692 5018 1779 5058 saa

183 5099 400 5152 uitales.

255 5191 310 5244 6.
345 5189 584 5257 Cumque
609 5187 765 5243 solito
788 5203 882 5258 per
902 5190 1092 5245 saltum
1116 5204 1265 5243 more
1295 5176 1612 5243 athletarum
1640 5191 1780 5244 anti-

185 5298 420 5354 quorum
477 5281 724 5336 oratione
782 5289 837 5335 et
884 5279 1104 5350 jejttniis
1151 5291 1525 5342 exerceretur,
1582 5281 1780 5351 reperit

184 5374 470 5445 quemdam
499 5389 782 5443 pauperem
812 5373 1148 5428 seminudum
1193 5377 1493 5428 necessaria
1527 5376 1776 5430 alimenta

190 5469 508 5538 fructusque
540 5484 672 5538 quos
701 5469 867 5523 saltus
911 5469 1130 5538 gignere
1152 5471 1308 5534 solet,
1329 5469 1471 5524 omni
1497 5470 1673 5525 studio
1698 5470 1780 5523 in-

185 5565 474 5635 vestigare,
510 5572 565 5618 ttt
593 5563 770 5615 carnis
808 5561 1002 5615 famem
1051 5563 1306 5630 potuisset
1355 5561 1477 5616 cibo
1501 5577 1773 5630 superare.

187 5658 280 5712 Illo
312 5657 618 5726 inquirente
647 5655 770 5724 qttid
803 5664 1086 5724 quaereret,
1117 5655 1312 5708 illatam
1348 5655 1614 5709 miseriam
1668 5658 1778 5710 oris

184 5750 531 5804 confessione
562 5747 911 5817 deprompsit.
970 5753 1036 5802 At
1064 5748 1183 5801 ille:
1240 5748 1451 5802 Utinam
1484 5760 1556 5816 te,
1585 5750 1774 5819 inquit,

185 5845 301 5902 sola
357 5843 540 5901 carnis
591 5843 756 5900 fames
804 5853 1032 5914 urgeret,
1067 5853 1120 5898 et
1167 5858 1273 5903 non
1333 5843 1497 5905 fames
1527 5845 1607 5900 vel
1656 5843 1772 5900 sitis

1961 4640 2013 4694 8.
2063 4643 2150 4693 Vir
2178 4645 2391 4710 quidam
2423 4647 2583 4700 nobili
2610 4647 2901 4704 intentione
2924 4660 3244 4720 praiventus,
3270 4652 3472 4721 Sequa-

1891 4749 1991 4786 nus
2023 4737 2260 4800 nomine,
2309 4751 2578 4806 comperta
2629 4739 2812 4794 famuli
2853 4741 2946 4798 Dei
2975 4742 3198 4799 Joannis
3231 4742 3367 4798 fama
3419 4744 3473 4801 in

1888 4827 2261 4882 observatione
2291 4827 2524 4895 priorum
2550 4830 2786 4897 Patrum,
2811 4849 2968 4903 quam
2994 4843 3047 4888 et
3078 4832 3192 4903 ipse
3221 4833 3470 4905 flagranti

1885 4917 2093 4971 sitiebat
2130 4934 2333 4984 amore,
2369 4922 2598 4988 quadam
2632 4933 2788 4978 nocte
2818 4939 2846 4977 a
2881 4926 3116 4994 partibus
3148 4927 3472 4998 Magnitnon-

1885 5007 2111 5063 tensium
2149 5014 2286 5064 inter
2317 5011 2478 5066 densa
2503 5015 2836 5071 tenebrarum
2861 5019 3172 5085 adveniens,
3201 5020 3472 5077 basilicam

1885 5101 2110 5155 latenter
2143 5103 2367 5168 introiit,
2420 5120 2756 5161 communem
2806 5109 3089 5166 Dominum
3139 5113 3471 5167 orationibus

1884 5192 2121 5259 pulsans.
2189 5194 2340 5258 Quod
2404 5196 2656 5251 divinitus
2708 5200 2826 5254 viro
2860 5202 2948 5255 Dei
3003 5200 3290 5256 revelatum
3349 5216 3469 5269 est;

1880 5286 2088 5354 citoque
2121 5286 2363 5341 miniSt‘ro
2419 5288 2642 5354 imperat
2695 5301 2752 5346 ut
2801 5293 3011 5349 concito
3038 5293 3206 5362 gradu
3261 5305 3466 5366 pergat,

1881 5385 2124 5446 tactoque
2147 5379 2296 5445 signo
2319 5379 2528 5434 sodales
2554 5383 2772 5450 excitet,
2818 5384 2936 5450 quia
2965 5385 3130 5437 frater
3167 5390 3468 5445 communis

1880 5468 2156 5535 Sequanus
2181 5470 2493 5527 abscondite
2521 5470 2662 5526 fures
2691 5474 2932 5526 ecclesia:
2957 5481 3245 5540 penetrans
3279 5477 3467 5531 Domi-

1879 5579 2000 5616 num
2032 5564 2364 5618 orationibus
2399 5567 2590 5635 pulsat.
2649 5566 2801 5633 Quod
2838 5568 2908 5620 ita
2947 5581 3070 5620 esse
3097 5569 3351 5626 citissima
3383 5577 3465 5627 est

1878 5656 2181 5711 inventione
2209 5667 2568 5723 compertum,
2595 5655 2653 5711 et
2671 5660 2972 5711 venerando
3005 5656 3204 5713 famqu
3233 5660 3323 5715 Dei
3345 5677 3462 5732 per-

1876 5749 2161 5816 plurimutn
2193 5748 2567 5802 ardentissima
2598 5747 2816 5800 fratrum
2843 5746 3074 5804 Charitas
3102 5745 3339 5808 ofﬁcium
3365 5753 3472 5834 def,

1874 5843 2041 5897 bitum
2073 5839 2447 5915 hospitalitatis
2475 5837 2746 5907 persolvit.
