4038 6354
238 330 258 382 l
269 330 371 385 097

1202 329 1479 391 REGULA
1519 335 2020 395 ΜοΝΑειιοῐιυδι.
2061 367 2130 380 -
2170 334 2477 393 MONITUM

3332 328 3469 391 1098

231 434 620 517 defousbgnim
673 451 873 517 certum
912 453 994 498 est
1042 442 1145 514 (De
1187 443 1380 515 Script.
1434 447 1611 502 cretes.
1643 464 1689 500 c.
1735 445 1790 517 8)
1819 454 1865 509 Α
1894 446 2062 517 audit,
2102 446 2406 514 episcopum
2454 457 2636 515 parum
2674 451 2870 517 deceat
2915 442 3056 496 nulla
3104 458 3211 517 spe,
3248 445 3471 515 majoris

231 514 778 587 Justum_1‘nletauum
803 514 970 587 trium
1001 528 1258 587 annorum
1299 514 1553 570 duntaxat
1581 514 1791 587 episcu;

233 600 379 652 pum,
409 582 649 653 ejusdem
705 584 843 651 regis
883 584 1160 638 Sisenaudi
1216 593 1472 653 tempore,
1518 582 1790 641 novenile-

234 654 584 725 cimqueaute
613 669 732 706 cum
780 653 967 725 diebus
1014 654 1246 717 abiisse;
1300 664 1356 709 et
1404 664 1793 725 censeQuenter

234 725 332 777 Sub
354 723 540 776 eodem
571 737 715 792 rege,
748 722 834 791 qui
864 732 972 778 tres
1009 737 1176 778 annos
1205 736 1258 792 et
1297 726 1541 779 undecim
1587 722 1795 779 incuses

236 806 399 862 regno
428 790 653 857 praefuit,
694 804 928 845 creatum
962 793 1139 847 fuisse.
1183 790 1298 858 Quo
1346 811 1465 849 cum
1514 795 1648 849 bene
1691 802 1798 848 stat

232 861 385 917 Iusto
411 862 669 915 Toletauo
710 863 1061 929 antiquiorem
1094 864 1174 916 vel
1215 866 1394 930 paucis
1423 864 1606 919 diebus
1632 863 1795 919 Julia-

238 946 360 985 num
385 932 785 994 Bracarensem,
841 930 999 985 tertio
1051 933 1328 986 Sisenaudi
1381 950 1544 999 anno,
1596 935 1795 998 fuisse;

235 1012 394 1068 atque
425 1001 476 1073 in
526 999 665 1054 Petri
708 1003 815 1073 sub
836 1001 1072 1068 ejusdem
1101 1002 1377 1058 Sisenandi
1410 1003 1661 1073 principia
1703 1004 1798 1057 llo-

236 1073 400 1125 rentis
430 1072 601 1123 locum
631 1071 917 1124 succedere
942 1074 1198 1138 potuisse.

304 1142 554 1193 Attamen
588 1139 728 1203 inde,
769 1154 835 1193 ne
879 1139 930 1192 in
980 1155 1211 1208 praeceps
1256 1154 1374 1195 sese
1424 1142 1571 1206 deut,
1623 1143 1798 1196 statim

236 1209 426 1276 pedem
460 1223 710 1263 revocare
751 1209 946 1263 debent
992 1210 1420 1265 Pseudo-Juliani
1468 1213 1797 1266 defensores.

240 1278 411 1349 fateri
444 1279 687 1349 enimihis
718 1281 1072 1333 necessarium
1095 1283 1191 1334 crit
1221 1281 1430 1349 Petrum
1461 1297 1525 1335 ex
1549 1283 1800 1349 episcopo

240 1348 550 1402 Bracarensi
581 1347 859 1403 Sisenaudi
901 1360 1139 1417 tempore
1194 1345 1502 1404 translatum
1545 1345 1702 1405 fuisse
1731 1345 1796 1403 ad

238 1417 637 1489 [Narbonensem
690 1417 1028 1489 Ecclesium:
1086 1422 1224 1487 quod
1276 1432 1629 1489 przrlerquatn
1658 1420 1798 1485 quod

238 1484 593 1542 Bt‘acarettses
632 1487 770 1542 male
799 1488 1033 1554 habebit,
1077 1484 1600 1558 sartuliSSitttutnqtte,
1634 1492 1804 1558 qualis

1897 516 2097 570 l‘rnctus
2116 519 2371 581 mqualem
2400 531 2493 582 pro
2519 515 2705 581 aequali
2753 520 3082 568 commutare
3122 514 3341 578 sedem,
3370 517 3469 569 imo

1900 586 2150 654 possibile
2182 587 2318 638 factu
2346 597 2423 654 est
2449 602 2463 648 ;
2492 600 2611 638 cum
2636 584 2844 638 concilii
2877 597 2928 636 tv
2954 583 3196 654 Toletani
3225 594 3467 653 tempore

1901 652 2296 709 Narbonensem
2343 653 2499 708 Selva
2543 654 2786 707 habuerit
2813 664 2963 706 vetus
3008 652 3249 715 antistes,
3302 652 3471 706 Julia-

1899 738 2104 793 t.nsque
2140 724 2615 793 Bracarensem.et
2643 724 2813 793 adhuc
2853 723 3032 778 Petrus
3054 722 3103 774 in
3132 723 3261 774 vivis
3293 723 3471 776 fuerit.

1903 786 2052 846 Vixit.
2101 794 2264 857 eiiim,
2305 793 2489 847 eodem
2536 786 2976 846 Psendo-Juliano
3024 795 3180 855 teste,
3217 806 3381 859 usque
3408 795 3473 846 ad

1905 863 2031 918 6w.
2065 865 2302 927 Quonam
2349 879 2477 930 ergo
2519 862 2648 915 abiit
2693 863 2900 923 Petrus,
2949 878 3068 914 cum
3124 861 3224 917 sub
3274 876 3474 916 annum

1904 933 1999 987 Gil
2032 934 2376 992 autcirciter,
2420 943 2473 984 et
2500 932 2777 985 Sisenandi
2825 932 2993 995 initia,
3044 931 3217 984 locum
3258 932 3382 985 let-it
3422 932 3471 984 in

1907 1002 2216 1055 Bracareusi
2250 1003 2481 1054 Ecclesia
2531 999 2774 1055 Juliaoo?
2819 1000 2949 1054 Nam
3000 1001 3152 1068 plena
3186 1011 3310 1055 tunc
3342 1010 3478 1054 lctu-

1908 1072 2050 1138 poris
2105 1080 2221 1124 erat
2278 1071 2633 1125 Narbonensis
2684 1069 2769 1123 cui
2834 1072 2932 1129 iam
2991 1071 3079 1123 ditt
3144 1071 3472 1137 praefuerat,

1908 1142 2217 1208 pricluitque
2272 1142 2431 1194 etiam
2468 1154 2631 1205 usque
2665 1141 2731 1193 ad
2785 1139 2892 1195 6'58
2938 1155 3133 1192 annum
3173 1154 3280 1208 quo
3323 1151 3476 1194 sexto

1904 1212 2130 1264 concilio
2158 1211 2415 1263 Toletano
2456 1209 2692 1262 interluit
2736 1208 2910 1262 Selva.
2951 1210 3042 1264 llis
3090 1208 3315 1263 salebris
3350 1224 3472 1263 cum

1906 1293 1965 1332 se
1995 1280 2388 1344 extricaveriut,
2440 1280 2696 1333 Achillem
2729 1292 2911 1331 eorum
2965 1278 3202 1332 nonnihil
3256 1280 3472 1332 habebi-

1909 1363 2046 1401 mus.
2083 1350 2145 1402 Et
2173 1351 2279 1415 jam
2312 1352 2436 1402 satis
2460 1348 2641 1415 multa.
2669 1346 2771 1403 Sed
2809 1348 2934 1401 tanti
2978 1358 3222 1401 constare
3252 1349 3387 1403 solet
3413 1364 3474 1401 ea

1908 1434 2025 1483 quae
2056 1412 2377 1485 antiquitatis
2406 1412 2695 1486 specitniue
2726 1434 2845 1473 sese
2889 1420 3159 1473 venditant
3185 1416 3289 1472 ﬁde
3314 1432 3473 1489 quam

1910 1488 2045 1540 l'ortc
2077 1490 2393 1543 invenerunt
2413 1496 2779 1543 exauctorare.

244 1646 3475 1674 HW

1012 1756 1682 1871 sane“
1712 1750 2752 1918 gratantes:

1412 1958 1947 2030 BRACARENSIS
1990 1960 2340 2032 EPISCOPI

489 2148 570 2205 ηπ
628 2126 1446 2277 REGULA
1538 2122 3072 2346 WCHORUM.

1427 2391 1520 2455 [Ex
1544 2391 1774 2457 Brochie,
1799 2392 1913 2444 Cod.
1938 2388 2283 2459 Regularum]

1120 2555 1492 2631 MONITUM
1535 2563 1619 2625 IN
1662 2564 2047 2628 REGULAM
2093 2554 2595 2638 SEQUENTEM.

1692 2692 2040 2707 ﬂ

305 2768 459 2826 Duas
480 2765 691 2842 regulas
726 2767 1057 2842 monasticas
1076 2768 1290 2838 scripsit
1315 2778 1527 2842 sanctus
1557 2769 1815 2825 Fructum
1848 2768 1896 2833 Β
1926 2776 2218 2842 merentur,
2248 2778 2430 2842 utpote
2454 2770 2551 2842 sub
2578 2766 2805 2842 quadam
2834 2768 3011 2842 specie
3042 2770 3344 2826 monastice
3374 2788 3492 2842 prn-

239 2854 355 2904 sus,
391 2839 537 2907 regio
558 2838 851 2908 Gothorum
877 2840 1132 2908 sanguine
1156 2848 1324 2908 ortus,
1350 2851 1401 2895 et
1422 2841 1489 2894 ab
1511 2841 1816 2908 adolescen—

242 2912 312 2965 tia
340 2904 477 2963 vitas'
499 2907 801 2961 monasticae
823 2904 1013 2972 cultor,
1032 2909 1201 2973 primo
1221 2904 1610 2975 Complutensis
1631 2904 1816 2974 abbas,

242 2978 444 3036 deinde
469 2976 753 3045 episcopus
786 2977 1102 3045 Dumieusis,
1133 2986 1195 3033 ac
1229 2980 1440 3034 tandem
1483 2981 1821 3037 Bracarensis

243 3048 716 3116 archiepiscopus,
764 3047 1052 3101 multorum
1091 3052 1533 3104 monasteriorum
1577 3051 1732 3105 Pater
1769 3060 1823 3104 et

243 3115 519 3186 conditor.
550 3115 779 3171 Primam
809 3118 1044 3186 tegulam
1070 3133 1132 3186 es
1162 3121 1327 3175 sancti
1359 3121 1627 3176 Benedicti
1656 3121 1821 3175 disci-

248 3181 399 3257 plina
430 3185 768 3259 'd'esumptam
799 3181 894 3259 pro
925 3182 1196 3242 monachis
1226 3192 1337 3244 suis
1362 3191 1822 3259 Complnteusihus

245 3258 604 3327 conscripsit;
634 3258 922 3327 secundam
967 3270 1064 3324 pro
1110 3260 1408 3314 hominibus
1453 3258 1681 3325 cujusvis
1710 3271 1823 3314 sta-

246 3337 334 3383 tus
359 3336 419 3382 et
443 3326 787 3399 conditionis.
819 3326 970 3399 Prior
998 3341 1126 3397 ergo
1154 3331 1323 3383 sancti
1344 3330 1616 3385 Fructuosi
1646 3331 1823 3399 regula

249 3400 561 3469 longeante
587 3395 772 3469 initum
812 3395 1170 3469 episcopatum
1213 3401 1405 3469 scripta
1444 3410 1559 3455 erat
1588 3401 1639 3454 in
1670 3395 1822 3455 usum

247 3465 719 3537 Complutensium
742 3466 1143 3534 mOuachorum,
1168 3465 1358 3537 quibus
1390 3472 1611 3535 primttm
1643 3486 1825 3524 mona-

248 3541 481 3591 sterium
513 3535 780 3600 condidit,
810 3539 1149 3606 continetque
1188 3535 1292 3591 'xxv
1319 3541 1523 3606 capita;
1563 3541 1703 3594 circa
1732 3552 1826 3593 ca-

250 3608 429 3679 pitum
457 3614 631 3679 tamen
678 3620 956 3679 numerum
997 3607 1048 3661 in
1097 3608 1370 3679 impressis
1393 3609 1601 3679 aliquod
1642 3609 1829 3664 discri-

251 3675 906 3746 menrinvenitur,‘quam
944 3676 998 3729 in
1037 3675 1522 3746 mssICodicibus',
1552 3690 1708 3746 prout
1746 3681 1828 3736 vir

251 3745 602 3800 doctissimus
645 3736 979 3799 Mabillonius
1031 3749 1231 3802 notavit
1277 3749 1326 3801 in
1377 3736 1829 3804 suis'Aunalibus

250 3812 654 3878 Benedictlnis,
688 3823 817 3866 tom.
867 3814 907 3881 Ι,
957 3816 1052 3869 lib.
1101 3826 1230 3880 xm.
1281 3827 1335 3871 et
1363 3819 1520 3881 alibi,
1554 3820 1640 3871 ubi
1672 3820 1829 3884 hujus

251 3885 464 3956 regula:
487 3883 924 3956 convenientiam
974 3900 1091 3940 cum
1133 3888 1311 3956 regula
1349 3890 1516 3943 sancti
1556 3889 1829 3944 Benedicti

252 3952 543 4026 describit,
574 3952 714 4022 quod
746 3954 829 4007 vis
860 3970 1015 4026 ovum
1050 3970 1151 4010 ovo
1179 3952 1247 4011 sit
1272 3958 1529 4026 similius;
1558 3973 1675 4013 cum
1705 3973 1829 4013 san-

255 4025 382 4078 ctus
408 4022 732 4077 Fructuosus
761 4024 953 4090 passim
985 4029 1149 4080 sancti
1173 4026 1439 4082 Benedicti
1470 4022 1758 4083 sententias
1777 4039 1831 4084 et

1921 2837 2171 2892 fessionis
2212 2836 2474 2895 viventes.
2502 2836 2695 2891 Contra
2727 2838 2867 2890 hunc
2896 2838 3116 2891 abusum
3148 2836 3494 2900 surrexerunt

1918 2908 2131 2961 concilii
2166 2909 2446 2962 llerdensis
2488 2909 2673 2961 Patres
2696 2947 2710 2969 ,
2751 2906 2840 2976 qui
2887 2909 2936 2960 in
2968 2923 3169 2962 canone
3201 2913 3354 2965 tertio
3395 2918 3491 2970 de-

1918 2989 2141 3032 cernunt
2173 2987 2229 3031 ut
2275 2981 2450 3032 nullus
2489 2979 2650 3031 laicus
2680 2978 2760 3030 vel
2810 2978 3200 3031 ecclesiasticus
3229 2982 3487 3045 capellam

1920 3050 2003 3120 vel
2034 3049 2313 3120 ecrlesiam
2351 3049 2417 3101 ab
2448 3049 2551 3101 illis
2572 3047 2898 3120 aediﬁcatam
2927 3049 3146 3120 auderet
3174 3051 3223 3102 in
3255 3056 3487 3120 speciem

1920 3118 2007 3171 vel
2041 3116 2262 3172 formam
2293 3117 2603 3172 monasterii
2631 3118 2837 3187 erigere
2856 3159 2869 3181 ,
2904 3119 3002 3170 nisi
3032 3116 3367 3187 congregatio
3397 3125 3495 3179 ibi-

1921 3188 2041 3241 dcm
2073 3188 2291 3242 collecta
2326 3192 2530 3241 viveret
2557 3185 2846 3241 secundum
2878 3187 3110 3256 regulam
3141 3185 3492 3247 monasticam

1921 3257 1989 3311 ab
2014 3259 2261 3324 episcopo
2291 3260 2631 3326 approbatam
2656 3300 2668 3321 ,
2706 3266 2759 3310 et
2783 3259 2931 3322 juxta
2974 3260 3114 3325 leges
3144 3259 3491 3317 dimccsanas.

1923 3327 2108 3381 Nullus
2155 3338 2330 3382 autem
2382 3328 2519 3380 hunc
2563 3329 2784 3380 abusum
2831 3330 3040 3394 gravius
3087 3329 3364 3384 iulectatus
3408 3345 3495 3385 est

1923 3411 2080 3469 quam
2121 3408 2335 3452 sanctus
2384 3396 2730 3469 Fructuosus,
2776 3405 2933 3467 prout
2970 3412 3031 3469 es
3058 3399 3298 3469 exordio
3338 3402 3493 3469 hujus

1925 3468 2120 3535 regula:
2147 3469 2443 3521 communis
2472 3468 2692 3520 Omnino
2720 3475 2946 3529 conStat,
2981 3466 3067 3518 tibi
3102 3468 3221 3519 talia
3251 3466 3491 3524 conven-

1927 3539 2081 3589 ticula
2124 3552 2227 3590 non
2270 3536 2617 3602 monasteria,
2664 3536 2755 3589 sed
2797 3535 3093 3587 animarum
3143 3538 3490 3599 perditionem

1925 3606 2185 3670 appellat,
2209 3619 2314 3662 etc.
2346 3608 2436 3670 Et,
2467 3615 2525 3659 ut
2555 3606 2676 3657 huic
2709 3605 2848 3656 malo
2873 3603 3082 3657 obviam
3112 3605 3231 3669 iret,
3265 3622 3360 3674 pro
3389 3610 3493 3663 illis

1927 3676 2228 3730 hominibus
2273 3692 2397 3730 vere
2441 3677 2506 3730 ad
2556 3676 2819 3728 Christum
2864 3676 3136 3727 Ctthcl‘s’is
3180 3675 3312 3730 huic
3339 3694 3491 3733 suant

1926 3746 2210 3799 secundam
2260 3746 2492 3816 regulam
2539 3744 2804 3806 condidit,
2841 3744 2977 3798 bittis
3018 3740 3230 3816 reliquis
3267 3750 3493 3815 amplius

1928 3815 2517 3884 teniperatatupatqne
2566 3818 2843 3877 utriusque
2887 3825 3043 3866 Sexus
3096 3815 3493 3872 inlirmitatibtts

1927 3889 2094 3953 magis
2123 3890 2594 3948 accommodatam,
2627 3886 2694 3936 ita
2735 3892 2793 3936 ut
2817 3898 3008 3937 novum
3039 3888 3341 3939 monasticae
3372 3889 3493 3941 vita

1926 3969 2102 4028 genus
2124 3956 2481 4028 iIIUOdUXisSC
2512 3956 2773 4028 vid-atur.
2804 3953 2934 4007 Nam
2954 3994 2969 4019 ,
2997 3954 3144 4022 juxta
3178 3956 3313 4010 banc
3338 3972 3499 4028 regu-

1933 4022 2058 4088 lam,
2091 4026 2143 4078 iu
2175 4027 2495 4079 monasteria
2533 4022 2844 4077 admittebat
2887 4038 3042 4077 senes
3079 4032 3133 4077 et
3175 4039 3338 4091 anus,
3366 4022 3498 4081 con-

257 4094 629 4173 institutiones
648 4092 798 4173 .-imo
830 4109 931 4173 non
963 4110 1082 4173 raro
1120 4097 1380 4173 ipsissima
1423 4098 1579 4173 verba
1618 4098 1671 4173 in
1701 4114 1825 4152 suas
1854 4110 1899 4173 ρ
1926 4095 2138 4163 jugatos
2161 4097 2319 4167 etiam
2354 4097 2626 4173 utriusque
2655 4106 2959 4173 sesuscum
2992 4094 3169 4147 liberis
3198 4094 3307 4173 suis
3333 4099 3498 4173 septi-

256 4165 479 4237 regulas
512 4162 815 4216 transferat.
859 4166 1098 4237 Secunda
1128 4167 1304 4233 regula
1338 4182 1409 4237 Vx:
1439 4167 1662 4237 capitula
1694 4182 1826 4222 con-

257 4235 447 4288 tinens
466 4274 482 4299 ,
510 4248 627 4301 qum
654 4238 1023 4309 etcomnmnis
1046 4235 1271 4309 dicitur,
1302 4236 1368 4289 ab
1384 4235 1557 4309 altera
1586 4237 1719 4292 adeo
1742 4238 1828 4292 di-

258 4317 422 4358 versa
450 4312 560 4367 est,
590 4311 646 4355 ut
677 4301 749 4357 cl.
781 4301 1061 4356 Menardus
1088 4306 1355 4359 existimet
1382 4306 1520 4360 illam
1550 4323 1653 4361 non
1684 4322 1831 4362 com-

260 4372 512 4442 posuisse
540 4383 778 4425 sauctum
808 4372 1152 4427 Fructuosum
1178 4375 1285 4442 jam
1325 4391 1461 4430 anno
1499 4377 1605 4431 670
1639 4376 1827 4431 delun-

258 4455 462 4505 ctum;
520 4443 612 4494 sed
668 4456 934 4509 nunquam
992 4458 1095 4496 non
1153 4444 1444 4499 laudandus
1501 4446 1830 4501 Mabillonius

259 4510 596 4566 contrarium
624 4513 837 4577 probat,
867 4521 922 4565 et
950 4524 1256 4581 argumenta
1292 4516 1707 4571 iucontestabilia
1737 4518 1824 4570 ad-

260 4581 419 4653 ducit
451 4582 505 4653 in
534 4581 642 4653 suis
662 4581 1120 4653 observationibus
1144 4584 1354 4650 praeviis
1380 4588 1444 4638 ad
1475 4585 1638 4653 hujus
1663 4587 1828 4640 sancti

261 4651 508 4718 episcopi
553 4649 723 4704 Vitam
757 4651 892 4704 inter
921 4652 1052 4706 Acta
1090 4649 1390 4707 sanctorum
1432 4649 1631 4713 ordiri"
1662 4657 1829 4709 sancti

261 4719 542 4792 Benedicti
570 4721 957 4792 reperieu_dam.
999 4721 1062 4773 Et
1096 4722 1306 4788 quidem
1339 4724 1449 4776 haec
1478 4724 1655 4792 regula
1686 4739 1830 4777 com-

263 4790 451 4862 munis
492 4804 522 4842 a
565 4799 751 4862 sancto
792 4788 1085 4844 Ρτιιειυοδυ
1129 4792 1426 4858 conscripta
1464 4788 1671 4847 videtur
1714 4801 1832 4862 post

263 4859 906 4929 adeptumepiscopatum
924 4898 941 4925 ,
982 4862 1047 4913 ad
1072 4862 1412 4915 auferendum
1442 4859 1830 4917 intolerabilem

264 4930 497 4983 abusum
524 4928 632 5001 jain
660 4930 836 5001 aliquo
866 4936 1101 5001 tempore
1125 4931 1261 4998 apud
1302 4931 1559 5000 Hispanos
1587 4945 1831 5001 grassan-

266 5008 401 5061 tem,
429 5000 641 5066 quando
664 4998 935 5062 nimirum,
958 4999 1104 5053 nullo
1132 5001 1308 5053 habito
1330 4998 1485 5055 scius
1506 4998 1829 5069 discriminc,

264 5069 537 5136 conjugati
569 5069 722 5121 simul
749 5082 868 5120 cum
897 5069 1144 5122 uxoribus
1163 5100 1179 5133 δ
1211 5069 1387 5124 liberis
1415 5084 1477 5125 ac
1503 5070 1673 5125 servis
1694 5110 1708 5135 ,
1739 5073 1835 5127 do-

265 5139 470 5192 micilia
496 5138 597 5191 sibi
630 5139 682 5191 in
711 5138 924 5191 modqu
951 5140 1255 5192 monasterii
1285 5140 1696 5207 componebant,
1721 5144 1834 5196 suis

264 5208 645 5275 cupiditatibus
670 5209 1038 5272 inservientes,
1067 5218 1223 5277 atque
1254 5210 1530 5275 luxuriam,
1558 5210 1831 5266 avaritiam

264 5284 324 5331 et
369 5279 673 5348 superbiam
722 5277 1062 5348 esculentes,
1118 5280 1241 5332 nulli
1289 5280 1479 5348 regulae
1530 5282 1833 5334 monastic-:1:

265 5346 511 5418 astricti,
562 5361 660 5400 nec
705 5346 861 5418 alicui
914 5348 1193 5414 praeposito
1247 5349 1331 5401 vel
1353 5346 1549 5403 'abbati
1606 5351 1834 5418 regulari

264 5416 535 5485 subjecti;
566 5431 722 5485 quem
748 5416 889 5468 enim
917 5432 1069 5470 suum
1099 5419 1343 5472 abbatem
1369 5416 1722 5488 appellabant,
1757 5421 1832 5475 illi

1934 4181 2077 4218 mum
2104 4164 2300 4219 annum
2330 4166 2503 4218 aetatis
2530 4163 2788 4233 egressis;
2822 4164 2890 4215 ita
2936 4174 3109 4218 tamen
3129 4194 3144 4230 ι
3168 4173 3225 4218 ut
3249 4166 3344 4220 viri
3374 4163 3495 4221 cum

1930 4234 2055 4289 liliis
2078 4237 2302 4289 seorsim
2325 4237 2579 4304 degerent
2603 4236 2655 4287 iu
2687 4233 3020 4304 monasteriis
3048 4248 3076 4285 a
3108 4236 3333 4302 sequiori
3363 4250 3495 4290 sexu

1929 4306 2217 4373 separatis;
2239 4302 2680 4375 quemadmodum
2704 4312 2755 4355 et
2782 4302 2989 4375 leniiiutc
3011 4317 3129 4357 cum
3152 4308 3263 4375 suis
3286 4305 3493 4361 liliabus

1930 4372 2109 4430 Vivere
2133 4372 2399 4430 debebant
2418 4390 2445 4427 a
2468 4374 2590 4426 Viris
2614 4383 2898 4439 separatis;
2925 4373 2992 4423 ita
3021 4383 3075 4424 ut
3097 4372 3311 4440 quilibet
3333 4388 3493 4429 sexus

1932 4446 2175 4499 habuerit
2218 4462 2342 4499 suos
2386 4445 2665 4495 distinctos
2710 4444 3041 4507 superiores,
3086 4443 3181 4494 viri
3220 4441 3489 4507 abbatem,

1933 4516 2143 4568 feininzc
2170 4516 2513 4573 abbatissam,
2536 4514 2651 4565 sive
2669 4524 3008 4576 quoscunque
3031 4511 3162 4562 alios
3192 4513 3497 4577 superiores

1932 4599 1961 4636 a
1994 4586 2172 4651 regula
2201 4582 2556 4652 praescriptos.
2593 4580 2828 4652 Denique
2851 4592 3064 4632 sanctus
3096 4579 3418 4634 Fructuosus
3445 4582 3496 4635 iu

1931 4646 2331 4707 omnilms'suis
2370 4650 2565 4717 regulis
2603 4646 3003 4715 professionem,
3051 4665 3206 4716 quam
3250 4662 3500 4706 vocamus

1934 4724 2338 4786 monachorum,
2369 4722 2597 4790 appellat
2629 4729 2857 4790 pactum,
2884 4732 2987 4790 quo
3010 4719 3245 4772 iuitiaudi
3280 4722 3500 4787 promit-

1936 4793 2116 4846 tebant
2154 4807 2213 4846 se
2250 4786 2426 4845 omnia
2463 4786 2690 4842 θωπί)ὶηί
2718 4786 2798 4859 sui
2832 4787 3066 4859 instituta
3096 4786 3498 4859 ohserttatnros,

1937 4876 2108 4929 neque
2139 4876 2368 4931 unquam
2397 4859 2465 4913 ab
2491 4859 2606 4931 ejus
2645 4855 2974 4931 districtione
3010 4860 3092 4913 vel
3124 4860 3380 4928 tantisper
3410 4855 3499 4917 re;

1934 4925 2197 4987 cessuros.
2231 4925 2403 4997 llujus
2431 4925 2563 4999 pacti
2604 4927 2871 4999 sjiecimeii
2898 4925 3055 4981 etlam
3090 4930 3138 4982 in
3166 4925 3345 4999 regula
3376 4946 3501 4984 san-

1935 5003 2002 5055 eti
2056 5001 2237 5055 Isidori
2278 4996 2475 5053 invenit
2521 4996 2886 5060 Mabillonius,
2918 4999 3058 5065 quod
3102 5008 3154 5053 et
3193 4996 3257 5053 ei
3308 5002 3500 5055 (lodice

1937 5072 2297 5126 vetustissimo
2321 5071 2577 5124 Lirinensi
2600 5067 2934 5133 desumptutn
2958 5070 3067 5122 suis
3091 5070 3379 5123 Annalibus
3404 5072 3503 5122 Be-

1939 5141 2218 5196 neilictinis
2256 5140 2482 5195 inseruit
2526 5146 2668 5190 tomo
2706 5136 2756 5195 ι.
2798 5137 2889 5191 lib.
2926 5152 3029 5204 su,
3082 5153 3195 5206 pag.
3238 5137 3358 5191 sua.
3392 5138 3500 5193 Sed

1940 5210 2091 5279 longe
2121 5212 2372 5279 prolixius
2410 5216 2491 5262 est
2529 5216 2735 5274 pactum
2784 5206 2949 5279 sancti
2998 5208 3266 5279 Fructuosi
3310 5208 3397 5279 hic
3436 5210 3502 5261 ad

1938 5276 2135 5334 calcem
2169 5283 2322 5349 hujus
2354 5281 2546 5346 regula:
2572 5278 2867 5349 communis
2890 5279 3207 5349 appositum,
3242 5276 3501 5344 incipiens

1941 5365 1969 5403 a
1998 5346 2593 5419 quadam'prol'cssione
2643 5346 2761 5419 lidei
2808 5348 3094 5419 emittenda
3134 5346 3274 5419 circa
3306 5358 3501 5419 myste-

1939 5415 2081 5473 rium
2107 5415 2452 5474 sancti'ssima:
2478 5416 2771 5477 Trinitatis,
2791 5430 2946 5483 quam
2971 5415 3265 5470 faciendam
3296 5418 3505 5482 publice

266 5479 385 5557 non
404 5479 539 5557 adeo
578 5479 860 5557 parebant,
891 5502 1048 5553 quam
1081 5491 1374 5544 voluntates
1406 5479 1537 5543 's'uas
1576 5479 1835 5557 approba-
1863 5479 1912 5539 Ι)
1941 5490 2262 5543 existimavit
2286 5499 2426 5542 recte
2451 5487 2716 5557 piissimus
2738 5479 3131 5557 cpiscopus,ob
3160 5479 3501 5542 lateséentem

266 5556 417 5610 bant.
448 5556 502 5608 ld
533 5569 655 5609 vero
686 5555 806 5608 vita:
833 5558 1038 5609 rusticae
1062 5571 1227 5623 genus
1255 5557 1374 5613 ideo
1400 5560 1550 5612 multi
1584 5555 1700 5612 laici
1726 5564 1833 5614 ele-

265 5634 481 5695 gerunt,
510 5633 566 5679 ut
596 5628 693 5678 hoc
720 5636 872 5693 pacto
903 5640 930 5678 a
962 5626 1185 5695 publicis
1211 5630 1351 5685 curis
1388 5642 1441 5684 et
1479 5628 1687 5684 tributis
1724 5630 1835 5683 exi~

594 5732 862 5796 Panos.
928 5735 1096 5795 LXX
1110 5735 1304 5804 XVII.

1942 5560 2115 5616 lorsau
2147 5562 2319 5615 adhuc
2346 5560 2570 5614 ltwrcsltt
2596 5555 2843 5610 Arianatn
2877 5558 3011 5622 apud
3046 5555 3323 5622 Ιιιθιιιιηοε,

2959 5731 3033 5791 33
