4038 6354
534 378 666 436 I0’l9

1482 384 1537 437 Β.
1584 382 1964 439 ΙἸΠΞΕὙΟΟΞΙ
2009 382 2476 440 Ill‘lACAIlENSIS
2518 381 2820 438 EPESCUI‘I

3640 330 3770 433 non

1477 524 3757 547 Μ

1166 618 1504 674 INCIPIUNT
1548 617 1893 674 CAPITULA
1939 614 2246 673 REGULzE
2285 617 2343 673 S.
2391 614 2773 672 FRL‘CTUOSI
2814 616 3141 673 EPISCOPI.

592 754 633 815 1.
662 753 738 802 De
761 754 1024 805 dilectione
1046 753 1137 803 Dei
1160 761 1209 802 et
1236 754 1460 815 proximi.

587 814 634 862 2.
668 816 738 864 De
765 818 1077 865 orationibus.

589 880 635 924 3.
663 877 738 926 De
767 878 1055 936 prmpositis,
1078 874 1152 923 vel
1179 873 1350 922 ofllcio.

589 937 636 985 4.
666 938 740 987 De
764 935 925 985 habitu
951 945 1001 986 et
1028 935 1164 986 veste
1187 935 1545 985 monachorum.

592 1000 637 1046 5.
673 1000 744 1047 De
769 1002 975 1047 mensis.
1080 1012 1083 1015 ‘

589 1060 636 1105 6.
666 1060 739 1108 De
764 1062 1074 1117 operatione.

591 1119 642 1171 'I.
664 1121 737 1169 De
763 1120 1090 1180 ferramentis,
1114 1117 1193 1167 vel
1218 1118 1524 1169 utensilibus.

591 1181 643 1228 8.
668 1182 742 1231 De
766 1182 1070 1239 obedientia,
1099 1187 1149 1228 et
1171 1182 1393 1229 sessione
1416 1180 1655 1229 monachi.

593 1244 640 1291 9.
667 1244 738 1291 De
766 1240 1171 1291 ltebdomadarits.

582 1306 668 1353 ⁷10.
699 1304 768 1353 De
791 1303 1397 1363 IlOSpIiIbllS,PBI’PgI'InIS,
1425 1301 1502 1350 vel
1530 1300 1739 1351 intlrmis.

597 1366 674 1415 11.
705 1367 777 1413 De
800 1361 960 1413 nitere
981 1372 1030 1411 et
1052 1361 1227 1410 affectu
1249 1361 1485 1414 monachi.

596 1427 674 1475 12.
697 1424 769 1474 De
790 1425 976 1473 cautela
1002 1424 1240 1472 monachi.

596 1486 671 1537 15.
696 1486 771 1537 De
794 1488 999 1537 delictis.

2123 760 2172 816 A

2269 751 2341 799 H.
2367 751 2442 798 De
2469 752 2911 800 exrommnnicatis.

2262 813 2337 861 15.
2367 812 2436 860 Dc
2463 813 2687 860 clamosis
2711 822 2755 860 et
2788 812 2997 859 lascivis.

2263 874 2337 935 16.
2367 874 2441 921 De
2464 874 2718 930 mendace,
2742 871 2870 933 fure,
2896 880 2946 923 et
2970 884 3255 935 percussore
3276 870 3527 922 monacho.

2266 934 2342 983 17.
2367 936 2441 982 De
2465 935 2689 993 culpatis.

2263 995 2338 1043 18.
2364 996 2439 1044 De
2457 998 2605 1055 jeinut
2628 1011 2669 1046 s.

2263 1058 2335 1105 19.
2367 1059 2439 1104 De
2461 1059 2597 1104 cibis.

2261 1119 2338 1179 2t).
2366 1118 2440 1179 De
2460 1119 2613 1165 ot‘ticio
2635 1118 2821 1167 abbatis
2843 1118 2922 1167 vel
2944 1119 3205 1179 praepositi.

2265 1178 2345 1241 ξι.
2374 1178 2449 1241 pe
2472 1182 2744 1241 conversis,
2764 1177 2977 1241 qualiter
2996 1177 3180 1231 debent
3198 1177 3392 1240 suscipi.

2265 1238 2346 1288 τὶ.
2374 1239 2446 1287 De
2474 1238 3044 1301 professione'couvcrsi.

2263 1302 2343 1348 25.
2368 1301 2439 1349 Dc
2464 1302 2603 1361 primi
2623 1305 2965 1352 conversione.

2268 1364 2344 1412 21.
2374 1363 2443 1409 De
2468 1364 2687 1411 senibus.

2265 1426 2345 1472 25.
2372 1422 2449 1472 De
2471 1425 2556 1472 die
2576 1422 2845 1472 Dominico.

2698 1504 2971 1568 Expliciuut
2996 1505 3221 1567 capitula.

549 1638 3775 1666 mw

1828 1729 2112 1790 INCIPIT
2163 1730 2477 1792 REGULA

1018 1894 1108 1968 Α.
1172 1894 1264 1968 D.
1329 1893 1455 1968 ΕΤ
1515 1890 1601 1970 Ρ.
1659 1894 1750 1971 Ν.
1814 1889 2119 1970 FRUC'I

2224 1893 2414 1969 OSO
2478 1895 2788 1972 EDITA
2847 1896 2954 1973 IN
3015 1895 3286 1981 PACE.

1049 2044 1273 2099 CAPUT
1314 2043 1593 2099 PRIMUM.

914 2137 990 2190 De
1014 2138 1277 2191 dilectione
1309 2135 1403 2190 Dei
1431 2149 1477 2191 et
1505 2137 1743 2208 proximi.

614 2231 735 2284 Post
767 2227 1101 2282 dzlectionem
1132 2226 1260 2290 Dei,
1289 2236 1339 2280 et
1370 2228 1624 2294 proximi,
1655 2227 1790 2296 quod
1833 2235 1915 2281 est
1954 2227 2112 2282 totius

546 2323 889 2394 perfectionis
919 2320 1217 2383 vinculum,
1264 2328 1319 2373 et
1364 2333 1569 2373 summa
1598 2320 1846 2373 virtutum
1868 2360 1881 2381 .
1916 2316 2019 2372 hoc
2046 2320 2114 2375 de

545 2417 753 2481 reliquo
780 2428 842 2467 ex
876 2410 1101 2481 regulari
1128 2410 1408 2463 traditione
1435 2409 1737 2463 conservari
1765 2409 1814 2461 in
1845 2418 2112 2462 monaste-

543 2509 638 2561 riis
666 2506 942 2560 delinitum
970 2512 1071 2557 est.
1102 2502 1334 2555 Primum
1371 2501 1677 2555 incumbere
1705 2501 1926 2556 orationi
1957 2511 2114 2555 nocte

547 2612 609 2651 ac
636 2596 755 2660 die,
786 2604 836 2648 et
873 2591 1249 2660 pra-finitarum
1293 2592 1539 2644 horarum
1579 2592 1862 2646 observare
1899 2606 2113 2644 mensu-

545 2707 689 2754 ram;
725 2703 822 2743 nec
850 2701 1037 2741 vacare
1067 2687 1350 2752 ullatenus,
1382 2696 1470 2740 aut
1500 2696 1711 2753 torpere
1750 2700 1780 2739 a
1827 2685 2115 2757 spirituali-

543 2781 641 2834 bus
670 2793 990 2850 quemquam
1038 2791 1256 2846 cperum
1296 2776 1560 2832 exercitiis
1596 2775 1856 2831 diuturnis
1905 2784 2113 2845 tempo-

547 2871 712 2926 ribus.

1163 2956 1389 3013 CAPUT
1430 2957 1491 3011 11.

1111 3046 1188 3100 De
1213 3048 1542 3100 orationibus.

623 3138 807 3191 Primae
840 3137 982 3191 hora:
1011 3137 1355 3190 observandae
1386 3151 1631 3190 mensura
1663 3134 1860 3190 sancita
1893 3145 1994 3198 est,
2029 3135 2111 3188 (Ιί-

544 3239 700 3283 ccnte
732 3227 990 3296 I‘rOpbcta
1020 3245 1033 3281 :
1074 3226 1225 3281 Mune
1253 3226 1427 3279 astabo
1458 3227 1583 3291 tibi,
1614 3236 1660 3279 et
1696 3226 1867 3279 videbo
1898 3235 1964 3291 te,
1991 3225 2115 3293 quia

544 3332 599 3374 tu
627 3338 679 3374 es
708 3320 841 3374 Deus
866 3318 1042 3373 nolens
1081 3319 1395 3388 iniquitatem
1427 3316 1601 3385 (Psnl.
1633 3318 1706 3384 v).
1757 3317 1823 3370 Et
1867 3316 2055 3371 iterum
2098 3333 2111 3369 :

2135 2046 2178 2105 B
2206 2047 2583 2102 conscientiam
2612 2048 2841 2116 proferat
2864 2062 2985 2106 ante
3011 2052 3195 2105 Deum.
3222 2052 3343 2106 Post
3367 2053 3559 2108 deinde
3580 2055 3773 2111 adeoa-

2216 2146 2296 2192 tes
2337 2138 2527 2192 cubilia
2581 2138 2789 2193 summo
2832 2155 2951 2195 eum
2998 2142 3229 2207 silentio,
3277 2151 3332 2198 et
3373 2142 3553 2198 habitu
3607 2149 3779 2212 tacito,

2214 2244 2508 2298 gressuque
2530 2231 2711 2298 quieto
2736 2270 2750 2293 ,
2787 2247 2889 2285 nec
2920 2232 3056 2286 ullus
3085 2248 3144 2287 se
3182 2234 3265 2287 vel
3312 2235 3448 2288 ultra
3478 2237 3640 2291 cubiti
3669 2253 3781 2305 spa—

2217 2319 2347 2370 tium
2372 2316 2602 2386 Jungcns
2630 2321 2694 2372 ad
2721 2322 3029 2373 alterutrum
3057 2364 3071 2386 ,
3104 2322 3185 2375 vel
3218 2323 3401 2377 saltem
3433 2325 3591 2378 alium
3622 2327 3782 2395 respi-

2215 2425 2335 2464 cere
2362 2411 2563 2464 audens
2588 2452 2603 2475 ,
2653 2424 2832 2480 pergat
2880 2415 2945 2466 ad
2994 2414 3257 2469 lectulum
3285 2430 3438 2469 suum
3466 2457 3480 2479 ,
3513 2418 3600 2471 ubi
3634 2418 3782 2474 tacite

2215 2499 2439 2553 orationi
2468 2501 2742 2565 insistens,
2763 2501 3100 2570 psalmosque
3122 2518 3424 2570 recensens,
3453 2506 3641 2561 ultimo
3666 2521 3780 2561 ora-

2216 2591 2412 2643 tionem
2441 2604 2588 2643 suam
2619 2591 3036 2660 quinquagesimi
3082 2594 3270 2660 psalmi
3316 2596 3680 2649 recitationem
3707 2606 3783 2649 at-

2215 2696 2318 2750 que
2340 2683 2634 2735 orationem
2663 2694 2994 2736 consummet
3018 2699 3033 2748 ;
3068 2697 3164 2739 nec
3187 2694 3445 2753 strepere,
3472 2700 3569 2740 nec
3599 2686 3787 2740 mutire

2214 2785 2393 2837 ausus,
2423 2782 2514 2827 aut
2539 2788 2808 2840 excreare,
2836 2788 2955 2829 cum
2983 2774 3151 2845 gratia
3197 2775 3445 2833 nocturni
3487 2776 3663 2830 somni
3700 2788 3787 2831 ca-

2216 2865 2326 2935 piat
2361 2865 2650 2921 silentium.

2829 2958 3055 3015 CAPUT
3094 2956 3182 3014 Ill.

2662 3049 2738 3102 De
2762 3052 3043 3121 prapositis
3071 3053 3146 3105 vel
3170 3052 3350 3121 o/ﬁcio.

2290 3134 2612 3208 Praepositus
2642 3154 2770 3194 sane
2798 3140 2849 3193 in
2895 3142 3067 3195 medio
3113 3142 3408 3197 consistens
3454 3140 3787 3212 dormitorio,

2219 3229 2563 3300 quoadusque
2591 3230 2765 3284 cuncti
2796 3230 3088 3299 quiescant,
3118 3233 3363 3287 omnibus
3402 3235 3510 3303 jam
3554 3236 3792 3291 cubanti-

2222 3321 2319 3376 bus
2348 3322 2640 3376 circumeat
2667 3324 2887 3378 silenter
2918 3323 3052 3377 lecta
3082 3325 3431 3394 singulorum,
3462 3342 3528 3381 ne
3554 3330 3672 3396 quis
3700 3337 3794 3383 aut

545 3412 626 3466 Ad
669 3422 715 3464 te
753 3411 931 3477 orabo,
964 3410 1178 3463 Domine
1200 3450 1215 3474 ,
1261 3426 1409 3462 mane
1456 3411 1690 3463 exaudiet:
1734 3425 1899 3463 vocem
1950 3425 2112 3463 meum
2141 3400 2185 3465 C
2219 3412 2369 3466 tarde
2397 3425 2455 3467 se
2491 3412 2674 3480 jactet,
2708 3422 2797 3467 aut
2833 3424 2977 3466 extra
3019 3415 3251 3482 regulam
3282 3416 3502 3469 occultis
3540 3418 3791 3470 mussita-

550 3502 757 3576 (Ibid.).
810 3502 1055 3558 Secunda
1101 3517 1308 3570 quoque
1359 3503 1497 3555 inter
1546 3502 1764 3569 primam
1813 3510 1867 3556 et
1908 3501 2113 3556 tertiam

549 3594 831 3648 constituta
879 3594 1029 3662 quasi
1077 3593 1288 3661 quidem
1328 3593 1479 3647 limes
1520 3595 1759 3661 ponitur;
1812 3594 1950 3648 unde
1990 3605 2045 3649 et
2086 3611 2116 3648 a

549 3684 822 3740 monachis
854 3698 1074 3738 necesse
1097 3695 1177 3738 est
1206 3699 1271 3737 ne
1301 3684 1466 3738 otiosa
1499 3687 1736 3738 ducatur.
1773 3686 1894 3739 Ideo
1920 3688 2117 3741 consti-

554 3787 723 3829 tmnm
754 3784 831 3826 cst
855 3782 914 3827 ut
939 3774 1075 3827 trino
1105 3773 1425 3841 psalmorum
1459 3774 1710 3841 obsequio
1735 3776 2115 3843 frequentetur,

549 3883 667 3932 (λικε
696 3879 743 3918 et
774 3866 953 3931 primm
981 3874 1311 3919 consummet
1338 3865 1566 3920 ofﬁcium
1592 3906 1605 3929 ,
1647 3878 1698 3921 et
1737 3869 2121 3937 subscquenter

555 3953 725 4007 tertia:
756 3955 967 4021 incipiat
1006 3956 1262 4009 scandere
1302 3957 1543 4025 gradum.
1574 3957 1643 4011 lta
1671 3974 1879 4029 quoque
1912 3960 1962 4013 in
1991 3960 2117 4012 reli-

553 4046 673 4113 quis
724 4046 1017 4098 institutum
1064 4056 1144 4099 est
1190 4046 1331 4100 hunc
1379 4049 1693 4101 servandum
1724 4064 1841 4102 csse
1880 4050 2118 4103 ordinem

555 4135 722 4198 boris,
752 4134 926 4197 tertia,
959 4145 1130 4200 sexta,
1157 4152 1316 4201 nona,
1343 4137 1650 4193 duodecima
1676 4140 1937 4204 videlicet,
1962 4150 2120 4209 atque

552 4239 806 4293 vespera,
842 4234 898 4279 ut
928 4236 1049 4280 ante
1089 4235 1141 4279 et
1190 4236 1309 4294 post
1340 4226 1502 4281 trinas
1533 4228 1625 4282 bas
1666 4228 1924 4296 legitimas
1965 4231 2121 4283 horas

560 4320 853 4387 peculiares
868 4320 1133 4373 orationes
1152 4328 1535 4388 prosequantur
1554 4322 1824 4390 obsequia.
1855 4322 2120 4374 Nocturno

551 4411 709 4481 igitur
740 4423 977 4481 tempore
1004 4412 1163 4480 prima
1198 4416 1363 4466 noctis
1397 4413 1523 4467 liora
1552 4428 1644 4467 sev
1678 4412 2002 4466 orationibus
2030 4430 2119 4467 ce-

555 4507 805 4561 lebranda
839 4516 953 4572 est;
987 4522 1047 4562 ac
1076 4508 1267 4562 deinde
1290 4509 1469 4561 decem
1512 4508 1830 4575 psalmorum
1859 4519 2116 4561 concentu

556 4612 674 4651 cum
704 4598 858 4652 laude
900 4613 960 4652 ac
1003 4599 1456 4652 benedictionibus
1487 4600 1897 4653 consummando
1934 4600 1982 4651 in
2025 4600 2117 4651 lic-

554 4687 713 4740 clcsia
745 4696 846 4741 Cal.
882 4687 1076 4741 Deinde
1104 4688 1471 4741 valetacientes
1513 4688 1766 4752 invicem,
1796 4698 1848 4742 ct
1888 4688 2120 4741 reconci-

557 4775 757 4829 liationi
787 4791 847 4828 ac
877 4776 1225 4830 satisfactioni
1254 4778 1566 4831 alterutrum
1594 4779 1915 4842 insistentes,
1946 4779 2121 4832 laxant

560 4875 743 4919 mutuo
772 4866 968 4931 debita,
1000 4877 1052 4920 ct
1082 4868 1271 4934 pit-tate
1305 4884 1489 4935 prona,
1522 4870 1608 4936 qui
1639 4872 1894 4938 segregati
1924 4886 1951 4923 a
1982 4882 2122 4925 cmtu

557 4950 797 5012 fraterno
828 4959 896 5011 ob
927 4961 1298 5029 negligentiam
1327 4976 1475 5015 suam
1510 4963 1715 5016 fuerant
1747 4973 2016 5016 tuerentur
2047 4964 2125 5016 in—

555 5053 901 5121 diligentiam.
930 5055 1061 5108 Cum
1092 5054 1301 5109 demmn
1333 5064 1609 5124 pergentes
1638 5056 1700 5109 ad
1732 5056 1943 5123 cubilia,
1971 5066 2127 5125 atque

556 5143 607 5195 in
640 5159 800 5196 nnutn
847 5143 1023 5197 cuncti
1055 5153 1308 5199 coeuntes
1337 5144 1406 5198 ob
1437 5145 1813 5212 perfectionem
1861 5144 2004 5212 pacis
2025 5183 2039 5210 ,
2075 5156 2129 5200 ct

554 5248 765 5288 reorum
794 5233 1183 5289 absolutionem
1210 5272 1225 5301 ,
1256 5236 1480 5290 cantatis
1509 5236 1675 5291 tribus
1714 5237 1948 5304 psalmis,
1976 5236 2125 5305 juxta

554 5340 797 5390 morem,
845 5340 964 5379 cum
1016 5324 1208 5389 laude,
1260 5336 1314 5379 et
1364 5325 1769 5389 benedictione,
1814 5327 2123 5395 Symbolum

549 5415 867 5471 Christiana:
916 5418 1037 5472 ﬁdei
1086 5417 1354 5471 commnni
1399 5410 1582 5471 omnes
1630 5422 1853 5472 recitent
1882 5432 2040 5482 voce,
2071 5427 2126 5471 ut

553 5505 709 5560 tidem
758 5520 906 5561 suam
964 5524 1145 5577 puram
1196 5524 1373 5562 curam
1422 5507 1642 5560 Domino
1677 5508 2039 5571 ostendentes,
2080 5508 2123 5561 si

557 5597 697 5663 quod
729 5597 947 5652 dubium
979 5614 1083 5654 non
1113 5611 1193 5652 est
1225 5597 1336 5652 ﬁeri
1368 5598 1447 5652 vel
1490 5598 1750 5661 accidere,
1784 5607 1832 5649 ut
1867 5610 2125 5653 nocturno

551 5686 827 5753 quisquam
880 5698 1116 5757 tempore
1159 5700 1409 5743 evocetur
1437 5704 1465 5741 a
1510 5703 1751 5756 corpore,
1785 5692 2126 5745 Commenda-

552 5785 656 5827 tam
684 5777 789 5843 jam
826 5778 982 5833 tidem
1014 5792 1194 5846 suam,
1223 5789 1276 5834 et
1305 5779 1567 5848 expiatam
1596 5780 1662 5833 ab
1691 5781 1831 5833 omni
1874 5780 2125 5834 seandalo

2220 3505 2453 3559 tionibus
2486 3515 2674 3570 vacet;
2707 3518 2757 3559 et
2785 3515 2842 3559 ut
2891 3506 3098 3570 plenius
3139 3517 3474 3575 perscrutans
3498 3519 3649 3577 gesta
3686 3510 3794 3564 sin-

2217 3596 2462 3665 gulorum
2487 3637 2503 3662 ,
2534 3608 2589 3651 et
2614 3594 2801 3650 merita
2832 3596 3123 3665 intelligat,
3152 3612 3310 3665 quem
3340 3600 3607 3664 quomodo
3641 3614 3794 3652 veneo

2223 3698 2369 3742 retur
2399 3696 2557 3756 atque
2588 3688 2859 3755 suscipiat.
2893 3686 3151 3741 Similiter
3178 3698 3231 3741 et
3260 3701 3348 3739 aut
3376 3688 3608 3741 decanus
3638 3688 3789 3749 alius,

2221 3788 2310 3831 aut
2353 3778 2629 3846 quisquam
2677 3794 2707 3831 e
2751 3777 2997 3831 fratribus
3044 3780 3180 3832 bene
3219 3778 3469 3845 probatus
3499 3777 3714 3831 assistat
3744 3778 3793 3831 in

2223 3883 2437 3924 secessu
2462 3869 2754 3931 communi,
2783 3883 3059 3935 quousque
3082 3868 3244 3936 quieti
3271 3884 3329 3921 se
3358 3868 3567 3921 tradant
3588 3869 3795 3932 cuncti;

2223 3976 2289 4015 nc
2316 3970 2407 4015 aut
2435 3960 2638 4013 tabulas
2675 3960 2811 4013 inter
2841 3975 2899 4012 sc
2929 3961 3183 4013 ventilcnt
3209 3974 3368 4013 vanas
3390 3999 3403 4023 ,
3432 3969 3523 4013 aut
3566 3962 3796 4013 ridiculis

2223 4048 2496 4112 studeant,
2532 4059 2619 4101 aut
2651 4049 2925 4117 quodlibet
2954 4049 3161 4103 noxiale
3192 4048 3375 4101 vitium
3421 4059 3793 4101 consuescant.

2224 4141 2352 4203 Quia
2386 4140 2682 4193 institutum
2721 4149 2802 4191 est
2835 4138 3147 4208 rt‘gulariler
3187 4140 3389 4192 nullum
3430 4141 3651 4192 omnino
3679 4155 3792 4192 mo-

2225 4237 2451 4286 nachum
2498 4232 2549 4285 in
2598 4245 2811 4284 secessu
2863 4232 3005 4299 loqui
3046 4231 3269 4294 debere,
3309 4232 3400 4285 sed
3443 4240 3533 4282 aut
3563 4230 3795 4298 psalmos

2222 4336 2527 4387 recensere,
2561 4322 2603 4373 si
2638 4326 2816 4389 p'urcs
2845 4331 2989 4385 sunt,
3021 4331 3110 4374 aut
3140 4335 3283 4376 certe
3315 4322 3510 4389 aliquid
3552 4322 3795 4376 meditari

2224 4428 2377 4475 voce,
2409 4410 2450 4462 si
2482 4414 2624 4464 solus
2650 4422 2750 4464 est.
2776 4412 2848 4464 lta
2879 4420 3000 4463 ante
3026 4410 3249 4464 mediam
3280 4421 3559 4481 surgentes
3587 4422 3795 4466 noctem

2225 4502 2499 4555 ιιυυιιευθε
2547 4517 2639 4568 per
2686 4501 2881 4554 choros
2929 4501 3155 4554 recitent
3202 4500 3460 4568 psalmos,
3505 4503 3796 4555 secundum

2226 4595 2684 4653 consuetudinem,
2717 4594 2861 4656 prius
2890 4602 3066 4645 tamen
3097 4607 3254 4660 quam
3285 4603 3502 4662 surgant
3532 4595 3738 4655 czetcri,
3769 4609 3798 4646 a

2227 4687 2503 4753 vigiliariis
2537 4686 2788 4739 fratribus
2814 4685 3129 4750 printrositus
3159 4685 3437 4749 excitetur,
3469 4698 3520 4740 et
3550 4702 3671 4739 cum
3703 4687 3799 4739 be-

2227 4777 2525 4830 nedictione
2574 4789 2666 4827 sua
2717 4784 2772 4828 et
2813 4776 3020 4843 signum
3070 4786 3360 4839 moveatur,
3393 4785 3447 4829 et
3485 4785 3799 4829 cunctorum

2224 4868 2413 4921 lcctula
2450 4867 2517 4919 ab
2557 4880 2621 4918 eo
2655 4868 2959 4933 priusquam
2990 4874 3314 4933 consurgant
3341 4873 3555 4918 strenue
3587 4865 3803 4918 vi~iteu-

2226 4967 2327 5011 tur.
2363 4954 2475 5010 Hoc
2507 4970 2715 5025 quoque
2761 4955 2811 5008 in
2861 4954 3110 5007 omnibus
3160 4952 3432 5007 nocturnis
3470 4954 3801 5007 orationibus

2224 5060 2401 5117 gerat,
2434 5058 2489 5101 ut
2519 5063 2729 5115 semper
2759 5048 2903 5114 prior
2936 5056 3117 5109 surgat
3156 5048 3497 5113 praepositus,
3537 5061 3696 5115 quam
3735 5043 3801 5096 ad

2224 5138 2650 5205 consurgendum
2676 5138 2866 5205 reliqui
2892 5150 3230 5199 moneantur,
3262 5146 3318 5189 ut
3344 5138 3454 5205 ipse
3485 5137 3661 5190 videat
3681 5136 3801 5205 quis

2228 5230 2495 5298 quomodo
2518 5229 2689 5297 jaceat
2713 5269 2726 5292 ,
2761 5242 2828 5283 ne
2862 5228 3089 5297 aliquam
3124 5226 3390 5280 lasciviam
3420 5242 3515 5296 per
3541 5227 3800 5281 incuriam

2227 5320 2517 5389 quietionis
2559 5336 2667 5373 snze
2711 5320 2982 5373 dormiens
3036 5319 3290 5372 incurrat.
3342 5316 3468 5371 Post
3518 5326 3802 5387 pausantes

2229 5414 2497 5480 paululum
2550 5414 2778 5467 medium
2833 5412 3003 5465 noetis
3057 5413 3363 5479 persolvant
3408 5411 3663 5475 ofﬁcium,
3715 5408 3800 5461 ubi

2228 5512 2454 5572 quatuor
2481 5505 2815 5571 responsoria
2861 5504 2960 5557 sub
3006 5515 3273 5558 ternorum
3315 5504 3635 5572 psalmorum
3662 5502 3803 5554 divi-

2228 5599 2378 5653 sione
2407 5601 2772 5652 concinuntur.
2809 5599 2897 5651 Sic
2928 5608 3046 5666 post
3076 5598 3300 5651 mediam
3337 5611 3546 5651 noctem
3567 5637 3581 5661 ,
3610 5596 3651 5648 si
3684 5595 3802 5646 bie-

2230 5688 2329 5740 mis
2362 5697 2571 5753 tempus
2601 5697 2700 5747 est.
2726 5688 3031 5741 sedentibus
3069 5689 3305 5753 cunctis,
3343 5703 3476 5741 unus
3504 5686 3678 5741 medio
3711 5698 3800 5737 re-

2231 5780 2412 5835 sidens
2444 5781 2641 5851 releget
2670 5780 2884 5849 librum,
2915 5792 2965 5836 et
2993 5782 3057 5837 ab
3082 5782 3290 5847 abbate,
3320 5781 3405 5836 vel
3431 5797 3457 5833 ει
3493 5777 3799 5850 ρῖτνρηεῑιο,
