4038 6354
268 364 395 422 1101

1477 361 1757 416 REGULA
1801 356 2302 414 MONACIlOllUM.

3372 351 3512 411 1102

268 478 559 532 disserente
589 472 800 529 caeteris
838 471 1246 542 simplicioribus
1285 470 1426 543 quod
1469 471 1662 540 legitur
1690 478 1836 537 pate-
1866 472 1912 529 Α
1940 466 2075 521 stiri.
2130 467 2341 522 Subula:
2385 480 2514 518 sane
2538 504 2553 531 ,
2591 476 2753 530 acus,
2802 477 2864 517 ac
2899 462 2985 517 fila
3009 462 3223 520 diversa
3253 478 3348 531 pro
3384 478 3513 519 con-

254 569 374 631 fiat.
406 566 555 632 Quod
587 566 799 634 quidem
831 574 887 619 et
930 574 1113 618 testate
1160 572 1277 630 post
1307 576 1581 629 veSperatn
1617 570 1837 613 conscr-

272 671 448 721 vetur,
497 667 555 711 ut
600 658 904 724 priusquam
954 657 1257 724 compleant
1304 655 1437 708 liber
1488 654 1712 721 legatur.
1767 652 1840 705 lta

271 749 502 817 denique
552 747 812 801 duodenis
868 746 1057 801 iterum
1109 746 1334 800 cantatis
1378 746 1596 814 psalmis
1651 744 1845 798 adeant

271 841 463 895 cubilia
482 881 497 904 ,
532 839 912 908 paululumque
941 837 1312 907 quiescentes;
1336 836 1599 906 gallicinio
1620 835 1731 904 jam
1759 849 1845 888 so-

271 942 454 995 nante,
485 930 722 984 recitatis
750 928 919 983 tribus
946 928 1183 997 psalmis,
1212 943 1331 981 cum
1378 927 1535 980 laude
1574 935 1626 980 et
1677 927 1843 979 bene-

274 1019 508 1074 dictione
553 1032 647 1071 sua
692 1016 1008 1071 matutinum
1055 1016 1319 1069 celebrent
1360 1014 1697 1069 sacrificium.
1731 1014 1847 1079 Quo

274 1116 514 1180 peracto,
538 1109 661 1178 quia
694 1107 1022 1161 meditationi
1053 1105 1463 1159 iueumbendum
1500 1114 1603 1170 est,
1636 1119 1757 1157 mox
1794 1112 1846 1156 ut

272 1202 338 1256 ad
368 1202 542 1256 Ineunt
586 1210 855 1253 consueta:
895 1196 1249 1252 meditationis
1280 1197 1631 1265 pervenerint,
1669 1205 1849 1249 ternos

272 1294 498 1348 recitent
529 1294 785 1361 psalmos,
813 1298 866 1343 et
912 1288 1206 1342 orationem
1249 1304 1312 1343 ex
1347 1289 1549 1356 integro
1582 1286 1846 1349 finientes,

272 1387 594 1441 meditemur
623 1394 787 1451 usque
814 1382 878 1435 ad
911 1386 1085 1435 ortum
1133 1381 1280 1433 solis.
1324 1379 1465 1433 Sane
1511 1380 1563 1432 in
1603 1376 1849 1431 omnibus

279 1477 531 1528 horarum
563 1474 893 1539 singularum
925 1469 1273 1530 orationibus,
1298 1481 1555 1522 nocturno
1579 1483 1638 1521 ac
1660 1468 1851 1521 diurno

275 1570 535 1630 tempore,
568 1561 633 1614 ad
664 1574 875 1613 omnem
920 1560 1242 1627 psalmorum
1278 1558 1432 1611 finem
1458 1597 1473 1622 ,
1511 1558 1677 1626 gloria
1725 1570 1852 1611 can-

276 1664 451 1710 tantes
500 1655 605 1709 Deo
651 1659 1052 1721 prosternentur
1083 1652 1131 1703 itr
1163 1661 1355 1703 terram
1377 1692 1391 1713 ,
1426 1664 1492 1704 eo
1534 1649 1734 1712 scilicet
1772 1663 1855 1701 or-

273 1746 430 1811 dine,
481 1754 541 1798 nt
592 1759 749 1797 nemo
786 1743 928 1811 prius
976 1744 1186 1796 seniore
1238 1750 1328 1793 aut
1378 1740 1707 1801 incurvetur,
1761 1747 1851 1791 aut

1940 558 2176 620 suendis,
2206 555 2585 620 emendandis,
2614 555 2973 609 sarciendisve
3001 554 3235 608 vestibus
3254 594 3267 615 .
3302 554 3399 621 ipsi
3424 557 3517 609 tri-

1944 650 2148 704 buenda
2177 658 2297 702 sunt
2321 650 2386 701 ab
2408 649 2633 712 abbate;
2662 656 2715 700 et
2736 649 3171 715 conruecessitas
3194 647 3516 715 peposcerit,

1945 741 2150 795 lavandi
2174 751 2331 809 atque
2352 739 2664 794 emendandi
2691 739 2881 793 haheat
2901 740 3225 793 facultatem.
3252 737 3519 806 Quidquid

1946 832 1996 885 in
2025 831 2396 894 vestimentis,
2429 831 2803 883 calceamentis
2822 869 2836 893 ,
2864 828 2947 883 vel
2977 830 3206 883 lectariis
3234 829 3522 883 monacho-

1945 935 2061 973 rum
2092 928 2355 973 vetustum
2388 920 2567 984 fuerit,
2599 920 2725 973 dum
2751 934 2883 973 nova
2907 920 3225 990 percipiunt,
3260 928 3427 973 totum
3453 920 3522 973 ab

1948 1011 2139 1066 abbate
2170 1012 2489 1081 pauperibus
2519 1023 2790 1080 erogetur.

2539 1124 2803 1178 CAPUT
2867 1123 2929 1178 V.

2581 1193 2658 1247 De
2678 1196 2883 1247 mensis.

2023 1286 2150 1341 Cum
2194 1302 2319 1339 nora
2364 1301 2499 1341 nona
2542 1289 2605 1340 ad
2657 1288 2975 1341 vescendum
3008 1289 3354 1355 convenitur,
3384 1289 3527 1344 diem

1954 1378 2177 1448 psalmo,
2212 1374 2570 1433 residentibus
2595 1380 2746 1443 aliis,
2779 1394 2913 1433 unus
2960 1380 3098 1448 legat
3144 1381 3195 1434 in
3242 1383 3436 1435 medio.
3471 1381 3527 1435 In

1952 1470 2071 1523 cibo
2096 1469 2167 1522 sit
2196 1471 2452 1537 strepitus
2486 1472 2686 1532 nullus,
2733 1481 2890 1525 nemo
2930 1474 3212 1527 comedens
3262 1473 3527 1543 loquatur.

1953 1560 2011 1614 Si
2042 1559 2165 1627 quid
2194 1562 2342 1614 deest
2373 1562 2422 1614 in
2455 1576 2663 1626 mensa,
2699 1564 2741 1616 is
2771 1564 2856 1629 qui
2888 1577 3081 1632 praeest
3113 1568 3265 1636 signo
3295 1567 3417 1621 dato
3447 1568 3529 1619 vel

1954 1649 2168 1703 nutibus
2224 1650 2445 1705 silenter
2488 1662 2665 1719 petat,
2718 1662 2771 1706 et
2811 1653 2934 1708 indit
2954 1666 3007 1709 et
3047 1656 3364 1712 ministranti
3407 1659 3531 1726 quid

1956 1739 2160 1803 inferri,
2193 1739 2274 1793 vel
2300 1741 2423 1807 quid
2451 1742 2674 1803 auferri,
2706 1744 2774 1795 sit
2803 1758 2831 1796 a
2863 1759 3042 1798 mensa
3076 1760 3313 1801 necesse.
3360 1748 3535 1802 Prius-

276 1838 470 1893 iterum
502 1844 707 1906 surgat,
740 1836 830 1888 sed
858 1849 1046 1888 omnes
1078 1848 1283 1885 summa
1315 1832 1610 1899 arquatitate
1634 1847 1851 1885 consur-
1884 1810 1929 1868 Β
1960 1846 2115 1897 quam
2142 1831 2206 1884 ad
2238 1846 2473 1885 mensam
2502 1834 2846 1897 conveniant,
2877 1838 3140 1903 prrccedat
3165 1839 3354 1891 oratio.
3382 1836 3534 1891 Post-

275 1938 431 1998 gant,
492 1926 832 1994 extensisque
878 1925 942 1977 ad
994 1924 1189 1978 emlurn
1240 1922 1431 1990 palmis
1480 1922 1680 1975 orando
1735 1936 1855 1989 pcr-

278 2020 489 2084 sistant,
545 2020 680 2071 sicut
730 2025 785 2071 et
818 2016 1088 2082 aequaliter
1137 2026 1461 2082 merguntur.
1507 2014 1852 2068 Sabbatorurn

282 2123 411 2163 vero
439 2117 495 2162 ct
522 2107 914 2161 Dominicarum
961 2107 1191 2161 noctium
1228 2103 1505 2160 curriculis
1524 2147 1536 2169 ,
1567 2120 1696 2158 seno
1725 2104 1855 2157 mis-

281 2213 463 2254 sarum
497 2215 656 2266 super
681 2199 889 2267 adjecto
915 2197 1120 2263 officio,
1154 2200 1297 2251 senis
1325 2197 1485 2251 etiam
1524 2196 1699 2249 missis
1726 2196 1852 2265 vigi-

280 2293 369 2349 lia":
414 2308 536 2348 cum
586 2294 731 2346 senis
775 2291 1125 2361 reSponsoriis
1165 2288 1516 2355 celebrentur,
1564 2300 1617 2342 ut
1657 2290 1857 2343 Resur-

284 2384 542 2440 rectionis
588 2382 866 2436 dominicae
913 2381 1219 2434 solemnitas
1274 2379 1519 2445 ampliori
1561 2378 1858 2431 ciliciorum

280 2477 583 2546 psalmodia
626 2477 791 2544 magis
837 2477 1161 2540 honoretur,
1198 2473 1335 2542 quod
1378 2482 1433 2526 et
1477 2471 1859 2539 pracipuarom

284 2565 573 2622 festivitate
621 2570 903 2620 missarum
947 2567 1281 2634 prmcedcrrte
1317 2573 1471 2618 nocte
1499 2573 1861 2626 competenter

283 2657 583 2711 officiorum
611 2670 805 2725 genere
829 2656 897 2711 de
917 2656 1148 2725 qualibet
1178 2653 1511 2709 solemnitate
1540 2668 1750 2722 Semper
1780 2661 1864 2707 est

282 2745 688 2801 celebrandum.

898 2835 1122 2891 CAPUT
1161 2834 1246 2888 IV.

616 2923 696 2977 De
719 2918 892 2977 habitu
921 2935 969 2977 et
996 2933 1126 2981 veste
1152 2922 1531 2976 monac/torum.

360 3034 687 3089 Vestimenta
730 3051 833 3089 non
868 3034 1027 3088 multa
1060 3049 1155 3089 nec
1185 3035 1450 3102 superflua
1489 3035 1627 3101 sint;
1659 3033 1864 3088 duabus

1959 1938 2116 1992 quam
2166 1937 2195 1976 a
2245 1939 2427 1978 mensa
2476 1927 2839 1988 surrexerint,
2890 1936 3143 1995 sequatur
3185 1929 3392 1993 oratio;
3437 1942 3536 1982 nec

1960 2021 2084 2066 ante
2131 2014 2406 2082 quisquam
2455 2016 2646 2069 alicubi
2704 2027 2985 2085 prmsumat
3041 2021 3327 2086 progredi,
3378 2033 3535 2089 quam

1959 2119 2138 2158 coram
2191 2107 2377 2161 altario
2433 2107 2650 2161 Chr-isto
2701 2110 2987 2175 gratiarum
3042 2112 3317 2166 resolverit
3365 2112 3538 2166 actio-

1961 2210 2074 2250 nes.
2123 2195 2347 2251 Carnem
2393 2199 2635 2266 cuiquam
2681 2214 2779 2254 nec
2823 2210 3085 2269 glISlttnm,
3130 2217 3227 2256 uec
3270 2203 3537 2268 sumendi,

1960 2298 2040 2339 εει
2084 2301 2337 2341 concessa
2380 2289 2627 2354 licentia;
2670 2306 2772 2343 noo
2802 2294 2943 2359 quod
2992 2303 3287 2347 creaturam
3322 2294 3412 2349 Dei
3455 2295 3540 2364 ju-

1961 2377 2200 2432 dieemus
2242 2378 2542 2447 indignam,
2582 2383 2675 2435 sed
2705 2383 2843 2451 quod
2889 2384 3065 2436 carnis
3094 2384 3410 2438 abstinentia
3441 2385 3541 2438 uti-

1965 2466 2029 2519 lis
2056 2476 2108 2520 et
2136 2477 2253 2534 apta
2287 2470 2559 2524 monachis
2588 2472 2903 2526 a'stitnetur.
2944 2474 3165 2526 Servato
3205 2481 3381 2529 tamen
3427 2489 3543 2527 mo-

1963 2558 2238 2615 deramine
2293 2562 2503 2630 pietatis
2552 2579 2675 2633 erga
2735 2573 3054 2634 a‘grotor-um
3121 2566 3543 2623 necessitudines

1963 2650 2046 2703 vel
2100 2650 2256 2719 longe
2312 2652 2763 2720 proficiscentium
2815 2656 3160 2724 qrralitates,‘
3197 2666 3252 2710 ut
3304 2664 3359 2711 et
3406 2658 3547 2712 vola-

1967 2740 2130 2793 tilittm
2189 2742 2368 2796 esibrrs
2438 2743 2631 2797 infirmi
2686 2754 3091 2812 sustentcrrtur,
3150 2758 3204 2801 et
3256 2746 3544 2816 longinquo

1965 2830 2139 2885 itineri
2168 2831 2439 2907 destinati.
2467 2834 2520 2889 Si
2552 2844 2641 2888 aut
2668 2850 2697 2887 a
2730 2836 2963 2903 principe
2987 2876 3002 2901 ,
3035 2838 3115 2889 vel
3143 2838 3392 2904 episcopo
3419 2849 3542 2903 spe-

1967 2932 2170 2986 tantur,
2194 2940 2288 2990 pro
2317 2925 2687 2979 benedictione
2716 2936 2770 2980 et
2798 2927 3094 2981 obedientir
3126 2930 3408 2996 degustare
3435 2943 3543 2981 non

1966 3022 2222 3076 metuant,
2251 3024 2526 3070 servantes
2549 3018 2686 3083 apud
2721 3032 2780 3072 se
2822 3019 2887 3072 de
2929 3020 3136 3089 reliquo
3160 3021 3543 3074 continentiam

291 3136 497 3180 tantum
548 3126 771 3180 cucullis
816 3126 993 3179 villata
1036 3136 1088 3179 et
1116 3126 1361 3194 simplici,
1392 3134 1445 3179 et
1490 3140 1595 3179 uno
1627 3126 1860 3194 palliolo,

1969 3119 2299 3160 consuetam.
2351 3109 2499 3173 Quod
2550 3111 2592 3162 si
2640 3112 2757 3177 quis
2804 3114 3095 3167 monachus
3146 3114 3438 3177 violaverit,
3490 3124 3548 3168 et

1976 3206 2156 3221 ιιι-...ιμιι
2192 3200 2355 3221 ...ι-Αιῑ
2400 3216 2514 3221 _-__,_
2553 3202 2744 3221 .γ...γ.Ι,Δ
2793 3217 2885 3221 --.α
3030 3219 3041 3221 _
3094 3215 3253 3221 s,s.-,,
3302 3220 3307 3221 ,
3350 3220 3359 3221 κ
3446 3206 3541 3221 ,_A-

292 3218 562 3287 ternisque
595 3218 813 3281 tunicis,
855 3226 908 3271 et
950 3218 1210 3271 staminiis
1248 3218 1453 3271 duabus
1491 3219 1744 3287 cujusque
1773 3232 1867 3271 ne-

285 3312 551 3367 cessitatis
595 3310 923 3380 querimonia
978 3310 1283 3364 sullieienda
1320 3319 1420 3364 est.
1472 3310 1524 3363 In
1563 3309 1691 3375 ipsis
1732 3325 1866 3378 quo-

285 3417 395 3472 que
423 3402 694 3457 calceariis
741 3403 841 3456 hoc
887 3402 1137 3455 utendum
1186 3412 1287 3463 est,
1331 3413 1388 3455 ut
1438 3401 1613 3455 lricme
1650 3403 1869 3470 pedules

286 3492 554 3557 calceeut,
586 3493 673 3559 qui
720 3492 1004 3554 voluerint,
1032 3507 1060 3544 a
1107 3491 1191 3546 die
1238 3492 1592 3545 Kalendarum
1641 3491 1869 3547 Novem-

289 3585 465 3640 brium
498 3599 662 3654 usqne
685 3585 747 3638 ad
771 3584 887 3638 Kal.
912 3583 1103 3651 Maias;
1132 3586 1347 3653 reliquis
1378 3586 1574 3638 mstivis
1599 3588 1869 3641 mensibus

287 3675 579 3743 Caligarum
607 3685 806 3729 tantum
832 3677 1032 3729 solatiis
1056 3676 1321 3730 muniendi
1345 3686 1487 3731 sunt.
1510 3677 1866 3733 Femoraliurn

289 3779 422 3817 usus
452 3766 697 3834 cuiquam
730 3775 813 3819 est
841 3767 1242 3833 permittendus,
1279 3771 1507 3821 maxime
1539 3768 1616 3822 his
1645 3770 1732 3838 qui
1765 3772 1866 3823 trti-

288 3856 514 3908 nisterio
545 3856 880 3922 implicantur
908 3856 1109 3910 altaris.
1142 3856 1250 3912 Sed
1280 3866 1335 3912 et
1379 3858 1476 3911 hoc
1518 3861 1603 3927 qui
1654 3861 1868 3915 studere

287 3944 556 4009 voluerit,
600 3946 1069 4013 reprehendendus
1113 3961 1216 4001 non
1262 3950 1397 4013 erit,
1438 3963 1555 4002 cum
1599 3951 1869 4018 hucusque

289 4051 434 4090 nunc
462 4046 667 4091 constet
699 4039 944 4107 pleraque
972 4037 1113 4092 hunc
1152 4052 1299 4092 usum
1351 4043 1668 4096 monaste:ia
1704 4045 1864 4098 etirm

288 4130 345 4181 in
380 4129 463 4181 his
494 4130 795 4195 regionibus
826 4147 928 4183 non
979 4130 1193 4185 habere.
1241 4132 1605 4186 lnstrumeutis
1657 4148 1871 4203 compe-

291 4230 413 4273 tens
442 4220 740 4275 adhibenda
771 4231 853 4276 est
881 4223 1179 4292 disciplina,
1207 4239 1304 4277 nec
1330 4226 1555 4293 amplius
1583 4226 1866 4296 quidquam

287 4310 362 4361 ab
389 4309 569 4379 aliquo
606 4310 1005 4379 requirendum,
1035 4327 1193 4381 quam
1229 4329 1386 4366 unum
1418 4319 1729 4381 stragulum,
1762 4317 1869 4370 cal-

288 4399 579 4469 nabenque
622 4402 896 4466 villatum,
946 4404 1276 4470 mappulam,
1325 4415 1376 4459 et
1422 4405 1628 4458 duabus
1678 4407 1867 4461 lanatis

1974 3206 2158 3250 contra
2190 3200 2517 3253 sanctionem
2553 3202 2749 3270 regulae
2793 3217 3049 3271 usumque
3093 3215 3369 3258 veternum
3400 3206 3545 3259 vesci

1972 3288 2223 3343 carnibus
2256 3292 2675 3359 praesumpserit,
2724 3307 2815 3345 sex
2866 3293 3126 3347 mensium
3166 3295 3337 3363 spatio
3368 3303 3544 3349 retru—

1970 3381 2107 3433 sioni
2155 3390 2209 3434 et
2255 3382 2576 3448 paenitentiae
2624 3384 2935 3451 subiacebit.
2994 3385 3179 3440 Vrvant
3226 3389 3370 3440 enim
3416 3388 3547 3441 solis

1970 3474 2225 3538 oleribus,
2256 3483 2311 3528 et
2361 3477 2733 3543 leguminibus,
2770 3491 2998 3546 raroque
3028 3479 3296 3546 pisciculis
3327 3480 3551 3533 ﬂuviali-

1968 3565 2086 3630 bus,
2123 3567 2204 3621 vel
2236 3568 2495 3625 mariuis;
2541 3581 2594 3622 et
2625 3569 2726 3622 huc
2763 3569 2937 3638 ipsum
2965 3570 3172 3638 quoties
3202 3587 3260 3625 se
3294 3581 3549 3639 Opportu-

1971 3658 2110 3711 nitas
2171 3656 2416 3727 fratrum,
2478 3663 2557 3714 vel
2618 3659 2870 3714 festivitas
2928 3661 3282 3714 solernnitatis
3336 3662 3548 3716 dederit

1969 3748 2217 3815 alicujus,
2263 3757 2469 3802 sert'ata
2520 3750 2571 3803 in
2619 3749 2700 3802 his
2744 3759 2798 3803 et
2845 3751 3107 3803 similibus
3138 3750 3312 3804 causis
3349 3734 3552 3805 discreo

1972 3836 2117 3891 tione
2174 3839 2411 3906 najoris.
2476 3839 2574 3893 Per
2625 3840 2739 3893 dies
2794 3842 3032 3909 singulos
3088 3840 3193 3895 viui
3248 3841 3549 3907 potionibus

1971 3938 2359 3993 sustententur,
2386 3931 2533 3997 juxta
2569 3932 2950 3998 providentiam
3000 3941 3174 3986 tamen
3204 3933 3427 3995 abbatis,
3463 3933 3546 3987 vel

1973 4024 2265 4091 praepositi,
2300 4024 2413 4076 hwc
2442 4025 2551 4092 ipsa
2584 4023 2809 4092 potionis
2840 4027 3161 4092 parcimonia
3192 4036 3549 4093 temperetur;

1973 4116 2045 4168 ita
2073 4116 2347 4178 duntaxat,
2384 4124 2438 4169 ut
2472 4115 2611 4169 inter
2648 4126 2872 4182 quatuor
2904 4118 3091 4171 fratres
3120 4118 3383 4171 sextarius
3412 4117 3552 4170 divi-

1970 4206 2144 4260 datur.
2177 4206 2409 4263 Sabbato
2438 4222 2565 4261 vero
2609 4208 2690 4261 vel
2735 4208 3022 4261 Dominicis
3046 4208 3233 4261 drebus
3262 4208 3328 4261 ad
3355 4223 3544 4277 vespe-

1972 4314 2089 4352 rum
2116 4314 2213 4351 una
2243 4298 2388 4366 potio
2417 4298 2710 4365 adjiciatur.
2745 4300 2977 4363 Quilibet
3014 4312 3078 4352 ex
3116 4298 3548 4367 monachisjeju-

1972 4390 2116 4443 nium
2147 4390 2353 4443 solvere
2382 4404 2484 4442 non
2511 4401 2811 4456 praesumat,
2848 4406 2943 4443 nec
2975 4390 3276 4457 priusquam
3323 4390 3371 4442 in
3402 4403 3551 4444 eom-

288 4489 528 4558 pellibus
564 4491 811 4545 arietum.
859 4492 1118 4560 Quidquid
1168 4495 1218 4546 in
1268 4506 1443 4560 veste,
1494 4497 1572 4551 vel
1607 4491 1745 4550 cultu
1792 4506 1870 4551 est
1901 4503 1951 4564 Ι)
1978 4497 2136 4535 "mlle
2169 4481 2405 4535 Γθίίεῖδηι
2431 4496 2553 4534 ευιῐι
2581 4483 2808 4547 οῖυῑετίει
2838 4486 2914 4535 νει
2947 4492 3219 4550 ΡοΑυΙίῖπηι
3247 4482 3546 4550 Γθίθεθνίηίι

292 4580 682 4634 monachorum
708 4623 723 4647 ,
759 4598 861 4636 non
894 4583 1229 4650 peculiariter
1258 4588 1396 4653 apud
1442 4601 1868 4656 unumquemque

289 4670 623 4737 habendum,
652 4673 745 4727 sed
776 4674 875 4727 sub
905 4689 1061 4727 manu
1094 4674 1248 4728 unius
1287 4675 1467 4729 fratris
1495 4677 1786 4744 spiritualis
1818 4679 1867 4731 in

290 4780 396 4819 una
428 4766 561 4819 cella
594 4767 981 4821 recondendum
1009 4778 1118 4831 est;
1160 4769 1350 4835 quique
1400 4782 1518 4821 cum
1571 4772 1868 4823 necessaria

292 4856 637 4925 poposcerit,
681 4856 877 4925 petenti
920 4855 1166 4925 cuiquam
1197 4871 1426 4924 cerrgrua
1472 4865 1668 4911 statura
1701 4870 1870 4912 muta-

292 4946 433 4998 toria
467 4944 695 5011 tribuat;
727 4959 824 4998 nec
852 4946 1128 5013 quisquam
1160 4959 1190 4999 e
1220 4945 1492 4998 monachis
1524 4958 1676 4999 suum
1720 4960 1869 5000 asse-

295 5047 426 5087 rens
473 5034 613 5086 dicat
646 5051 657 5086 :
699 5033 871 5087 codex
916 5047 1098 5100 meus,
1130 5034 1319 5087 tabulae
1344 5048 1509 5096 tuear,
1536 5035 1617 5089 vel
1648 5037 1868 5104 reliqua.

291 5125 447 5194 Quod
491 5129 711 5181 verbum
760 5125 805 5179 si
849 5126 915 5180 de
956 5140 1051 5181 ore
1090 5125 1205 5193 ejus
1247 5122 1508 5193 effugerit,
1551 5125 1871 5190 poenitentiae

292 5217 630 5285 suhjacebit,
668 5231 732 5270 ne
758 5216 901 5270 velut
932 5214 1139 5283 propria
1168 5214 1418 5283 quaelibet
1460 5216 1510 5266 in
1554 5218 1872 5269 monasterio

293 5307 498 5361 habere
525 5307 795 5371 videatur;
845 5306 938 5360 sed
987 5306 1093 5359 siut
1132 5304 1269 5367 illis,
1314 5303 1449 5356 sicut
1487 5305 1737 5371 scriptum
1768 5313 1870 5370 est,

292 5400 477 5454 omnia
506 5400 806 5453 communia
846 5399 983 5467 (Act.
1017 5398 1114 5464 tv).
1158 5395 1308 5450 Unde
1350 5405 1404 5449 et
1446 5397 1657 5448 studere
1688 5396 1869 5450 iisdem

292 5500 477 5546 custos
504 5489 693 5551 debet,
728 5500 783 5542 ut
813 5502 1076 5542 summam
1108 5486 1159 5539 in
1201 5486 1281 5539 his
1311 5486 1547 5539 vestibus
1582 5486 1820 5553 deligeud
1848 5500 1873 5539 s

293 5578 494 5632 habent
520 5579 811 5639 solertiam,
840 5587 892 5630 et
924 5576 1134 5641 cuique,
1158 5584 1215 5628 ut
1257 5573 1453 5626 dictum
1485 5582 1588 5639 est,
1619 5584 1735 5638 apta
1762 5575 1793 5626 d
1818 5588 1872 5627 s-

216 5713 233 5723 .
292 5669 516 5724 tribuat.
545 5668 651 5721 Nec
674 5668 953 5736 quisquam
976 5666 1043 5719 de
1079 5667 1179 5718 hoc
1219 5678 1549 5717 murmurare
1569 5674 1871 5730 praesumat,

289 5775 417 5814 cum
447 5759 545 5815 sibi
572 5757 850 5814 distributa
884 5758 1106 5814 aliorum
1147 5754 1404 5824 conSpicit
1444 5755 1745 5811 indmnenta
1778 5769 1870 5809 ve-

1975 4573 2258 4640 quidquam
2291 4572 2429 4641 quod
2475 4576 2539 4626 ad
2587 4572 2869 4638 potandum
2902 4573 2983 4627 vel
3029 4573 3290 4627 edendum
3324 4575 3552 4642 pertinet

1968 4677 2183 4734 gustare
2213 4667 2293 4717 vel
2325 4665 2632 4733 cootingEre
2661 4663 2870 4723 audeat,
2920 4665 2997 4717 vel
3038 4666 3247 4719 occulte
3273 4666 3550 4733 quodlhet

1974 4756 2318 4825 peculiariter
2369 4759 2677 4817 recondere,
2736 4754 2820 4807 vel
2877 4754 3073 4810 habere
3130 4771 3435 4824 praesumat.
3492 4761 3547 4814 In

1972 4848 2251 4918 prrecipuis
2297 4846 2722 4901 solemnitatibus
2777 4847 2871 4900 tria
2926 4850 3189 4916 pulmenta
3235 4862 3289 4905 et
3327 4852 3547 4909 tondern

1972 4941 2211 5013 potiones
2240 4940 2489 4995 fratribus
2526 4940 2883 5008 praebeantur.

2574 5057 2800 5114 CAPUT
2838 5058 2925 5115 Vl.

2540 5129 2612 5184 De
2646 5134 2954 5199 Operatiane.

2042 5217 2097 5274 1η
2151 5219 2416 5288 operando
2474 5219 2586 5275 ha-c
2640 5224 2772 5275 ratio
2821 5222 3148 5277 observetur.
3204 5220 3399 5285 Vernn,
3458 5222 3542 5275 Vol

1974 5321 2175 5373 testate,
2224 5312 2363 5365 dicta
2407 5312 2595 5379 prinra,
2643 5323 3080 5366 commoueantur
3121 5311 3305 5365 derani
3337 5326 3365 5362 a
3408 5324 3546 5378 prm-

1975 5403 2147 5475 posito
2175 5416 2271 5457 suo
2304 5404 2456 5470 quale
2508 5420 2641 5473 upus
2686 5406 2915 5458 debeant
2958 5417 3232 5467 exercere,
3284 5413 3439 5472 atque
3471 5401 3547 5456 illi

1974 5494 2203 5562 reliquos
2228 5494 2549 5548 admoneant
2577 5495 2764 5548 fratres
2788 5509 2802 5559 ;
2833 5504 2941 5547 tum
2966 5494 3200 5556 denrunr,
3223 5492 3345 5546 dato
3370 5492 3545 5558 signo,

1976 5587 2203 5653 sumptis
2231 5586 2583 5649 ferramentis,
2607 5596 2986 5654 congregemur
3010 5586 3059 5637 itr
3086 5599 3266 5648 unum,
3302 5585 3544 5651 factaque

1975 5680 2231 5741 oratione,
2269 5689 2487 5748 pergem
2532 5680 2813 5732 recitantes
2853 5677 2916 5729 ad
2959 5686 3108 5745 opus,
3157 5690 3322 5744 usque
3352 5675 3414 5726 ad
3444 5675 3547 5728 ho-

1978 5788 2089 5828 ram
2123 5770 2227 5828 diei
2277 5774 2504 5827 tertiam.
2557 5772 2902 5826 Revertentes
2949 5771 3012 5825 ad
3063 5772 3361 5837 «cclcsiarn,
3393 5771 3545 5823 tertia
