4016 6354
503 476 636 534 1103

1443 464 1499 519 S.
1547 456 1932 517 FRUCTL'OSI
1973 455 2438 511 BRACARENSIS
2481 454 2782 510 El‘lSCOl-‘l

3593 443 3724 502 11οι

494 593 778 656 celebrata,
805 584 944 640 rerid
982 593 1097 636 tttes
1128 579 1254 634 locis
1283 579 1391 631 suis
1419 577 1664 629 studeant
1684 572 1915 630 lectioni.
1941 569 2056 621 sive
2085 569 2133 626 Α
2162 579 2284 617 vere
2319 566 2512 618 audeat
2564 566 2701 628 loco,
2746 575 2919 630 neque
2963 573 3242 613 conserere
3291 557 3519 620 fabulas,
3545 557 3727 612 deam-

494 681 739 741 orationi.
776 678 967 733 Verum
998 675 1043 728 si
1080 687 1217 743 opus
1264 670 1367 723 tale
1395 678 1475 721 est
1500 666 1638 735 quod
1668 680 1773 718 non
1800 658 2063 717 intermit-

497 783 657 834 tatur,
690 771 742 823 in
786 780 946 835 opere
978 764 1092 832 ipso
1121 744 1275 815 tertia
1320 758 1544 817 dicatur,
1574 764 1628 808 et
1671 753 1751 807 sic
1793 748 2063 805 recitando

494 869 829 919 revertantur
892 856 957 911 ad
1014 852 1225 915 cellam,
1281 859 1335 903 et
1382 856 1748 903 consummata
1800 843 2059 907 oratione,

494 952 791 1019 ablotisqoe
840 946 1099 1007 manibus,
1150 940 1429 996 confestim
1480 937 1544 991 ad
1596 933 1874 990 ecclesiam
1926 948 2065 985 con-

496 1044 729 1097 venient.
778 1039 842 1092 Et
890 1034 933 1089 si
984 1032 1325 1088 reﬁciendum
1373 1029 1440 1080 ad
1488 1037 1689 1080 sextam
1718 1033 1818 1086 est,
1852 1030 2065 1090 peracto

496 1134 674 1189 officio
700 1140 885 1193 sextae,
931 1126 997 1179 ab
1026 1122 1265 1177 oratione
1292 1126 1513 1185 pergant
1539 1114 1601 1167 ad
1634 1128 1861 1175 mensas,
1899 1111 2066 1165 refec-

496 1226 642 1295 tiqoe
687 1234 917 1289 congrue
961 1218 1151 1269 iterum
1203 1211 1337 1264 facta
1389 1208 1627 1261 oratione
1674 1204 1973 1272 quiescant,
2014 1210 2067 1253 et

497 1325 588 1376 ﬁat
616 1318 883 1374 silentium
916 1326 1082 1381 usque
1110 1309 1175 1362 ad
1224 1309 1407 1361 horam
1455 1316 1669 1356 nonam.
1704 1295 1899 1351 Deinde
1926 1296 2066 1347 ce'e-

495 1416 644 1469 brata
696 1423 857 1475 nona,
909 1404 953 1458 si
1000 1415 1223 1456 necesse
1269 1406 1373 1462 est,
1429 1399 1758 1447 revertantur
1801 1388 1864 1440 ad
1912 1399 2067 1451 opus,

494 1516 771 1576 quousque
796 1501 861 1553 ad
886 1495 1210 1552 duodecima:
1238 1490 1469 1545 ofﬁcium
1491 1486 1688 1539 dictant
1718 1479 2066 1536 conveniant;

496 1600 580 1654 sin
634 1604 812 1649 autem
862 1589 1155 1645 residentes
1212 1583 1356 1637 taciti
1412 1595 1502 1648 per
1549 1575 1766 1631 cellulas
1822 1586 1967 1634 suas,
2018 1569 2069 1623 lti

495 1700 719 1760 quorum
765 1683 873 1752 jam
922 1689 1050 1733 tetas
1100 1676 1330 1743 perlecta
1368 1679 1449 1723 est
1491 1678 1544 1721 et
1586 1662 1909 1718 conscientia
1942 1672 2069 1727 pura

500 1750 822 1833 meditemur
850 1768 1059 1836 eloquia
1090 1762 1316 1827 Domini,
1362 1759 1446 1813 vel
1476 1770 1608 1825 opus
1638 1753 1912 1822 quodlibet
1937 1750 2072 1802 intra

498 1865 739 1924 cellulam
796 1860 1087 1931 injunctom
1136 1860 1465 1915 exercentes,
1523 1860 1778 1911 nusquam
1836 1853 2071 1908 prorsus,

498 1966 723 2026 excepta
768 1966 925 2009 causa
977 1944 1333 2009 necessitatis,

500 2052 699 2107 fuerint
724 2062 751 2100 a
781 2043 995 2099 seniore
1026 2035 1290 2109 praecepti.
1320 2031 1565 2089 Joniores
1592 2044 1715 2081 vero
1745 2039 1922 2079 coram
1964 2022 2073 2075 sois

502 2141 798 2197 residentes
826 2132 1065 2197 decanis,
1114 2127 1344 2190 lectioni,
1378 2122 1456 2177 vel
1490 2114 1806 2181 recitationi,
1839 2121 2025 2167 vicem
2057 2126 2073 2175 ;

504 2248 605 2289 nec
649 2246 726 2295 se,
776 2223 1073 2282 inconsulto
1118 2218 1351 2282 seniore,
1400 2215 1573 2284 junior
1603 2227 1630 2263 a
1663 2226 1755 2263 sua
1784 2225 1844 2262 se
1872 2206 2075 2260 auferat

503 2294 831 2382 secessione,
884 2321 975 2367 aut
1024 2310 1089 2365 ad
1140 2307 1364 2361 alterius
1419 2301 1603 2357 decani
1660 2299 1831 2352 locum
1888 2294 2078 2347 audeat

506 2426 724 2482 pergere
752 2424 769 2474 ;
799 2404 891 2460 sed
920 2411 1029 2456 tam
1060 2402 1111 2454 in
1140 2396 1381 2452 cessione
1425 2407 1582 2461 quam
1610 2388 1769 2443 etiam
1812 2387 1863 2439 in
1892 2398 2079 2449 cpera-

508 2506 672 2566 tiotte,
699 2513 910 2567 semper
936 2492 1154 2549 decania
1180 2505 1210 2542 a
1236 2485 1454 2541 decauia
1500 2487 1771 2549 segregata
1801 2476 2075 2530 Consislat.

500 2598 753 2659 ,Joniores
773 2591 965 2660 quique
987 2598 1115 2641 suos
1134 2580 1329 2652 jugitcr
1352 2576 1587 2632 decanos
1610 2571 1701 2625 ille
1722 2572 2076 2627 commoneat,

507 2706 573 2746 ne
599 2689 650 2743 itt
679 2687 904 2755 aliquam
934 2676 1304 2750 negligentiam
1332 2670 1598 2732 decidant,
1625 2665 1721 2721 sed
1760 2662 1899 2715 viros
1928 2659 2082 2726 spiri-

508 2781 674 2836 tuoles
712 2787 767 2832 et
792 2783 1004 2829 sanctos
1050 2769 1153 2823 illis
1200 2778 1410 2832 semper
1454 2761 1506 2815 in
1546 2756 1790 2824 exemplo
1821 2750 2078 2821 proferat,

507 2883 565 2925 ιιι
592 2871 798 2925 illorum
828 2859 1275 2928 contemplatione
1326 2853 1537 2908 assidue
1563 2849 1629 2904 ad
1670 2844 1889 2901 meliora
1922 2842 2084 2912 proﬁ-

509 2965 672 3019 ciant.
716 2957 964 3014 Aotunmi
1011 2966 1140 3006 vero
1170 2948 1253 3004 vel
1297 2945 1488 3001 hiemis
1531 2951 1795 3008 tempore,
1826 2949 1989 3003 usque
2016 2931 2081 2985 ad

511 3055 721 3110 tertiam
752 3054 948 3118 legant,
986 3058 1153 3113 usque
1180 3040 1245 3094 ad
1278 3052 1469 3092 nonam
1498 3039 1805 3099 Ollerellllll‘,
1837 3028 1880 3081 si
1908 3037 2083 3078 tamen

512 3158 593 3201 est
640 3142 910 3211 quodlibet
963 3150 1097 3203 Opus
1144 3130 1284 3202 quod
1334 3130 1440 3181 ﬁat.
1487 3124 1613 3179 Post
1657 3136 1848 3176 nonam
1895 3118 2083 3170 iterum

515 3253 682 3307 u5qoe
722 3234 788 3289 ad
833 3232 1199 3287 duodecimam
1234 3227 1408 3295 legant
1440 3238 1455 3286 ;
1506 3236 1534 3272 a
1580 3215 1889 3271 duodecima
1920 3208 2082 3264 medi-

518 3338 694 3385 teutur
728 3338 892 3392 usque
922 3322 986 3375 ad
1034 3331 1325 3385 vesperam.
1377 3313 1456 3367 Ad
1486 3322 1644 3378 opera
1671 3321 1789 3359 com
1819 3301 2083 3372 egressori

517 3428 661 3483 sunt,
691 3413 986 3471 orationem
1047 3408 1231 3462 l‘actori
1292 3404 1518 3457 invicem
1570 3396 1934 3455 conveniant;
1991 3404 2092 3457 qua

517 3512 749 3579 expleta,
796 3503 1010 3571 incipiat
1060 3496 1370 3569 prtepositos
1418 3493 1699 3562 psalmum,
1750 3497 1803 3540 et
1850 3484 1926 3537 sic
1958 3481 2093 3536 reci-

523 3614 699 3658 tantes
728 3608 947 3670 pergant
970 3595 1035 3648 ad
1063 3592 1448 3661 operationem.
1488 3585 1619 3638 Cum
1650 3588 1955 3647 operantur,
1990 3589 2095 3627 non

522 3699 658 3749 inter
687 3708 744 3747 se
776 3690 979 3744 fabulas
1007 3684 1089 3738 vel
1128 3680 1415 3736 cachinnos
1458 3680 1764 3731 conserant,
1798 3668 1908 3721 sive
1948 3664 2095 3717 losu-

523 3776 748 3850 riettiur,
768 3780 864 3836 sed
885 3786 1165 3847 operatttes
1192 3772 1326 3825 intra
1352 3782 1410 3821 se
1432 3766 1654 3819 recitent
1678 3758 1837 3813 taciti.
1875 3755 1948 3808 Illi
1975 3767 2097 3806 vero

524 3878 613 3939 qtti
646 3848 889 3944 pausant,
913 3878 1004 3921 aut
1029 3864 1252 3934 psallattt
1281 3856 1501 3928 aliquid,
1526 3860 1618 3907 aut
1640 3850 1857 3905 recitent
1880 3848 2095 3914 pariter,

525 3978 615 4020 aut
644 3941 788 4018 iet'te
830 3959 1040 4013 sileant.
1090 3952 1362 4008 Peculiare
1405 3961 1538 4015 opus
1586 3941 1879 3996 institutum
1909 3944 2010 3999 est,
2044 3944 2099 3986 ot

531 4057 706 4111 nullus
733 4060 979 4108 exerceat
1006 4048 1317 4109 monachus,
1358 4040 1505 4111 quasi
1552 4036 1649 4092 sibi
1682 4031 1894 4103 proprie
1923 4027 2099 4082 vindi-

533 4147 787 4208 candum,
815 4151 908 4197 aut
953 4138 1192 4202 cuilibet,
1234 4150 1353 4187 cunt
1401 4128 1644 4192 voluerit,
1704 4138 1799 4177 sua
1848 4134 2102 4190 prmsum-

538 4240 719 4309 ptiotte
744 4229 1187 4289 distribuendum.
1240 4224 1344 4278 Nec
1368 4218 1638 4290 quodlibet
1666 4228 1798 4281 opus
1826 4211 1940 4266 sine
1968 4224 2103 4279 pra:-

534 4328 775 4396 ceptioue
794 4335 846 4379 ct
862 4320 1156 4376 cohibentia
1173 4316 1397 4369 senioris
1418 4307 1830 4377 suscipiendum,
1848 4300 2104 4355 inchoan-

536 4424 681 4484 dum,
727 4416 842 4471 sive
872 4408 1169 4467 faciendum
1201 4418 1302 4469 est,
1359 4402 1451 4457 sed
1502 4402 1551 4455 itt
1581 4399 1724 4453 omtti
1769 4412 1826 4450 re
1854 4390 2105 4463 quidquid

537 4513 702 4569 abbas
731 4507 812 4564 vel
842 4502 1157 4576 praepositus
1188 4493 1516 4565 prtecepetit,
1550 4490 1652 4546 hoc
1678 4487 1960 4560 agendum.

1135 4607 1359 4666 CAPUT
1402 4604 1509 4661 ΠΙ.

894 4706 971 4761 De
1007 4702 1328 4775 ferramentis
1360 4708 1404 4753 et
1440 4696 1755 4750 utensilibus.

621 4804 963 4859 Ferramenta
1014 4796 1096 4850 vel
1145 4792 1387 4848 utensilia
1419 4789 1669 4857 quaelibet
1709 4783 1969 4839 artiﬁcum
2014 4777 2113 4834 sub

544 4910 649 4948 nuo
701 4888 1033 4947 recondenda
1087 4895 1209 4939 sunt
1252 4882 1511 4944 conclavi,
1571 4887 1625 4932 et
1673 4876 1912 4929 custodia
1960 4872 2112 4925 ouius

548 4986 725 5042 fratris
765 4978 1009 5038 industrii
1052 4986 1105 5031 et
1150 4973 1397 5043 providi;
1447 4970 1642 5038 quique
1671 4962 1990 5033 segregatim
2021 4958 2111 5011 illa

550 5079 741 5131 idoneo
767 5071 1034 5127 collocans
1066 5068 1203 5134 loco,
1236 5074 1391 5133 prout
1414 5078 1496 5113 tes
1523 5059 1746 5125 expetit,
1778 5052 2112 5122 poscentibus

548 5168 614 5221 ad
642 5163 966 5234 operattdom
996 5158 1245 5212 fratribus
1272 5155 1464 5208 tribuet
1494 5167 1513 5216 ;
1559 5159 1716 5216 atque
1739 5145 1805 5199 ad
1836 5158 2114 5210 vesperum

547 5260 661 5312 suis
688 5270 751 5311 ea
787 5252 1046 5321 colligens
1093 5247 1244 5312 locis,
1289 5259 1470 5300 eotatn
1516 5238 1747 5301 habebit,
1796 5249 1864 5287 ne
1901 5231 2026 5301 quid
2051 5230 2117 5281 de

553 5351 633 5403 his
661 5357 752 5402 aut
802 5356 1002 5413 pereat,
1056 5354 1139 5393 aut
1185 5355 1276 5407 per
1321 5334 1687 5404 negligentiam
1730 5326 2008 5395 teruginet,
2040 5324 2118 5375 vel

552 5440 785 5511 qualibet
812 5435 1091 5490 occasione
1118 5432 1357 5484 vile~cat.

1152 5542 1375 5599 CAPUT
1417 5539 1547 5591 ιἰιι.

847 5661 923 5715 De
950 5656 1234 5715 obedientia
1261 5663 1305 5707 et
1342 5651 1560 5705 sessione
1590 5646 1840 5699 monachi.

631 5779 762 5831 Cum
788 5785 973 5829 vacant
1000 5773 1067 5827 ab
1088 5769 1395 5838 operatione
1433 5765 1639 5826 fratres,
1665 5760 1837 5813 nullus
1858 5774 1915 5811 se
1937 5774 1966 5810 e
2010 5772 2127 5825 pro-

562 5874 673 5937 prio
704 5871 832 5925 citra
861 5864 1260 5938 permissionem
1292 5859 1477 5916 dccatti
1512 5856 1589 5911 vel
1626 5852 1887 5925 praepositi
1910 5852 1989 5904 sui
2018 5866 2129 5900 lno-

2131 4608 2187 4668 D

2163 658 2562 727 bulatiouesque
2614 670 2870 725 peragere
2927 654 3191 722 inquietas
3244 661 3297 704 et
3353 649 3598 715 ctiosas;
3637 650 3728 704 sed

2164 748 2425 813 residens,
2455 746 2604 817 operi
2642 760 2915 809 manuum,
2944 743 3054 796 sive
3082 740 3313 803 lectioni,
3349 740 3604 799 intentus,
3643 747 3732 792 aut

2163 837 2214 889 in
2244 834 2498 891 orationis
2527 831 2977 902 contemplatione
3002 829 3228 893 deﬁxus,
3255 829 3407 897 signo
3447 826 3733 881 universali

2163 924 2394 978 monitus
2420 932 2600 992 surgat
2626 922 2883 985 concitos,
2912 919 3177 973 communi
3207 920 3449 972 oratione
3494 924 3585 970 aut
3612 929 3736 983 ope«
3810 972 3811 975 η

2166 1021 2375 1075 ratione
2429 1019 2768 1083 detinettdos,
2820 1016 2949 1069 alias
3001 1027 3171 1081 neque
3221 1011 3506 1080 respicere,
3565 1022 3736 1077 neque

2167 1106 2435 1175 appellare
2462 1106 2645 1170 alium,
2675 1104 2805 1158 citra
2835 1101 3236 1172 permissionem
3268 1099 3345 1151 sui
3373 1097 3623 1161 senioris,
3656 1104 3740 1151 est

2166 1200 2444 1268 quisquam
2474 1213 2504 1251 e
2534 1197 2781 1250 fratribus
2812 1193 3216 1265 permittendus.
3250 1191 3303 1243 In
3327 1190 3507 1243 habitu
3530 1202 3738 1255 quoque

2167 1305 2217 1345 et
2249 1306 2433 1361 gressu
2467 1288 2710 1342 monachi
2742 1288 2812 1341 ita
2844 1286 3114 1427 defmﬁlom
3151 1294 3250 1345 est,
3286 1291 3335 1335 ιιι
3378 1280 3519 1334 nulla
3558 1280 3737 1332 diver-

2170 1382 2301 1427 silas
2351 1389 2514 1427 esset.
2568 1381 2659 1427 sed
2716 1378 2893 1427 omnia
2949 1388 3091 1427 cotu
3145 1374 3600 1427 vestimentorum.
3635 1386 3737 1421 non

2170 1382 2301 1437 sitas
2351 1389 2515 1443 esset,
2568 1381 2660 1433 sed
2716 1378 2893 1430 omnia
2949 1374 3091 1429 coitu
3145 1374 3600 1433 vestimentorum,
3635 1386 3737 1421 non

2172 1475 2336 1533 vario,
2369 1472 2458 1523 sed
2490 1485 2594 1521 uno
2623 1476 2678 1522 et
2704 1467 2912 1521 sincero
2958 1474 3255 1530 manerent,
3286 1464 3527 1530 ingressu
3568 1461 3747 1512 nullis

2171 1560 2447 1629 Strepitos,
2479 1575 2647 1627 neque
2690 1558 2853 1610 saltus
2881 1556 3085 1623 amplos
3126 1554 3288 1608 tensis
3331 1539 3567 1621 passibus
3598 1549 3739 1602 face-

2173 1662 2310 1713 rent,
2362 1665 2457 1703 nec
2499 1650 2644 1711 alibi,
2690 1648 2813 1700 dum
2857 1653 3079 1715 pergunt
3121 1644 3439 1711 aSpicereuI,
3481 1638 3581 1693 nisi
3621 1647 3746 1690 ante

2173 1740 2393 1808 vestigia
2424 1754 2540 1803 sua,
2574 1752 2694 1791 cum
2741 1735 3047 1805 loquontur,
3080 1743 3135 1787 ut
3165 1732 3307 1786 lenta
3335 1741 3392 1785 et
3434 1729 3598 1782 silens
3642 1741 3741 1779 vos

2175 1844 2337 1894 esset,
2364 1830 2663 1899 joramemo
2691 1837 2745 1883 et
2790 1826 3065 1881 mendacio
3112 1838 3321 1887 carens,
3356 1836 3453 1874 nec
3505 1818 3741 1873 fraudem

1383 1940 1609 1994 audeant
1657 1932 1927 2004 progredi,
1978 1930 2077 1985 nisi
2116 1922 2420 1988 Bstodens,
2469 1938 2642 1989 neque
2689 1919 3073 1985 multiloquium
3124 1916 3392 1983 diligens;
3441 1925 3745 1964 murmura-

2181 2012 2380 2065 tionetn
2424 2012 2666 2074 omnino,
2720 2018 2773 2063 et
2819 2005 3311 2067 contradictionem,
3365 2012 3418 2057 et
3470 2014 3744 2054 rancoretn

2179 2105 2447 2170 nesciens,
2498 2103 2812 2171 vituperate,
2862 2108 2918 2155 et
2959 2098 3197 2169 judicare
3248 2096 3549 2150 indemnem
3588 2094 3747 2146 alium

2180 2197 2580 2265 pertimescens.
2629 2192 2941 2248 Obedientia
2974 2198 3290 2258 ρτωεειιιιιιη
3335 2195 3417 2240 est
3446 2186 3660 2253 regulae,
3693 2194 3750 2236 ut

2183 2284 2597 2353 impossibilibos
2657 2294 2867 2350 quoque
2922 2281 3077 2335 rebus
3140 2293 3301 2345 opere
3352 2284 3508 2344 atque
3560 2275 3749 2327 alTectu

2182 2387 2496 2441 ostentetur,
2528 2383 2582 2429 et
2631 2383 2873 2429 teneatur
2918 2384 3082 2440 usque
3131 2368 3195 2421 ad
3228 2378 3451 2420 mortem
3484 2365 3750 2427 videlicet,

2184 2467 2320 2520 sicut
2348 2477 2399 2519 et
2428 2464 2671 2519 Christus
2702 2462 2872 2515 factos
2900 2468 2981 2513 est
3013 2457 3154 2512 Patri
3196 2456 3448 2511 obcdiens
3490 2466 3659 2521 usque
3686 2456 3750 2505 ad

2186 2570 2409 2613 tnortem
2442 2556 2697 2627 (Philipp.
2738 2557 2821 2616 tt).
2868 2552 3039 2609 Simili
3090 2565 3299 2622 quoque
3339 2548 3514 2602 studio
3561 2555 3617 2600 et
3666 2560 3753 2615 pa-

2187 2650 2385 2705 tientia:
2415 2650 2580 2702 virtus
2609 2656 2691 2700 cst
2719 2643 3067 2708 observanda,
3101 2650 3158 2696 ot
3205 2654 3461 2707 nusquam
3495 2652 3594 2691 nec
3628 2636 3753 2689 odio

2187 2742 2434 2804 violetur,
2470 2754 2565 2792 nec
2592 2736 2805 2806 injuria,
2847 2748 2944 2788 nec
2973 2728 3307 2788 contumeliis
3336 2727 3630 2790 omittatur,
3660 2726 3752 2779 sed

2188 2832 2240 2886 in
2270 2831 2652 2884 sustentatione
2678 2836 2731 2882 et
2762 2826 3034 2881 tolerantia
3065 2826 3366 2879 roboretur.
3416 2819 3638 2873 Roditas
3667 2819 3756 2869 de-

2189 2929 2344 2995 nique
2372 2934 2425 2979 et
2456 2922 2778 2993 parcitnonia
2822 2922 3063 2975 ciborum
3113 2926 3169 2972 et
3215 2915 3531 2971 lectulorutn
3562 2910 3751 2965 duritia

2190 3019 2554 3085 atttplectator.
2606 3012 2950 3069 Peculiaritas
2995 3010 3167 3063 autin
3215 3004 3548 3069 utensilibus,
3588 3002 3755 3055 autin

2189 3111 2541 3175 vestimentis,
2570 3120 2659 3161 aut
2689 3108 2739 3161 itt
2778 3103 3097 3176 quibuslibet
3144 3103 3324 3165 rebus,
3358 3095 3625 3151 vilissimis
3654 3094 3757 3147 sal-

2192 3214 2297 3257 tem
2325 3213 2377 3256 et
2402 3202 2640 3271 objectis,
2671 3199 2815 3253 omni
2848 3198 3004 3251 modo
3033 3196 3247 3248 vitetur.
3278 3191 3408 3258 Quia
3436 3186 3757 3242 abominatio

2194 3293 2467 3349 monachis
2495 3304 2573 3346 est
2603 3301 2655 3345 et
2687 3290 2898 3342 infamia
2941 3284 3224 3355 quidquam
3276 3279 3547 3350 possidere
3571 3290 3757 3342 super-

2197 3386 2380 3449 ﬂuunt,
2412 3394 2501 3436 aut
2529 3395 2802 3436 reservare
2851 3378 3145 3447 proprium,
3179 3374 3259 3427 vel
3306 3370 3592 3432 occultum,
3623 3363 3757 3434 quod

2195 3494 2297 3531 non
2346 3476 2499 3541 longe
2549 3473 2614 3526 ab
2657 3467 2874 3523 Anania:
2917 3478 2969 3520 et
3018 3463 3257 3531 Saphirze
3301 3456 3551 3527 exemplo
3587 3471 3761 3525 segre-

2193 3577 2365 3636 gatur.
2401 3564 2587 3616 Munus
2609 3560 2837 3626 denique
2859 3556 3149 3626 quodlibet.
3174 3553 3283 3605 sive
3304 3548 3584 3617 epistolas,
3611 3558 3761 3597 nemo

2196 3655 2488 3710 monachos
2517 3651 2759 3718 accipiat,
2791 3662 2961 3714 neque
2992 3641 3197 3712 uspiam
3241 3642 3356 3695 sine
3396 3635 3761 3693 benedictione

2196 3748 2277 3801 sui
2308 3745 2532 3800 senioris
2581 3741 2969 3811 progrediatur,
3018 3752 3117 3790 nec
3158 3750 3280 3788 com
3328 3733 3462 3785 laico
3502 3731 3763 3797 loquatur,

2198 3854 2295 3893 nec
2325 3852 2444 3891 cum
2488 3834 2748 3887 monacho
2780 3845 2884 3883 non
2930 3829 3107 3896 jussus
3147 3832 3271 3888 stet,
3320 3823 3437 3876 sive
3481 3821 3763 3881 fabuletur,

2202 3930 2288 3983 vel
2323 3927 2482 3981 alium
2512 3924 2743 3993 aliquem
2776 3920 3071 3989 proximum
3103 3916 3295 3978 videat,
3328 3913 3406 3965 vel
3437 3919 3763 3969 extraneum,

2201 4018 2426 4088 regulari
2457 4013 2719 4069 sententia
2753 4008 3024 4077 praeﬁxum
3056 4018 3155 4059 est.
3189 4003 3295 4056 Nec
3320 3999 3575 4069 jejunium
3606 3996 3767 4050 solvat

2200 4111 2420 4180 quilibet
2466 4121 2529 4161 ex
2576 4100 2869 4163 monachis,
2918 4112 3016 4151 nec
3057 4094 3357 4163 priusquam
3400 4090 3450 4142 in
3494 4098 3767 4141 commune

2202 4202 2441 4257 relicient
2485 4195 2682 4257 czeteri,
2719 4193 2799 4245 vel
2832 4201 3109 4259 postquam
3142 4184 3425 4239 rel'ecerint
3466 4194 3587 4232 cum
3632 4177 3763 4240 aliis,

2204 4290 2491 4361 quidquam
2539 4285 2680 4357 quod
2713 4282 2777 4335 ad
2807 4279 3071 4334 edendum
3104 4275 3186 4330 vel
3231 4271 3516 4341 potandum
3550 4282 3629 4335 pet
3646 4265 3771 4319 tinet

2205 4360 2484 4449 degustare
2527 4382 2830 4442 nrmsootat,
2879 4367 3267 4427 consuetudine
3308 4363 3516 4435 jossom
3545 4370 3628 4418 est
3655 4360 3768 4416 dio-

2210 4483 2384 4529 torua.

2842 4553 3066 4611 CAPUT
3104 4546 3190 4607 IX.

2728 4673 2808 4727 De
2836 4665 3262 4723 hebdomadarit’s.

2281 4787 2687 4847 ilebdomadarii
2718 4799 2810 4854 per
2839 4782 3076 4850 singulas
3113 4779 3212 4833 sibi
3244 4773 3532 4830 succedant
3576 4770 3773 4826 hebdo-

2212 4883 2412 4945 madas,
2443 4879 2737 4934 oratiottem
2762 4890 2883 4928 cum
2920 4870 3286 4926 benedictione
3317 4869 3369 4919 in
3407 4864 3629 4919 ecclesia
3659 4877 3775 4930 per-

2212 4975 2467 5043 cipientes
2494 4971 2722 5024 abbatis.
2753 4965 2819 5021 Et
2860 4965 3070 5033 quando
3113 4969 3315 5015 exeunt
3359 4959 3427 5011 ita
3455 4957 3542 5009 die
3567 4952 3779 5009 Sabbati

2213 5066 2470 5134 explicata
2503 5076 2744 5128 vespera,
2784 5054 3113 5125 congregatis
3154 5053 3207 5105 in
3236 5065 3396 5104 unum
3426 5063 3489 5101 ac
3509 5044 3780 5101 residenti-

2216 5159 2315 5210 bus
2346 5153 2595 5209 iratribos
2621 5160 2675 5205 et
2704 5146 3100 5208 meditantibus,
3132 5142 3376 5195 manibus
3404 5136 3629 5205 propriis
3650 5148 3779 5203 aqua

2217 5245 2386 5300 calida
2415 5242 2743 5311 singulorum
2773 5238 2989 5292 abluant
3028 5235 3209 5302 pedes,
3234 5231 3349 5284 aliis
3388 5227 3701 5287 lavantibus',
3732 5234 3780 5275 et

2219 5338 2337 5391 aliis
2391 5332 2787 5402 extergentibos
2844 5328 3024 5390 linteo,
3075 5326 3256 5393 sicque
3309 5320 3554 5389 prostrati
3607 5331 3778 5370 coram

2221 5430 2409 5483 abbate
2449 5426 2500 5480 in
2542 5431 2806 5479 conventu
2832 5422 3019 5474 eodem
3061 5417 3272 5469 veniam
3300 5413 3453 5467 simul
3481 5420 3537 5464 et
3574 5406 3782 5465 benedi-

2221 5524 2452 5577 ctionem
2480 5518 2547 5570 ab
2574 5513 2821 5569 omnibus
2843 5508 3162 5577 generaliter
3193 5512 3391 5572 petant.
3431 5500 3623 5567 Sicque
3662 5510 3779 5551 ora-

2228 5614 2367 5666 tione
2393 5603 2747 5664 commendati
2774 5600 2981 5655 abhatis
3026 5604 3244 5665 pergant
3270 5593 3334 5645 ad
3367 5589 3658 5644 ministeria
3685 5587 3781 5641 fra-

2230 5704 2395 5756 tribus
2413 5695 2729 5758 exltibenda,
2752 5691 3108 5760 plenissimam
3130 5701 3224 5754 pro
3243 5685 3420 5737 labore
3441 5695 3537 5733 suo
3558 5688 3780 5745 tempore

2232 5792 2488 5846 matutino
2519 5784 2936 5843 benedictionem
2966 5780 3018 5834 itt
3049 5775 3272 5833 eccltsia
3300 5770 3596 5841 percepturi

3742 5884 3766 5937 ι’
