4016 6354
310 332 444 389 Ηθῦ

924 430 1150 486 CAPUT
1190 428 1258 484 Χ.

582 521 661 577 De
684 522 984 593 hospitibus,
1019 521 1293 590 peregrinis
1319 526 1365 572 et
1392 519 1627 588 inﬁrmis.

371 613 702 686 HOSpitibus,
754 614 836 668 vel
865 613 1155 682 peregrinis
1203 612 1474 677 fratribus,
1508 626 1625 665 cum
1664 625 1870 665 summa

301 705 605 764 reverentia
629 703 910 759 cbaritatis
940 711 995 757 et
1024 699 1426 755 ministrationis
1452 700 1715 770 obsequia
1752 709 1876 753 sunt

300 797 605 867 przebenda,
636 803 692 850 et
718 796 782 849 ad
829 808 1110 861 vesperum
1163 791 1370 846 lavandi
1414 790 1575 859 pedes
1620 799 1711 854 ;et
1738 789 1781 844 si
1808 802 1876 843 ex

298 894 489 947 itinere
517 897 643 945 sunt
665 886 915 950 confecti,
940 886 1061 940 oleo
1089 883 1413 954 perungendi
1436 891 1576 936 sunt.
1609 881 1872 947 Lectaria,

298 981 534 1042 lucerna,
566 986 621 1032 et
666 976 918 1031 stramina
969 973 1143 1028 mollia
1194 973 1508 1037 exhibenda,
1550 987 1613 1025 ac
1660 970 1873 1039 prolici-

296 1069 567 1126 scentibus
586 1068 737 1139 juxta
760 1080 918 1135 posse
937 1065 1167 1121 coenobii
1195 1063 1441 1118 viaticum
1465 1062 1873 1130 imponendum.

299 1159 512 1228 IEgroti
557 1158 703 1212 omni
756 1156 1099 1213 miseratione
1145 1161 1200 1208 et
1246 1153 1614 1222 compassione
1662 1150 1876 1208 fovendi

301 1260 444 1315 sunt,
493 1261 786 1313 eorumque
834 1246 1114 1315 languores
1165 1256 1401 1309 congruo
1444 1240 1713 1317 reIeyandi
1755 1250 1880 1296 sunt

302 1340 618 1394 ministerio.
649 1336 804 1391 Tales
834 1346 1008 1390 tamen
1054 1343 1178 1397 sunt
1222 1336 1299 1388 eis
1321 1333 1545 1387 ministri
1576 1332 1875 1401 delegandi,

277 1409 390 1500 qui
440 1438 497 1485 et
542 1430 809 1498 pulmenta
862 1436 1078 1482 strenue
1124 1434 1442 1496 prteparent,
1472 1433 1527 1479 et
1572 1426 1765 1479 devoto
1801 1426 1878 1480 eis

302 1519 601 1575 ministerio
631 1518 1039 1583 obsecundent;
1084 1528 1137 1573 et
1163 1518 1229 1572 de
1256 1517 1358 1579 bis,
1390 1531 1507 1586 qua:
1537 1517 1642 1572 illis
1668 1517 1876 1572 residua

303 1619 445 1673 sunt,
494 1623 666 1677 neque
696 1607 931 1662 fraudem
984 1608 1201 1673 fariattl,
1242 1620 1413 1677 neque
1460 1607 1665 1661 occulte
1693 1621 1876 1663 come-

303 1702 476 1759 suone
509 1716 569 1758 se
597 1701 783 1757 illicita
804 1702 1061 1772 polluant.

931 1790 1155 1857 CAPUT
1195 1791 1285 1846 XI.

668 1880 746 1935 De
772 1883 934 1935 nitore
960 1892 1007 1935 et
1036 1880 1222 1948 affectu
1252 1881 1505 1935 monac/ti.

372 1973 554 2029 Nullus
599 1973 820 2027 alterius
863 1987 1078 2027 manum
1129 1982 1323 2042 teneat,
1374 1983 1465 2028 aut
1511 1973 1577 2027 ad
1626 1983 1873 2042 punctum

305 2066 556 2132 temporis
582 2065 784 2133 uspiam
832 2067 947 2121 sine
977 2066 1342 2123 benedictione
1370 2070 1603 2123 secedat.
1649 2070 1799 2123 Nitor
1823 2078 1878 2123 et

304 2154 637 2225 pulchritudo
664 2156 913 2222 vestium,
936 2157 1236 2226 cultusque,
1266 2167 1426 2227 atque
1451 2158 1674 2213 ambitio
1696 2174 1873 2214 rerum

304 2247 693 2313 temporalium,
728 2246 793 2299 ab
818 2248 963 2301 omni
996 2247 1204 2317 penitus
1231 2248 1491 2303 monacho
1515 2249 1675 2304 debet
1721 2264 1878 2304 exsu-

302 2336 431 2391 lare.
468 2336 611 2391 Vana
640 2337 830 2408 gloria,
861 2340 1133 2407 superbia,
1157 2351 1597 2411 contemptusque
1619 2343 1875 2411 turgidus,

302 2434 355 2479 ct
387 2425 660 2482 effrenata:
704 2429 984 2483 locutionis
1013 2444 1141 2484 usus
1187 2431 1462 2487 abdicetur
1488 2433 1556 2486 ab
1608 2433 1875 2488 omnibus.

305 2518 427 2575 Pius
456 2518 619 2585 enim,
646 2529 701 2573 et
740 2518 1085 2586 oblectahilis,
1117 2522 1332 2577 humilis
1376 2532 1537 2593 atque
1583 2523 1874 2591 modestus,

302 2622 423 2662 esse
450 2607 608 2663 debet
649 2608 868 2663 allectus
899 2610 1140 2664 monachi
1167 2627 1181 2676 ;
1210 2614 1336 2681 quin
1359 2622 1413 2667 et
1440 2611 1582 2667 omni
1626 2614 1876 2680 spurcitia

302 2704 507 2761 careat,
544 2706 598 2751 et
622 2697 885 2752 audientis
913 2699 993 2754 vel
1026 2699 1254 2755 videntis
1289 2701 1501 2755 animus
1543 2702 1609 2755 ad
1639 2715 1877 2755 amorem

302 2794 355 2839 et
387 2786 631 2840 timorem
674 2786 965 2843 divinitatis
1001 2788 1276 2854 accendat,
1309 2798 1364 2842 ut
1412 2788 1537 2843 illud
1583 2788 1747 2857 possit
1776 2791 1872 2844 im-

304 2877 473 2945 p'ere,
514 2876 655 2945 quod
707 2877 958 2933 Dominus
1008 2878 1186 2933 dixit:
1230 2878 1318 2934 Sic
1364 2880 1531 2933 luceat
1588 2880 1678 2933 lus:
1712 2890 1878 2933 vestra

304 2981 477 3021 coram
521 2964 828 3034 hominibus,
880 2976 937 3019 ut
969 2967 1169 3020 videant
1218 2976 1383 3022 vestra
1438 2967 1566 3021 bona
1613 2983 1789 3036 opera,
1834 2978 1881 3022 et

1508 318 1783 375 RECULA
1823 314 2315 375 MONACHORUM.

1901 428 1950 487 Α
1980 424 2073 477 bus
2096 424 2160 476 ad
2185 425 2443 480 rationum
2464 423 2636 477 studia
2657 422 3105 489 convenientibus,
3136 424 3222 481 ille
3244 435 3540 495 prostratus

3408 313 3541 369 “06

1975 512 2156 579 homo,
2211 514 2419 585 cingulo
2468 514 2623 566 simul
2679 515 3052 582 opertorioque
3104 516 3309 590 abjecto
3362 529 3544 586 poscet

1973 608 2178 657 veniam
2228 605 2560 674 negligentiae
2604 620 2735 658 sure.
2794 604 2904 658 [hic
2949 606 3109 661 etiam
3159 608 3205 661 is
3253 610 3320 662 ab
3365 608 3543 663 officio

1974 696 2395 764 regredientibus
2439 696 2727 751 exhibebit.
2777 696 3036 752 Similiter
3064 714 3273 766 quoque
3316 709 3370 754 et
3407 700 3543 758 refe-

1973 784 2169 837 clionis
2200 794 2435 854 tempore
2464 800 2647 843 coram
2678 787 2963 844 refectorio
2992 790 3184 843 astabit
3212 790 3352 845 vultu
3381 792 3545 861 depo-

1975 874 2076 929 sito
2097 883 2152 929 et
2190 876 2393 941 habitu,
2413 891 2687 947 quousque
2713 878 2934 933 fratrum
2957 883 3324 949 compavsione
3347 884 3546 941 solatus

1977 965 2180 1019 veniam
2198 968 2471 1036 percipiat,
2490 983 2644 1037 quam
2662 970 2917 1039 deposcit.
2938 973 3067 1027 Cum
3086 977 3547 1032 excomtnuuicato

1976 1056 2154 1111 nullus
2179 1058 2441 1128 loquatur,
2470 1076 2641 1129 neque
2669 1063 2902 1131 qualibet
2930 1080 3050 1118 emn
3074 1069 3441 1134 compassione
3464 1072 3547 1126 vel

1976 1148 2320 1204 miseratione
2364 1151 2621 1216 rel‘oveat,
2656 1167 2830 1220 neque
2855 1153 2919 1207 ad
2960 1156 3436 1213 contradictionem
3466 1159 3549 1213 vel

1975 1239 2273 1306 superbiam
2323 1240 2623 1295 confortare
2655 1256 2954 1311 prmsumat.
3004 1246 3263 1314 Quaelibet
3307 1264 3465 1303 causa
3494 1251 3547 1306 iu

1977 1340 2239 1383 conventu
2268 1332 2535 1385 communi
2588 1332 2806 1387 fratrum
2838 1343 2921 1389 est
2963 1338 3287 1400 ventilanda,
3316 1350 3366 1393 et
3408 1339 3547 1399 iuste

1975 1439 2037 1478 ac
2068 1427 2333 1480 subtiliter
2380 1430 2837 1499 perscrutandum,
2888 1446 2954 1485 ne
3001 1431 3224 1487 fortasse
3268 1433 3550 1490 dolositate

1976 1525 2029 1570 et
2055 1516 2252 1571 malitia
2301 1518 2528 1571 senioris
2554 1519 2804 1575 innocens
2845 1521 3028 1590 junior
3053 1524 3399 1589 opprimatur.
3443 1527 3547 1578 Ab-

1979 1607 2085 1660 bati
2135 1608 2219 1660 vel
2270 1610 2554 1677 praeposito
2595 1609 2745 1678 juxta
2793 1626 3135 1679 personarum
3182 1616 3544 1682 acceptionetn

1979 1713 2081 1751 non
2116 1698 2553 1766 liceatjudicare,
2599 1717 2768 1771 neque
2795 1703 3026 1773 aliquem
3059 1705 3420 1759 fraudulenter
3465 1706 3549 1759 vel

1904 1772 1950 1832 Β
1979 1787 2173 1857 injuste
2202 1789 2492 1855 damnare;
2542 1791 2658 1855 sed,
2692 1800 2749 1844 ut
2778 1791 2977 1846 dictum
3007 1804 3109 1857 est,
3156 1796 3467 1862 spiritalium
3497 1804 3553 1847 et

1976 1879 2330 1935 veridicormn
2361 1881 2582 1935 fratrum
2607 1881 2968 1951 hujuscemodi
2993 1887 3146 1938 rebus
3171 1897 3249 1939 est
3273 1887 3549 1939 retinenda

1977 1972 2266 2033 sententia,
2300 1973 2386 2040 qui
2419 1972 2516 2026 sibi
2551 1972 2639 2026 Dei
2667 1973 2923 2042 judicium
2950 1988 3202 2041 ponentes
3231 1992 3337 2044 prae
3359 1978 3547 2042 Oculis,

1975 2079 2080 2120 non
2134 2065 2443 2133 permittant
2488 2071 2719 2134 pessime
2764 2066 3064 2135 Opprimere
3113 2065 3344 2120 animam
3393 2067 3547 2121 inno-

1976 2166 2169 2211 (etttts.

2576 2250 2799 2306 CAPUT
2835 2251 2948 2306 XV.

2436 2342 2508 2396 De
2534 2344 2768 2397 clamosis
2790 2355 2836 2398 et
2865 2345 3087 2398 lascivis.

2053 2429 2353 2487 Clamcsum
2379 2433 2430 2486 in
2457 2432 2722 2488 locutione
2745 2434 3198 2502 monachumLaut
3216 2435 3549 2503 iracundum,

1982 2526 2355 2591 ridiculosum,
2401 2526 2864 2591 subsaunatorem,
2892 2529 3005 2583 sive
3034 2527 3406 2597 detractorem,
3434 2545 3554 2583 esse

1980 2631 2082 2670 non
2114 2618 2285 2672 decet.
2334 2617 2435 2683 Qui
2487 2618 2784 2687 hujusmodi
2832 2628 2933 2686 est,
2979 2628 3035 2672 et
3080 2635 3222 2687 stupe
3269 2619 3554 2690 castigatus

1978 2720 2084 2759 non
2142 2705 2299 2760 fuerit
2351 2707 2683 2773 emendatus,
2733 2708 2951 2777 flagellis
2998 2709 3413 2787 verberibusque
3460 2725 3553 2766 cu-

1978 2796 2172 2849 randus
2196 2804 2298 2861 est,
2325 2806 2377 2852 et
2402 2797 2592 2851 acriter
2615 2799 3001 2864 emendandus,
3054 2801 3347 2870 crebraque
3371 2803 3551 2856 curio—

1977 2885 2133 2939 sitate
2184 2895 2238 2940 et
2286 2885 2541 2941 induetria
2592 2903 2622 2942 a
2681 2888 2807 2941 vitio
2859 2888 3211 2945 reducendus.
3275 2891 3549 2956 Lascivus,

1981 2974 2223 3041 petulans
2249 2984 2303 3030 et
2325 2977 2606 3046 superbus,
2658 2978 2852 3045 swpius
2879 2979 3234 3046 suspendatur
3260 2994 3290 3034 a
3316 2980 3456 3044 cibo,
3488 2988 3546 3035 et

304 3057 589 3129 gloriﬁcent
614 3057 823 3112 Patrem
852 3067 1088 3125 vestrum,
1115 3059 1200 3127 qui
1227 3061 1280 3113 in
1305 3060 1443 3115 carlis
1470 3067 1539 3115 est
1583 3057 1877 3130 (Hattlm).
1907 3108 1953 3173 Ο
1984 3066 2224 3121 biduanis
2254 3069 2366 3122 sive
2397 3068 2654 3122 triduanis
2684 3079 2979 3123 maceretur
3027 3070 3237 3136 inediis,
3268 3072 3550 3141 operisque

908 3169 1130 3224 CAPUT
1168 3167 1282 3224 XII.

804 3236 879 3291 De
903 3240 1101 3294 cautela
1126 3239 1385 3307 monachi.

375 3337 617 3405 Cautela,
647 3344 703 3391 et
750 3335 1065 3401 moderatio,
1110 3343 1163 3390 et
1218 3336 1484 3404 pudicitia,
1528 3334 1659 3391 fides
1689 3344 1739 3390 et
1770 3336 1880 3390 sin-

303 3431 520 3499 ceritas,
549 3440 743 3488 ornant
769 3428 1006 3485 habitum
1037 3428 1301 3486 monachi.
1334 3428 1535 3498 Duplex
1566 3431 1708 3485 enim
1733 3432 1879 3487 nullo

303 3523 462 3580 modo
489 3538 608 3578 esse
653 3524 809 3578 debet
855 3521 1083 3576 famulus
1113 3522 1307 3576 Christi
1337 3540 1351 3587 ;
1390 3523 1483 3577 sed
1512 3523 1795 3589 veridicos,
1827 3534 1881 3579 et

304 3614 552 3683 simplex,
583 3624 631 3670 et
666 3614 877 3669 humilis
922 3612 1232 3682 supercilio,
1274 3615 1438 3667 lastus
1465 3628 1650 3669 carens
1678 3613 1874 3682 effigie.

303 3708 495 3763 Coram
523 3709 736 3763 seniore
762 3721 859 3760 suo
888 3707 1028 3775 prior
1069 3705 1249 3760 nullus
1288 3705 1545 3771 ambulet,
1575 3722 1747 3774 neque
1774 3722 1877 3761 non

299 3798 479 3867 jussus
508 3799 710 3861 sedeat,
746 3798 828 3852 vel
859 3798 1125 3866 loquatur,
1166 3796 1260 3850 sed
1310 3797 1566 3851 honorem
1613 3797 1763 3851 fratri
1793 3812 1881 3852 se-

304 3890 436 3948 niori
469 3898 524 3945 et
549 3890 926 3954 reverentiam,
960 3896 1019 3944 ut
1065 3887 1341 3953 condecet,
1388 3896 1756 3959 competenter
1785 3905 1878 3945 ex-

302 3978 501 4034 hibeat.

901 4068 1128 4126 CAPUT
1170 4068 1306 4125 XIII.

935 4160 1012 4215 De
1042 4162 1259 4216 delictis.

369 4255 569 4309 Omnes
594 4261 766 4319 acuis,
796 4254 911 4309 sive
936 4254 1276 4311 occasionum
1308 4252 1748 4318 necessitudines,
1779 4266 1877 4307 suo

304 4358 521 4409 semper
550 4358 772 4400 necesse
799 4354 883 4401 est
914 4354 971 4399 ut
996 4343 1286 4399 monachus
1311 4343 1507 4398 referat
1537 4342 1700 4406 Patri,
1732 4353 1783 4397 et
1806 4359 1872 4397 ex

1981 3159 2280 3227 adjectione
2311 3160 2664 3228 conficiatur;
2710 3176 2958 3216 sermone
3004 3171 3058 3216 et
3087 3163 3354 3232 colloquio
3398 3164 3558 3219 casti-

1980 3260 2153 3319 getur.
2198 3251 2254 3306 Si
2307 3252 2405 3305 ista
2449 3267 2735 3322 perpessus
2779 3268 2940 3322 stupe,
2975 3254 3194 3309 minime
3239 3257 3394 3310 fuerit
3430 3272 3550 3310 cor-

1982 3356 2181 3410 rectus,
2214 3346 2381 3414 plagis
2418 3346 2731 3401 emendetur
2780 3347 3086 3411 instantius,
3138 3328 3556 3415 reclusionisque

1980 3433 2179 3488 divina:
2206 3444 2507 3490 eoarctetur
2529 3435 2805 3506 angustiis,
2829 3436 3135 3491 brevissime
3160 3438 3306 3504 panis
3326 3446 3379 3491 et
3400 3453 3547 3506 aquae

1984 3538 2077 3576 esu
2129 3524 2527 3588 sustentandus,
2556 3525 2726 3580 donec
2774 3540 2835 3580 se
2879 3528 3188 3593 spomleata
3228 3527 3355 3581 vitio
3382 3542 3557 3583 reces-

1979 3626 2183 3666 surum.
2218 3613 2635 3676 lnobedientem,
2693 3625 3155 3684 murmuratorem,
3204 3616 3557 3669 contradicto-

1980 3717 2113 3765 rem,
2148 3703 2264 3757 sive
2308 3700 2515 3757 furtivis
2553 3705 2970 3760 comestionibus
3014 3715 3173 3775 atque
3216 3705 3556 3762 bibitionibus

1980 3798 2278 3859 vacantem,
2338 3791 2699 3858 suprascripta
2751 3793 3016 3847 coercebit
3075 3795 3361 3856 sententia,
3400 3803 3454 3849 et
3502 3795 3555 3850 in

1978 3882 2223 3936 omnibus
2273 3884 2654 3938 mOnachorum
2700 3883 3096 3938 excessionibus
3147 3898 3375 3954 congrua
3424 3887 3553 3940 ani-

1977 3974 2275 4034 madversio
2321 3974 2616 4030 adhibenda
2662 3984 2747 4029 est
2790 3976 3082 4030 secundum
3134 3976 3338 4031 abbatis
3385 3985 3442 4032 et
3469 3992 3558 4031 se-

1984 4065 2187 4118 ttiorum
2216 4063 2508 4133 judicium,
2526 4065 2848 4119 conveniens
2878 4064 3227 4135 negligentite,
3251 4068 3416 4132 :rtati,
3443 4067 3556 4122 sive

1978 4171 2217 4226 personae
2244 4173 2269 4222 ς,
2309 4157 2515 4226 eritque
2544 4170 2752 4211 summa
2780 4156 3101 4216 discretione
3141 4159 3550 4226 providendum,

1982 4262 2050 4301 ne
2078 4248 2254 4315 gravia
2287 4262 2381 4314 pro
2414 4247 2616 4300 levibus
2643 4245 2956 4312 inferantur,
2983 4256 3076 4301 aut
3105 4263 3135 4302 e
3163 4249 3428 4302 contrario
3458 4264 3553 4317 pro

1977 4337 2227 4391 maximis
2255 4336 2386 4391 levis
2411 4345 2465 4392 et
2494 4352 2651 4405 parva
2681 4339 2808 4391 ultio
2838 4347 3102 4408 erngetur.
3135 4339 3375 4393 Mensura
3406 4356 3555 4394 nam-

301 4433 447 4489 illius
472 4442 762 4503 cognoscat
801 4435 1143 4498 discretione,
1183 4434 1265 4488 vel
1307 4433 1524 4502 judicio,
1557 4434 1679 4502 quid
1707 4443 1876 4488 atten-
1903 4451 1953 4510 Ι)
1981 4444 2082 4496 que
2110 4439 2162 4484 et
2187 4429 2416 4498 pondere
2444 4444 2617 4498 aequo,
2642 4429 2951 4501 jttstitiaque
2981 4431 3082 4498 pia,
3110 4440 3162 4483 et
3185 4431 3549 4493 miseratione,

303 4526 414 4579 dat.
446 4522 832 4595 Cogitationes,
880 4526 1257 4591 revelationes,
1308 4525 1600 4588 illusiones,
1632 4533 1687 4579 et
1714 4525 1881 4592 negli~

299 4614 509 4684 gentias
554 4616 797 4684 proprias
838 4614 1043 4681 seniori
1090 4615 1267 4673 nullus
1295 4613 1522 4679 obcelet,
1561 4613 1878 4669 verecundia

301 4704 383 4759 vel
412 4704 605 4772 injuria
640 4706 892 4773 faciente,
921 4706 1004 4760 vel
1030 4708 1366 4765 contumacia
1395 4712 1730 4773 perurgente.
1772 4701 1878 4756 Sed

300 4810 518 4865 semper
548 4795 853 4863 hujusmodi
885 4795 1017 4851 vitia.
1049 4810 1170 4851 cum
1221 4794 1491 4864 Iacrymis,
1539 4802 1591 4848 et
1621 4807 1879 4860 compun-

300 4886 482 4939 ctione
528 4886 728 4951 cordis,
785 4895 942 4954 atque
990 4884 1287 4940 humilitate
1339 4884 1613 4937 verissima
1669 4882 1873 4945 abbati,

300 4974 607 5045 praeposito,
638 4976 753 5032 sive
779 4975 1012 5044 probatis
1056 4974 1381 5038 senioribus.
1424 4972 1700 5028 revelamla
1732 4981 1875 5035 sunt,

298 5076 353 5122 et
391 5066 781 5131 consolatione,
831 5066 1093 5129 oratione,
1149 5064 1509 5135 castigatione,
1556 5064 1670 5118 sive
1716 5063 1877 5119 etiam

298 5156 683 5213 exercitatione
706 5156 881 5213 idonei
902 5157 1077 5226 operis
1095 5157 1419 5227 castiganda.

895 5269 1118 5323 CAPUT
1156 5268 1292 5322 XIV.

816 5339 887 5394 De
908 5339 1367 5393 excommunicatis.

369 5430 503 5486 Cum
530 5431 1043 5494 excommunicatur,
1075 5429 1159 5482 vel
1186 5428 1422 5496 arguitur
1447 5424 1724 5495 quisquam
1779 5438 1874 5492 pro

302 5522 625 5594 negligentia
681 5537 797 5585 sua,
860 5519 1129 5575 exercebit
1180 5516 1553 5579 humilitatem,
1605 5528 1878 5583 quousque

305 5611 561 5681 percipiat
589 5610 884 5665 orationem
909 5626 924 5670 ;
956 5623 1053 5664 nec
1084 5622 1143 5661 se
1172 5606 1385 5661 audebit
1413 5608 1547 5658 inter
1574 5604 1702 5657 alios
1728 5617 1877 5656 com-

302 5703 551 5768 miscere,
584 5703 665 5756 vel
692 5702 933 5771 cuiquam
962 5700 1171 5755 occulte
1199 5698 1517 5767 conjungere
1543 5714 1557 5761 ;
1587 5694 1678 5748 sed
1705 5694 1874 5747 omni-

1984 4518 2234 4572 continuo
2266 4519 2417 4572 Pater
2438 4519 2521 4573 vel
2550 4519 2860 4586 praepositus
2889 4519 3046 4572 debet
3074 4520 3353 4584 excellere,
3386 4529 3442 4574 ut
3469 4521 3549 4574 sic

1981 4607 2169 4665 vulnus
2198 4615 2350 4660 curet
2378 4608 2580 4674 aegroti,
2608 4620 2866 4674 quatenus
2909 4608 3155 4674 salutem,
3189 4619 3239 4663 et
3271 4624 3374 4665 non
3403 4611 3551 4666 debi-

1980 4697 2180 4751 litatem
2209 4697 2399 4751 inferat
2431 4696 2673 4761 membri,
2703 4698 2819 4766 quia
2865 4699 2998 4751 sicut
3048 4699 3377 4756 subditorum
3428 4702 3555 4757 vitia

1980 4801 2075 4856 per
2105 4787 2438 4857 pra-positos,
2471 4786 2557 4842 ita.
2582 4796 2634 4840 et
2662 4787 3058 4855 praepositorum
3085 4790 3431 4862 negligentias
3459 4808 3553 4862 per

1978 4879 2319 4946 semetipsum
2348 4876 2484 4932 Deus
2507 4877 2783 4947 judicabit.

2574 4988 2799 5044 CAPUT
2840 4989 2976 5044 XVI.

2199 5058 2275 5111 De
2300 5058 2554 5121 mendace,
2586 5062 2716 5127 fure,
2748 5067 2792 5111 et
2820 5076 3117 5128 percussore
3140 5064 3409 5116 monacho.

2051 5148 2375 5211 Mendacem,
2428 5148 2619 5214 furem,
2661 5162 3031 5216 percussmem
3069 5166 3277 5220 quoque
3327 5160 3381 5205 et
3419 5166 3543 5220 per-

1977 5241 2176 5311 jnrum,
2206 5237 2346 5309 quod
2379 5238 2468 5292 Dei
2496 5251 2706 5293 servum
2738 5253 2841 5292 non
2872 5240 3045 5305 decet,
3076 5240 3269 5306 corripi
3317 5241 3544 5308 primum

1980 5348 2008 5387 a
2039 5329 2335 5386 senioribus
2365 5328 2543 5383 verbis
2582 5336 2808 5396 oportet,
2841 5337 2897 5382 ut
2936 5330 3147 5382 recedat
3176 5343 3204 5381 a
3232 5328 3380 5382 vitio.
3420 5328 3546 5383 Post

1980 5423 2095 5476 haec
2122 5422 2168 5475 si
2192 5436 2293 5477 nec
2333 5422 2407 5476 sic
2436 5438 2495 5477 se
2542 5424 2826 5478 etnettdare
2853 5424 3140 5491 distulerit,
3171 5425 3326 5479 tertio
3367 5440 3548 5480 coram

1981 5512 2228 5567 fratribus
2254 5514 2614 5581 conveniatur,
2668 5524 2724 5568 ut
2772 5514 2988 5569 desistat
3034 5515 3294 5585 tantisper
3338 5530 3539 5568 errare.

1979 5603 2031 5656 Si
2064 5618 2159 5658 nec
2187 5604 2268 5657 sic
2295 5618 2352 5658 se
2403 5606 2785 5671 emendaverit,
2838 5604 3132 5674 flagelletur
3180 5608 3461 5671 acerrime,
3493 5616 3547 5660 et

1981 5694 2137 5748 trium
2171 5695 2424 5749 mensium
2457 5696 2624 5765 Spatio
2669 5694 3226 5756 exconnnunicationis
3256 5700 3537 5756 vindictam
