4016 6354
492 345 630 400 1107

1437 341 1492 395 S.
1538 337 1920 396 FRUCTUOSI
1963 334 2438 396 BRACAIIENSIS
2484 338 2781 396 EPISCOPI

3600 346 3739 405 1108

488 454 806 525 suscipiens,
838 454 936 510 sub
967 454 1295 525 poenitentia:
1333 453 1663 509 districtione
1710 453 1858 507 solus
1884 449 2056 506 reclu-
2085 450 2135 509 Δ
2163 450 2326 505 tobris
2374 452 2668 507 interdiana
2719 453 2918 523 jejunia
2968 455 3240 512 retinenda
3283 466 3409 513 sunt
3441 501 3457 525 ,
3505 474 3736 533 excepto

491 547 648 601 datur
677 546 729 599 in
759 544 894 599 cella
926 560 940 610 ;
985 546 1051 598 de
1079 559 1299 613 vespere
1346 543 1399 596 in
1428 542 1632 609 vesperi
1663 557 1725 596 ex
1776 539 2056 596 hordeacei

488 638 643 706 panis
668 650 759 690 sex
805 636 999 700 unciis,
1043 644 1097 689 et
1125 650 1274 703 aquae
1311 649 1555 689 mensura
1584 635 1796 702 parvula
1844 643 2058 687 susten-

487 728 703 782 tandus.
738 726 987 781 Ebriosus
1015 727 1134 794 quis
1177 728 1221 780 si
1251 734 1488 793 repertus
1516 726 1566 778 in
1603 724 1847 779 coenobio
1877 723 2055 791 fuerit,

487 816 746 884 superiori
804 817 1081 871 sententias
1128 814 1463 882 subjacebit;
1518 810 1633 867 sive
1688 813 1732 866 is
1786 813 1872 882 qui
1927 814 2057 865 citra

486 908 801 976 permissum
847 905 1071 969 abbatis,
1120 904 1233 959 sive
1280 904 1574 973 prmpositi,
1620 905 1811 958 alicubi
1855 905 2056 963 litteras

487 997 856 1058 destinaverit,
888 996 969 1048 vel
1009 996 1074 1046 ab
1102 994 1205 1048 alio
1243 992 1533 1047 destinatas
1563 993 1839 1060 acceperit.
1876 994 2057 1048 Iliona-

487 1087 621 1142 chus
654 1086 985 1156 parvulorum
1018 1094 1108 1137 aut
1138 1082 1549 1138 adolescentium
1590 1093 1943 1149 consectatur,
1975 1084 2057 1139 vel

488 1181 577 1247 qui
603 1179 803 1244 osculo,
848 1178 929 1231 vel
954 1176 1191 1244 qualibet
1219 1176 1497 1229 occasione
1527 1177 1661 1244 turpi
1693 1174 2056 1244 deprehensus

485 1268 643 1323 fuerit
674 1268 899 1332 inhiare,
929 1266 1268 1336 comprobata
1313 1275 1554 1335 patenter
1604 1281 1696 1335 per
1723 1277 2059 1323 accusatores

484 1357 968 1425 verissimos,.sive
1012 1367 1194 1422 testes,
1228 1372 1408 1423 causa,
1460 1357 1668 1425 publice
1707 1357 2056 1425 verberetur;

454 1454 733 1509 J‘Ofonalll
759 1447 969 1515 capitis,
996 1463 1149 1516 quam
1175 1456 1365 1517 gestat,
1395 1448 1621 1513 amittat,
1647 1448 2057 1518 decalvatusquc

483 1541 711 1605 turpiter
738 1537 1024 1607 opprobrio
1053 1547 1223 1606 pateat
1254 1555 1267 1603 ;
1324 1540 1664 1607 omniumque
1707 1540 2058 1607 sputamentis

481 1630 679 1683 oblitus
710 1631 760 1683 in
791 1629 944 1695 facie,
998 1628 1294 1697 probraque
1340 1644 1490 1697 reque
1537 1630 1834 1698 suscipiat;
1875 1632 2059 1684 vincu-

482 1722 650 1790 lisque
676 1730 907 1776 arctatus
957 1720 1159 1784 ferreis,
1213 1722 1463 1777 carcerali
1512 1737 1602 1776 sex
1654 1722 1921 1777 mensibus
1958 1738 2053 1776 an-

2167 556 2270 595 una
2296 544 2716 613 quadragesima,
2748 561 2863 612 qua:
2891 545 3231 602 festivitatem
3262 559 3568 606 sanctorum
3598 554 3738 612 Justi

2161 641 2214 684 et
2260 630 2492 685 Pastoris
2531 636 2802 702 prmcedit,
2851 636 3076 691 sollicite
3119 642 3484 695 conservanda
3534 653 3659 700 est:
3688 648 3739 702 in

2160 735 2263 781 qua
2313 737 2478 791 usque
2526 725 2587 776 ad
2642 740 2834 777 nonam
2877 727 3108 795 quotidie
3159 729 3507 798 jejnuandum
3553 744 3659 801 est,
3686 746 3741 792 et

2162 810 2287 864 vino
2329 814 2535 877 penitus
2581 814 2969 870 abstinendum.
3019 819 3291 875 Servanda
3336 832 3513 879 tamen
3561 828 3739 884 abbati

2162 899 2414 956 discretio
2455 913 2556 963 est,
2606 911 2662 954 ut
2690 917 2810 957 cum
2843 905 2942 958 hos
2971 908 3118 975 gravi
3176 910 3353 964 labore
3398 918 3741 981 perspexerit

2162 991 2395 1051 onerari,
2425 991 2488 1043 ad
2540 991 2884 1048 refectionem
2932 997 3166 1063 singulas
3215 1003 3490 1068 portiones
3520 1006 3738 1065 tribuat.

2163 1081 2243 1134 Ab
2265 1092 2450 1134 octavo
2468 1082 2677 1138 decimo
2701 1085 2965 1142 Kalendas
2986 1084 3231 1143 Octobris
3254 1107 3417 1160 usque
3442 1095 3507 1149 ad
3539 1097 3739 1156 Pascha

2162 1172 2387 1224 sollicite
2412 1172 2762 1242 jejunandum
2792 1185 2892 1242 est,
2923 1186 2976 1231 et
3002 1180 3054 1231 in
3094 1178 3508 1251 Quadragesima
3537 1191 3662 1243 vino
3689 1200 3743 1248 et

2161 1259 2279 1313 oleo
2308 1266 2514 1328 penitus
2551 1264 2945 1322 abstinendum.
2995 1269 3072 1323 Ad
3107 1286 3344 1327 mensam
3392 1277 3482 1345 qui
3528 1280 3735 1339 tardius

2161 1354 2386 1416 venerit,
2440 1355 2785 1441 prohibeatur
2812 1375 2841 1411 a
2870 1361 3013 1415 cibo.
3065 1361 3144 1415 Ad
3183 1366 3452 1421 orationes
3497 1369 3737 1435 diurnas,

2162 1444 2250 1512 qui
2282 1444 2349 1498 ad
2396 1448 2622 1512 primum
2654 1450 2914 1516 psalmum
2946 1468 3049 1506 non
3079 1458 3391 1524 occurrerit,
3441 1458 3663 1515 introire
3686 1462 3736 1516 in

2162 1534 2451 1588 oratorium
2483 1554 2601 1591 cum
2633 1542 2841 1593 cmteris
2876 1556 2978 1595 non
3020 1545 3237 1610 audeat,
3269 1549 3364 1600 sed
3415 1550 3740 1617 paenitentiae

2161 1623 2511 1695 delegabitur.
2548 1628 2657 1683 lloc
2686 1630 2824 1684 idem
2852 1634 3153 1702 sustinebit,
3181 1638 3270 1704 qui
3312 1642 3586 1695 nocturnis
3621 1656 3739 1695 ora.

2163 1714 2393 1769 tionibus
2426 1734 2592 1785 usque
2616 1720 2680 1773 ad
2730 1722 2942 1775 tertium
2985 1726 3246 1791 psalmum
3278 1728 3480 1781 tardius
3510 1732 3733 1796 venerit,

482 1787 657 1883 gustia
690 1822 988 1868 macerctur
1017 1831 1031 1879 ;
1063 1821 1116 1868 et
1162 1814 1403 1867 triduana
1438 1829 1531 1882 per
1557 1814 1918 1891 hebdomadas
1944 1816 2056 1869 sin-

2163 1815 2252 1858 aut
2280 1818 2397 1873 post
2429 1817 2534 1862 tres
2566 1812 2797 1879 psalmos
2823 1812 2992 1869 dictos
3022 1814 3074 1868 in
3106 1818 3271 1872 choro
3297 1833 3356 1873 se
3384 1821 3612 1877 miscere
3637 1836 3733 1877 co-

481 1907 631 1977 gulns
677 1905 961 1961 refectione
1012 1906 1160 1975 panis
1204 1906 1376 1973 exigui
1429 1906 1706 1961 hordeacei
1759 1909 2059 1977 vespertino

482 2007 723 2065 tempore
752 1996 1072 2053 sublevetur.
1107 1995 1231 2049 Post
1270 1995 1462 2050 deinde
1510 1996 1736 2067 expletis
1787 1998 1868 2053 bis
1908 2014 2059 2052 men-

483 2088 650 2149 sibus,
683 2086 801 2141 aliis
835 2103 928 2141 sex
962 2087 1229 2141 mensibus
1257 2087 1662 2144 succedentibus
1701 2088 1800 2143 sub
1833 2089 2059 2143 senioris

479 2178 734 2247 spiritalis
785 2178 1045 2245 custodia,
1101 2190 1374 2248 segregata
1431 2180 1482 2231 in
1534 2180 1788 2233 corticula
1838 2180 2055 2249 degens,

482 2287 643 2339 opere
670 2286 916 2326 manuum
964 2278 1017 2323 et
1065 2269 1305 2323 oratione
1348 2270 1595 2323 continua
1640 2270 1709 2324 sit
1754 2278 2055 2337 coxitentus;

482 2363 677 2432 vigiliis
707 2370 762 2419 et
794 2362 1023 2432 ﬂetibus,
1056 2369 1111 2418 et
1141 2361 1459 2427 humilitate,
1482 2362 1773 2433 subjectus,
1802 2371 1855 2419 et
1885 2363 2053 2433 pumi-

484 2457 662 2510 tentire
694 2456 936 2511 lamentis
986 2456 1190 2510 veniam
1241 2455 1535 2525 percipiat;
1567 2440 1620 2511 et
1670 2456 1770 2511 sub
1816 2458 2059 2511 custodia

481 2562 695 2617 semper
715 2556 770 2603 et
815 2547 1171 2603 sollicitudine
1200 2547 1425 2601 duorum
1474 2548 1790 2616 spiritalium
1832 2546 2056 2603 fratrum

484 2640 535 2691 in
567 2639 892 2693 monasterio
939 2637 1195 2703 ambulet,
1250 2637 1394 2693 nulla
1426 2637 1628 2706 privata
1680 2638 1948 2695 locutione
1974 2640 2056 2695 vel

479 2729 709 2785 concilio
736 2727 987 2799 deinceps
1008 2727 1292 2798 juvenibus
1313 2728 1736 2797 coniungendas.

1062 2838 1286 2894 CAPUT
1327 2837 1487 2894 XVII.

1120 2906 1197 2961 De
1231 2909 1469 2975 culpatis.

553 3002 803 3071 Quisquis
829 3003 991 3056 frater
1030 3016 1125 3070 pro
1155 3001 1388 3069 qualibet
1432 3001 1753 3073 negligentia
1785 3002 1868 3058 vel
1906 3011 2056 3058 reatu

485 3093 742 3159 arguitur,
781 3090 863 3145 vel
912 3092 1421 3156 excommunicatur,
1469 3102 1522 3145 et
1568 3102 1745 3147 tamen
1788 3091 2131 3193 humiliterc

485 3184 691 3238 veniam
720 3182 869 3251 petit,
900 3183 982 3237 vel
1026 3182 1312 3236 confitetur
1356 3181 1792 3252 lacrymabiliter,
1823 3198 2055 3253 congrua

482 3277 531 3330 ei
562 3276 888 3332 remissionis
916 3284 969 3332 et
997 3274 1339 3345 indulgentia:
1372 3274 1579 3331 medela
1614 3274 1896 3330 tribuatur.
1928 3275 2060 3329 Pro-

481 3372 594 3426 caci
623 3382 822 3436 autem,
856 3378 908 3425 et
955 3368 1283 3438 persistenti,
1325 3378 1485 3436 atque
1518 3384 1609 3435 per
1639 3366 1941 3437 superbiam
1973 3368 2058 3425 vel

494 3463 912 3520 controversiam
965 3462 1272 3532 denegauti,
1303 3463 1529 3530 amplior
1553 3469 1607 3515 et
1635 3462 1921 3518 districtior
1947 3464 2058 3518 ani-

490 3555 811 3620 niadversio,
844 3552 1277 3624 flagellorumque
1308 3569 1459 3621 paena
1492 3554 1828 3622 irrogabitnr.
1864 3556 1973 3610 Duo
2003 3556 2056 3611 in

484 3664 589 3701 uno
636 3648 773 3703 lecto
816 3661 920 3700 non
968 3645 1224 3715 jaceant;
1272 3661 1368 3705 nec
1417 3645 1652 3700 dormire
1690 3658 1835 3700 extra
1884 3646 2057 3702 cubile

483 3738 754 3805 preprium
779 3736 1021 3803 cuiquam
1054 3734 1268 3791 licentia
1315 3744 1509 3803 pateat.
1560 3734 1895 3789 Intervallum
1942 3737 2054 3791 siu-

487 3826 733 3895 gulorum
767 3824 1077 3879 lectulurum
1125 3822 1349 3891 singulis
1398 3824 1589 3877 cubitis
1636 3824 1948 3891 intercedat,
1992 3842 2057 3884 ne

484 3918 608 3969 dum
640 3916 928 3971 adinvicem
960 3917 1258 3985 proximam
1280 3929 1519 3983 corpora,
1554 3916 1785 3972 nutriant
1824 3916 2057 3972 libidinis

486 4007 770 4061 incentiva.
805 4008 856 4060 lu
890 4008 1123 4063 tenebris
1153 4022 1309 4060 neruo
1362 4008 1605 4077 loquatur
1635 4008 1811 4075 alteri,
1844 4024 1939 4062 nec
1965 4024 2055 4065 ac-

486 4102 640 4154 cedat
670 4102 777 4154 ullo
825 4102 981 4156 modo
1025 4102 1205 4169 junior
1247 4101 1465 4167 quilibet
1506 4103 1569 4156 ad
1617 4104 1808 4158 lectum
1840 4104 2057 4161 alterius

487 4198 609 4255 post
633 4187 984 4258 Completatn.
1018 4190 1228 4263 Lectula
1261 4190 1587 4259 singulorum
1617 4192 1778 4247 abbas
1810 4194 1891 4249 vel
1924 4210 2057 4263 pra}-

488 4287 691 4346 posttus
720 4279 801 4335 bis
841 4280 893 4333 in
943 4279 1271 4339 hebdomada
1320 4282 1572 4348 revolvat,
1606 4292 1765 4353 atque
1813 4299 2056 4354 perscru-

490 4382 650 4435 tetur,
684 4378 745 4425 ut
768 4371 946 4426 videat
979 4387 1044 4426 ne
1082 4373 1199 4441 quis
1242 4374 1564 4439 superfluum
1610 4375 1808 4444 aliquid
1849 4378 1929 4431 vel
1959 4393 2052 4433 oc-

2162 1907 2316 1952 natus
2344 1898 2521 1953 fuerit.

2745 1992 2968 2050 CAPUT
3011 1996 3149 2053 XIX.

2836 2085 2912 2138 De
2934 2087 3074 2140 cibis.

2234 2168 2481 2238 Ministri,
2507 2172 2620 2225 sive
2668 2176 3002 2241 praepositus,
3032 2191 3149 2230 cum
3182 2177 3430 2235 fratribus
3474 2182 3734 2253 reﬁcient,

2159 2271 2212 2315 et
2254 2272 2483 2317 mutatos
2529 2265 2627 2317 sibi
2659 2265 2805 2318 cibos
2839 2282 3135 2334 prmpararc
3166 2286 3268 2323 non
3320 2272 3549 2328 audeant
3582 2292 3598 2342 ;
3639 2292 3736 2332 nec

2159 2362 2307 2407 extra
2340 2368 2676 2407 communem
2709 2356 3047 2411 refectionem
3091 2361 3357 2428 quidpiam
3392 2364 3569 2417 edant.
3622 2366 3735 2423 Iloc

2160 2442 2315 2495 etiam
2362 2442 2525 2497 abbas
2565 2448 2775 2499 studeat
2805 2461 2985 2515 agere,
3016 2452 3220 2517 quoties
3249 2454 3616 2523 advenientes,
3650 2458 3732 2513 vel

2164 2530 2256 2585 filii
2302 2532 2552 2587 Ecclesiae
2594 2538 2905 2591 occursione
2945 2539 3043 2593 sibi
3074 2556 3175 2594 non
3205 2546 3468 2611 aspexerit
3498 2526 3737 2605 obviare.

2160 2623 2336 2678 Abbas
2364 2622 2450 2678 vel
2483 2627 2797 2693 praepositus
2826 2628 3015 2685 fratres
3044 2630 3095 2685 in
3121 2633 3307 2687 furtiva
3338 2639 3557 2706 passim,
3582 2649 3741 2709 prout

2158 2715 2443 2778 voluerint,
2496 2720 2824 2774 eomestione
2872 2736 2975 2775 non
3024 2724 3323 2794 inquinent,
3370 2728 3467 2781 nisi
3509 2729 3739 2786 fortasse

2160 2808 2337 2877 patula
2366 2824 2799 2883 unumquemque
2842 2824 2933 2871 aut
2973 2820 3254 2888 (egritudo,
3305 2831 3395 2877 aut
3424 2824 3737 2882 defectionis

2160 2896 2434 2965 instantia,
2460 2900 2746 2972 defatigat:
2776 2908 2859 2961 cui
2886 2909 3096 2976 quidem
3124 2923 3305 2980 aperte
3327 2931 3445 2969 cum
3470 2932 3735 2973 consensu

2168 2990 2494 3058 reliquorum
2527 3007 2815 3063 congruam
2846 3000 3108 3056 ordinabit
3138 3019 3422 3075 annonam,
3456 3008 3599 3064 aetati
3627 3012 3740 3066 sive

2161 3080 2452 3137 valetudini
2486 3096 2899 3155 competentem.

2759 3180 2984 3235 CAPUT
3025 3176 3138 3238 XX.

2505 3267 2577 3321 De
2602 3272 2773 3339 o/Iiciis
2805 3274 2997 3327 abbatis
3030 3278 3104 3329 vel
3132 3280 3411 3347 pm'positi.

2230 3355 2303 3413 De
2333 3358 2509 3413 officio
2534 3362 2777 3414 monachi
2814 3379 2917 3415 non
2950 3376 3105 3433 prout
3134 3368 3397 3423 voluerint
3418 3379 3724 3440 evagentur,

2158 3451 2261 3505 nisi
2293 3452 2536 3506 consulto
2586 3456 2889 3523 pm'pttsilo,
2933 3458 3041 3511 sive
3073 3458 3316 3513 decano:
3366 3477 3487 3515 cum
3525 3465 3735 3519 seniore

2159 3546 2222 3598 ad
2263 3546 2362 3599 hoc
2405 3548 2573 3614 ipsum
2619 3549 2885 3617 delegato,
2934 3566 3051 3603 cum
3102 3555 3390 3608 necessitas
3439 3556 3732 3624 compellit,

2158 3637 2520 3703 egrediantur.
2559 3638 2759 3702 Abbas,
2792 3646 2873 3693 vel
2926 3644 3256 3709 prmpositns,
3306 3644 3498 3699 divinis
3524 3660 3735 3715 semper

2158 3730 2346 3783 officiis
2372 3742 2423 3784 et
2454 3731 2641 3798 vigiliis
2683 3732 2949 3795 intersint,
2984 3741 3037 3786 et
3082 3734 3225 3801 prius
3270 3729 3373 3802 ipsi
3408 3747 3569 3802 agant
3594 3736 3733 3805 quod

2158 3821 2291 3875 alios
2322 3821 2533 3875 docent.
2566 3823 2765 3885 Abbas,
2804 3824 2886 3875 γει
2920 3824 3252 3891 prmpositus,
3282 3839 3313 3879 e
3344 3827 3571 3894 propriis
3596 3841 3735 3881 sem-

2159 3926 2254 3979 per
2277 3911 2506 3966 emnobii
2557 3914 2829 3966 monachis
2868 3915 3176 3981 eligantur;
3223 3917 3301 3968 vir
3350 3926 3587 3981 sanctus,
3618 3918 3729 3973 dis.-

2158 4015 2357 4071 cretns,
2386 4003 2584 4071 gravis,
2625 4013 2824 4067 castus,
2858 4003 3072 4069 charus,
3120 4007 3354 4067 humilis,
3401 4018 3732 4075 mansuetus,

2159 4106 2206 4151 ct
2234 4096 2423 4149 doctus
2451 4113 2466 4162 ;
2490 4097 2576 4162 qui
2605 4097 2819 4148 diutinis
2841 4098 3289 4166 experimentatus
3309 4100 3735 4171 etdocumentis,

2160 4188 2405 4241 omnibus
2439 4187 2669 4253 prtefatis
2700 4189 2856 4242 rebus
2886 4190 3019 4243 bene
3068 4191 3228 4244 fuerit
3266 4192 3523 4246 eruditus.
3559 4195 3656 4259 Qui
3683 4192 3735 4251 in

2159 4276 2479 4331 abstinentia
2522 4278 2809 4345 praecellat,
2842 4278 2895 4332 in
2927 4278 3164 4332 doctrina
3215 4280 3497 4351 refulgeat,
3550 4284 3733 4353 exqui-

2160 4368 2288 4420 sitas
2317 4369 2503 4436 epulas
2536 4384 2732 4423 mensa:
2760 4370 3002 4424 lautioris
3041 4373 3585 4443 consuetudinemque
3609 4390 3737 4429 con-

488 4464 687 4515 cultutn
720 4461 932 4517 habeat.
963 4462 1287 4517 Nocturnum
1316 4474 1519 4532 tempus
1551 4466 1903 4535 peculiaribus
1930 4482 2051 4522 ora-

2169 4467 2407 4523 temuat;
2440 4458 2545 4511 vini
2598 4460 2744 4512 nimii
2798 4462 3187 4527 perceptionem
3240 4473 3493 4530 respuat;
3536 4468 3738 4519 Cunctis

493 4554 728 4621 tionibus
759 4564 814 4609 et
855 4556 1023 4608 sacris
1071 4554 1262 4623 vigiliis
1308 4558 1539 4607 maxima
1572 4570 1633 4611 ex
1669 4564 1816 4623 parte
1854 4556 2057 4611 ducen-

487 4644 611 4697 dum
638 4653 740 4708 est,
772 4653 983 4713 prOpter
1009 4645 1263 4713 lucifugas
1302 4644 1589 4710 tia-mones,
1630 4660 1904 4700 servorum
1948 4646 2061 4700 Do-

490 4738 623 4794 mini
661 4737 993 4807 deceptores.
1048 4738 1205 4806 Spina
1252 4738 1297 4791 si
1348 4738 1615 4793 inhaeserit
1658 4741 1889 4808 corpori,
1931 4742 2060 4794 citra

493 4826 916 4883 benedictionem
968 4827 1046 4880 sui
1094 4825 1316 4882 senioris
1362 4830 1535 4882 nulfus
1583 4829 1791 4895 evellat,
1845 4832 2063 4901 ungulas

490 4920 610 4975 sine
637 4917 1007 4973 benedictione
1055 4917 1226 4973 nullus
1272 4917 1563 4973 abscindat.
1618 4919 1836 4973 Fascem
1884 4921 2061 4995 cujus-

496 5012 623 5065 libet
672 5007 853 5065 oneris
914 5007 1113 5078 absque
1177 5008 1547 5064 benedictione
1600 5019 1654 5065 et
1710 5011 2063 5079 permissione

492 5100 721 5156 senioris
747 5099 1023 5169 quisquam
1055 5099 1326 5170 deponere
1347 5114 1376 5154 e
1402 5102 1540 5159 collo
1562 5100 1779 5171 proprio
1802 5115 1909 5170 non
1929 5118 2063 5172 pra:-

490 5200 683 5246 sumat.

1051 5283 1273 5347 CAPUT
1315 5282 1498 5342 XVIII.

1122 5373 1198 5427 De
1230 5374 1455 5444 iejuniis.

560 5464 785 5535 Jejuuiis
825 5466 921 5519 ista
951 5473 1159 5532 oportet
1184 5472 1424 5533 tempora
1454 5463 1755 5531 observare,
1788 5481 1817 5520 a
1861 5466 2064 5523 Pascha

495 5570 664 5624 usque
687 5555 751 5608 ad
802 5555 1149 5609 Pentecosten
1204 5553 1545 5607 reticieudnrn
1574 5557 1638 5607 ad
1694 5568 1899 5611 sextam
1940 5568 2060 5620 est;

493 5654 549 5699 et
578 5644 951 5715 monOpbagia,
1000 5645 1048 5698 id
1080 5653 1231 5700 est...
1280 5646 1640 5698 conservanda
1679 5661 1773 5715 per
1802 5646 1967 5701 diem.
2019 5648 2061 5701 A

498 5730 810 5787 Pentecoste
853 5748 1018 5801 usque
1062 5733 1127 5787 ad
1171 5743 1359 5790 octavo
1408 5734 1617 5789 decimo
1665 5735 1928 5791 Kalendas
1956 5737 2062 5791 0c~

2170 4552 2219 4603 in
2250 4566 2534 4607 comrnuue
2561 4552 2807 4606 fratribus
2844 4564 2895 4605 ut
2926 4562 3072 4621 pater
3098 4556 3341 4623 proprius
3371 4557 3741 4627 piissimusque

2167 4642 2455 4711 provideat.
2496 4645 2661 4709 Quem
2694 4660 2789 4697 nec
2825 4646 2898 4697 ira
2935 4646 3105 4698 subita
3135 4647 3479 4703 immoderate
3507 4648 3739 4718 dc-jiciat,

2169 4748 2263 4787 nec
2294 4733 2543 4802 superbia
2599 4735 2839 4799 extollat,
2874 4752 2968 4787 nec
2997 4752 3195 4791 tnt‘eror
3224 4753 3284 4791 ac
3337 4738 3741 4805 pusillanimitas

2170 4823 2400 4891 frangat,
2450 4839 2548 4877 nec
2597 4824 2760 4879 libido
2802 4838 3128 4894 currumpat.
3184 4830 3281 4895 Qui
3311 4842 3362 4883 et
3394 4833 3444 4884 in
3488 4834 3742 4901 patientia

2170 4915 2570 4979 discretionem,
2600 4926 2653 4970 et
2680 4930 2797 4969 cum
2827 4916 2901 4970 ira
2934 4917 3181 4973 exhibeat
3206 4920 3513 4985 lenitatem;
3549 4923 3744 4992 quique

2170 5008 2247 5059 sic
2268 5007 2549 5076 egentibus
2576 5017 2735 5076 atque
2765 5010 3087 5079 pauperibus
3117 5024 3319 5080 pareat,
3353 5021 3410 5067 ut
3440 5014 3747 5068 ministrum

2170 5115 2229 5156 se
2255 5110 2307 5155 et
2332 5084 2434 5155 non
2463 5103 2735 5167 prmlatum
2787 5112 2988 5156 tantum
3036 5102 3227 5157 Christi
3269 5104 3563 5159 visceribus
3593 5121 3745 5159 reco-

2174 5201 2417 5260 gnoscat.
2446 5191 2717 5261 Cujusque
2749 5201 2888 5245 tanta
2921 5192 3077 5247 debet
3102 5196 3360 5248 sermonis
3390 5202 3442 5248 et
3471 5196 3591 5247 vita:
3624 5209 3746 5252 cou-

2173 5284 2415 5338 Sonatttia
2462 5298 2606 5352 esse,
2639 5293 2694 5338 ut
2734 5283 2783 5336 id
2830 5285 2969 5352 quod
3019 5287 3169 5340 docet
3218 5287 3411 5350 verbis,
3462 5285 3741 5339 coolirmet

2168 5374 2421 5440 oneribus
2465 5372 2686 5437 sedulis,
2747 5382 2799 5426 et
2849 5374 2931 5427 bis
2985 5385 3140 5428 acuto
3194 5374 3493 5443 prmcedent
3544 5376 3734 5444 gladio,

2167 5461 2422 5531 quidquid
2448 5463 2578 5517 alios
2604 5461 2861 5517 informat
2892 5465 3075 5528 verbo,
3101 5462 3214 5534 jugi
3246 5466 3355 5532 ipse
3372 5475 3522 5533 gerat
3544 5466 3735 5533 Studiu,

2169 5564 2225 5609 ut
2275 5568 2372 5608 nec
2422 5568 2726 5608 sermonem
2774 5555 3014 5623 operatio
3061 5556 3317 5619 destruat,
3366 5570 3524 5611 nece
3559 5563 3735 5608 coxitra

2166 5646 2530 5714 operationem
2583 5646 2772 5700 bonam
2826 5661 3003 5699 sermo
3054 5648 3432 5700 inconveniens
3485 5645 3731 5713 frangat;

2166 5736 2261 5792 sed
2294 5736 2400 5793 sint
2430 5737 2501 5792 ibi
2549 5748 2734 5792 cuncta
2771 5741 2839 5792 ita
2882 5738 2933 5792 in
2965 5738 3122 5793 Patre
3164 5739 3557 5804 c0nvenicntia,
3602 5740 3730 5797 sicut
