4016 6354
245 278 379 335 “09

240 476 547 531 dulciiluum
595 493 660 531 ex
702 492 759 530 se
803 493 989 532 sonum
1036 492 1360 545 repercussa:
1407 477 1655 542 reddunt,
1688 492 1805 531 cum

241 573 457 627 artificis
487 572 730 641 pulsante
769 589 925 627 manu
957 584 1251 643 temperato
1295 574 1557 641 tenuitatis
1603 576 1808 639 ordine,

243 671 295 717 et
325 678 430 717 non
462 663 697 718 confusa:
734 665 1108 734 inmqualitatis
1138 665 1577 734 przecipitatione,
1612 665 1810 719 feriun-

243 760 346 805 tur.
418 748 526 806 Ter
586 766 681 820 per
726 766 937 807 omnem
1006 755 1385 811 hebdomadam
1454 758 1676 811 collecta
1723 756 1814 811 fa-

243 841 428 895 cienda
459 850 563 905 est,
595 851 649 897 et
670 845 866 913 regulae
899 843 1112 900 Patrum
1136 846 1395 916 legenda},
1425 846 1810 912 disserendum,

243 932 324 983 vel
360 947 388 985 a
434 932 651 988 seniore
700 945 755 989 et
798 936 1072 1005 castigatio
1117 951 1179 991 ac
1228 951 1403 992 sermo
1447 937 1816 993 :edificationis

246 1022 557 1089 proferenda
584 1025 649 1079 ad
676 1024 865 1082 fratres
890 1044 902 1079 :
935 1028 1267 1097 negligentia:
1304 1029 1647 1083 emendanda:
1675 1046 1690 1095 ;
1720 1044 1816 1084 ex-

244 1113 650 1177 communicatis
674 1117 1057 1182 miserenduin,
1080 1129 1133 1173 ct
1178 1121 1484 1187 procacibus
1509 1120 1625 1175 sive
1653 1120 1813 1176 dure-

247 1202 550 1259 cervicibus
581 1208 770 1261 iterum
802 1207 1083 1279 irroganda
1109 1224 1358 1264 censura.

842 1358 1056 1416 IAPUT
1094 1360 1232 1417 XXI.

529 1490 607 1545 De
627 1508 881 1561 converso,
911 1493 1124 1560 qualiter
1147 1496 1317 1550 debeat
1337 1498 1544 1569 suscipi.

320 1623 644 1679 Conversum
674 1625 740 1679 de
769 1626 962 1679 sa'culo
1006 1627 1216 1681 Patrum
1248 1629 1454 1682 decreta
1485 1628 1677 1684 docent
1715 1646 1817 1683 non

1291 270 1567 333 REGULA
1605 273 1988 332 MONASTICA
2026 272 2393 330 COMMUNIS.

240 387 558 445 chordarum
607 385 887 441 concordia
915 385 969 440 lu
1004 385 1113 455 lyra
1147 395 1198 440 et
1236 386 1437 440 cithara
1467 404 1479 451 ;
1529 401 1645 453 qua:
1684 394 1807 439 tunc
1841 392 1886 447 Α

3343 276 3481 339 1110

2494 383 2719 439 CAPUT
2758 383 2917 439 XXII.

2405 475 2482 529 De
2506 475 2819 545 professions
2846 476 3091 530 conversi.

1982 568 2164 621 Omnis
2185 582 2466 621 conversus
2491 582 2606 619 cum
2638 568 2702 619 ad
2732 567 3035 621 coenobium
3063 567 3288 633 venerit,
3320 582 3481 639 seque

1912 657 2104 729 suscipi
2152 657 2522 725 postulaverit,
2571 657 2849 711 confestim
2891 658 2942 712 in
2985 666 3272 727 conspectu
3319 660 3484 713 totius

1913 747 2336 814 congregationis
2376 747 2655 809 adductus,
2702 745 3052 800 sciscitabitur
3088 747 3155 799 ab
3192 747 3383 802 abbate
3418 764 3481 801 u-

1915 845 2052 890 trum
2088 838 2238 900 liber,
2270 852 2335 890 an
2366 853 2576 900 servus,
2620 847 2792 890 utrum
2821 836 2957 891 bona
2985 847 3037 891 et
3066 847 3355 905 spontanea
3390 854 3481 892 vo-

1914 925 2135 983 luntate.
2178 942 2242 977 an
2286 926 2508 979 fortasse
2548 927 2778 992 qualibet
2814 926 3117 994 compulsus
3145 928 3483 994 necessitate,

1915 1016 2152 1069 converti
2187 1017 2428 1070 voluerit.
2478 1016 2715 1086 Cumque
2744 1015 2858 1084 ejus
2885 1024 3227 1083 spontaneam
3255 1018 3321 1071 ad
3346 1033 3487 1072 con-

1919 1107 2215 1161 Versionetn
2267 1107 2566 1174 praeviderit
2617 1109 2849 1163 existere
2898 1106 3250 1172 voluntatem,
3311 1124 3483 1181 neque

1917 1198 2151 1266 quolibet
2193 1213 2309 1251 eum
2345 1198 2663 1252 conditionis
2708 1213 2844 1252 nexu
2885 1200 3156 1252 astrictum
3203 1214 3322 1253 esse
3364 1214 3483 1267 per-

1919 1291 2177 1357 siiexerit,
2211 1293 2431 1358 accipiet
2472 1304 2677 1358 pactum
2708 1293 2848 1361 ejus,
2898 1306 3109 1347 omnem
3148 1308 3258 1347 sua:
3285 1295 3487 1364 profes-

1919 1382 2086 1435 sionis
2121 1383 2397 1435 continens
2428 1383 2704 1450 originem.
2747 1383 2798 1436 In
2831 1397 2935 1451 quo
2965 1383 3121 1436 etiam
3154 1382 3225 1437 ita
3261 1396 3319 1437 se
3350 1383 3487 1437 idem

1921 1480 2242 1528 c0nvertens
2273 1473 2536 1542 alligabit,
2582 1483 2635 1526 nt
2672 1473 2845 1527 omnia
2886 1487 2944 1527 se
2984 1472 3219 1527 instituta
3256 1475 3487 1529 cmuohii

1924 1575 2099 1618 mente
2122 1564 2308 1618 devota
2332 1565 2635 1633 profiteatur
2658 1564 2891 1631 implere,
2922 1579 3019 1619 nec
3043 1579 3101 1618 ea
3124 1564 3230 1617 ullo
3259 1579 3486 1630 unquam

1926 1667 2161 1724 tempore
2193 1656 2410 1720 violare,
2445 1671 2613 1722 neque
2642 1670 2671 1709 a
2700 1656 3023 1709 districtione
3049 1656 3296 1718 emnobii,
3326 1669 3486 1721 quam

252 1713 646 1817 ξ”δωιηῗἾάἮῊ
695 1731 746 1768 ⁸η
784 1718 1140 1817 ¹¹¹⁰¹¹³⁵ί⁸ΪῘ⁰Ἀ
1163 1718 1259 1772 "isi
1303 1720 1820 1817 prif‘s__e‘Pef'i"Ie"'
1853 1741 1897 1801 Β
1923 1748 2169 1814 expetiit,
2203 1748 2508 1817 polliceatur
2537 1748 2794 1801 ullatenus
2827 1748 3063 1815 evagari.
3112 1747 3353 1815 Cumque
3396 1749 3493 1802 hac

252 1810 363 1857 tum
394 1806 473 1857 sui
506 1807 555 1859 in
584 1821 745 1875 opere
774 1817 825 1861 et
861 1810 1095 1876 penuria,
1128 1811 1178 1863 in
1210 1812 1505 1878 opprobrLis
1535 1812 1740 1866 dederit
1771 1824 1823 1868 et

253 1898 524 1963 conviciis;
556 1900 748 1966 quique
772 1898 955 1953 decem
986 1901 1170 1956 diebus
1201 1905 1485 1972 persistens
1514 1904 1577 1957 ad
1603 1904 1819 1972 jnnuam

252 1987 504 2052 cicnobii,
537 1988 862 2042 orationibus
887 1998 936 2043 et
971 1991 1204 2058 jejuniis,
1236 1993 1500 2060 patientia:
1530 2002 1582 2048 et
1608 1995 1825 2049 humili-

253 2076 346 2129 tati
377 2090 594 2143 Operam
624 2077 847 2131 dederit.
879 2079 1073 2148 Sicque
1099 2097 1237 2136 anno
1264 2082 1467 2151 integro
1498 2084 1586 2138 uni
1621 2085 1829 2153 spirita-

253 2165 289 2219 li
335 2167 559 2222 traditus
606 2169 824 2237 seniori,
877 2186 980 2224 non
1024 2172 1200 2225 statim
1246 2175 1670 2229 commiscendus
1721 2179 1826 2231 erit

252 2260 687 2327 congregationi;
719 2276 889 2332 neque
919 2263 1118 2331 integra
1150 2264 1369 2318 fratrum
1410 2266 1699 2321 diversoria
1733 2283 1824 2324 ac-

252 2348 431 2416 cedet,
459 2348 552 2403 sed
578 2349 809 2420 delegata
833 2353 884 2406 in
915 2354 1175 2409 exteriore
1204 2364 1349 2409 certe
1378 2356 1561 2409 cellula
1594 2355 1829 2424 perfrue-

254 2446 371 2502 tur;
435 2439 524 2494 ubi
571 2454 781 2495 omnem
830 2444 1107 2498 sinceriter
1159 2454 1405 2500 exerceat
1444 2446 1825 2503 obedientiam.

254 2527 565 2597 llospitibus
620 2531 733 2587 sive
795 2535 1086 2604 peregrinis
1136 2536 1388 2589 stramina
1437 2537 1826 2605 comportabit,

254 2633 449 2687 aquam
479 2620 793 2676 calefaciens
823 2624 1060 2691 pedibus,
1090 2633 1143 2678 et
1167 2626 1342 2680 omnia
1372 2627 1639 2681 humiliter
1676 2628 1832 2681 mini-

254 2711 419 2764 steria
468 2714 756 2778 exercebit,
809 2713 1108 2785 fascemque
1149 2715 1407 2785 lignorum
1453 2730 1553 2771 suo
1597 2717 1833 2787 quotidie

256 2804 420 2861 dorso
480 2804 656 2861 ferens
702 2807 1126 2862 hebdomadariis
1174 2808 1387 2863 tribuet.
1449 2809 1621 2879 Atque
1666 2811 1734 2865 ita
1777 2811 1830 2865 in

256 2894 405 2949 omni
438 2896 654 2964 penuria
682 2905 733 2952 et
756 2898 977 2953 utilitate
999 2900 1268 2967 subactus,
1300 2899 1510 2969 expleto
1536 2916 1674 2955 anno
1708 2916 1833 2970 pro-

255 2986 415 3039 batus
462 2987 717 3053 moribus,
757 2996 812 3041 et
855 2988 1121 3043 laboribus
1167 2990 1434 3056 elimatus,
1483 3001 1729 3059 percepta
1780 2994 1830 3046 in

255 3075 485 3129 ecclesia
544 3076 930 3145 benedictione,
1005 3079 1223 3133 fratrum
1281 3082 1523 3135 societati
1579 3081 1808 3136 donetur

258 3164 459 3232 unique
504 3165 705 3219 decano
751 3167 1022 3237 delegetur
1064 3170 1268 3224 cunctis
1305 3171 1563 3224 bonorum
1609 3186 1829 3239 Operum

257 3255 533 3309 exercitiis
554 3256 879 3312 edocendus.
927 3259 1074 3325 Quod
1099 3262 1144 3315 si
1173 3260 1394 3329 quilibet
1423 3277 1710 3317 conversus
1734 3264 1831 3317 bo-

257 3349 347 3400 nis
382 3362 445 3401 ac
485 3349 627 3416 puris
650 3351 901 3420 ,ntoribus
939 3352 1177 3419 enitens,
1237 3354 1442 3413 abbatis
1483 3355 1567 3409 vel
1604 3355 1832 3409 aliorum

258 3438 487 3491 fratrum
557 3441 903 3509 spiritua’ium
962 3442 1119 3497 fuerit
1154 3444 1370 3515 judicio
1425 3447 1831 3514 comprobatus,

259 3542 362 3595 pro
395 3530 583 3583 merito
607 3543 659 3585 et
694 3532 917 3598 puritate
944 3547 1053 3586 sua:
1080 3534 1413 3588 conscientiae
1438 3536 1660 3591 celerius
1686 3544 1833 3603 pote-

258 3619 331 3671 rit
373 3617 592 3672 fratrum
636 3622 920 3675 consortiis
963 3623 1207 3689 misceri,
1241 3624 1532 3679 secundum
1562 3626 1702 3694 quod
1741 3626 1834 3679 ab-

261 3709 404 3763 batis
452 3710 536 3764 vel
577 3710 799 3767 fratrum
849 3714 1174 3783 optimorum
1218 3716 1480 3773 censuerit
1526 3716 1863 3785 deliberatio

262 3799 566 3854 faciendum
583 3840 596 3853 .

1925 1853 1985 1892 se
2038 1839 2360 1906 prolessione
2406 1836 2739 1903 astrinxerit,
2787 1836 3091 1906 subjiciatur
3148 1836 3490 1913 supradictis,

1926 1945 2018 1995 per
2052 1930 2307 1983 bonorum
2338 1944 2553 1999 operum
2582 1928 2891 1987 industriam
2921 1928 3237 1999 quandoque
3270 1929 3489 1989 Domino

1927 2020 2231 2089 placiturus.
3233 2081 3237 2085 .
3526 2008 3529 2009 ν

2484 2109 2708 2167 CAPUT
2747 2108 2932 2163 XXIII.

2400 2199 2473 2255 De
2501 2201 2650 2268 primi
2678 2201 3025 2254 conversione.
3466 2264 3469 2267 λ

1998 2288 2095 2356 Qui
2130 2290 2270 2359 prius
2302 2291 2352 2344 in
2384 2290 2705 2347 ﬂlOttﬂSlUl'i')
2736 2305 3023 2346 conversus
3063 2290 3254 2358 fuerit,
3299 2289 3499 2359 primus
3580 2350 3584 2354 _

1927 2384 2180 2449 ambulet,
2216 2382 2416 2450 primus
2452 2382 2665 2445 Sedeat,
2714 2383 2915 2450 primus
2947 2381 3206 2449 eulogiant
3252 2380 3499 2449 accipiat,

1930 2470 2131 2539 primus
2169 2474 2519 2526 communicet
2552 2474 2600 2523 in
2633 2471 2880 2535 ecclesia,
2910 2471 3049 2539 prior
3078 2473 3348 2540 loquatur,
3378 2484 3501 2525 cum

1930 2559 2317 2629 interrogantur
2363 2561 2553 2615 fratres
2611 2577 2704 2628 pro
2748 2562 2923 2629 aliqua
2980 2562 3305 2631 qumstione,
3360 2561 3505 2631 prior

1931 2651 2190 2719 psalmum
2218 2653 2374 2716 dicat,
2411 2653 2460 2704 Ill
2484 2656 2647 2706 choro
2676 2656 2872 2720 primus
2896 2653 3170 2718 consistat,
3205 2652 3498 2707 hebdoma-

1931 2741 2051 2795 dam
2090 2742 2287 2810 pritnus
2328 2741 2504 2807 faciat,
2544 2759 2756 2796 manum
2803 2746 2852 2796 itt
2895 2758 3130 2797 mensam
3172 2744 3372 2813 primus
3410 2758 3503 2797 ex-

1933 2835 2132 2890 laudat.
2182 2836 2289 2889 Nec
2329 2845 2457 2890 aetas
2487 2836 2595 2890 sola
2630 2836 2765 2889 inter
2797 2835 2987 2890 fratres
3028 2834 3361 2905 requirenda,
3407 2834 3502 2889 sed

1933 2928 2264 2980 conversatio
2310 2937 2423 2993 est,
2474 2937 2531 2981 et
2591 2928 2784 2981 latoris
2834 2926 3097 2995 studiique
3152 2930 3498 2994 propositum.

1936 3015 2085 3072 Unde
2128 3026 2183 3071 et
2212 3017 2321 3071 b.ec
2350 3018 2596 3071 discretio
2637 3017 2861 3072 senioris
2903 3026 2988 3072 est
3028 3018 3403 3085 prmstolantta,
3449 3026 3507 3068 ut.

1815 3098 1905 3170 ἴς
1937 3121 2092 3175 quem
2134 3108 2401 3177 quomodo
2450 3122 2572 3176 erga
2624 3108 2716 3162 llei
2763 3120 2996 3161 amorem
3046 3108 3349 3176 cultumque
3394 3104 3503 3159 fer-

1936 3208 2143 3249 ventem
2186 3196 2396 3262 viderit,
2440 3198 2517 3251 sic
2558 3197 2801 3251 honoret.
2852 3197 2965 3252 Non
3007 3199 3148 3253 enim
3187 3198 3395 3264 generis
3425 3196 3508 3251 di—

1936 3289 2128 3359 gnitas,
2170 3300 2260 3342 aut
2306 3305 2480 3343 rerum
2530 3290 2820 3357 opulentia,
2860 3304 3015 3358 quam
3058 3289 3279 3359 quisque
3326 3287 3510 3342 habuit

1938 3383 1990 3437 in
2030 3382 2248 3447 sazculo,
2291 3383 2369 3435 vel
2408 3384 2580 3437 anatis
2621 3384 2967 3451 graudaavitas
3010 3381 3366 3451 exquirenda;
3413 3383 3507 3438 sed

1940 3473 2057 3525 vita:
2101 3472 2380 3535 rectitude,
2413 3480 2466 3523 ct
2492 3473 2874 3526 ardentissima:
2915 3473 3036 3526 fidei
3084 3472 3270 3526 merita
3314 3472 3513 3526 debent

1942 3577 2061 3617 esse
2107 3570 2345 3631 pensata.
2400 3561 2488 3614 Ille
2538 3562 2677 3613 enim
2723 3568 2912 3629 pottnr,
2943 3563 3028 3630 qui
3064 3563 3171 3616 Deo
3199 3563 3508 3630 proxiniior.

1939 3655 2255 3726 judicandus
2290 3662 2390 3708 est.
2424 3654 2664 3707 Men-aelii
2696 3653 2747 3707 in
2779 3654 3099 3708 monasterio
3125 3663 3310 3709 sancte
3335 3662 3390 3707 et
3419 3670 3514 3720 pu-

1945 3744 2061 3799 dice
2098 3754 2257 3813 atque
2316 3745 2535 3798 honeste
2584 3745 2819 3803 viventes
2854 3746 3174 3814 persistant;
3226 3745 3344 3799 laici
3385 3745 3514 3798 foris

1945 3836 2150 3891 abbatis
2181 3836 2261 3888 vel
2295 3836 2563 3905 prtcpositi
2586 3835 2834 3891 mandata
2861 3844 3131 3906 peragant.

2085 3928 2231 3993 (Duo
2261 3937 2512 3997 postrema
2542 3929 2708 3997 capita
2738 3930 2788 3981 in
2824 3927 2949 3982 Mss.
2983 3928 3352 3983 desiderantur.
3389 3926 3410 3996 )

268 4067 3513 4090 Μ

936 4256 937 4259 π
1038 4174 1434 4305 REGULA
1512 4175 2092 4306 MONASTICA
2176 4176 2713 4308 COMMUNIS.

1319 4361 1411 4424 [Ex
1443 4361 1618 4412 eodem
1649 4361 1889 4427 Brocbie,
1919 4364 2036 4416 Cod.
2061 4364 2403 4428 Regularum.]

1330 4485 1409 4527 IN.
1436 4486 1678 4528 NOMINE

1736 4487 1988 4530 SANCTE
2036 4488 2395 4531 TRINITATIS

810 4596 1155 4653 INCIPIUNT
1195 4594 1535 4651 CAPITULA
1577 4593 1878 4651 REGUL/E
1924 4593 2169 4649 SANCTI
2211 4591 2592 4649 FRUCTUOSI
2634 4592 2964 4649 EPISCOI’I.

336 4715 379 4762 1.
412 4712 473 4761 Ut
503 4712 665 4761 nullus
690 4718 946 4771 praesumat
976 4722 1063 4758 suo
1108 4708 1302 4771 arbitrio
1326 4708 1620 4771 monasteria
1648 4705 1840 4771 facere,
1879 4712 1927 4770 υ
2016 4706 2089 4771 lg.
2118 4703 2239 4771 Quid
2261 4703 2473 4771 debeant
2495 4703 2759 4753 observare
2778 4703 2966 4752 decani.

270 4780 361 4825 nisi
389 4768 701 4822 communem
725 4772 1029 4821 collationem
1055 4770 1368 4829 consuluerit,
1397 4778 1448 4818 et
1472 4769 1561 4816 boc
1588 4768 1847 4829 episCOpus

274 4850 363 4900 per
388 4848 599 4900 canones
621 4842 671 4900 et
693 4834 909 4900 regulam
933 4832 1306 4900 conﬁrmaverit.

338 4899 388 4947 2.
422 4896 481 4944 Ut
505 4888 780 4958 presbyteri
799 4892 1060 4958 saeculares
1095 4906 1187 4940 non
1214 4896 1503 4958 praesumant
1526 4890 1710 4950 absque
1739 4888 1845 4958 epi-

274 4972 443 5019 scopo,
469 4950 552 5017 qui
597 4950 685 5016 pe'r
708 4956 927 5017 regulam
955 4954 1094 5019 vivit,
1121 4960 1202 5001 aut
1218 4950 1426 4999 consilio
1444 4960 1721 5001 sanctorum
1754 4950 1844 4998 Pa-

275 5018 426 5076 trum,
455 5033 543 5078 per
567 5020 705 5069 villas
729 5018 1015 5066 monasteria
1040 5022 1345 5065 construere.

339 5084 389 5128 3.
418 5075 586 5138 Qualis
607 5081 788 5129 debeat
812 5080 928 5138 eligi
954 5080 1107 5127 abbas
1132 5078 1177 5124 in
1202 5075 1509 5123 monasterio.

338 5144 390 5190 4.
413 5143 592 5198 Quales
619 5141 840 5189 monachi
862 5141 1160 5200 recipiantur
1184 5138 1569 5200 inmouasterio.

340 5203 389 5252 5.
416 5196 636 5261 Qualiter
658 5204 871 5251 debeant
892 5196 1109 5250 monachi
1133 5198 1443 5261 subditiesse
1463 5196 1752 5261 suoabbati.

340 5266 390 5314 6.
418 5258 635 5322 Qualiter
657 5265 871 5312 debeant
903 5264 995 5310 viri
1034 5274 1141 5310 cum
1187 5260 1424 5308 uxoribus
1443 5273 1497 5308 ac
1522 5258 1631 5308 [iliis
1666 5260 1851 5320 absque

280 5326 500 5388 periculo
525 5327 692 5388 vivere
716 5326 762 5388 in
785 5326 1098 5372 monasterio.

343 5388 391 5433 '7.
420 5386 640 5445 Qualiter
663 5386 838 5434 infirmi
865 5388 911 5434 in
932 5384 1228 5432 monasterio
1245 5382 1461 5431 debeant
1483 5383 1631 5432 tueri.

345 5450 394 5496 8.
421 5443 638 5505 Qualiter
658 5449 872 5495 debeant
890 5458 1039 5494 senes
1054 5446 1313 5507 gubernari
1340 5446 1385 5491 in
1406 5443 1717 5507 monasterio.

343 5512 391 5558 9.
418 5501 640 5569 Qualiter
660 5509 877 5558 debeant
899 5501 1080 5557 vivere
1095 5508 1178 5567 qui
1210 5517 1393 5568 greges
1423 5505 1700 5556 monasterii
1719 5501 1857 5553 dele-

281 5578 426 5632 gatos
448 5572 647 5632 habent.

352 5628 407 5677 1t)
452 5631 573 5687 Quid
597 5630 810 5679 debeant
832 5630 1097 5679 observare
1120 5628 1335 5677 abbates.

352 5692 423 5742 11.
448 5693 573 5751 Quid
596 5694 860 5743 observare
877 5691 1092 5741 debeant
1115 5692 1375 5753 praepositi.

2013 4766 2088 4814 13.
2120 4766 2309 4821 Quibus
2331 4764 2508 4813 diebus
2528 4777 2585 4813 se
2609 4774 2919 4824 congregem
2940 4766 2996 4813 ad
3020 4764 3272 4816 collectam
3297 4765 3491 4818 fratres.

2013 4826 2089 4900 Η..
2117 4826 2336 4900 Qualiter
2359 4826 2574 4876 debeant
2596 4827 2796 4875 abbates
2820 4839 2931 4876 esse
2955 4827 3148 4877 solliciti
3173 4840 3290 4893 erga
3322 4840 3522 4883 excom-

1948 4895 2331 5061 :li|;sl.ci):3:liter
2350 4947 2644 4997 monasteria
2671 4950 2881 4998 virorum
2903 4960 2959 4999 ac
3003 4949 3269 5011 puetlarnm
3295 4950 3519 5001 custodiri

1985 5026 2013 5060 Θ
2036 5024 2139 5058 tean
2167 5044 2180 5058 υ

1985 5024 2180 5060 eneant.

2016 5072 2089 5121 16.
2117 5069 2295 5129 Quales
2322 5070 2499 5119 fratres
2515 5069 2731 5122 debeant
2751 5086 2859 5123 cum
2891 5073 3138 5121 sororibus
3159 5083 3253 5121 uno
3276 5073 3323 5122 in
3359 5084 3525 5120 mona-

1951 5135 2102 5184 sterio
2127 5133 2366 5181 habitare.

2020 5196 2091 5244 l7.
2128 5193 2292 5251 Qualis
2317 5192 2499 5242 debeat
2529 5204 2641 5243 esse
2672 5196 2971 5247 consuetudo
3005 5193 3241 5244 salutandi
3276 5196 3324 5244 in
3357 5206 3497 5243 mena

1954 5259 2104 5305 sterio
2125 5258 2328 5303 virorum
2349 5267 2404 5302 ac
2426 5253 2711 5314 puellarum.

2021 5322 2093 5366 18.
2120 5316 2293 5377 Utnon
2314 5316 2615 5376 recipiantur
2636 5320 2685 5366 in
2705 5318 2999 5367 monasterio
3034 5315 3127 5363 nisi
3167 5316 3251 5377 qui
3294 5315 3530 5366 radicitus

1956 5382 2085 5429 omni
2112 5376 2338 5426 facultate
2363 5378 2525 5425 nudati
2550 5386 2682 5430 sunt.

2028 5440 2098 5488 19.
2125 5438 2246 5495 Quid
2274 5439 2319 5485 in
2345 5440 2639 5499 monasterio
2658 5439 2872 5488 debeant
2896 5439 3158 5487 observare
3177 5474 3191 5499 ,
3216 5438 3296 5498 qui
3326 5442 3522 5498 peccata

1960 5503 2179 5564 graviora
2198 5501 2244 5564 in
2270 5498 2447 5564 saeculo
2469 5503 2824 5564 commiserunt.

2022 5565 2099 5610 :20.
2125 5560 2246 5619 Quid
2270 5560 2619 5608 observandum
2656 5565 2719 5609 sit
2756 5562 2821 5608 de
2862 5558 3106 5608 monachis
3129 5597 3143 5621 ,
3181 5573 3263 5621 qut
3283 5572 3308 5608 a
3330 5558 3531 5621 proprio

1965 5622 2255 5673 monasterio
2278 5633 2365 5683 per
2390 5622 2555 5670 vitium
2584 5621 2876 5669 dilabuntur.

2518 5699 2792 5760 Erpticiunt
2816 5702 3042 5761 capitula.
