4016 6354
554 361 677 413 ΗΜ

1490 352 1547 407 S.
1594 347 1976 406 FRUCTUOSI
2017 342 2486 401 DRACARENSIS
2531 341 2828 400 EPISCOPI
3261 349 3294 363 ⁴

3650 339 3783 393 illi

553 485 3770 513 Μ

1543 581 1830 644 INCIPIT
1883 578 2198 640 REGULA
2244 579 2306 638 S.
2363 577 2824 640 FllUCTUOSI.

1051 731 1274 788 CAPUT
1305 727 1588 784 PRIMUM.

544 857 608 912 Ut
657 855 822 908 nullus
865 855 1136 916 praesumat
1172 861 1268 916 suo
1314 843 1520 896 arbitrio
1569 840 1873 916 monasteria
1899 838 2101 916 facere,

608 927 708 978 nisi
746 909 1057 975 communem
1099 915 1417 966 collationem
1453 911 1782 973 consuluerit,
1814 920 1858 961 et
1890 909 1983 961 hoc
2009 911 2111 977 epi-

606 1009 788 1063 scopus
816 1005 902 1060 per
921 1001 1136 1041 canones
1162 996 1206 1036 et
1231 984 1457 1053 regulam
1485 981 1879 1042 conﬁrmaverit.

609 1107 792 1162 Solent
834 1102 975 1158 enim
1021 1097 1256 1162 nonnulli
1287 1097 1355 1148 ob
1385 1104 1581 1148 metum
1621 1093 1873 1161 gehennae
1914 1090 1964 1144 in
1999 1089 2109 1145 suis

535 1197 633 1252 sibi
671 1193 914 1250 domibus
950 1187 1268 1246 monasteria
1307 1199 1648 1251 componere,
1695 1193 1747 1235 et
1785 1195 1900 1234 cum
1935 1179 2110 1235 uxori-

535 1289 654 1353 bus,
689 1285 831 1348 liliis,
868 1291 921 1338 et
954 1280 1139 1343 servis,
1181 1287 1342 1347 atque
1381 1277 1593 1344 vicinis,
1634 1289 1753 1329 cum
1793 1272 2108 1330 sacramenti

532 1376 837 1431 conditione
875 1375 926 1426 in
959 1387 1118 1426 unum
1153 1383 1212 1424 se
1246 1368 1524 1436 copulare,
1552 1375 1605 1418 et
1648 1365 1698 1416 in
1740 1362 1847 1416 suis
1887 1362 2010 1428 sibi,
2053 1368 2111 1414 ut

533 1467 784 1528 diximus,
819 1463 958 1516 villis
995 1471 1046 1515 et
1075 1459 1287 1513 nomine
1314 1464 1599 1525 martyrum
1633 1453 1886 1506 ecclesias
1917 1463 2112 1504 conse-

534 1572 708 1621 crare,
749 1562 803 1610 et
841 1569 930 1609 eas
972 1552 1104 1608 falso
1151 1549 1361 1603 nomine
1407 1545 1726 1600 monasteria
1776 1555 2106 1610 nuncupare.

532 1646 643 1701 Nos
677 1654 850 1700 tamen
883 1643 994 1697 haec
1030 1656 1132 1696 non
1159 1639 1386 1692 dicimus
1415 1637 1755 1696 monasteria,
1786 1633 1877 1688 sed
1905 1632 2109 1687 anima-

531 1751 650 1792 rum
693 1734 1064 1804 perditionem,
1107 1740 1158 1783 et
1201 1727 1450 1782 Ecclesire
1491 1725 1915 1781 subversionem.
1985 1722 2111 1777 Inde

533 1826 764 1882 surrexit
789 1823 1007 1878 haeresis
1037 1832 1090 1876 et
1116 1819 1366 1882 schisma,
1394 1827 1446 1871 et
1473 1815 1684 1886 grandis
1719 1829 1811 1881 per
1837 1821 2108 1866 monaste-

532 1917 610 1970 ria
659 1913 1040 1970 controversia.
1103 1910 1167 1963 Et
1218 1909 1338 1962 inde
1380 1906 1511 1960 dicta
1561 1904 1810 1969 haeresis,
1863 1918 1927 1956 eo
1965 1901 2109 1971 quod

533 2005 900 2074 unusquisque
935 2016 1031 2057 suo
1059 2001 1181 2070 quid
1210 1998 1461 2066 placuerit
1486 1995 1708 2050 arbitrio
1737 1995 1931 2063 eligat;
1966 1991 2107 2060 quod

2145 727 2311 788 Attus
2353 741 2524 778 eorum
2574 727 2877 793 cognoscetis
2934 741 3051 790 eos,
3098 724 3215 791 quia
3275 740 3374 777 non
3428 733 3589 793 potest
3636 723 3786 779 arbor

2213 813 2348 866 mala
2384 815 2580 882 fructus
2609 815 2763 867 bonos
2788 819 2957 882 facere
2984 813 3195 882 (Matth.
3223 815 3340 880 vn).
3375 813 3426 865 In
3457 814 3623 867 fructu
3647 829 3781 882 ope-

2213 905 2471 958 rationem
2514 905 2676 963 dixit,
2718 906 2766 957 in
2801 905 2935 957 foliis
2967 904 3202 957 verbum.
3242 903 3308 956 Et
3355 912 3409 956 ut
3451 917 3544 957 eos
3585 905 3635 957 in
3661 920 3789 969 Ope-

2212 1009 2269 1048 re
2305 995 2658 1062 cognoscatis,
2693 995 2852 1047 verba
2886 995 3094 1048 illorum
3122 1008 3344 1061 pensare
3372 994 3614 1062 potestis,
3639 996 3788 1062 quia,

2211 1083 2511 1150 cupiditatis
2567 1084 2677 1138 face
2705 1086 2966 1150 succensi,
3011 1099 3115 1138 non
3164 1095 3382 1152 possunt
3424 1085 3618 1138 Christi
3659 1100 3782 1154 pau-

2212 1175 2426 1242 peribus
2487 1174 2774 1243 adzequari.
2873 1175 3067 1228 Christi
3135 1190 3262 1228 vero
3340 1189 3596 1243 pauperes
3653 1175 3792 1229 hanc

2214 1268 2410 1323 habent
2433 1267 2867 1322 consuetudinem
2889 1306 2903 1330 ,
2933 1266 3068 1320 nihil
3116 1267 3167 1320 in
3208 1270 3307 1320 hoc
3349 1266 3542 1319 mundo
3568 1266 3791 1334 cupiunt

2215 1360 2445 1423 habere,
2505 1367 2563 1412 ut
2623 1359 2822 1426 possint
2875 1358 3041 1412 Deum
3085 1366 3140 1412 et
3195 1357 3491 1425 proximum
3551 1358 3789 1427 perfecte

2211 1453 2450 1520 diligere.
2495 1450 2561 1505 Et
2607 1450 2834 1519 qualiter
2862 1451 3192 1518 supradictos
3223 1450 3377 1517 lupos
3425 1451 3626 1522 possint
3662 1464 3790 1503 eva-

2212 1541 2372 1605 dere,
2417 1542 2696 1594 Dominum
2739 1549 3098 1608 cognoverunt
3145 1541 3410 1593 dicentem
3454 1557 3466 1592 :
3504 1539 3638 1592 Ecce
3667 1543 3790 1591 mit-

2211 1642 2267 1685 to
2306 1646 2410 1693 νος.
2457 1632 2587 1684 sicut
2633 1645 2746 1683 oves
2788 1631 2842 1682 in
2886 1630 3050 1683 medio
3099 1630 3354 1696 luporum.
3411 1628 3530 1681 Non
3578 1631 3789 1695 parietis

2211 1722 2489 1788 sacculum,
2539 1736 2692 1789 neque
2731 1735 2902 1789 perant
2953 1719 3168 1788 (Matth.
3194 1720 3271 1788 x).
3319 1719 3547 1773 Proinde
3587 1719 3789 1773 Christi

2213 1829 2428 1878 servus,
2477 1813 2566 1881 qui
2605 1813 2747 1882 cupit
2811 1825 2931 1866 esse
2996 1825 3151 1865 verus
3203 1810 3523 1878 discipulus,
3591 1812 3789 1865 nudam

2214 1918 2422 1965 crucem
2464 1902 2718 1957 ascendat
2762 1903 2963 1968 nudus,
3010 1910 3066 1954 ut
3130 1911 3367 1954 mortuus
3429 1902 3497 1954 sit
3563 1901 3788 1964 srcculo,

2212 1995 2426 2052 Christo
2490 1997 2630 2048 vivat
2675 1994 2959 2048 cruciiixo.
3024 1993 3091 2047 Et
3140 2001 3416 2062 postquam
3483 1993 3790 2061 deposuerit

532 2097 775 2167 elegerit,
812 2103 1050 2150 sanctum
1079 2093 1175 2146 sibi
1219 2091 1319 2142 hoc
1348 2097 1513 2158 putet,
1545 2097 1597 2141 et
1626 2087 1799 2142 verbis
1830 2083 2101 2139 mendaci-

2213 2089 2447 2156 corporis
2500 2089 2795 2153 sarcinam,
2843 2097 2897 2142 et
2937 2087 3142 2141 boswm
3191 2086 3382 2140 viderit
3439 2087 3786 2151 trucidatum,

533 2186 632 2240 bus
670 2183 935 2239 defendat.
988 2181 1098 2236 Hoc
1139 2180 1270 2235 tales
1318 2179 1404 2232 ubi
1448 2178 1722 2244 reperitis,
1767 2191 1870 2228 non
1925 2188 2108 2228 mona-

534 2279 696 2343 chos,
736 2277 830 2332 sed
887 2275 1189 2347 hypocritas
1243 2281 1297 2328 et
1336 2273 1629 2332 haereticos,
1690 2285 1807 2328 esse
1857 2269 2104 2322 credatis.

532 2369 599 2429 Et
629 2369 728 2426 hoc
755 2375 1020 2441 optamus,
1046 2373 1099 2420 et
1124 2364 1338 2420 omnino
1359 2372 1589 2418 vestram
1611 2361 1941 2412 sanctitatem
1966 2371 2112 2429 quae-

531 2475 737 2525 sumus,
765 2475 886 2526 eum
917 2458 1105 2512 talibus
1145 2457 1341 2509 nullam
1372 2452 1832 2509 conversationem
1858 2449 2106 2518 iubemus

536 2551 796 2621 habeatis,
827 2562 998 2618 neque
1035 2561 1127 2601 eos
1157 2543 1458 2601 imitemini.
1504 2543 1568 2596 Et
1605 2543 1725 2611 quia
1759 2555 1854 2594 suo
1892 2539 2111 2593 arbitrio

533 2641 740 2707 vivunt,
767 2640 893 2693 nulli
925 2636 1191 2693 seniorum
1225 2636 1409 2688 volunt
1438 2647 1556 2688 eSse
1585 2632 1830 2699 subjecti,
1861 2641 1915 2685 et
1940 2630 2006 2684 nil
2043 2629 2111 2684 de

533 2729 745 2799 propria
787 2727 1078 2782 substantia
1129 2724 1444 2794 pauperibus
1490 2730 1734 2791 erogant,
1793 2722 1885 2776 sed
1939 2721 2112 2775 adhuc

534 2822 741 2884 aliena,
788 2819 933 2886 quasi
981 2830 1268 2886 pauperes,
1321 2829 1507 2882 rapere
1551 2811 1832 2878 festinant,
1879 2820 1936 2864 ut
1990 2825 2109 2864 cum

538 2912 794 2965 uxoribus
822 2918 874 2964 et
904 2909 1022 2963 (iliis
1066 2909 1179 2976 plus
1210 2921 1362 2976 quam
1395 2919 1512 2958 cum
1545 2904 1597 2958 in
1626 2902 1819 2957 sreculo
1848 2909 2000 2957 erant
2033 2901 2110 2954 lu-

534 3015 624 3055 cra
660 2998 990 3066 conquirant.
1036 2997 1100 3049 Et
1147 2997 1258 3052 hrec
1303 2991 1542 3047 iaciendo
1587 2992 1883 3061 perditione
1910 2990 2110 3043 anima-

536 3103 653 3142 rum
693 3099 795 3139 non
833 3095 1040 3148 curant,
1073 3093 1128 3137 ut
1167 3099 1270 3136 non
1319 3081 1644 3146 animarum,
1692 3081 1783 3134 sed
1829 3094 2110 3146 corporum

541 3178 661 3245 plus
700 3190 857 3245 quam
900 3173 1164 3232 seculares
1203 3173 1442 3225 homines
1473 3171 1827 3225 emolumenta
1861 3167 2108 3231 habeant,

537 3279 593 3324 et
634 3285 729 3338 pro
758 3269 868 3323 suis
907 3265 1213 3337 pignoribus
1245 3279 1390 3318 more
1417 3264 1657 3330 luporum
1697 3261 1933 3326 doleant,
1966 3270 2015 3315 et
2047 3261 2112 3314 de

536 3361 628 3416 die
661 3362 711 3415 in
745 3359 883 3414 diem
911 3374 1014 3412 non
1047 3365 1308 3419 retroacta
1336 3364 1546 3424 peccata
1576 3354 1844 3421 plangant;
1874 3351 1965 3405 sed
1989 3365 2108 3404 cum

539 3449 791 3505 scandala
829 3462 1042 3517 semper
1079 3446 1253 3501 studio
1281 3443 1582 3514 rapacitatis
1613 3442 1884 3504 anhelant;
1923 3449 2104 3494 etnon

2218 3411 2277 3463 Et
2310 3423 2412 3462 noa
2447 3423 2592 3461 more
2620 3409 2976 3475 apostolorum
3016 3409 3112 3461 hoc
3151 3408 3376 3468 faciunt,
3408 3406 3499 3459 sed

2232 3503 2248 3517 Α
2311 3515 2320 3517 _
2377 3502 2385 3510 ·
2475 3499 2601 3517 -.(Ἀ.
2652 3501 2772 3517 |,!,-_
2829 3499 2893 3517 n-
2932 3499 3145 3517 !,_'__'_.
3182 3500 3362 3517 l,_._--
3394 3496 3483 3517 111-

538 3542 606 3595 de
636 3555 789 3610 pcena
819 3538 1276 3608 futuracogitant,
1307 3539 1397 3592 sed
1446 3537 1583 3591 unde
1631 3550 1825 3590 uxores
1873 3543 1928 3589 et
1975 3537 2110 3589 tilias

545 3640 783 3710 pascant,
811 3631 982 3688 acrius
1011 3631 1322 3692 anxiantur;
1353 3638 1407 3682 et
1436 3643 1552 3682 cum
1587 3627 1714 3695 ipsis
1749 3627 1952 3689 vicinis,
1987 3640 2111 3680 cum

535 3726 726 3794 quibus
769 3726 912 3794 prius
949 3738 1008 3778 se
1037 3738 1157 3776 cum
1183 3722 1494 3790 jttramentis
1537 3719 1846 3788 ligaverant,
1879 3732 1978 3786 pro
2011 3717 2111 3771 hoc

535 3799 789 3886 tepefacti
814 3834 931 3873 cum
959 3818 1144 3886 grandi
1171 3816 1345 3885 jurgio
1381 3823 1433 3868 et
1468 3813 1771 3866 discrimine
1801 3825 1858 3866 se
1884 3813 1948 3864 ab
1977 3811 2111 3866 invi-

535 3927 652 3966 cem
697 3917 976 3978 separant;
1020 3918 1075 3963 ει
1119 3921 1205 3962 res
1250 3921 1381 3973 quas
1432 3913 1556 3958 ante
1601 3919 1692 3971 per
1744 3902 2110 3972 imaginariam

537 4001 850 4056 charitatem
914 3997 1295 4066 expcndendas
1354 3995 1705 4048 communiter
1764 3995 2105 4060 miscuerant,

538 4094 781 4166 Ioniam
823 4090 1156 4158 simpliciter,
1206 4089 1296 4142 sed
1345 4103 1465 4140 cum
1518 4086 1930 4154 exprobratione
1975 4099 2112 4139 unus

536 4184 684 4239 alteri
724 4191 912 4251 raptat.
956 4180 1104 4246 Quod
1141 4180 1184 4234 si
1214 4179 1386 4246 aliqua
1411 4194 1472 4232 ex
1501 4177 1602 4232 illis
1646 4176 1977 4230 imbecillitas
2013 4190 2110 4243 ap-

538 4273 792 4341 paruerit,
842 4270 1189 4340 propinquos,
1235 4283 1367 4336 quos
1417 4267 1470 4320 in
1517 4265 1713 4322 smculo
1763 4265 2106 4332 reliquerunt,

534 4380 654 4419 cum
681 4363 888 4432 gladiis,
929 4371 983 4416 et
1014 4360 1260 4420 fustibus,
1293 4372 1353 4410 ac
1389 4356 1546 4408 minis
1575 4356 1675 4410 sibi
1712 4355 1981 4428 adjutores
2013 4355 2107 4408 ad-

535 4456 751 4519 ducunt,
784 4462 837 4507 et
875 4451 1100 4522 qualiter
1126 4449 1239 4504 haec
1275 4448 1608 4515 disrmnpant
1635 4449 1685 4498 in
1719 4446 1880 4513 prima
1913 4443 2110 4498 dudum

536 4542 939 4615 conversatione
983 4541 1298 4610 excogitant.
1350 4539 1412 4592 Et
1441 4538 1681 4604 vulgares
1705 4545 1756 4589 et
1789 4536 1953 4603 ignari
1989 4549 2111 4588 cum

536 4637 663 4701 sint,
690 4636 847 4689 talem
882 4647 1110 4703 prmesse
1141 4631 1239 4686 sibi
1282 4630 1526 4684 abbatem
1557 4627 1882 4691 desiderant,
1929 4633 1985 4679 ut
2023 4626 2111 4679 ubi

537 4742 597 4781 se
622 4725 881 4780 voluerint
908 4734 1238 4788 convertere,
1269 4723 1416 4789 quasi
1441 4735 1559 4775 cum
1595 4718 1959 4772 benedictione
1986 4731 2115 4772 suas.

537 4815 836 4870 voluntates
865 4814 1076 4879 iaciant,
1117 4822 1168 4867 et
1214 4810 1466 4878 quidquid
1508 4809 1586 4864 eis
1619 4807 1873 4875 placuerit
1909 4807 2107 4871 dicere,

538 4905 751 4968 dicant;
780 4911 833 4957 et
859 4902 992 4956 alios
1021 4915 1168 4955 more
1200 4899 1548 4969 ittStigulionis
1573 4897 1886 4966 dijudicant,
1923 4905 1977 4950 et
1999 4910 2115 4951 ser-

542 5011 637 5052 vos
665 4997 862 5052 Christi
904 4995 1063 5049 dente
1105 4993 1296 5048 canino
1327 4993 1613 5057 dilaniant;
1643 5002 1697 5046 et
1722 4991 1824 5045 hoc
1844 4999 2026 5060 agunt,
2058 4999 2115 5044 ut

539 5101 750 5157 semper
789 5100 910 5147 cum
937 5082 1276 5145 sacularibus
1303 5093 1357 5137 et
1397 5081 1551 5157 huius
1581 5082 1764 5140 mundi
1794 5080 2116 5150 principibus

539 5192 824 5234 commune
865 5177 1185 5232 consortium
1230 5175 1483 5240 habeant,
1526 5186 1579 5230 et
1626 5183 1894 5228 amatores
1933 5173 2114 5227 mundi

541 5283 661 5321 cum
694 5267 890 5321 mundo
918 5268 1156 5336 diligant,
1187 5269 1415 5338 qualiter
1457 5267 1716 5328 immundi
1752 5281 1872 5330 cum
1915 5265 2114 5317 mundo

543 5368 780 5428 pereant.
830 5359 951 5414 Tali
990 5374 1050 5413 se
1093 5374 1236 5426 saepe
1276 5359 1520 5426 exemplo
1564 5357 1745 5410 taliter
1783 5356 1917 5409 alios
1975 5355 2115 5408 vive.

545 5471 603 5512 re
646 5454 899 5520 invitant,
946 5464 997 5509 et
1036 5453 1259 5507 inﬁrmis
1301 5451 1563 5506 mentibus
1610 5446 1983 5504 oii'endiculum
2025 5461 2114 5515 pa-

546 5555 684 5599 rant.
741 5548 810 5599 Ite
864 5547 1052 5598 talibus
1099 5544 1351 5597 Dominus
1400 5542 1450 5595 in
1503 5541 1784 5610 Evangelio
1814 5540 1924 5594 ait:
1962 5538 2117 5592 Caue-

551 5649 596 5687 te
624 5654 652 5688 a
684 5638 826 5702 falsis
867 5638 1130 5707 fratribus,
1179 5637 1264 5702 qui
1302 5636 1505 5691 veniunt
1558 5634 1623 5686 ad
1670 5649 1753 5688 vos
1804 5634 1856 5685 in
1905 5632 2116 5688 vestibus

551 5729 736 5782 arium.
768 5728 1064 5780 intrinsecus
1104 5738 1267 5780 autent
1297 5735 1409 5780 sunt
1443 5726 1549 5797 lupi
1579 5739 1783 5794 rapaces
1815 5739 1829 5776 :
1868 5739 1898 5774 a
1937 5723 2115 5787 fructi.

2215 2192 2337 2240 tunc
2383 2196 2441 2236 se
2489 2193 2634 2249 putet
2687 2181 2948 2234 devicisse
2997 2177 3278 2242 mundum,
3321 2188 3375 2233 et
3422 2193 3541 2233 cum
3586 2179 3789 2233 sanctis

2213 2273 2537 2344 martyribus
2582 2274 2937 2343 tequiparasse
2987 2272 3333 2339 triumphum.

2835 2402 3173 2488 εΑρυτιιΔ

2220 2514 2284 2571 Ut
2330 2517 2612 2586 presbyteri
2655 2514 2920 2568 sa'cutares
2967 2532 3066 2568 non
3107 2525 3416 2584 prteruntant
3456 2515 3644 2585 absque
3683 2518 3790 2583 epi-

2284 2603 2457 2656 scopo,
2486 2590 2568 2653 qui
2600 2602 2688 2652 per
2719 2587 2945 2656 regulam
2971 2588 3104 2647 vivit,
3140 2597 3228 2637 aut
3259 2586 3469 2639 consilio
3499 2598 3790 2639 sanctorum

2284 2655 2520 2724 Patrum,
2551 2675 2636 2725 per
2663 2658 2808 2710 villas
2837 2659 3142 2709 monasteria
3171 2666 3454 2709 construere

2285 2767 2469 2821 Solent
2509 2766 2745 2820 nonnulli
2793 2766 3086 2835 presbyteri
3132 2764 3388 2819 simulare
3429 2765 3788 2828 sanctitatem,

2214 2869 2267 2915 et
2298 2876 2400 2913 non
2433 2875 2527 2928 pro
2559 2861 2660 2915 vita
2688 2869 2884 2912 aztcrna
2926 2859 3022 2913 hoc
3062 2858 3266 2922 facere,
3308 2856 3401 2911 sed
3440 2870 3622 2910 amore
3654 2873 3792 2910 mer-

2214 2951 2546 3004 cenariorum
2601 2950 2856 3003 Ecclesia:
2911 2948 3208 3013 deservire;
3268 2958 3320 3001 et
3375 2950 3473 3002 sub
3530 2957 3790 3016 praetextu

2215 3042 2511 3094 sanctitatis
2540 3041 2843 3094 divitiarum
2872 3042 3223 3094 emolumenta
3255 3040 3481 3104 sectari;
3525 3050 3579 3094 et
3624 3057 3731 3093 non
3763 3054 3791 3092 a

2215 3129 2404 3181 Christi
2435 3145 2616 3183 amore
2647 3132 2945 3198 provocati,
2975 3130 3066 3183 sed
3097 3144 3124 3182 a
3161 3130 3335 3198 populi
3363 3131 3517 3197 vulgo
3547 3128 3753 3181 incitati
3774 3168 3791 3192 ,

2213 3222 2337 3276 dum
2369 3223 2648 3278 formidant
2673 3238 2795 3276 suas
2825 3223 3044 3292 perdere
3069 3223 3332 3287 decimas,
3366 3233 3458 3276 aut
3486 3232 3678 3274 cetera
3714 3222 3793 3272 lu-

2214 3334 2303 3374 cra
2335 3319 2654 3388 relinquere,
2688 3331 2945 3374 conantur
2973 3317 3122 3386 quasi
3155 3317 3471 3369 monasteria
3502 3315 3790 3367 aediﬁcare.

3530 3406 3593 3457 ad
3626 3407 3793 3458 instar

2219 3502 2436 3555 Ananiu:
2466 3510 2518 3553 et
2541 3499 2801 3565 Saphiraé.
2829 3499 2901 3553 De
2932 3499 3057 3566 ipsis
3080 3500 3150 3551 ait
3182 3500 3365 3553 beatus
3393 3496 3750 3564 Hieronymus
3776 3537 3788 3550 .

2216 3591 2329 3645 Non
2359 3607 2442 3644 res
2471 3605 2596 3644 suas
2629 3591 2947 3658 pauperibus
2975 3601 3343 3658 erogavernnt,
3376 3605 3476 3642 non
3513 3605 3603 3663 per
3630 3605 3788 3643 exer-

2214 3684 2376 3736 citum
2403 3682 2453 3734 in
2488 3680 2809 3734 monasterio
2835 3680 3150 3734 laboriosam
3176 3681 3334 3734 vitam
3359 3682 3652 3745 duxerunt;
3683 3695 3789 3733 non

2214 3787 2389 3826 mores
2420 3787 2546 3826 suos
2587 3771 3072 3839 reprehenderunt,
3115 3779 3170 3824 ut
3211 3771 3416 3824 assidua
3448 3770 3793 3824 meditatione

2213 3863 2627 3931 corrigerentur.
2659 3860 2771 3914 Non
2805 3862 3082 3927 ﬂeverunt,
3115 3875 3218 3914 non
3251 3862 3301 3913 in
3333 3860 3510 3914 cinere
3538 3870 3592 3913 et
3614 3859 3789 3912 cilicio

2212 3970 2406 4019 Corpus
2447 3961 2826 4015 versaverunt;
2868 3966 2970 4006 non
3015 3953 3377 4018 paenitentiam
3423 3950 3792 4018 peccatoribus

2216 4047 2672 4117 prtedicaverunt,
2718 4054 2774 4098 ut
2813 4059 2931 4099 cum
2975 4044 3209 4112 Baptista
3251 4043 3453 4097 Joanne
3501 4042 3788 4096 dicerent:

2219 4139 2570 4191 l’tenitentiam
2599 4138 2761 4206 agite,
2790 4135 3207 4211 appropinquavit
3237 4135 3366 4187 enim
3392 4148 3601 4201 regnum
3631 4131 3788 4185 caelo-

2216 4245 2330 4283 rum
2362 4228 2574 4300 (Matth.
2607 4227 2719 4298 tu);
2766 4244 2868 4284 non
2899 4225 3164 4280 Christum
3196 4224 3384 4278 imitati
3423 4224 3667 4287 fuerunt,
3700 4224 3792 4291 qui

2215 4321 2375 4372 dixit:
2397 4318 2462 4370 Et
2486 4335 2583 4371 non
2608 4319 2714 4370 veni
2738 4317 3032 4380 ministrari,
3057 4314 3147 4368 sed
3171 4316 3452 4367 ministrare
3476 4312 3688 4382 (Matth.
3710 4313 3791 4381 x);

2214 4418 2267 4463 et
2309 4428 2322 4462 :
2366 4409 2486 4463 Non
2531 4410 2637 4461 veni
2679 4407 2984 4460 voluntatem
3028 4422 3189 4458 meam
3238 4407 3435 4475 facere,
3483 4405 3571 4456 sed
3616 4403 3792 4456 Patris

2217 4500 2395 4569 (Joan.
2426 4500 2522 4567 vt).
2568 4500 2632 4553 Et
2673 4500 2738 4552 de
2784 4498 3035 4552 cathedra
3082 4496 3180 4550 iste
3221 4495 3432 4563 quando
3470 4493 3682 4546 ducitur
3723 4493 3791 4545 ad

2214 4593 2554 4658 cathedram,
2589 4591 2637 4644 id
2667 4601 2775 4656 est,
2804 4590 2869 4644 de
2897 4588 3176 4656 superbia,
3207 4600 3433 4655 prazesse
3462 4585 3548 4638 isti
3576 4584 3790 4639 deside-

2214 4696 2334 4740 rant
2365 4685 2641 4749 fratribus,
2673 4697 2776 4736 non
2809 4683 3091 4751 prodesse;
3125 4690 3178 4733 et
3209 4695 3327 4732 cum
3358 4693 3456 4740 sua
3486 4676 3672 4730 timide
3704 4690 3791 4730 re-

2143 4806 2195 4865 ι)
2218 4786 2462 4840 servant,
2505 4775 2678 4834 alLena
2709 4772 3119 4840 concupiscunt,
3150 4772 3270 4838 quia
3314 4783 3417 4822 non
3445 4767 3790 4833 dispensant;

2219 4880 2272 4924 et
2304 4868 2593 4937 prazdicaut
2622 4866 2760 4934 quod
2802 4865 2902 4930 ipsi
2947 4877 3050 4916 non
3089 4861 3404 4924 observent;
3441 4867 3496 4912 et
3523 4871 3643 4911 cum
3674 4857 3791 4924 epi-

2220 4961 2418 5028 scopis.
2465 4955 2806 5014 Saicularihus
2851 4951 3174 5021 principibus
3221 4962 3402 5019 terrae,
3443 4947 3524 5004 vel
3571 4946 3788 5014 populo,

2218 5065 2549 5107 communem
2585 5047 2814 5116 regulam
2846 5054 3091 5109 servant;
3135 5053 3188 5098 et
3229 5050 3288 5095 ut
3329 5050 3450 5096 sunt
3480 5038 3788 5093 Antichristi

2220 5145 2481 5212 discipuli,
2520 5153 2700 5196 contra
2736 5141 3029 5195 Ecclesium
3073 5140 3302 5201 latrant;
3349 5145 3402 5194 et
3439 5135 3631 5204 quibus
3680 5148 3789 5186 ma-

2220 5235 2570 5291 chinamentis
2612 5219 3121 5299 eam'disrumpant,
3167 5230 3360 5284 arietes
3401 5227 3686 5291 fabricant;
3737 5235 3789 5279 et

2219 5343 2338 5383 cum
2376 5327 2512 5382 inter
2541 5342 2636 5381 nos
2665 5325 2939 5388 venerint,
2974 5325 3205 5380 dimerso
3233 5325 3406 5390 capite
3432 5335 3617 5391 gressu
3646 5322 3786 5373 tenui

2219 5421 2550 5476 sanctitatem
2582 5419 2851 5473 simulant.
2896 5417 2957 5471 Hi
3000 5429 3123 5470 sunt
3166 5416 3474 5483 hypocrita‘,
3519 5412 3607 5482 qui
3647 5412 3783 5466 aliud

2218 5521 2362 5574 sunt,
2406 5521 2459 5564 et
2498 5511 2637 5564 aliud
2677 5525 2795 5564 esse
2826 5508 3087 5569 videntur,
3127 5517 3181 5559 ut
3218 5508 3365 5559 stulti
3396 5505 3484 5574 qui
3524 5519 3617 5558 eos
3647 5504 3786 5558 vide-

2219 5607 2343 5667 rint,
2372 5603 2660 5658 imitentur.
2697 5601 2796 5668 Ipsi
2831 5599 2970 5654 fures
3000 5609 3053 5653 et
3083 5599 3336 5660 latrones,
3363 5597 3630 5649 Dominica
3661 5608 3784 5648 voce

2220 5705 2532 5759 attcstantc;
2575 5692 2662 5763 qui
2703 5706 2806 5747 non
2850 5705 2941 5760 per
2980 5689 3194 5754 ostium,
3243 5685 3380 5756 quod
3421 5695 3501 5740 est
3526 5684 3784 5745 Christus,
