4016 6354
318 322 447 381 “13

1378 317 1655 377 REGULA
1693 317 2087 376 MONASTICA
2124 317 2496 377 COMMUNIS.

3414 316 3557 375 HN

312 435 402 489 sed
432 433 671 502 disrupto
699 431 900 501 pariete
930 429 1178 487 Ecclesiae
1205 446 1299 499 per
1325 448 1532 487 murum
1566 429 1874 501 praecipitati
1904 434 1953 493 Α
1980 444 2009 484 a
2039 431 2252 499 proprio
2280 430 2494 484 domino
2525 441 2630 495 prta
2655 424 2895 481 manibus
2921 424 3190 481 attulerint
3220 438 3552 495 prtesentan-

311 525 674 595 ingrediuntur
727 522 903 593 (Joan.
938 524 1026 592 x);
1071 532 1124 578 et
1163 524 1206 577 si
1238 523 1424 592 aliquis
1463 523 1696 579 ﬁdelium
1738 532 1880 576 reete

310 616 484 668 vivere
510 612 675 681 cupit,
702 615 779 667 eis
807 612 1135 667 obstacnlum
1166 611 1381 680 faciunt,
1413 623 1470 669 ut
1500 621 1739 682 possunt,
1776 626 1879 666 non

310 703 621 771 profectum.
654 701 725 755 De
752 703 945 759 talibus
972 702 1225 761 Dominus
1245 703 1317 756 ait
1343 721 1354 755 :
1389 701 1479 757 νω
1498 702 1655 767 vobis,
1684 700 1882 759 Scriba

307 806 351 847 et
378 793 653 858 Pharistei,
681 794 801 852 ccci
838 793 1133 864 Itypocritw,
1164 794 1249 862 qui
1275 793 1514 849 clauditis
1542 809 1750 861 regnum
1778 808 1879 844 caeo

308 886 510 950 lorum;
547 901 637 939 nec
673 901 759 938 vos
796 886 1020 948 intratis,
1061 900 1150 937 nec
1188 884 1316 941 alios
1363 884 1650 951 permittitis
1693 885 1883 936 intrare

305 975 517 1044 (Hatth.
552 978 726 1045 um).
774 977 835 1029 Hi
869 977 1000 1029 tales
1038 976 1175 1033 sicut
1216 977 1283 1031 de
1316 976 1434 1033 suis
1475 975 1653 1039 lucris,
1701 976 1776 1031 sic
1816 975 1881 1030 de

305 1067 503 1119 nostris
544 1067 874 1135 gratulantur
903 1066 1266 1129 detrimentis;
1305 1075 1358 1119 et
1388 1065 1524 1132 quod
1558 1080 1661 1121 non
1692 1064 1876 1119 audie-

302 1168 429 1213 runt
448 1157 730 1212 adversum
761 1173 858 1212 nos
887 1158 1012 1227 quid
1038 1158 1225 1215 lalsutn
1256 1156 1549 1228 proferant,
1580 1158 1722 1215 omni
1751 1172 1882 1213 con-

303 1250 541 1304 tentione
563 1258 925 1317 componunt,
966 1260 1018 1303 et
1048 1251 1190 1318 quod
1238 1264 1339 1302 non
1390 1249 1643 1303 facientes
1684 1263 1881 1318 cogno-

300 1339 525 1403 scimus,
555 1338 643 1408 qui
692 1339 743 1393 in
773 1339 997 1393 crimine
1026 1338 1340 1407 deprehensi
1384 1339 1592 1408 publice
1616 1354 1725 1407 per
1766 1339 1880 1407 pla.

300 1436 412 1481 teas
442 1428 836 1491 annuntiantes,
869 1428 1189 1493 defendunt;
1231 1436 1286 1481 et
1314 1425 1400 1497 qui
1435 1427 1587 1481 nobis
1629 1442 1656 1480 a
1698 1443 1879 1481 mona-

294 1518 464 1571 sterio
518 1517 735 1586 proprio
788 1516 917 1570 vitio
970 1516 1308 1580 delabuntur,
1364 1515 1431 1569 ab
1488 1516 1616 1583 ipsis
1670 1516 1878 1569 ovando

293 1605 677 1674 suscipiuntur,
719 1615 953 1671 tuentur,
993 1616 1047 1662 et
1085 1607 1475 1669 defenduntur;
1518 1618 1570 1660 et
1615 1622 1733 1661 cum
1774 1609 1877 1661 sint

294 1699 744 1753 monasteriorum
772 1699 1102 1765 desertores;
1133 1700 1368 1769 plerique
1397 1715 1465 1754 ex
1500 1700 1626 1769 ipsis
1655 1701 1743 1768 qui
1778 1715 1875 1753 nos

291 1790 582 1849 detrahunt
610 1789 677 1844 ab
707 1791 807 1843 illis
832 1791 1029 1860 optime
1060 1790 1409 1856 honorantur,
1440 1800 1512 1858 et,
1546 1791 1684 1860 quod
1719 1790 1866 1844 nefas

293 1894 383 1936 est
406 1881 606 1946 dicere,
637 1881 934 1941 honoribus
957 1882 1310 1945 cumulantur.
1357 1882 1463 1937 Hos
1490 1883 1620 1936 tales
1647 1897 1764 1936 cum
1795 1883 1869 1935 vi-

292 1973 512 2039 deritis,
539 1973 729 2033 melius
754 1973 931 2031 odium
963 1987 1117 2043 quam
1150 1973 1470 2027 consortium
1502 1972 1770 2032 habeatis,
1801 1972 1869 2025 de

294 2065 490 2118 talibus
532 2063 792 2131 Propheta
834 2064 906 2118 ait
935 2082 949 2126 ξ
979 2063 1168 2125 Nonne
1207 2064 1293 2133 qui
1333 2072 1381 2117 te
1422 2063 1666 2138 oderunt,
1712 2061 1866 2125 Deus,

293 2152 502 2205 oderam
546 2152 701 2211 illos?
745 2153 964 2222 perfecto
1011 2155 1128 2209 odio
1173 2155 1376 2208 oderam
1414 2154 1551 2219 illos,
1592 2163 1639 2209 et
1680 2155 1869 2208 inimici

292 2244 416 2312 {acti
441 2252 559 2329 sunt
584 2246 706 2300 mihi
736 2243 903 2316 (Psal.
931 2246 1209 2315 cxxxvm).

907 2357 1131 2414 CAPUT
1173 2358 1259 2414 ΙΙΙ.

521 2427 701 2492 Qualis
728 2428 901 2484 debeat
929 2430 1047 2498 eligi
1074 2429 1224 2482 abbas
1250 2430 1301 2483 in
1328 2430 1651 2483 monasterio.

360 2518 597 2573 Primum
641 2520 1010 2589 prmvidendus
1040 2530 1124 2575 est
1160 2520 1341 2583 abbas,
1387 2523 1508 2574 vitae
1549 2532 1747 2575 sanctae
1788 2524 1867 2576 in-

291 2610 569 2663 stitutione
595 2610 838 2675 duratus,
884 2625 986 2665 non
1018 2612 1423 2667 conversatione
1464 2613 1741 2677 novellus;
1774 2613 1865 2666 sed

293 2704 382 2769 qui
413 2716 507 2769 per
531 2701 840 2757 diuturnum
871 2712 1076 2772 tempus
1104 2705 1154 2757 in
1198 2706 1520 2758 monasterio
1549 2704 1647 2758 sub
1677 2705 1868 2759 abbate

291 2791 560 2849 desudans
589 2793 725 2848 inter
751 2793 945 2850 multos
967 2804 1049 2848 est
1072 2793 1468 2862 comprobatus,
1495 2805 1547 2848 et
1579 2809 1681 2847 non
1710 2794 1868 2848 habet

291 2881 655 2938 hereditatem
696 2884 747 2938 in
790 2885 1021 2950 saeculo;
1060 2884 1152 2942 sed
1199 2885 1250 2938 in
1301 2894 1411 2938 toto
1456 2883 1619 2939 lsrael
1668 2885 1867 2954 absque

289 2984 436 3030 sorte
465 2974 516 3027 in
548 2984 688 3030 terra
731 2976 1076 3042 repromissio
1101 2984 1181 3030 est
1209 2990 1362 3029 verus
1402 2974 1604 3040 Levita,
1650 2986 1705 3028 ut
1746 2992 1864 3042 pars

1982 524 2102 578 dam
2127 564 2140 585 ,
2171 524 2348 576 ca'teri
2382 536 2506 576 vero
2542 522 2654 574 sive
2683 520 2830 574 liberi
2864 519 2973 573 sive
3010 521 3145 573 servi
3181 519 3320 585 sint,
3361 520 3551 575 divites

1981 628 2049 667 an
2081 627 2357 683 pauperes,
2390 613 2652 679 coniugati
2691 627 2756 663 an
2789 611 3038 679 virgines,
3070 608 3216 663 Stulti
3242 624 3308 663 an
3335 610 3548 676 sapien-

1983 713 2085 767 tes,
2113 706 2261 759 iusoii
2289 720 2353 756 an
2379 704 2632 766 artllices,
2661 702 2898 755 iulantuli
2926 716 2990 754 an
3020 714 3195 766 senes,
3218 700 3262 754 si
3288 700 3550 769 quispiam

1983 792 2169 847 horum
2227 792 2412 857 fuerit,
2473 794 2646 845 acrius
2703 800 3129 858 percunctentur,
3184 801 3354 844 utrum
3406 800 3554 845 recte

1980 881 2487 945 abrenuntiaverint,
2536 897 2601 933 an
2654 896 2797 946 non;
2838 880 2881 934 si
2923 878 3100 933 omnia
3147 879 3388 933 fecerunt
3433 894 3553 948 qua:

1981 971 2032 1025 in
2065 972 2377 1041 Evangelico
2404 986 2535 1025 voce
2563 972 2799 1026 veritatis
2827 971 3134 1035 audierunt,
3163 985 3282 1040 quin
3307 970 3417 1024 ait:
3450 971 3554 1035 Qui

1980 1080 2081 1116 non
2108 1064 2462 1118 renuntiaverit
2486 1065 2717 1117 omnibus
2737 1079 2850 1133 qua!
2873 1065 3113 1132 possidet,
3144 1080 3283 1116 meus
3310 1080 3411 1118 non
3440 1074 3554 1132 pot-

1981 1162 2053 1207 est
2099 1169 2205 1207 esse
2248 1155 2524 1223 discipulus
2569 1154 2719 1222 (Luc.
2751 1153 2884 1223 xw).
2934 1156 2996 1207 Et
3041 1154 3165 1207 illud
3213 1154 3351 1222 quod
3400 1155 3551 1209 dives

1981 1245 2241 1313 quondam
2282 1245 2610 1309 adolescens,
2654 1247 2743 1314 qui
2785 1247 2961 1300 omnia
3003 1262 3119 1316 quae
3163 1246 3213 1300 in
3262 1248 3375 1313 lege
3418 1262 3552 1313 prte-

1980 1345 2131 1403 cepta
2164 1345 2323 1400 sunt,
2352 1350 2410 1389 se
2446 1336 2691 1404 implesse
2722 1336 2986 1406 iactabat,
3017 1337 3080 1390 ad
3111 1353 3265 1405 quem
3299 1338 3551 1391 Dominus

1979 1428 2055 1480 ait
2084 1444 2099 1481 :
2133 1428 2191 1482 Si
2220 1429 2295 1481 vis
2335 1444 2439 1481 esse
2468 1430 2736 1496 perfectus,
2768 1428 2914 1491 vade,
2944 1429 3098 1480 vende
3124 1429 3292 1480 omnia
3314 1442 3429 1494 qua
3456 1427 3551 1479 ha-

1981 1514 2082 1577 bes,
2110 1526 2156 1569 et
2181 1517 2246 1568 da
2277 1517 2613 1585 pauperibus;
2658 1527 2703 1570 et
2730 1519 2862 1584 ueni,
2890 1532 3093 1585 sequere
3124 1532 3238 1581 me;
3275 1527 3319 1569 et
3346 1516 3550 1569 habebis

1979 1607 2274 1659 thesaurum
2304 1608 2355 1659 in
2386 1608 2509 1660 rmlo
2540 1607 2749 1677 (Matth.
2783 1609 2919 1675 sit).
2965 1607 3153 1660 lterum
3182 1605 3247 1658 ad
3273 1621 3392 1658 eum
3440 1605 3546 1658 Do-

1979 1698 2153 1749 minus
2194 1697 2471 1764 loquitur:
2518 1696 2619 1762 Qui
2661 1699 2767 1752 vult
2812 1714 2916 1751 esse
2958 1696 3241 1767 perfectus?
3290 1695 3391 1760 Qui
3436 1711 3548 1748 runt

1902 1770 1942 1829 Β
1971 1789 2215 1856 apostolis
2257 1800 2449 1857 patrem
2477 1804 2524 1843 et
2556 1798 2798 1854 matrem,
2841 1798 3041 1857 reteque
3068 1798 3115 1841 et
3151 1787 3435 1841 naviculam
3465 1787 3549 1840 di-

1970 1880 2142 1932 mittit.
2179 1879 2237 1932 Et
2270 1880 2359 1948 qui
2387 1881 2560 1933 omnia
2594 1881 2755 1946 dixit,
2790 1879 2921 1933 nihil
2950 1881 3016 1933 de
3060 1880 3271 1948 propria
3299 1878 3546 1931 facultate

1968 1973 2229 2026 reservari
2287 1976 2587 2039 mandavit;
2645 1986 2696 2029 et
2749 1990 2852 2029 non
2907 1974 3154 2039 cuilibet,
3207 1975 3299 2027 sed
3353 1982 3543 2028 cuncta

1968 2060 2164 2116 Christi
2198 2065 2518 2131 pauperibus
2546 2068 2819 2133 erogavit;
2849 2075 2901 2118 et
2933 2081 3035 2119 non
3068 2066 3209 2119 dedit
3238 2065 3406 2130 patri,
3434 2080 3541 2119 non

1969 2153 2147 2215 matri,
2178 2169 2280 2206 non
2310 2154 2483 2219 fratri,
2513 2170 2617 2209 non
2650 2157 2964 2224 prepinquo,
2992 2171 3095 2208 non
3123 2156 3537 2224 consanguineo,

1968 2261 2069 2300 n0u
2104 2245 2211 2299 lilio
2240 2246 2508 2315 adoptivo,
2541 2263 2645 2300 non
2688 2249 2861 2312 uxori,
2905 2263 3009 2301 non
3052 2248 3252 2312 liberis,
3298 2262 3401 2300 non
3444 2248 3541 2301 Ec-

1967 2338 2163 2405 clesize,
2198 2353 2301 2391 non
2332 2337 2555 2407 principi
2591 2348 2774 2404 terrae,
2808 2354 2912 2391 nou
2958 2338 3152 2404 servis,
3194 2337 3434 2405 exceptis
3480 2336 3543 2391 ii-

1967 2424 2660 2485 bcrtates’conllrmandas.
2718 2428 2955 2499 Cumque
3012 2431 3115 2497 ita,
3177 2439 3231 2482 ut
3287 2429 3539 2494 diximus,

1967 2519 2121 2574 fuerit
2151 2522 2473 2586 sciscitatus,
2520 2521 2855 2588 postmodum
2902 2521 2953 2575 in
2985 2520 3170 2574 ultimo
3197 2521 3361 2589 gradu
3410 2520 3542 2575 reci-

1967 2614 2158 2681 piatur.
2205 2613 2353 2681 Quod
2397 2616 2442 2668 si
2490 2614 2700 2680 horum,
2740 2628 2873 2683 quos
2912 2628 3068 2682 supra
3110 2612 3361 2677 diximus,
3395 2626 3545 2667 more

1967 2705 2181 2774 pietatis
2209 2705 2288 2759 vel
2321 2720 2481 2759 unum
2531 2720 2803 2758 nummum
2852 2703 3046 2757 alicubi
3094 2702 3232 2755 male
3277 2703 3542 2755 abrenun-

1967 2796 2101 2849 tians
2132 2797 2357 2865 reliquit,
2406 2797 2581 2850 statim
2631 2812 2750 2850 eum
2797 2797 2937 2851 loras
2980 2795 3160 2863 repelli
3206 2796 3539 2857 mandamus,

1964 2889 2084 2955 quia
2117 2901 2217 2939 non
2268 2901 2390 2941 eum
2423 2886 2473 2940 in
2515 2888 2878 2953 apostolorum
2926 2900 3168 2945 numero,
3198 2885 3290 2937 sed
3322 2882 3539 2937 Ananiae

1964 2986 2020 3031 et
2070 2978 2311 3043 Saphirae
2368 2992 2649 3045 sequacem
2700 2977 2960 3032 videmus.
3016 2976 3205 3029 Sciatis
3258 2989 3377 3027 eum
3435 2988 3538 3026 non

290 3070 599 3122 heredtutis
637 3085 763 3123 mete
805 3068 1049 3124 Dominus
1083 3069 1245 3123 libera
1272 3084 1390 3123 cum
1432 3068 1692 3136 Pr0pheta
1733 3082 1863 3121 voce
1891 3114 1936 3178 Ο
1968 3082 2127 3135 posse
2170 3069 2223 3122 in
2271 3069 2593 3122 monasterio
2623 3068 2675 3121 in
2707 3082 3011 3123 mensuram
3042 3069 3222 3120 venire
3268 3065 3536 3134 monachi,

479 3157 548 3178 ,η
586 3158 627 3178 ξ.
693 3158 813 3178 __._
871 3158 915 3178 te.
1355 3173 1556 3178 “seu-
2128 3177 2134 3178 ,
2194 3162 2252 3178 ,ρ
2727 3161 2746 3178 ι
2789 3176 2832 3178 Α,
2926 3161 2939 3178 .
2980 3176 3027 3178 __
3082 3158 3273 3178 ι..
3369 3171 3536 3178 _____-

288 3158 430 3212 dicat
477 3157 646 3227 (Psal.
692 3158 815 3227 sv);
870 3158 921 3215 in
971 3168 1191 3226 tantum,
1244 3168 1301 3212 ut
1348 3173 1561 3213 omnem
1611 3158 1860 3212 causandi

288 3262 441 3301 usum
472 3247 728 3302 radicitus
757 3261 785 3298 a
815 3262 908 3299 suo
937 3247 1097 3301 corde
1126 3248 1380 3315 repellat;
1414 3256 1469 3301 et
1500 3248 1545 3301 si
1574 3247 1651 3301 las
1682 3247 1857 3313 fuerit,

286 3352 383 3407 per
427 3337 623 3393 nullam
666 3339 1001 3392 occasionem
1052 3338 1101 3390 in
1142 3337 1346 3406 judicio
1391 3352 1511 3391 cum
1558 3337 1860 3391 hominibus

287 3430 602 3493 contendat;
645 3429 740 3483 sed
781 3430 822 3481 si
854 3428 975 3497 quis
1015 3443 1135 3482 eum
1179 3428 1496 3494 incitaverit,
1526 3437 1581 3483 et
1626 3429 1858 3481 tunicam

288 3518 504 3583 tulerit,
535 3519 760 3587 qualiter
781 3518 1067 3572 contendat
1096 3519 1161 3572 ad
1192 3533 1374 3573 vocem
1408 3518 1663 3572 continuo
1691 3519 1861 3571 domi-

289 3607 496 3671 nicam,
529 3616 582 3660 et
608 3608 823 3676 pallium
856 3608 1119 3675 relinquat
1144 3606 1357 3676 (Matth.
1388 3606 1463 3677 ν).
1507 3606 1560 3663 Si
1594 3616 1736 3661 certe
1765 3606 1862 3661 ali-

287 3697 402 3767 quis
447 3696 716 3751 insecutor
757 3697 1059 3751 monasterii
1103 3695 1424 3761 accesserit,
1453 3704 1508 3750 et
1544 3696 1735 3763 aliquid
1768 3710 1857 3748 au-

287 3788 433 3850 lerre
462 3797 685 3844 conatus
713 3787 891 3851 fuerit,
923 3798 975 3841 et
1007 3801 1103 3854 per
1133 3787 1234 3839 vim
1270 3787 1454 3841 tollere
1486 3786 1738 3850 voluerit,
1770 3785 1857 3839 uni

287 3879 353 3935 de
391 3879 540 3935 laicis
569 3894 782 3934 causam
824 3879 1091 3951 iujungat,
1131 3887 1186 3932 et
1224 3879 1321 3947 ipsi
1362 3877 1670 3931 ﬁdelissimo
1707 3876 1860 3932 Chri-

285 3972 481 4035 Stiano,
526 3972 682 4042 quem
712 3972 815 4024 vita
860 3972 993 4025 bona
1036 3970 1391 4036 commendat,
1434 3978 1488 4025 et
1534 3969 1670 4022 fama
1722 3969 1858 4024 mala
1924 3970 1929 3973 ’

286 4078 393 4121 non
421 4062 700 4132 reprobat;
735 4063 824 4132 qui
853 4073 903 4115 et
936 4077 1020 4116 res
1062 4062 1367 4117 Monasterii
1412 4061 1612 4127 absque
1643 4071 1858 4128 peccato

279 4153 504 4221 judicet,
537 4164 590 4206 et
618 4162 846 4222 quzerat;
878 4162 931 4205 et
959 4152 1002 4206 si
1034 4167 1160 4206 usus
1186 4151 1396 4221 jnrandi
1426 4161 1504 4205 est
1527 4191 1541 4215 ,
1575 4151 1670 4205 hoc
1702 4152 1858 4204 faciat

283 4245 402 4299 sine
435 4242 741 4315 iuramento
779 4253 833 4299 et
873 4259 1060 4313 paena;
1092 4253 1144 4298 et
1183 4259 1286 4298 non
1322 4252 1521 4297 tantum
1556 4259 1648 4311 pro
1679 4258 1856 4298 rerum

283 4336 458 4403 lucro,
486 4336 580 4391 sed
619 4344 675 4389 ut
719 4344 1111 4405 persecutorem
1145 4335 1395 4391 humilem
1423 4345 1477 4390 et
1518 4347 1854 4391 mansuetum

282 4428 348 4487 ad
378 4432 587 4482 veniam
619 4427 986 4497 postulandam
1016 4426 1252 4481 reducat.
1292 4426 1441 4492 Quod
1471 4424 1514 4481 si
1554 4425 1857 4495 persecuior
1885 4457 1935 4517 Β

283 4518 336 4579 iu
365 4533 459 4571 sua
488 4521 909 4587 perseveraverit
936 4516 1287 4580 contumacia,
1318 4526 1370 4571 et
1397 4518 1514 4583 plus
1551 4518 1691 4570 lucra
1724 4516 1856 4570 dile-

282 4611 442 4676 xerit,
481 4626 637 4680 quam
681 4611 937 4681 animam,
976 4610 1155 4663 statim
1194 4616 1440 4663 causatur
1480 4623 1598 4663 cum
1640 4624 1705 4661 co
1735 4623 1857 4661 con-

283 4702 503 4765 tendere
539 4702 787 4756 dimittat.
828 4702 1006 4755 Abbas
1047 4715 1172 4755 vero
1211 4701 1411 4768 absque
1452 4701 1558 4753 ullo
1599 4715 1693 4753 usu
1734 4716 1858 4752 cau-

281 4794 461 4859 sandi,
516 4800 571 4849 et
618 4807 770 4848 eraso
823 4806 1046 4846 rancore
1095 4791 1388 4858 stomachi,
1442 4792 1748 4859 simpliciter
1804 4791 1856 4845 in

283 4882 609 4939 monasterio
636 4898 755 4938 cum
784 4884 892 4937 suis
923 4883 1192 4946 monachis
1221 4883 1392 4944 vivat,
1430 4891 1484 4937 et
1515 4883 1707 4936 nullam
1737 4899 1855 4938 cum

281 4974 627 5030 sarctilaribus
654 4973 907 5037 causandj
941 4973 1206 5029 licentiam
1239 4972 1453 5033 habeat,

899 5081 1124 5139 CAPUT
1163 5082 1254 5147 IV,

464 5154 651 5219 Quales
680 5154 911 5209 monachi
942 5154 1252 5219 recipiantur
1276 5153 1330 5207 in
1356 5153 1678 5207 monasterio.

355 5246 595 5301 Monachi
617 5284 632 5309 ,
662 5245 753 5313 qui
778 5244 847 5299 ob
877 5244 1147 5314 religionis
1173 5244 1447 5298 obtentum
1478 5242 1856 5299 monasterium

283 5335 488 5406 ingredi
534 5343 748 5403 petunt,
797 5335 1021 5402 primum
1061 5346 1183 5388 ante
1213 5334 1352 5388 fores
1399 5333 1565 5387 tribus
1594 5334 1777 5389 diebus
1805 5344 1860 5390 et

280 5428 534 5492 noctibus
562 5427 850 5491 excubant,
881 5436 935 5481 et
961 5441 1029 5480 ex
1061 5426 1314 5481 industria
1339 5425 1536 5498 jugiter
1563 5429 1630 5480 ab
1661 5427 1857 5482 hebdo-

280 5521 535 5581 madariis
559 5521 977 5589 exprobrentur;
1006 5521 1197 5588 quibus
1224 5519 1409 5573 diebus
1437 5522 1685 5590 peractis,
1709 5528 1856 5589 post-

281 5612 500 5667 modum
548 5610 964 5680 interrogentur,
1012 5619 1184 5663 utrum
1236 5608 1383 5663 liberi
1430 5611 1535 5663 sint
1579 5626 1646 5663 an
1691 5609 1851 5664 servi.

281 5702 431 5783 Quod
463 5700 509 5757 si
534 5701 673 5757 servi
706 5707 864 5767 sunt,
896 5714 1004 5756 non
1041 5698 1383 5769 recipiantur,
1414 5699 1514 5756 nisi
1557 5700 1852 5757 libertatem

1970 3176 2142 3230 neque
2189 3162 2253 3215 ad
2303 3172 2668 3230 paupertatem
2714 3161 3035 3216 descendere
3080 3158 3313 3225 ChriSIi,
3369 3171 3540 3225 neque

1966 3252 2316 3307 humilitatem
2358 3254 2655 3322 acquirere,
2694 3268 2863 3324 neque
2890 3252 3145 3307 obediens
3182 3264 3323 3316 esse,
3369 3263 3541 3314 neque

1966 3343 2165 3397 ibidem
2198 3353 2453 3413 perpetuo
2498 3344 2820 3412 perdurare;
2849 3344 2942 3398 sed
2974 3359 3092 3397 cum
3126 3342 3297 3410 aliqua
3328 3340 3537 3393 occasio

1964 3449 2061 3503 pro
2088 3435 2265 3503 a'iquo
2293 3451 2322 3489 a
2361 3450 2459 3489 suo
2484 3436 2675 3490 abbate
2710 3436 3018 3489 monasterii
3057 3432 3405 3501 distringendi
3444 3442 3537 3487 aut

1961 3526 2281 3580 emendandi
2313 3528 2617 3592 accesserit,
2646 3528 2899 3580 continuo
2928 3527 2980 3579 in
3011 3525 3314 3593 superbiam
3345 3523 3535 3592 surgit,

1960 3626 2013 3672 et
2044 3618 2242 3670 accdize
2285 3616 2473 3686 spiritu
2506 3616 2749 3684 inﬂatus,
2780 3615 3158 3670 monasterium
3206 3614 3408 3684 fugiens
3436 3613 3536 3667 de-

1961 3708 2235 3777 relinquit.

2584 3795 2804 3853 CAPUT
2847 3797 2908 3851 V.

2046 3888 2277 3955 Qualiter
2304 3887 2513 3941 debeant
2543 3889 2778 3940 monachi
2809 3886 2993 3940 subditi
3022 3901 3126 3940 esse
3152 3901 3246 3939 suo
3274 3883 3460 3939 abbati.

2032 3980 2086 4033 In
2120 3990 2320 4033 tantum
2348 3978 2544 4032 debent
2584 3978 2826 4032 monachi
2872 3976 3149 4047 praeceptis
3179 3976 3393 4030 obedire
3423 3990 3537 4029 ma-

1954 4070 2153 4139 jorum,
2186 4073 2323 4125 sicut
2360 4069 2602 4124 Christus
2645 4070 2785 4124 Patri
2829 4069 3081 4125 obediens
3126 4068 3223 4123 fuit.
3263 4081 3429 4137 usque
3467 4066 3535 4121 ad

1960 4173 2181 4217 mortem
2226 4178 2241 4216 :
2283 4160 2421 4230 quod
2472 4160 2518 4215 si
2569 4161 2726 4216 aliter
2773 4160 3013 4223 fecerint,
3067 4162 3239 4214 sciant
3287 4174 3347 4213 se
3395 4159 3533 4212 viam

1959 4265 2116 4320 quam
2163 4250 2472 4317 quaerebant
2518 4251 2837 4319 perdidisse.
2888 4249 3054 4304 Nemo
3102 4250 3243 4302 vadit
3270 4247 3335 4301 ad
3380 4247 3533 4301 Chrio

1959 4350 2119 4404 sttnn,
2146 4341 2244 4394 nisi
2272 4356 2367 4410 per
2389 4341 2681 4395 Christum.
2716 4340 2942 4394 Proinde
2972 4338 3216 4392 monachi
3246 4338 3403 4391 talem
3430 4335 3533 4391 sibi

1959 4432 2155 4485 debent
2200 4430 2372 4484 facere
2410 4430 2866 4493 consuetudinem,
2909 4444 3003 4495 per
3048 4443 3206 4494 quam
3246 4442 3278 4480 a
3324 4427 3533 4480 tramite

1963 4533 2107 4576 recto
2158 4522 2457 4574 nullatenus
2511 4521 2716 4589 possint
2763 4520 2993 4573 deviare.
3044 4519 3278 4572 Primum
3322 4519 3534 4573 discant

1959 4615 2260 4667 voluntates
2295 4613 2532 4679 probrias
2581 4626 2856 4678 superare,
2889 4622 2944 4663 et
2993 4609 3125 4663 nihil
3170 4624 3267 4664 suo
3310 4609 3534 4664 arbitrio

1960 4707 2039 4758 vel
2075 4707 2348 4759 minimum
2378 4703 2577 4772 aliquid
2623 4717 2815 4770 agere;
2864 4702 2994 4757 nihil
3025 4703 3163 4771 loqui
3195 4703 3296 4757 nisi
3338 4702 3403 4756 ad
3449 4703 3535 4757 in-

1960 4805 2245 4866 terrogata,
2277 4801 2331 4849 et
2368 4795 2715 4863 cogitationes
2741 4793 2808 4848 de
2848 4793 2933 4849 die
2973 4796 3024 4848 in
3065 4794 3209 4848 diem
3255 4800 3536 4849 nascentes

1960 4904 2076 4942 cum
2124 4886 2326 4956 jejunio
2378 4896 2433 4941 et
2486 4887 2729 4940 oratione
2779 4886 3070 4954 expellere,
3109 4895 3163 4939 et
3213 4899 3311 4939 suo
3357 4885 3533 4939 abbati

1960 4993 2224 5047 nunquam
2257 4979 2452 5033 celare.
2490 4978 2553 5031 Et
2578 4977 2829 5047 quidquid
2873 4977 3125 5039 iecerint,
3155 4977 3354 5046 absque
3382 4991 3533 5030 mur-

1959 5069 2253 5123 muratione
2283 5070 2499 5134 faciant,
2532 5083 2624 5132 ne,
2655 5072 2792 5136 quod
2841 5069 3016 5133 absit,
3064 5066 3442 5121 murmurando
3468 5080 3529 5119 ea

1958 5162 2217 5213 sententia
2267 5168 2505 5228 pereant,
2547 5174 2652 5226 qua
2703 5159 2973 5227 perierunt
3022 5158 3058 5212 ii
3103 5158 3194 5225 qui
3239 5158 3289 5210 in
3319 5148 3534 5212 deserto

1959 5260 2420 5305 murmuraverunt
2453 5249 2640 5319 (Nam.
2669 5263 2724 5303 st
2752 5250 2902 5317 seq.).
2937 5246 3008 5302 llli
3041 5247 3308 5315 perierunt
3334 5260 3528 5301 manna

1958 5339 2344 5403 manducando,
2376 5349 2432 5394 et
2483 5339 2568 5393 isti
2625 5341 2677 5392 in
2733 5335 3058 5392 monasterio
3109 5343 3529 5388 murmuratores

1958 5433 2259 5501 Scriptores
2290 5430 2583 5484 recitando.
2634 5428 2713 5483 illi
2757 5442 2947 5481 manna
2995 5421 3361 5477 manducando
3389 5437 3532 5476 mor-

1958 5521 2032 5574 tui
2064 5530 2210 5586 sunt,
2242 5530 2296 5575 et
2323 5518 2411 5574 isti
2441 5519 2735 5587 scripturas
2761 5514 2982 5585 legendo
3006 5524 3058 5569 ct
3085 5510 3348 5565 audiendo
3374 5511 3533 5579 spiri-

1957 5611 2083 5665 tuali
2114 5610 2253 5665 fame
2279 5608 2517 5680 quotidie
2544 5606 2859 5662 moriuntur.
2903 5602 2978 5656 Illi
3010 5600 3389 5656 murmurando
3417 5608 3525 5653 ter-

1956 5718 2069 5758 ram
2093 5700 2523 5774 repromissionis
2550 5712 2656 5755 non
2699 5697 3055 5761 intraverunt,
3087 5703 3141 5748 et
3172 5692 3253 5747 isti
3284 5706 3518 5749 murmu-
