4016 6354
511 281 654 339 IIIS.

1470 283 1527 340 S.
1571 282 1962 340 FRUCTUOSI
2000 282 2475 344 L’RACARENSIS
2517 288 2818 346 EPISCOPI

3626 279 3752 336 H16

509 397 677 451 rando
706 395 934 463 paradisi
958 396 1323 465 promissionis
1347 407 1538 454 terram
1567 415 1670 452 non
1695 397 2070 466 ingrediuntur.
2107 400 2152 456 Α
2187 402 2268 449 tur
2295 403 2598 456 monasterii
2623 403 2860 469 servitio,
2883 411 2933 456 et
2958 402 3194 472 cuqttintn
3220 398 3414 462 ofﬁcio,
3446 397 3516 450 ita
3541 405 3594 450 ut
3619 411 3752 450 sem-

511 486 725 540 Grande
747 488 962 550 tnalum,
985 485 1051 540 de
1073 488 1304 558 AZgypto
1325 490 1491 553 exire,
1519 505 1663 544 mare
1687 493 2081 558 transvadasse,

513 588 824 649 tympanum
846 594 964 633 cum
997 580 1174 650 Moyse
1195 589 1250 635 et
1270 582 1455 645 Maria,
1483 584 1754 638 Pharaone
1781 586 2080 650 sulunerso,

513 672 770 735 tenuisse,
818 686 1010 726 manna
1054 672 1423 739 manducasse,
1469 685 1521 728 et
1561 685 1753 728 terram
1799 679 2084 744 repromis-

429 799 439 808 .
513 763 682 816 sionis
712 779 816 816 non
849 764 1073 818 intrasse
1104 781 1115 815 :
1150 765 1345 817 malum
1374 766 1544 833 pejus,
1578 765 1644 819 de
1671 765 1900 835 Egypto
1929 767 2082 822 istius

509 853 690 907 seaculi
722 854 885 918 exire,
932 869 1079 908 mare
1109 854 1353 922 baptismi
1382 870 1500 909 cum
1533 857 1854 923 pteuitentia:
1885 859 2081 913 amari-

513 945 698 999 tudine
726 945 964 1014 quotidie
1010 961 1253 1016 pergere,
1299 957 1605 1016 tympanum
1637 950 1864 1017 pulsare,
1900 952 1948 1004 id
1981 962 2082 1022 est,

512 1049 726 1089 carnem
755 1051 874 1088 cum
903 1035 1115 1102 Christo
1144 1037 1479 1106 cruciﬁgere,
1509 1049 1561 1091 et
1591 1052 1804 1103 manna,
1834 1041 1972 1108 quod
2001 1050 2085 1096 est

510 1125 744 1178 caelestis
771 1125 958 1192 gratia,
992 1124 1342 1192 manducare;
1374 1137 1423 1180 et
1457 1127 1690 1182 caelestis
1717 1128 1949 1199 regionis
1981 1142 2078 1184 ter-

511 1228 624 1266 ram
675 1229 778 1267 non
826 1213 1044 1267 intrare.
1093 1215 1409 1270 Timendum
1454 1227 1536 1271 cst
1581 1232 1730 1287 ergo,
1784 1219 2083 1274 charissimi

512 1305 725 1371 fratres,
775 1317 837 1368 ct.
872 1307 1250 1376 cogitandum,
1298 1318 1352 1363 et
1400 1310 1822 1376 prtevidendum,
1872 1312 2081 1379 qualem

509 1397 646 1448 viam
690 1398 928 1465 arripere
973 1399 1223 1463 debeant,
1264 1399 1352 1468 qui
1406 1415 1500 1468 per
1528 1400 1793 1456 Christum
1833 1405 1896 1454 ad
1925 1401 2082 1456 Citri-

508 1499 646 1542 slum
678 1489 757 1542 ire
785 1490 1122 1559 desiderant,
1165 1499 1222 1546 et
1260 1493 1457 1562 liquide
1485 1493 1703 1548 audiant
1731 1494 1870 1562 quod
1901 1495 2083 1550 obser-

506 1592 631 1631 vare
659 1579 910 1634 debeam.
949 1581 1272 1636 Obedientes
1302 1584 1408 1636 sint
1436 1583 1610 1637 abbati
1643 1600 1810 1652 usque
1837 1585 1900 1638 ad
1942 1601 2082 1639 mor-

509 1679 644 1733 tem;
680 1672 730 1725 in
765 1682 964 1726 tantum
986 1715 1000 1738 ,
1047 1683 1102 1727 ut
1141 1674 1335 1729 nullam
1369 1678 1634 1744 prepriam
1669 1679 1863 1732 iaciant
1895 1680 2084 1733 volun-

2187 501 2276 552 per
2304 489 2576 544 cellarium
2609 499 2808 556 teneat,
2860 505 3072 559 propter
3099 491 3240 558 ipsos
3271 488 3538 558 parvulos,
3579 499 3748 550 senes,

2184 577 2440 643 iulirmos,
2473 583 2552 634 vel
2585 582 2837 650 hospites.
2872 584 2931 636 Et
2954 583 2996 636 si
3014 584 3179 650 major
3208 581 3367 635 fuerit
3390 579 3748 648 congregatio,

2178 667 2356 735 junior
2384 669 2430 722 ei
2460 671 2615 725 detur
2639 688 2731 740 pro
2759 675 2874 742 ipso
2903 674 3114 727 servitio
3137 671 3503 731 discurrendo,
3530 668 3751 738 qualiter

2184 760 2282 829 ipsi
2319 762 2543 816 infantes
2573 767 2638 817 ah
2664 767 2828 834 ipsius
2859 766 3078 835 imperio
3107 764 3170 818 ad
3196 764 3354 818 horas
3375 776 3634 830 coogruas
3661 774 3748 814 co-

2185 852 2450 920 pulentur,
2494 865 2547 909 et
2573 857 2833 923 accipiant
2863 859 3190 911 alimentum.
3261 855 3301 908 Α
3334 862 3516 907 sancto
3551 851 3746 906 Pascha

2185 954 2350 1009 usque
2379 951 2567 998 octavo
2595 944 2852 1000 Kalendas
2881 947 3128 1001 Octobris
3173 943 3495 998 manducent
3526 957 3618 1009 per
3643 942 3747 994 sin-

2183 1034 2332 1101 gulos
2362 1034 2474 1087 dies
2491 1047 2710 1104 quatuor
2738 1040 2894 1094 vices.
2923 1039 3003 1092 Ab
3029 1046 3212 1090 oetavo
3231 1034 3492 1090 Kalendas
3506 1031 3750 1087 Octobris

2187 1138 2350 1193 usque
2378 1126 2442 1180 ad
2474 1126 2732 1182 Kalendas
2761 1129 3065 1183 Decembris
3099 1137 3206 1182 tres
3237 1127 3397 1190 vices,
3447 1140 3475 1178 a
3504 1122 3751 1179 Kalendis

2186 1215 2564 1271 Decembribus
2596 1233 2760 1288 usque
2789 1220 2853 1272 ad
2901 1228 3142 1274 sanctum
3173 1217 3371 1271 Pascha
3399 1217 3448 1269 in
3497 1221 3756 1283 potestate

2184 1310 2255 1361 sit
2300 1309 2461 1378 ipsius
2505 1311 2726 1366 cellarii.
2772 1309 3031 1366 Caeterum
3061 1327 3188 1365 vero
3217 1312 3293 1365 sic
3323 1311 3665 1369 instruantur,
3699 1315 3758 1359 ttt

2183 1398 2381 1468 absque
2412 1399 2776 1454 benedictione
2807 1410 2859 1455 et
2887 1402 3106 1469 imperio
3146 1401 3276 1456 nihil
3308 1402 3357 1453 in
3394 1413 3488 1452 ore
3514 1411 3612 1452 suo
3636 1395 3755 1448 mit-

2186 1498 2297 1546 tere
2325 1490 2582 1546 debeant:
2633 1493 2721 1560 qui
2749 1501 2801 1546 et
2831 1493 2926 1561 ipsi
2957 1492 3188 1546 infantes
3217 1506 3368 1544 suum
3399 1488 3628 1543 habeant
3665 1486 3756 1538 dc-

2183 1597 2400 1646 canum,
2448 1583 2534 1652 qui
2569 1584 2681 1649 plus
2706 1585 2772 1636 de
2802 1585 2877 1636 eis
2905 1582 3166 1651 intelligit,
3214 1589 3270 1636 ut
3318 1581 3546 1647 regulam
3594 1591 3754 1644 super

2185 1689 2277 1728 eos
2304 1676 2582 1739 observet;
2616 1685 2669 1729 et
2695 1675 2760 1728 ab
2782 1690 2846 1729 eo
2877 1689 3089 1744 semper
3117 1674 3520 1733 admoneamur,
3569 1683 3636 1723 ne
3661 1669 3756 1721 ali-

508 1768 690 1825 tatctn,
719 1764 809 1816 sed
846 1763 1038 1820 Patris.
1069 1763 1205 1818 Nihil
1240 1775 1346 1819 tam
1377 1767 1594 1820 charum
1623 1767 1730 1821 Deo
1760 1769 2005 1834 habetur,
2035 1772 2078 1825 si
2115 1753 2156 1811 Β
2185 1769 2307 1836 quid
2354 1768 2553 1836 absque
2585 1767 2765 1836 regula
2794 1766 2986 1821 faciant
3014 1773 3106 1819 aut
3136 1765 3431 1834 loquantur,
3483 1771 3571 1815 aut
3615 1769 3757 1814 certe

505 1851 751 1904 voluntas
798 1855 1010 1924 propria
1055 1852 1346 1925 frangatur.
1399 1856 1531 1911 Hinc
1577 1857 1765 1913 Petrus
1814 1861 1930 1914 ait:
1966 1860 2080 1916 Nos

504 1943 590 2011 qui
620 1942 899 1997 dimisimus
928 1948 1118 2012 omnia,
1160 1956 1205 1999 et
1243 1949 1399 2002 secuti
1435 1965 1608 2002 sumus
1651 1959 1732 2016 te,
1776 1953 1900 2020 quid
1939 1953 2081 2006 nobis

504 2034 634 2086 erit?
664 2034 774 2087 Non
807 2037 978 2088 solum
1021 2037 1153 2091 dixit
1183 2056 1195 2092 :
1231 2038 1530 2093 Dimisimus
1557 2042 1752 2105 omnia,
1788 2043 1910 2111 quid
1941 2044 2081 2098 nobis

505 2127 636 2177 erit?
664 2126 755 2178 scd
783 2127 1022 2180 addidit:
1049 2128 1224 2182 Secuti
1252 2145 1425 2183 sumus
1452 2139 1499 2184 te
1527 2131 1739 2200 (Matth.
1767 2134 1900 2198 χιχ).
1934 2131 2077 2187 Multi

506 2219 682 2267 omnia
735 2215 1044 2279 dimittunt,
1109 2217 1203 2271 sed
1261 2218 1536 2272 Dominum
1599 2235 1702 2273 non
1765 2231 2079 2287 sequuntur.

507 2306 721 2370 Quare?
771 2306 893 2374 quia
941 2322 1044 2358 non
1099 2308 1283 2375 patris,
1330 2309 1423 2362 sed
1467 2324 1615 2362 suam
1648 2309 1970 2364 voluntatem
2000 2309 2078 2364 fa—

510 2398 677 2451 ciunt.
711 2399 810 2465 Qui
843 2399 952 2451 vult
981 2413 1109 2469 ergo
1139 2411 1335 2452 arctam
1378 2409 1429 2454 et
1458 2409 1730 2467 angustam
1762 2401 1900 2454 viam
1933 2403 2080 2456 iuve-

506 2494 641 2559 nire,
674 2501 728 2546 et
770 2505 886 2545 eam
932 2493 1048 2546 sine
1088 2491 1404 2547 olTettdit-ulo
1449 2507 1685 2561 pergere,
1719 2503 1770 2546 et
1815 2497 2082 2564 pergcudo

499 2598 610 2635 ’nou
659 2580 901 2649 perdere,
953 2591 1008 2636 et
1055 2599 1159 2636 non
1194 2583 1461 2651 perdendo
1491 2583 1555 2636 ad
1584 2583 1849 2638 Christum
1896 2599 2082 2652 perve-

506 2675 645 2738 nire,
693 2676 841 2743 prius
869 2675 1038 2728 discat
1083 2674 1378 2728 voluntates
1425 2674 1663 2742 proprias
1703 2691 1978 2742 superare,
2029 2685 2082 2730 ct

503 2766 633 2821 nihil
655 2768 794 2835 quod
829 2770 1038 2837 propria
1063 2771 1304 2823 voluntas
1329 2770 1568 2837 corporis
1588 2770 1858 2840 quzesierit
1881 2770 2078 2839 facere,

501 2867 549 2913 et
583 2858 634 2912 in
666 2860 832 2914 l‘atris
860 2861 1163 2914 obedientia
1195 2877 1358 2930 usque
1385 2862 1449 2916 ad
1485 2864 1639 2918 linem
1673 2863 1793 2918 vita:
1836 2880 2083 2931 persreve-

503 2968 641 3006 rare.
693 2953 813 3006 ilmc
857 2955 1067 3023 proprie
1099 2955 1180 3008 via
1222 2965 1364 3009 arcta
1395 2965 1449 3010 et
1486 2964 1739 3026 angusta,
1784 2972 1902 3024 qua:
1937 2956 2084 3011 ducit

501 3043 566 3096 ad
595 3043 779 3097 vitam.

1121 3157 1344 3211 CAPUT
1377 3157 1461 3212 Vl.

507 3244 736 3308 Qualiter
758 3245 970 3299 debeant
994 3247 1086 3322 uiri
1102 3263 1220 3322 eum
1244 3248 1487 3322 uxoribus
1510 3265 1570 3301 ac
1590 3249 1713 3314 ﬁliis
1735 3249 1920 3320 absque
1940 3251 2075 3322 prri-

919 3316 1037 3369 culo
1066 3318 1228 3372 vivere
1256 3319 1307 3370 in
1338 3324 1662 3375 monasterio.

574 3407 703 3461 Cum
724 3409 929 3468 venerit
948 3411 1224 3478 quisquam
1247 3426 1369 3466 cum
1395 3426 1559 3464 uxore
1572 3412 1654 3466 vel
1679 3412 1800 3465 filiis
1818 3410 2072 3480 parvulis,

505 3500 556 3551 id
587 3511 684 3564 cst,
719 3501 850 3552 inl'ra
889 3509 1094 3570 Septem
1126 3516 1312 3567 annos,
1357 3502 1552 3570 placuit
1590 3512 1784 3556 sancta:
1809 3503 2074 3556 communi

501 3592 694 3660 regula:
729 3602 782 3645 ut
813 3604 916 3646 tam
967 3603 1213 3660 parentes
1257 3610 1413 3663 quam
1445 3594 1535 3648 lilii
1582 3596 1632 3648 in
1670 3603 1984 3666 potestatem
2017 3610 2076 3649 se

503 3687 713 3737 tradant
743 3685 968 3750 abbatis,
1001 3685 1088 3754 qtti
1120 3694 1172 3740 et
1197 3686 1309 3755 ipse
1352 3680 1513 3740 abbas
1548 3689 1692 3740 Omni
1724 3689 2075 3744 sollicitudine

505 3779 630 3846 quid
687 3779 973 3832 observare
1027 3779 1253 3833 debeant
1294 3781 1674 3834 rationabiliter
1699 3780 1778 3834 eis
1807 3781 2069 3850 disponat.

506 3867 743 3920 Primum
803 3871 999 3922 nullam
1057 3871 1296 3938 corporis
1325 3872 1404 3924 sui
1461 3880 1772 3940 potestatem
1823 3871 2071 3937 habeant,

499 3971 672 4025 neque
697 3957 764 4011 de
784 3959 902 4012 cibo
919 3969 1005 4012 aut
1032 3961 1338 4013 indumento
1361 3962 1682 4031 recogitent;
1713 3974 1883 4030 neque
1908 3959 2073 4014 facul-

500 4057 637 4103 tates
683 4060 774 4103 aut
823 4051 1050 4118 villulas,
1100 4067 1235 4122 quas
1276 4055 1440 4108 semel
1473 4055 1818 4124 reliquerunt,
1851 4055 2072 4108 ulterius

495 4140 772 4206 possidere
807 4152 1152 4206 przesumant;
1181 4143 1271 4196 sed
1296 4150 1540 4209 tanquam
1567 4144 1802 4212 hospites
1833 4155 1888 4199 et
1918 4159 2074 4214 pere-

499 4231 635 4299 grini
667 4231 890 4301 subjecti
922 4231 974 4286 in
1006 4235 1323 4288 monasterio
1352 4235 1561 4300 vivant;
1607 4246 1661 4291 et
1688 4251 1857 4305 neque
1882 4251 2070 4305 parcn-

502 4330 581 4375 tes
599 4322 812 4376 solliciti
842 4323 950 4376 sint
982 4339 1075 4390 pro
1107 4324 1250 4389 ﬁliis,
1297 4341 1467 4393 neque
1495 4327 1584 4380 lilii
1619 4342 1712 4397 pro
1738 4327 2062 4396 parentibus.

2181 1863 2233 1916 in
2292 1861 2587 1927 mendacio,
2637 1860 2794 1926 furto,
2855 1859 2939 1914 vel
2991 1857 3225 1928 perjnrio
3276 1854 3753 1922 deprehendantur.

2180 1953 2331 2019 Quod
2373 1955 2416 2006 si
2467 1953 2516 2006 iit
2559 1951 2735 2020 aliquo
2764 1964 2881 2021 qua:
2912 1949 3139 2004 diximus
3193 1947 3505 2016 deprehensi
3545 1944 3755 2010 fuerint,

2179 2046 2432 2100 continuo
2471 2045 2537 2099 ab
2577 2047 2690 2113 ipso
2735 2057 2833 2098 suo
2880 2042 3080 2097 decano
3105 2041 3251 2110 virga
3273 2039 3641 2093 emendentur.
3696 2038 3758 2092 Et

2181 2139 2293 2208 ipse
2321 2131 2568 2190 cellarius
2600 2136 2680 2190 eis
2714 2134 2876 2203 pedes
2905 2143 2956 2188 et
2980 2133 3290 2187 vestimenta
3318 2131 3483 2193 lavet;
3533 2136 3586 2181 et
3629 2142 3756 2194 qua-

2179 2228 2305 2284 liter
2351 2229 2404 2282 in
2443 2227 2723 2281 sanctitate
2767 2224 3064 2294 proﬁciant,
3112 2236 3232 2276 cum
3280 2219 3428 2273 omni
3469 2218 3757 2271 intentione

2179 2319 2419 2381 edoceat,
2467 2327 2522 2371 ut
2567 2331 2596 2369 a
2629 2317 2850 2370 Domino
2875 2315 3082 2383 plenam
3110 2310 3589 2366 remunerationem
3617 2307 3752 2359 acci-

2181 2411 2307 2478 piat,
2333 2419 2386 2464 et
2414 2409 2648 2464 veritatis
2681 2415 2940 2476 prtecepta
2991 2405 3216 2460 dicentis
3267 2403 3464 2468 audiat,
3511 2402 3600 2469 qui
3649 2400 3748 2450 ait:

2183 2502 2349 2557 Sinite
2369 2500 2609 2572 parvulos
2630 2502 2796 2554 venire
2816 2501 2881 2554 ad
2899 2514 2996 2564 me,
3019 2513 3080 2550 ne
3103 2495 3409 2564 prohibeatis
3438 2508 3540 2558 eos,
3570 2491 3746 2543 talium

2181 2597 2316 2649 enim
2343 2604 2414 2649 est
2441 2610 2652 2664 regnum
2684 2593 2920 2649 castarum
2953 2583 3295 2676 (Matthitx).

2775 2705 3000 2761 CAPUT
3044 2704 3150 2758 νη.

2329 2778 2559 2848 Qualiter
2582 2777 2776 2846 inﬁrmi
2796 2778 2847 2830 iu
2875 2777 3176 2829 monasterio
3199 2773 3407 2826 debeant
3434 2770 3608 2824 teneri.

2254 2870 2450 2927 Inlirmi
2478 2867 2713 2936 quolibet
2731 2868 2914 2921 morbo
2928 2867 3117 2930 defessi
3138 2867 3189 2919 itt
3210 2878 3311 2918 una
3331 2861 3545 2932 iaceant
3564 2861 3757 2930 domo,“

2183 2975 2236 3018 ct
2263 2962 2370 3026 uui,
2399 2960 2488 3029 qui
2515 2970 2667 3027 aptus
2699 2968 2780 3012 est
2807 2958 3148 3027 delegentur;
3204 2965 3257 3009 et
3286 2964 3432 3008 tanto
3461 2951 3750 3006 ministerio

2183 3055 2482 3120 foveantur,
2506 3063 2563 3106 ut
2602 3067 2698 3106 nec
2723 3052 3133 3121 prepinquorum
3164 3049 3400 3116 allectus,
3427 3061 3523 3100 nec
3543 3045 3746 3100 urbium

2179 3146 2400 3201 delicias
2431 3145 2724 3214 requirant,
2759 3145 2849 3198 sed
2877 3142 3014 3212 quod
3045 3157 3260 3195 necesse
3303 3139 3599 3200 habuerint,
3645 3139 3749 3192 cel-

2177 3238 2338 3290 larius
2364 3246 2416 3290 et
2440 3241 2752 3304 pra-positus
2793 3234 3135 3302 prtevideant.
3218 3233 3320 3300 Ipsi
3376 3246 3502 3284 vero
3555 3231 3746 3284 infirmi

2181 3335 2322 3380 tanta
2345 3326 2700 3380 sollicitudine
2721 3324 3127 3390 admoneamur,
3161 3330 3217 3375 ut
3243 3323 3307 3374 de
3330 3335 3422 3374 ore
3446 3333 3630 3374 eorum
3655 3334 3750 3372 nec

2176 3418 2671 3488 quantuluscunque
2702 3417 2780 3470 vel
2815 3416 2942 3470 levis
2970 3429 3144 3470 sermo
3177 3411 3607 3466 murmurationis
3631 3425 3751 3478 pro-

2177 3511 2354 3577 cedat,
2383 3512 2474 3566 sed
2507 3511 2557 3564 in
2584 3525 2679 3564 sua
2733 3509 3040 3563 infirmitate
3067 3521 3185 3559 cum
3215 3503 3366 3558 hilari
3414 3513 3592 3556 mente
3637 3502 3752 3555 sine

2180 3602 2595 3666 intermissione,
2627 3609 2680 3653 et
2709 3599 2880 3652 ablata
2906 3595 3337 3650 murmurationis
3357 3592 3657 3655 occasione,
3696 3600 3746 3645 et

2177 3708 2300 3748 vera
2331 3691 2502 3746 cordis
2529 3691 2951 3758 compunctione,
2983 3702 3193 3756 semp-vr
3217 3686 3324 3739 Deo
3345 3685 3541 3754 gratias
3561 3691 3745 3750 agant;

2179 3792 2232 3838 ct
2259 3783 2420 3837 frater
2448 3780 2537 3848 qui
2567 3782 2643 3835 eis
2673 3780 2955 3844 ministrat,
2990 3778 3137 3832 nullo
3179 3787 3328 3844 pacto
3369 3773 3636 3828 olieudere
3660 3789 3750 3825 au-

2176 3872 2319 3927 deat.
2396 3869 2547 3936 Quod
2594 3870 2639 3923 si
2678 3868 2886 3936 aliquis,
2944 3875 3002 3921 ut
3048 3865 3301 3930 diximus,
3352 3877 3416 3918 ex
3443 3878 3535 3915 ore
3565 3876 3744 3916 eorum

2179 3959 2616 4015 murmurationis
2644 3957 2961 4027 processerit
2989 3956 3290 4023 scrupulus,
3332 3955 3400 4006 ab
3443 3950 3634 4005 abbate
3671 3949 3745 4000 itt-

2177 4060 2482 4119 crepentur,
2539 4057 2593 4104 et
2619 4064 2686 4102 ne
2718 4047 2838 4101 talia
2864 4045 3166 4114 supradicta
3209 4043 3383 4098 facere
3409 4049 3740 4111 praesumant,

2178 4145 2584 4206 admoneamur,
2629 4143 2700 4197 ita
2746 4151 2802 4196 ut
2831 4141 2918 4196 ille
2945 4154 3038 4197 eos
3064 4146 3298 4205 accuset,
3351 4136 3437 4207 qui
3471 4135 3570 4189 hoc
3596 4135 3744 4188 minie

2177 4237 2397 4292 sterium
2427 4235 2719 4304 iniunctum
2745 4233 2924 4288 habet.

2770 4349 2992 4405 CAPUT
3023 4349 3148 4403 Vill.

498 4412 679 4480 Neque
699 4427 1033 4469 communem
1062 4416 1540 4471 confabulationem
1573 4419 1818 4485 habeant,
1841 4429 2061 4489 excepto
2095 4432 2146 4496 ι)
2205 4436 2212 4444 '
2287 4425 2517 4488 Qualiter
2547 4423 2755 4476 debeant
2781 4437 2922 4475 senrs
2949 4421 3214 4490 gubernari
3237 4418 3290 4471 in
3313 4414 3640 4469 monasterio.

496 4509 539 4560 si
572 4523 672 4560 non
696 4509 980 4562 auctoritas
1011 4509 1200 4577 prioris
1226 4510 1547 4578 praeceperit.
1588 4510 1708 4564 illos
1732 4521 1906 4565 tamen
1941 4528 2069 4581 par-

500 4601 667 4662 vulos,
700 4615 830 4669 quos
859 4601 1033 4655 adhuc
1080 4604 1131 4655 in
1159 4604 1444 4670 crepundia
1473 4605 1712 4659 videmus
1745 4607 2066 4670 tenerculos,

504 4702 721 4758 propter
748 4692 1164 4746 misericordiam
1189 4709 1498 4748 concessam
1532 4696 1756 4751 habeant
1781 4697 2066 4766 licentiam,

500 4781 711 4848 quando
739 4781 1022 4845 voluerint,
1054 4782 1116 4834 ad
1145 4793 1344 4850 patrem
1367 4795 1455 4838 aut
1486 4796 1704 4838 matrem
1730 4795 1968 4856 pergant,
2005 4802 2070 4842 ne

505 4873 727 4923 fortasse
745 4881 984 4938 parentes
1017 4887 1109 4941 pro
1140 4875 1265 4940 ipsis
1291 4875 1340 4928 itt
1371 4876 1496 4928 vitio
1519 4876 1951 4930 ttturtnurationis
1977 4891 2070 4930 ca-

499 4965 656 5026 dant;
687 4965 804 5031 quia
836 4965 968 5017 solet
1000 4980 1096 5033 pro
1126 4971 1202 5019 es
1228 4967 1440 5035 grandis
1486 4967 1534 5021 itt
1569 4971 1890 5022 monasterio
1921 4985 2068 5023 mur-

502 5057 728 5109 nturatio
756 5058 989 5111 evenire.
1047 5058 1147 5111 Sed
1179 5058 1316 5112 inter
1340 5066 1592 5128 utrosque
1621 5062 1917 5126 foveantur,
1943 5076 2070 5125 quo-

499 5163 666 5215 usque
688 5149 1206 5219 quantulumcunque
1230 5152 1460 5220 regulatn
1485 5162 1828 5218 cognoscmtt,
1857 5162 1909 5204 et
1929 5167 2072 5207 sctu-

498 5255 592 5309 per
623 5240 976 5304 instruantur,
1027 5251 1082 5294 ut
1110 5243 1220 5296 sive
1242 5242 1351 5296 sint
1380 5242 1545 5308 pueri,
1576 5243 1691 5297 sive
1713 5244 1923 5310 puclla',
1953 5259 2070 5295 tut)-

498 5333 729 5385 naSterio
761 5340 1115 5400 provocentur
1161 5331 1247 5384 uhi
1281 5331 1520 5385 habitare
1570 5332 1730 5386 futuri
1763 5345 1941 5387 erunt.
2001 5333 2071 5386 Et

497 5424 725 5491 qualiter
773 5423 872 5492 ipsi
902 5423 1128 5477 infantes
1169 5423 1220 5476 in
1250 5424 1573 5477 monasterio
1602 5425 1916 5490 nutriantur,
1963 5426 2072 5493 pla-

496 5529 616 5567 nam
649 5513 979 5569 ostendimus
1006 5513 1166 5578 viam,
1211 5514 1254 5568 si
1284 5514 1535 5568 Dominus
1561 5515 1768 5570 dederit
1799 5531 2070 5572 commea—

495 5615 624 5658 tum.
686 5605 922 5674 Eligatur
973 5605 1216 5660 cellarius
1261 5605 1413 5658 boote
1466 5604 1730 5674 patientia:
1781 5605 2069 5674 probatus,

498 5709 650 5764 quem
682 5697 974 5750 communis
996 5698 1211 5765 elegerit
1241 5698 1471 5765 collatio,
1503 5700 1648 5754 etab
1669 5700 1809 5754 omni
1844 5714 2066 5755 excuse-

2250 4515 2437 4568 Soleut
2482 4512 2718 4580 plerique
2760 4512 2940 4564 novitii
2972 4524 3126 4563 senes
3180 4507 3360 4560 venire
3389 4504 3453 4558 ad
3485 4512 3746 4557 monaste-

2175 4603 2333 4669 rium,
2391 4613 2446 4657 et
2475 4603 2667 4657 multos
2702 4617 2763 4654 ex
2798 4601 2876 4652 his
2907 4600 3272 4668 Cognoscimus
3297 4593 3622 4648 necessitatis
3652 4593 3748 4644 itu-

2175 4693 2459 4748 bccillitate
2488 4691 2725 4760 polliceri
2753 4703 2984 4758 paetum,
3032 4703 3136 4741 non
3169 4688 3234 4740 ob
3264 4686 3533 4755 religionis
3556 4685 3742 4739 obtett.

2175 4792 2305 4837 turn.
2354 4781 2482 4835 Cum
2527 4781 2657 4833 tales
2687 4782 2878 4848 reperti
2911 4777 3128 4842 fuerint,
3178 4778 3352 4830 acrius
3397 4790 3619 4830 necesse
3668 4783 3749 4828 est

2173 4880 2492 4940 arguantur;
2520 4879 2572 4923 et
2601 4871 2738 4924 inter
2764 4879 2953 4922 caetera
2983 4868 3329 4922 instrumenta
3355 4867 3455 4921 nisi
3487 4866 3551 4920 ad
3583 4867 3747 4919 inter.

2175 4974 2355 5032 rogata
2385 4979 2487 5018 non
2519 4965 2818 5032 loquantur.
2865 4961 3068 5015 [labent
3089 4963 3228 5014 enim
3255 4973 3305 5014 et
3336 4961 3432 5028 ipsi
3461 4967 3747 5014 consuetu-

2173 5057 2350 5109 dinem
2378 5069 2552 5109 mores
2578 5053 2824 5122 pristinos
2843 5067 3109 5120 nunquam
3135 5051 3439 5112 abhorrere,
3470 5061 3521 5104 et
3545 5058 3600 5103 ut
3620 5049 3744 5102 olim

2175 5146 2390 5200 luerunt
2417 5147 2578 5208 docti,
2611 5145 2761 5197 vanis
2785 5143 2970 5196 fabulis
2996 5143 3227 5210 evagari.
3280 5142 3343 5193 Et
3371 5155 3493 5193 cum
3519 5139 3654 5193 forte
3682 5139 3746 5192 ab

2172 5238 2348 5301 aliquo
2402 5237 2562 5290 fratre
2592 5235 2814 5304 spiritali
2845 5233 3201 5301 corriguntur,
3253 5230 3508 5285 continuo
3541 5233 3592 5285 in
3643 5233 3745 5285 ἰῆς

2172 5328 2415 5382 cundiam
2443 5327 2742 5393 prosiliunt,
2769 5333 2820 5379 et
2846 5339 2939 5392 per
2960 5323 3263 5376 diuturnum
3289 5331 3496 5389 tempus
3521 5321 3742 5375 tristitia

2175 5417 2358 5473 morbo
2384 5417 2744 5481 stimulantur,
2776 5425 2830 5470 et
2856 5430 2884 5469 a
2912 5429 3133 5469 rancere
3160 5413 3376 5467 malitia:
3404 5415 3615 5481 penitus
3641 5427 3739 5466 non

2173 5509 2456 5564 desistunt.
2525 5507 2734 5560 Etcum
2766 5505 3067 5574 frequenter
3091 5513 3146 5558 et
3185 5504 3537 5558 immoderate
3566 5505 3619 5556 in
3657 5503 3740 5556 tali

2175 5602 2300 5656 vitio
2327 5600 2652 5666 dilabuntur,
2685 5597 2896 5653 tristitia
2938 5612 3058 5652 cum
3091 5597 3307 5664 deserit,
3339 5596 3496 5651 solita
3525 5609 3741 5650 consue-

2178 5695 2357 5752 tudine
2385 5694 2437 5748 in
2467 5693 2654 5748 fabulis
2685 5704 2736 5750 ct
2760 5693 2867 5749 risu
2898 5692 3040 5748 frena
3067 5692 3327 5748 laxantur.
3377 5691 3607 5746 Proinde
3629 5702 3737 5743 cum
