4016 6354
228 395 375 451 ΗΠ

1326 390 1605 446 REGULA
1644 387 2034 443 MONASTICA
2070 388 2441 445 COMMUNIS.

3322 386 3459 444 1118

205 509 304 565 tali
337 507 582 562 cautione
601 506 655 561 in
678 506 920 561 coenobio
947 504 1370 570 introducuntur,
1402 518 1457 559 ut
1480 505 1566 560 die
1590 514 1780 559 noctu-
1809 503 1863 562 Δ
1886 502 2056 557 siccis
2072 504 2365 571 praebeatur
2386 498 2757 556 vestimentum
2775 511 2823 557 ct
2840 503 3277 567 calceamentum.
3296 521 3464 574 quan-

205 615 315 668 que
348 615 452 652 non
486 598 672 651 fabulis
698 607 1004 665 evagentur,
1031 596 1124 651 sed
1154 595 1206 648 in
1254 596 1483 663 singultu
1530 604 1585 649 et
1614 594 1790 665 lacry-

209 692 347 751 mis,
376 690 562 743 cinere
597 698 650 743 et
674 689 848 742 cilicio
885 697 1181 752 versentur,
1210 697 1261 743 et
1287 694 1550 742 retroacta
1583 696 1793 754 peccata

204 792 334 831 cum
364 780 561 844 gemitu
588 778 761 831 cordis
793 778 1106 844 pmoiteant,
1153 786 1207 831 et
1238 776 1539 845 paenitenda
1569 776 1793 833 ulterius

206 884 319 925 non
343 869 696 923 committant.
758 869 822 922 Et
852 878 1104 936 quantum
1122 868 1414 922 habuerunt
1443 866 1494 920 in
1521 865 1792 934 peccando

210 976 399 1031 prava:
428 976 539 1015 suae
571 960 763 1016 mentis
812 960 1180 1025 intentionem,
1230 960 1445 1027 duplum
1486 958 1714 1012 habeant
1739 958 1791 1010 in

205 1052 559 1109 lamentando
607 1053 815 1121 plenam
857 1051 1217 1105 devotionem.
1288 1050 1416 1115 Quia
1464 1064 1558 1117 per
1581 1058 1793 1115 septua-

204 1145 359 1217 ginta
382 1154 438 1199 et
458 1159 523 1197 eo
548 1144 774 1214 amplius
798 1156 966 1197 annos
985 1143 1205 1209 abrupte
1223 1140 1572 1209 peccaverint,
1595 1149 1649 1194 et
1671 1138 1793 1193 ideo

208 1251 511 1304 congruum
542 1244 623 1289 cst
666 1242 723 1292 ut
749 1244 891 1287 arcta
922 1234 1231 1301 paenitentia
1262 1240 1623 1293 coerceantur,
1670 1230 1792 1297 quia

207 1339 261 1385 et
292 1328 537 1380 medicus
559 1336 704 1380 tanto
733 1324 1043 1394 profundius
1069 1324 1281 1377 vulnera
1311 1320 1591 1385 abscindit,
1626 1333 1794 1386 quan-

208 1430 324 1473 tum
352 1419 594 1488 ptttridas
623 1432 809 1472 carnes
838 1416 999 1470 videt.
1051 1414 1205 1469 Tales
1232 1428 1359 1483 ergo
1392 1426 1485 1480 per
1537 1412 1795 1479 paeniten-

210 1516 342 1569 tiam
374 1529 561 1567 veram
590 1512 947 1579 corrigantur,
990 1519 1047 1563 ut
1087 1509 1131 1564 si
1163 1508 1449 1572 noluerint,
1481 1520 1793 1560 excommu-

212 1607 491 1660 nicatione
537 1606 790 1658 cootinuo
816 1603 1186 1658 emendentur.
1241 1600 1392 1665 Quod
1419 1601 1462 1653 si
1494 1599 1572 1655 bis
1600 1599 1796 1665 septies

211 1698 479 1751 admoniti
505 1698 571 1751 ab
594 1697 692 1749 hoc
715 1698 840 1749 vitio
868 1710 970 1748 non
999 1693 1192 1747 fuerint
1214 1692 1501 1755 emendati,
1531 1690 1797 1744 deducan-

214 1798 299 1841 tur
326 1787 383 1841 in
412 1798 675 1841 conventu
698 1788 975 1855 majorum,
1007 1795 1059 1839 et
1084 1784 1277 1838 ibidem
1305 1784 1478 1837 denuo
1506 1783 1797 1835 discutian-

210 1888 331 1941 tur,
362 1877 490 1932 etsi
518 1891 577 1931 se
620 1880 891 1943 corripere
920 1890 1025 1929 non
1058 1874 1414 1943 permiserint,
1465 1874 1604 1925 foras
1635 1871 1797 1938 proji-

209 1967 449 2022 ciantur.
516 1967 618 2021 Eos
648 1980 770 2020 vero
822 1979 999 2030 senes,
1048 1978 1180 2033 quos
1227 1964 1454 2032 quietos,
1508 1960 1809 2028 simplices,-

215 2061 481 2127 bumiles,
537 2071 590 2115 et
616 2060 947 2124 obedientes,
1000 2059 1050 2113 in
1083 2058 1321 2111 oratione
1373 2054 1699 2123 frequentes,
1744 2063 1799 2108 et

211 2162 325 2208 tam
352 2153 567 2220 propria
593 2166 749 2219 quam
768 2151 936 2204 aliena
962 2158 1172 2218 peccata
1202 2148 1563 2215 deplorantes,
1587 2156 1640 2200 et
1668 2160 1800 2214 quo-

207 2245 345 2299 tidie
374 2245 441 2299 de
468 2247 575 2299 vita
606 2244 983 2313 periclitantes,
1014 2253 1065 2296 et
1088 2242 1355 2296 Christum
1384 2253 1595 2306 semper
1618 2253 1669 2292 tn
1704 2253 1797 2292 ore

216 2338 506 2408 habentes,
537 2346 591 2390 et
614 2338 658 2390 si
685 2337 977 2391 secundum
1008 2338 1149 2388 vires
1186 2334 1295 2387 otio
1318 2348 1421 2386 non
1445 2342 1717 2395 vacantes,
1745 2340 1800 2385 et

211 2443 320 2481 non
350 2442 471 2491 suo,
502 2427 595 2481 sed
628 2426 886 2495 majorum
910 2425 1133 2481 arbitrio
1163 2424 1473 2493 pendentes,
1506 2429 1560 2476 et
1590 2422 1797 2489 propin-

216 2521 443 2589 quitatis
472 2520 719 2574 affectum
751 2519 981 2587 perfecte
1018 2518 1345 2581 deserentes,
1396 2524 1449 2569 et
1471 2524 1657 2569 cuncta
1681 2528 1797 2580 qua:

213 2612 514 2679 possident,
544 2627 646 2664 non
669 2611 802 2677 suis,
831 2610 921 2667 sed
937 2608 1129 2663 Christi
1157 2605 1472 2676 pauperibus
1494 2611 1795 2671 erogantes,

208 2716 261 2757 et
298 2702 436 2755 nihil
493 2702 709 2756 sibimet
758 2709 1118 2764 reservantes,
1170 2707 1224 2751 et
1266 2696 1600 2751 dilectionem
1625 2693 1715 2746 Dei
1746 2700 1799 2745 et

210 2793 449 2861 proximi
499 2800 604 2843 tota
638 2801 813 2845 mente
869 2800 921 2844 et
968 2788 1278 2843 fortitudine
1310 2794 1571 2850 tenentes,
1631 2790 1684 2836 et
1710 2782 1798 2837 die

209 2892 487 2949 noctuque
516 2881 567 2933 in
622 2882 735 2950 lege
769 2881 972 2935 Domini
1006 2879 1318 2934 meditantes
1361 2891 1479 2930 esse
1528 2873 1798 2941 cognosci-

214 2986 358 3035 mus,
417 2970 505 3039 pia
554 2972 893 3025 miseratione
922 2973 1059 3024 sicut
1111 2969 1394 3023 infantulos
1424 2966 1611 3030 foveri,
1660 2964 1796 3017 sicut

210 3074 392 3130 patres
423 3063 672 3116 honorari
697 3064 1027 3128 mandamus,
1061 3064 1128 3117 ita
1161 3071 1267 3115 uta
1298 3060 1518 3129 pistrino
1540 3067 1593 3112 et
1615 3056 1794 3125 coqui-

1901 604 2007 647 tum
2032 609 2250 648 necesse
2280 602 2361 647 est
2386 593 2452 647 ad
2484 592 2781 647 suffecwm.
2848 593 2916 647 Et
2948 610 3039 662 pro
3067 596 3285 649 servitio
3328 612 3463 651 unus

1900 692 2101 737 tantum
2131 698 2284 751 quem
2313 684 2562 748 diximus,
2618 699 2719 742 non
2750 694 2923 739 tamen
2974 700 3158 739 omnes
3192 686 3242 738 in
3277 702 3461 741 mona-

1897 777 2060 827 sterio
2086 774 2457 841 inquietentur.
2513 774 2571 826 Et
2601 774 2721 843 quia
2768 774 2941 829 solent
2970 777 3203 829 nonnulli
3229 778 3314 844 qui
3347 792 3467 846 gre-

1896 880 1989 933 ges
2013 865 2314 918 custodiunt
2336 880 2691 934 murmurare,
2722 876 2776 919 et
2806 868 2998 921 nullam
3032 886 3088 923 se
3120 885 3216 938 pro
3246 871 3332 922 tali
3355 885 3465 922 ser-

1900 957 2027 1011 vitio
2058 965 2239 1026 putant
2281 958 2475 1013 habere
2504 960 2823 1024 mercedem,
2859 974 2976 1013 cum
3008 975 3065 1013 se
3094 960 3144 1012 iu
3177 976 3466 1029 congrega-

1898 1049 2040 1101 tione
2065 1059 2277 1102 orantes
2324 1058 2376 1103 et
2423 1050 2720 1104 laborantes
2765 1051 2979 1104 minime
3011 1050 3471 1121 vident,audiaut

1895 1139 2020 1206 quid
2053 1139 2232 1192 diettnt
2285 1139 2496 1194 Patrum
2532 1142 2749 1209 regulre,
2784 1151 3018 1197 tacentes
3066 1144 3383 1213 recogitent:
3419 1153 3470 1196 et

1896 1229 2110 1283 Patrum
2141 1230 2380 1299 exempla
2410 1234 2821 1300 praecedentium
2864 1245 3307 1302 recognoscentes
3331 1233 3472 1286 sibi-

1897 1323 2136 1388 metipsis
2182 1323 2515 1391 denuntient,
2570 1328 2689 1393 quia
2721 1326 3031 1394 patriarchae
3083 1341 3265 1395 greges
3311 1342 3470 1392 pave-

1897 1424 2040 1473 runt.
2072 1424 2123 1467 et
2157 1415 2343 1468 Petrus
2375 1417 2655 1483 piscatoris
2683 1418 2846 1485 gessit
2890 1418 3145 1479 officium,
3196 1428 3245 1469 et
3275 1418 3469 1485 .Ioseph

1893 1505 2089 1573 justus,
2150 1505 2236 1559 cui
2278 1507 2424 1573 virgo
2464 1508 2624 1561 Maria
2663 1509 2975 1576 desponsata
3025 1509 3265 1572 exstitit,
3326 1510 3471 1572 faber

1900 1594 2148 1664 lignarios
2197 1595 2313 1650 fuit.
2374 1596 2603 1650 Proinde
2658 1599 2742 1650 isti
2787 1613 2889 1650 non
2941 1598 3135 1650 debent
3195 1597 3472 1664 despicere

1898 1700 2029 1753 quas
2058 1687 2325 1756 delegatas
2353 1702 2479 1743 oves
2508 1689 2722 1754 habent,
2774 1691 2892 1757 quia
2937 1691 3125 1743 exinde
3153 1705 3255 1741 non
3289 1705 3468 1755 unam,

1898 1778 1990 1831 sed
2021 1781 2211 1835 multas
2239 1792 2638 1850 consequuntur
2669 1785 2960 1847 mercedes,
3014 1784 3136 1838 inde
3164 1794 3471 1838 recreantur

1903 1872 2125 1937 parvuli,
2154 1872 2532 1927 iudefoventur
2553 1890 2727 1939 senes,
2756 1876 2876 1928 inde
2904 1876 3232 1929 redimuntur
3254 1877 3468 1945 captivi,

1899 1960 2020 2016 inde
2063 1963 2418 2030 suscipiuntur
2472 1964 2706 2034 hospites
2733 1976 2786 2019 ct
2815 1965 3095 2034 peregrini.
3162 1965 3223 2017 Et
3260 1965 3472 2033 insuper

1900 2052 1981 2104 vix
2013 2052 2176 2105 tribus
2208 2054 2477 2107 mensibus
2533 2070 2625 2121 per
2666 2056 2915 2123 pleraque
2952 2055 3270 2108 monasteria
3307 2056 3473 2107 abun-

1898 2144 2136 2209 daretur,
2168 2146 2211 2198 si
2243 2147 2353 2199 sola
2392 2147 2698 2215 quotidiana
2724 2147 2942 2200 fuissent
2972 2146 3252 2214 paximatia
3290 2148 3341 2199 in
3375 2147 3474 2201 hac

1901 2234 2165 2302 provincia
2190 2236 2304 2301 plus
2331 2238 2576 2292 omnibus
2606 2240 2759 2292 terris
2785 2238 3064 2292 laboriosa.
3119 2238 3472 2305 Quamobrem

1899 2329 1989 2395 qui
2023 2327 2121 2380 hoc
2151 2328 2423 2381 servitium
2456 2329 2694 2382 habuerit
2720 2326 3033 2398 iujunctum,
3062 2344 3181 2383 cum
3215 2328 3475 2381 hilaritate

1900 2416 2074 2471 cordis
2100 2418 2334 2483 obediat,
2364 2428 2417 2471 et
2456 2418 2751 2472 certissime
2779 2419 2964 2471 credat
3003 2418 3140 2486 quod
3173 2417 3472 2471 obedientia

1899 2523 1926 2560 a
1957 2511 2141 2578 quovis
2175 2510 2408 2577 periculo
2437 2510 2646 2573 liberat,
2678 2521 2730 2563 et
2761 2524 3004 2577 magnum
3035 2509 3132 2561 sibi
3156 2519 3277 2561 ante
3309 2509 3473 2561 Deum

1902 2610 2161 2667 prmpatat
2185 2600 2433 2669 fructum,
2462 2602 2599 2655 sicut
2628 2610 2682 2653 et
2711 2600 3022 2655 inobediens
3041 2599 3263 2654 incurrit
3285 2597 3473 2652 animae

1899 2690 2272 2745 detrimentum
2283 2731 2294 2743 .
3356 2700 3359 2705 ’

2516 2778 2739 2835 CAPUT
2780 2780 2845 2836 X.

2232 2866 2369 2933 Quid
2395 2869 2603 2922 debeant
2633 2876 2892 2924 observare
2916 2870 3118 2924 abbates

1972 2962 2204 3016 Pritnum
2256 2964 2411 3015 horas
2454 2962 2757 3026 canonicas,
2800 2963 2850 3017 id
2881 2970 2983 3027 est,
3015 2964 3258 3032 primam,
3292 2961 3467 3017 missis

1902 3053 2157 3121 operariis
2206 3054 2256 3106 in
2308 3053 2547 3115 vineam;
2583 3053 2814 3118 tertiam,
2844 3062 3082 3107 sanctum
3112 3052 3366 3121 Spiritum
3415 3053 3467 3106 in

210 3170 406 3222 mrum
438 3156 551 3208 vice
600 3166 937 3220 excusem”,
975 3166 1029 3211 ει
1067 3155 1135 3208 ab
1178 3169 1306 3225 agro
1353 3164 1408 3207 οι
1446 3154 1581 3207 duro
1614 3153 1793 3209 labore
1823 3182 1865 3240 C
1901 3145 2171 3212 apostolos
2211 3143 2585 3207 descendisse;
2623 3152 2848 3210 sextam,
2881 3143 3156 3196 Dominum
3184 3143 3236 3196 in
3259 3156 3469 3197 crucem

210 3244 379 3315 quieti
410 3254 619 3315 vacent,
664 3258 886 3314 excepto
925 3246 1063 3315 quod
1096 3247 1265 3315 aliqua
1298 3245 1490 3298 leviora
1522 3261 1679 3311 opera
1711 3250 1790 3303 eis

212 3336 590 3404 injungantur,
648 3352 713 3391 ne
745 3337 881 3389 fessa
924 3349 1052 3388 mtas
1093 3345 1217 3389 ante
1249 3348 1455 3403 tempus
1485 3336 1789 3404 frangatur:

210 3427 317 3480 cibi
344 3429 524 3480 tamen
548 3427 737 3491 quibus
769 3427 1093 3490 reficiantur,
1128 3427 1293 3480 teneri
1327 3435 1372 3479 et
1408 3428 1595 3481 molles
1620 3443 1683 3481 ex
1715 3428 1792 3481 in-

206 3515 421 3571 dustria
445 3516 511 3570 ab
538 3515 964 3570 hebdomadariis
992 3526 1307 3584 coquantur,
1341 3527 1393 3571 et
1417 3532 1605 3571 carnes
1637 3527 1688 3570 et
1717 3519 1794 3581 vi:

210 3618 346 3660 num
394 3614 612 3674 propter
641 3605 1063 3659 imbecillitatem
1092 3607 1362 3660 moderate
1411 3607 1488 3660 eis
1521 3609 1795 3675 praebean-

212 3706 333 3761 tur;
365 3707 421 3749 et
450 3711 633 3751 omnes
660 3697 723 3750 ad
753 3697 1014 3750 edendum
1039 3697 1091 3750 in
1124 3712 1224 3750 una
1250 3712 1428 3750 mensa
1454 3699 1791 3764 conttlentur,

209 3787 498 3853 acqualiter
526 3786 648 3841 cibo
676 3796 729 3840 et
752 3798 874 3853 potu
894 3802 999 3839 uno
1026 3786 1346 3839 reficiantur.
1404 3786 1790 3841 Vestimentutn

211 3897 350 3936 vero
381 3890 431 3934 et
462 3882 876 3936 calceamentum
906 3882 982 3935 sic
1013 3882 1090 3935 eis
1118 3881 1479 3950 praebeantur,
1513 3892 1571 3937 ut
1596 3885 1795 3953 absque

211 3973 341 4029 foco
368 3972 582 4044 frigoris
609 3976 677 4027 ab
715 3975 791 4028 eis
825 3973 1087 4042 asperitas
1115 3984 1379 4027 arceatur.

844 4084 1071 4141 CAPUT
1097 4086 1189 4140 IX.

216 4178 455 4244 Qualiter
481 4178 692 4231 debeant
714 4178 894 4241 vivere,
935 4179 1219 4300 qlzltibgreges
1260 4180 1553 4233 monasterii
1593 4179 1797 4250 delega-

858 4258 933 4300 tos
996 4264 1025 4300 a
1059 4260 1163 4300 ent.

858 4258 933 4300 108
960 4258 1163 4301 habent.

282 4339 397 4404 Qui
435 4354 624 4409 greges
655 4339 958 4393 monasterii
989 4339 1256 4407 accipiunt
1303 4339 1544 4405 alendos,
1598 4348 1793 4394 tantam

212 4430 633 4485 sollicitudinem
656 4445 817 4498 super
837 4444 930 4483 cos
951 4444 1134 4497 gerere
1161 4430 1375 4494 debent,
1401 4441 1458 4483 ut
1482 4431 1612 4483 nulli
1639 4432 1791 4483 dam-

1895 3238 2235 3300 ascendisse;
2287 3250 2512 3300 nonam,
2544 3234 2783 3303 Spiritum
2837 3236 3113 3299 emisisse;
3159 3248 3466 3303 vesperam,

1899 3326 2063 3379 David
2112 3326 2392 3391 cecinisse,
2436 3324 2908 3378 dicens:Elevatio
2953 3342 3194 3377 manuum
3241 3342 3467 3378 mearum

1896 3418 2203 3484 Sacriﬁcium
2248 3416 2587 3484 vespertinum
2634 3414 2802 3484 (Psul.
2827 3417 2989 3482 cu);
3018 3415 3243 3468 mediam
3278 3418 3466 3481 noctis,

1896 3508 2014 3576 quia
2057 3521 2117 3560 ea
2151 3506 2276 3558 hora
2306 3518 2499 3557 ctamor
2529 3506 2693 3573 factus
2725 3515 2793 3557 est
2819 3519 2838 3559 :
2870 3505 2998 3558 Ecce
3037 3520 3250 3572 sponsus
3304 3506 3461 3571 venit,

1895 3598 2025 3651 exite
2080 3598 2274 3649 obviam
2320 3597 2362 3649 ci
2411 3595 2797 3665 (Mali/LXXV),
2843 3607 2895 3649 et
2946 3605 3001 3648 ut
3048 3611 3108 3649 ea
3162 3594 3292 3648 hora
3346 3610 3465 3648 cum

1896 3688 1959 3740 ad
2000 3686 2255 3755 judicium
2304 3686 2540 3749 venerit,
2583 3702 2684 3738 non
2734 3702 2829 3739 nos
2886 3685 3214 3739 dormientes
3257 3687 3349 3739 sed
3392 3687 3467 3739 vi-

1894 3778 2115 3846 gilantes
2162 3777 2428 3842 inveniat;
2462 3776 2817 3845 gallicinium,
2848 3776 3115 3829 Christum
3162 3791 3192 3829 a
3240 3777 3464 3829 mortuis

1896 3873 2274 3925 resurrexisse.
2308 3871 2411 3923 llas
2444 3871 2599 3923 horas
2641 3871 2922 3924 cannnicas
2951 3870 3016 3922 ab
3044 3870 3259 3925 Oriente
3292 3886 3457 3939 usque

1895 3963 1948 4016 in
1978 3963 2320 4017 Occidentem
2370 3962 2651 4027 catholica,
2700 3963 2747 4015 id
2779 3972 2880 4025 est,
2915 3963 3230 4016 universalis
3264 3963 3460 4016 indesi-

1898 4063 2084 4107 nenter
2127 4055 2361 4107 celebrat
2402 4053 2656 4108 Ecclesia.
2690 4053 2917 4110 Proinde
2962 4069 3087 4123 ergo
3115 4053 3333 4107 abbates
3365 4068 3457 4121 per

1898 4147 2213 4200 monasteria
2247 4155 2352 4201 tota
2381 4147 2573 4199 mentis
2601 4146 2915 4211 intentione,
2949 4161 3067 4197 cum
3112 4144 3239 4199 ﬂetu
3268 4156 3318 4198 et
3346 4160 3462 4199 cor-

1898 4233 1981 4287 dis
2012 4236 2347 4300 eontritione,
2376 4235 2549 4289 ablata
2579 4235 2777 4289 laboris
2807 4242 2897 4288 aut
2926 4236 3129 4289 itineris
3158 4236 3458 4298 occasione,

1897 4338 2019 4381 cum
2048 4326 2191 4378 omni
2223 4326 2599 4379 monachorum
2623 4326 3031 4393 congregatione
3056 4325 3330 4379 celebrare
3364 4323 3458 4379 de-

1900 4415 2048 4470 bent.
2081 4417 2147 4469 Et
2188 4416 2273 4469 ubi
2301 4418 2379 4471 eis
2411 4417 2724 4485 properandi
2756 4416 2910 4468 fuerit
2952 4415 3256 4479 necessitas,
3288 4422 3341 4465 et
3372 4413 3467 4464 ho-

214 4537 350 4574 num
384 4522 435 4573 in
484 4520 720 4589 frugibus
748 4519 996 4587 inferant,
1026 4528 1082 4573 et
1113 4530 1252 4574 tanta
1284 4521 1545 4590 vigilantia
1578 4523 1794 4574 astutia-
1825 4524 1876 4581 Ι)
1906 4523 2079 4561 rarum
2124 4509 2464 4576 cognoverint
2498 4518 2689 4572 metas,
2725 4505 2976 4559 continuo
3008 4505 3168 4558 humo
3210 4504 3461 4572 prostrati

212 4629 323 4680 que
348 4612 718 4675 sollicitentur,
753 4626 819 4664 ne
845 4625 875 4663 a
898 4612 1081 4665 beStiis
1111 4612 1450 4674 devorentur,
1493 4622 1548 4665 ut
1578 4612 1790 4681 fragosa

215 4712 269 4753 et
322 4702 543 4768 abrupta
573 4702 827 4754 montium
863 4710 917 4755 et
953 4702 1330 4756 inaccessibilia
1369 4703 1579 4755 vallium
1610 4704 1790 4769 prohi»

215 4792 467 4860 beantur,
500 4806 565 4846 ne
591 4793 654 4846 ad
684 4793 1026 4863 praecipitium
1058 4793 1308 4848 deﬂuant.
1340 4793 1490 4859 Quod
1520 4793 1563 4846 si
1594 4808 1685 4860 per
1714 4794 1793 4846 in-

198 4885 446 4950 .curiam,
474 4894 564 4937 aut
595 4895 860 4951 pastorum
892 4883 1168 4949 desidiam,
1192 4899 1254 4936 ex
1280 4884 1594 4952 supradictis
1615 4883 1789 4953 aliqua

216 4973 529 5043 provenerit
576 4974 913 5042 negligentia,
962 4975 1213 5027 continuo
1259 4973 1477 5041 pedibus
1524 4975 1788 5027 seniorum

219 5064 624 5129 provolventes,
665 5072 717 5114 et
760 5072 1008 5131 tauquam
1038 5061 1217 5130 gravia
1255 5071 1464 5129 peccata
1509 5061 1789 5129 deploran-

214 5163 316 5218 tes,
348 5154 562 5223 dignam
588 5167 680 5217 pro
711 5153 861 5218 culpa
890 5152 1072 5221 perdiu
1094 5161 1249 5221 agant
1272 5151 1655 5221 paenitentiam,
1685 5165 1787 5218 qua

215 5254 427 5310 peracta
449 5241 718 5311 Supplices
740 5251 1013 5297 recurrant
1036 5242 1098 5297 ad
1122 5243 1362 5306 veniam;
1392 5252 1483 5296 aut
1508 5243 1553 5296 si
1582 5242 1785 5310 parvuli

209 5338 359 5393 sunt,
391 5330 534 5399 virga
550 5332 934 5386 emendationis
961 5332 1220 5400 accipient
1246 5346 1547 5385 censuram.
1602 5332 1667 5383 Et
1700 5330 1785 5383 tali

211 5424 525 5491 delegentur
552 5423 945 5492 probatissimo,
979 5425 1065 5492 qui
1092 5431 1146 5476 et
1175 5422 1355 5475 inltoc
1383 5423 1602 5476 servitio
1632 5431 1785 5490 aptus

211 5513 312 5567 fuit
334 5515 386 5567 in
404 5515 623 5577 saeculo,
651 5524 705 5568 et
732 5530 825 5569 eos
845 5515 1114 5569 custodire
1134 5514 1397 5569 desiderat
1418 5516 1555 5569 bono
1582 5517 1783 5577 animo,

211 5615 271 5657 ut
298 5619 566 5674 nunquam
598 5607 665 5659 de
694 5621 788 5659 ore
835 5606 949 5676 ejus
978 5606 1231 5676 procedat
1257 5607 1337 5661 vel
1392 5607 1521 5661 levis
1547 5621 1785 5661 murmu-

210 5696 366 5749 ratio.
416 5698 518 5751 Sed
561 5706 613 5749 et
640 5696 839 5765 parvuli
872 5712 966 5768 per
988 5697 1377 5752 vicissitudines
1406 5698 1454 5756 ei
1484 5697 1674 5753 dentur
1698 5699 1783 5767 ju-

211 5802 407 5854 tnores,
440 5802 557 5848 cum
588 5790 777 5857 quibus
808 5790 943 5845 ferre
992 5790 1156 5863 possit
1201 5791 1369 5858 ipsum
1402 5789 1654 5843 laborem.
1717 5789 1780 5844 Et

1896 4599 2274 4667 indulgentiam
2305 4614 2334 4653 a
2365 4599 2588 4653 Domino
2612 4598 2873 4665 supplices
2907 4604 3106 4664 petant,
3135 4604 3189 4648 et
3222 4594 3335 4647 suis
3366 4594 3463 4646 ho-

1904 4691 1976 4743 ris
2010 4688 2380 4757 peculiaribus,
2410 4689 2459 4743 id
2489 4699 2592 4756 est,
2623 4688 2873 4748 secunda,
2907 4695 3113 4754 quarta,
3144 4687 3346 4755 quinta,
3378 4700 3465 4739 se-

1898 4783 2079 4848 ptinta,
2123 4791 2327 4844 octava,
2358 4780 2559 4833 decima
2602 4791 2655 4833 et
2702 4778 2999 4844 undecima,
3032 4792 3187 4832 orare
3235 4792 3341 4830 non
3392 4776 3465 4846 pi-

1893 4883 2070 4940 geant,
2103 4873 2326 4942 qualiter
2363 4863 2565 4937 septem
2596 4880 2650 4924 et
2690 4880 2812 4924 octo
2861 4870 3164 4925 Salomonis
3209 4879 3462 4938 congruat

1893 4962 2088 5016 dictum
2124 4981 2137 5014 :
2171 4961 2249 5014 Da
2292 4975 2483 5032 partem
2527 4970 2713 5029 septem
2754 4975 2844 5012 nec
2887 4977 2985 5013 non
3015 4970 3062 5013 et
3106 4970 3217 5013 octo
3265 4959 3460 5029 (Eccle.

1892 5052 1989 5117 ιι),
2022 5063 2073 5106 ιιι
2110 5069 2201 5119 per
2231 5051 2554 5120 scptil'ormis
2580 5050 2762 5119 gratia:
2794 5051 3074 5117 Spiritum,
3103 5059 3156 5103 et
3182 5059 3302 5103 octo
3335 5050 3457 5103 bea-

1893 5146 2165 5207 titudiues,
2211 5162 2272 5199 ac
2323 5144 2726 5198 resurrectionis
2772 5144 2933 5206 diem,
2970 5142 3151 5195 liberis
3191 5140 3460 5207 gressibus

1894 5253 1988 5306 per
2035 5237 2230 5290 scalam
2276 5234 2457 5298 Jacob,
2487 5234 2701 5289 Christo
2748 5234 2847 5287 sibi
2896 5232 3127 5299 desuper
3174 5231 3453 5292 iutntente,

1894 5326 2195 5395 quindecim
2226 5325 2471 5394 gradibus
2498 5325 2617 5379 caeli
2658 5324 3016 5377 conscendere
3044 5322 3256 5373 valeant
3285 5318 3459 5388 regio-

1893 5434 2034 5473 nem.
2074 5418 2342 5481 Sccundo,
2374 5428 2427 5470 ut
2480 5434 2572 5485 per
2619 5419 2789 5487 capita
2843 5416 3099 5469 mensium
3144 5412 3362 5465 abbatcs
3388 5411 3457 5465 de

1904 5523 2009 5563 uno
2040 5510 2269 5565 Cominio
2299 5524 2403 5561 uno
2435 5524 2492 5562 se
2535 5509 2776 5577 copuleut
2804 5508 2942 5569 loco,
2972 5514 3027 5557 ct
3071 5503 3365 5556 tnensuales
3396 5503 3460 5557 li-

1890 5600 2057 5652 lunias
2104 5609 2320 5654 strenue
2349 5599 2635 5653 celebrent.
2665 5607 2716 5650 et
2749 5613 2840 5662 pro
2886 5596 3163 5647 animabus
3193 5594 3291 5646 sibi
3327 5593 3456 5647 sub-

1885 5690 2008 5743 ditis
2053 5689 2305 5742 auxilium
2354 5688 2561 5743 Domini
2606 5689 2908 5755 implorent.
2948 5687 3066 5753 quia
3114 5684 3180 5738 de
3226 5683 3353 5752 ipsis
3397 5683 3452 5736 in

1892 5792 2165 5846 tremendo
2194 5790 2389 5861 judicio
2418 5805 2538 5844 cutn
2570 5788 2754 5855 grandi
2786 5785 3118 5839 discussione
3147 5790 3359 5852 sperent
3393 5795 3452 5835 se
