4016 6354
547 329 685 384 Ill9

1495 319 1552 376 S.
1597 309 1978 371 FRUCTUOSI
2020 302 2490 363 DRACARENSIS
2532 301 2835 359 EPISCOPI

3645 306 3776 364 “20

546 438 654 492 Deo
697 449 918 489 renuere
961 432 1238 486 rationem.
1281 431 1480 496 Tertio,
1516 428 1740 497 qualiter
1782 425 1959 478 vivere
2002 423 2091 475 de-
2135 421 2181 479 Λ
2208 425 2260 469 el
2291 416 2388 468 hoc
2417 429 2536 468 cum
2572 422 2820 478 ιτεηιοτθο
2848 421 2901 467 el
2947 411 3308 479 δίιηριίεῖῐὲῑθ.
3340 423 3397 469 οι
3444 429 3568 470 Vera
3599 420 3773 473 cordis

544 530 721 593 beant,
750 528 819 580 ibi
861 528 1180 594 disponant;
1215 532 1265 576 et
1297 535 1544 590 tanquam
1574 536 1602 572 a
1632 518 1928 572 senioribus
1957 530 2107 568 com-

547 618 793 686 prehensi
832 617 898 670 ad
946 617 1106 670 cellas
1137 624 1468 668 revertantur
1495 609 1848 679 subplacitati.
1883 609 2104 675 Quarto,

547 717 806 764 retroacta
853 717 1155 760 sanctorum
1205 705 1412 758 Patrum
1455 717 1549 770 per
1591 701 1879 768 scripturas
1927 700 2109 753 scisci-

544 812 717 855 tantes
764 803 1060 861 revolvant,
1093 805 1146 849 ut
1196 797 1262 849 ab
1313 794 1438 862 ipsis
1481 794 1620 863 quod
1658 793 1829 846 facere
1878 790 2107 845 debeant

544 902 852 963 agnoscant,
881 900 938 944 ut
988 891 1130 944 intus
1173 903 1232 941 ac
1279 886 1427 950 foris,
1461 897 1580 940 ante
1611 895 1663 938 et
1703 893 1862 946 retro,
1897 883 2105 951 plenam

549 995 782 1040 mentem
816 983 982 1035 oculis
1022 981 1268 1047 habeant,
1298 994 1383 1043 ne,
1415 977 1554 1045 quod
1599 977 1757 1040 absit,
1791 977 1840 1028 in
1871 974 2099 1042 aliquam

544 1073 777 1126 hmresin
807 1071 1174 1133 devolvantur,
1205 1079 1256 1123 et
1287 1076 1520 1136 pereant.
1551 1067 1651 1121 Pro
1683 1067 1781 1119 hoc
1811 1081 1936 1134 ergo
1963 1079 2107 1118 sem-

547 1179 640 1230 per
691 1165 739 1215 in
771 1163 1036 1215 communi
1084 1161 1308 1214 concilio
1349 1160 1564 1212 fratrum
1609 1171 1755 1223 aequa
1810 1157 1958 1208 lance
1992 1165 2107 1207 tan-

543 1267 699 1320 quam
737 1252 785 1305 in
836 1267 998 1319 penso
1029 1251 1327 1316 persistant,
1359 1259 1412 1302 ut
1445 1247 1703 1315 przcterita
1750 1245 2102 1311 recordando,

543 1354 595 1397 et
622 1344 791 1397 futura
826 1343 1170 1412 providendo,
1200 1351 1252 1396 et
1284 1341 1559 1409 praesentia
1591 1338 1968 1405 examinando,
1999 1341 2109 1388 lia:-

542 1447 718 1488 resum
749 1448 849 1486 nou
884 1433 1148 1500 patiantur
1187 1433 1450 1484 Stimulos.
1488 1431 1701 1496 Quinto,
1734 1437 1788 1482 nt
1833 1443 1952 1482 cum
2000 1427 2108 1481 fra-

543 1522 710 1578 tribus
739 1522 1139 1576 advenientibus
1168 1520 1461 1588 hospitibus
1503 1531 1553 1573 et
1603 1519 1892 1586 peregrinis
1922 1517 1971 1570 in
2008 1531 2108 1569 una

543 1629 727 1667 mensa
776 1613 1126 1668 communiter
1170 1615 1365 1678 vivant,
1395 1613 1512 1679 quia
1561 1612 1628 1664 tle
1678 1611 1806 1678 ipsis
1858 1609 2110 1662 Dominus

543 1705 615 1758 ait
637 1719 652 1761 :
679 1704 876 1772 Hospes
901 1721 1058 1764 erant,
1084 1714 1126 1758 et
1145 1707 1409 1773 collegistis
1425 1720 1498 1755 me
1521 1701 1757 1773 (Matt/L,
1784 1701 1926 1771 xxv).
1949 1700 2108 1754 Sexto

542 1796 700 1849 talem
729 1795 829 1849 sibi
859 1795 1296 1849 θοιιςυειυᾱὶιιειιι
1339 1778 1531 1848 debent
1571 1792 1746 1848 facere
1778 1792 2017 1855 abbates,
2053 1798 2110 1842 ut

542 1905 756 1944 omnem
787 1889 1125 1958 cupiditatem
1154 1898 1205 1942 et
1248 1888 1516 1939 avaritiam
1550 1901 1578 1938 a
1622 1901 1681 1939 se
1729 1884 1981 1938 radicitus
2028 1899 2114 1937 ar-

545 1989 716 2034 ceant.
751 1980 803 2034 Si
839 1982 938 2034 hoc
967 1981 1160 2032 malum
1192 1995 1292 2031 non
1325 1987 1482 2041 esset,
1514 1978 1772 2030 idolorum
1804 1977 2112 2031 servitutem

546 2087 662 2126 eam
711 2071 990 2138 Apostolus
1023 2086 1123 2123 nou
1155 2071 1376 2124 dixisset.
1417 2051 1734 2138 (Gulatﬁiﬁl.
1773 2070 1835 2123 Et
1883 2085 1973 2138 per
2017 2071 2116 2124 hoc

547 2164 692 2214 virus
723 2160 964 2214 monachi
1014 2161 1384 2228 cognoscimus
1425 2169 1654 2213 mentem
1700 2161 1958 2224 sauciari;
1993 2169 2048 2214 et
2085 2174 2112 2211 a

551 2249 698 2306 nullo
738 2251 863 2304 vitio
906 2252 1113 2318 penitus
1154 2266 1379 2318 unquam
1431 2251 1618 2318 poterit
1665 2251 1795 2303 liber
1840 2265 1979 2314 esse,
2029 2253 2116 2318 qui

551 2341 645 2393 tali
674 2340 1071 2394 consuetudinis
1099 2341 1306 2394 vinculo
1339 2340 1497 2394 fuerit
1523 2341 1821 2408 obligatus;
1855 2350 1908 2394 et
1940 2340 1991 2394 in
2023 2341 2116 2396 Dei

552 2439 608 2481 et
640 2429 864 2495 proximi
912 2428 1196 2483 dilectione
1241 2443 1506 2497 nunquam
1557 2430 1658 2482 crit
1704 2430 1962 2494 lirvnatus,
1996 2431 2116 2498 quia

549 2515 651 2572 hoc
673 2518 809 2588 quod
842 2520 890 2572 in
918 2521 1109 2573 saaculo
1134 2519 1579 2586 concupiscimus,
1614 2518 1728 2572 sine
1751 2518 1911 2572 dubio
1939 2523 2117 2588 proxi-

553 2610 653 2663 mis
700 2610 1017 2665 invidemus.
1047 2609 1195 2665 Unde
1225 2623 1276 2664 et
1309 2610 1488 2663 I’atres
1513 2610 1678 2662 sancti
1706 2610 1902 2676 Spiritu
1934 2619 2118 2664 sancto

553 2700 766 2769 repleti,
793 2712 846 2754 ut
878 2702 1079 2768 possint
1113 2701 1273 2755 Deum
1304 2712 1354 2755 et
1388 2701 1684 2768 proximum
1733 2701 1966 2768 perfecte
1996 2701 2120 2755 dili-

550 2805 698 2860 gere,
723 2793 1034 2848 studuerunt
1063 2793 1112 2846 in
1145 2791 1243 2846 hoc
1272 2792 1468 2845 mundo
1497 2790 1627 2844 nihil
1653 2791 1868 2845 habere.
1899 2791 1965 2844 Et
1994 2793 2119 2859 quia

552 2883 668 2936 sine
711 2883 887 2953 aliquo
932 2898 1049 2938 esse
1121 2897 1427 2952 possumus,
1478 2883 1648 2950 ipsum
1715 2882 1965 2936 debemus
2023 2881 2117 2935 ha-

557 2974 701 3037 bere,
729 2973 864 3040 quod
917 2989 1013 3027 nos
1063 2989 1169 3027 non
1223 2972 1432 3041 pigeat,
1480 2987 1598 3026 cum
1651 2986 1869 3028 necesse
1926 2972 2116 3038 fuerit,

557 3062 730 3130 egenti
755 3064 992 3128 proximo
1019 3063 1258 3127 reddere,
1283 3075 1334 3117 et
1364 3065 1672 3118 a..charitate
1698 3064 1786 3117 Dei
1815 3073 1865 3116 et
1897 3063 2118 3130 proximi

558 3154 838 3208 dilectione
879 3168 1143 3222 nunquam
1189 3153 1420 3208 animam
1469 3153 1927 3223 relaxarezcujus.
1970 3155 2114 3209 vide-

562 3245 684 3299 licet
721 3245 969 3300 fortitudo
996 3247 1268 3301 charitatis
1309 3263 1432 3301 vera
1478 3261 1675 3302 saneta:
1720 3248 1969 3302 Ecclesiae
2001 3262 2128 3302 voce

559 3334 830 3400 laudatur,
876 3350 994 3389 cum
1049 3349 1140 3405 per
1179 3335 1511 3391 Canticorum
1567 3336 1841 3391 Canticum
1892 3335 2125 3390 dicitur:

567 3424 757 3479 Valida
805 3436 877 3478 est
918 3437 970 3479 ut
1005 3443 1136 3480 mors
1179 3426 1381 3480 dilectio
1414 3428 1585 3494 (Cant.
1613 3425 1748 3495 vm).
1785 3426 1974 3482 Virtuti
2014 3436 2126 3482 ete-

565 3516 672 3569 nim
728 3516 915 3571 mortis
962 3517 1173 3572 dilectio
1220 3526 1576 3592 comparatur,
1631 3516 1754 3583 quia
1803 3517 1919 3570 sine
1967 3517 2128 3570 dubio

563 3613 794 3658 tuentem
842 3622 996 3675 quam
1044 3607 1208 3660 semel
1239 3607 1458 3675 cceperit
1491 3621 1521 3659 a
1555 3607 1908 3661 delectatione
1947 3607 2128 3662 mundi

563 3696 799 3751 funditus
837 3699 1045 3754 occidit.
1072 3699 1222 3754 Tales
1252 3715 1377 3767 ergo
1408 3701 1604 3754 debent
1649 3699 1868 3753 abbates
1901 3713 2039 3763 esse,
2075 3708 2129 3751 ut

570 3791 776 3857 possint
803 3787 966 3843 Deum
1001 3799 1053 3843 et
1086 3789 1381 3858 proximum
1413 3789 1646 3860 perfecte
1673 3789 1915 3856 diligere,
1946 3789 2126 3841 oculos

567 3883 714 3934 laxos
753 3896 779 3932 a
840 3883 1266 3950 concupiscentia
1315 3883 1451 3936 mala
1494 3881 1644 3936 istius
1687 3883 1864 3935 szcculi
1914 3881 2128 3946 habere,

569 3973 722 4039 quale
780 3973 831 4026 in
865 3971 1104 4041 paradiso
1151 3973 1333 4027 habuit
1359 3975 1526 4028 Adam
1571 3982 1693 4027 ante
1724 3983 2128 4042 transgressum.

1195 4081 1419 4138 CAPUT
1449 4082 1539 4136 XI.

654 4151 788 4214 Quid
818 4150 1024 4205 debeant
1055 4152 1319 4206 observare
1349 4154 1607 4223 prazpositi
1630 4154 1681 4206 in
1711 4155 2041 4209 monasterio.

639 4241 694 4294 In
743 4251 1004 4309 potestate
1036 4243 1262 4296 habeant
1311 4247 1575 4314 pra'positi
1626 4260 1840 4300 omnem
1895 4247 2132 4315 regulam

572 4331 901 4386 monasterii.
935 4333 1000 4387 Et
1050 4334 1179 4386 tales
1230 4335 1496 4404 praepositi
1544 4337 1822 4404 eligantur,
1855 4339 2036 4405 quales
2079 4347 2134 4391 et

2214 506 2523 570 humilitate,
2564 515 2811 573 tanquam
2862 502 3167 557 redditurus
3212 503 3435 558 Domino
3485 507 3773 563 rationem.

2213 597 2278 652 Et
2305 598 2442 667 quod
2474 597 2679 661 fecerit,
2711 609 2921 663 semper
2950 594 3001 648 in
3030 595 3250 650 arbitrio
3281 598 3505 664 pendeat
3545 599 3777 664 abbatis;

2211 685 2341 740 nihil
2386 685 2454 739 de
2499 699 2592 738 sua
2628 685 2924 737 temeritate
2963 692 3272 751 praesumat,
3306 699 3392 748 ne,
3419 685 3571 752 quod
3620 685 3776 750 absit,

2211 775 2263 829 in
2296 774 2536 828 morbum
2565 788 2714 826 vanae
2739 773 2923 840 glorim
2951 771 3124 825 cadat.
3159 772 3222 825 Et
3247 787 3350 825 non
3383 773 3654 841 prodigus,
3683 774 3776 827 sed

2210 864 2469 919 discretus
2497 864 2632 916 intra
2658 864 2855 917 Christi
2903 862 3154 916 familiam
3191 863 3523 927 dispensator
3552 864 3776 932 piusque

2211 958 2537 1024 gubernator
2566 970 2628 1009 ac
2657 957 2887 1023 optimus
2925 970 3137 1022 semper
3165 957 3401 1020 accedat,
3431 967 3484 1009 et
3514 959 3780 1025 evangeli-

2214 1060 2329 1099 cum
2353 1045 2724 1099 documentum
2748 1045 3055 1110 obscrvans,
3078 1046 3465 1114 Dominamque
3485 1046 3774 1111 dicentem,

2211 1139 2297 1207 qui
2327 1141 2398 1191 ait
2423 1156 2433 1190 :
2473 1139 2592 1201 Quis
2623 1148 2769 1207 putas
2792 1147 2862 1190 est
2889 1137 3056 1204 ﬁdelis
3080 1154 3250 1191 servus
3279 1148 3324 1190 et
3354 1138 3598 1205 prudens,
3627 1154 3784 1206 quem

2209 1230 2464 1280 contriuit
2499 1227 2742 1280 Dominus
2772 1245 2919 1296 super
2957 1229 3206 1295 familiam
3249 1244 3423 1292 suam,
3453 1237 3505 1280 ut
3551 1229 3636 1280 det
3683 1229 3786 1281 illis

2210 1319 2372 1371 cibum
2421 1319 2470 1370 in
2503 1328 2744 1384 tempore.
2779 1317 2962 1371 Beatus
3000 1319 3087 1371 ille
3127 1335 3320 1383 servus,
3357 1335 3502 1388 quem
3545 1335 3661 1371 cum
3706 1335 3786 1372 ee-

2212 1408 2336 1459 nerit
2367 1407 2607 1460 Dominus
2637 1409 2879 1461 invenerit
2910 1410 2981 1461 sic
3022 1411 3293 1477 facientem
3320 1427 3339 1463 .'
3371 1413 3527 1462 Amen
3562 1412 3677 1463 dico
3707 1426 3789 1464 voc

2211 1499 2316 1561 bis,
2351 1501 2592 1567 quoniam
2640 1517 2792 1570 super
2837 1503 3007 1553 omnia
3057 1501 3186 1554 bona
3227 1518 3320 1554 sua
3367 1505 3632 1556 constituet
3674 1517 3787 1555 eum

2213 1588 2422 1660 (.llattlr.
2444 1592 2574 1661 xiv).

2817 1681 3040 1738 CAPUT
3072 1682 3186 1738 XII.

2549 1772 2686 1837 Quid
2715 1774 2926 1827 debeant
2957 1775 3218 1828 observare
3245 1773 3426 1828 decen:

2286 1867 2502 1931 Dccani,
2532 1871 2618 1935 qui
2651 1882 2812 1936 super
2837 1868 3087 1922 decanias
3114 1877 3238 1922 sunt
3264 1867 3559 1932 constituti,
3587 1875 3790 1921 tantam

2214 1957 2632 2012 sollicitudinem
2671 1967 2856 2029 gerant
2901 1973 3058 2026 super
3099 1972 3232 2026 quos
3275 1959 3540 2026 delegatos
3590 1958 3791 2011 habent

2215 2049 2426 2114 fratres,
2458 2059 2513 2102 ut
2539 2049 2708 2103 nullas
2735 2050 2980 2118 proprias
2997 2048 3192 2104 faciant
3220 2049 3538 2103 voluntates.
3567 2048 3682 2102 Non
3721 2050 3794 2102 lo-

2215 2149 2443 2209 quantur
2483 2139 2584 2193 nisi
2633 2140 2973 2208 interrogati;
3001 2154 3102 2194 suo
3141 2139 3360 2193 arbitrio
3415 2139 3542 2192 nihil
3599 2139 3797 2192 faciant

2216 2229 2314 2285 nisi
2347 2229 2606 2295 mandati;
2633 2229 2756 2283 alibi
2786 2243 2889 2283 non
2919 2237 3159 2298 pergant,
3196 2244 3302 2283 non
3326 2229 3586 2294 ordinati;
3621 2231 3796 2283 senio.

2215 2338 2302 2379 res
2331 2323 2571 2387 timeant,
2604 2331 2669 2375 ut-
2689 2320 2970 2385 dominos;
3001 2329 3179 2375 ament
3206 2331 3262 2374 ut
3291 2328 3566 2388 parentes;
3602 2319 3796 2374 faciant

2217 2411 2469 2482 quidquid
2500 2412 2568 2465 ab
2613 2411 2690 2466 eis
2721 2411 3035 2479 imperatum
3079 2412 3412 2479 acceperint;
3444 2410 3665 2463 credant
3693 2408 3798 2462 sibi

2217 2505 2447 2558 salutare
2493 2501 2742 2571 quidquid
2774 2503 2842 2555 illi
2875 2502 3256 2571 praeceperint,
3285 2502 3329 2555 si
3364 2501 3464 2554 hoc
3501 2501 3617 2554 sine
3645 2513 3794 2551 mur-

2219 2595 2511 2648 muratione
2555 2607 2675 2647 cum
2721 2593 3005 2657 hilaritate,
3048 2601 3103 2647 et
3147 2591 3508 2646 taciturnitate
3549 2589 3794 2654 fecerint,

2219 2683 2428 2739 dicente
2449 2684 2652 2753 Moyse:
2680 2683 2816 2736 Audi
2838 2682 3020 2748 Israel,
3049 2694 3093 2737 et
3115 2682 3409 2752 tace(Deut.
3429 2682 3619 2748 xxvu).
3650 2678 3797 2734 Unus

2219 2776 2430 2830 alterius
2457 2792 2610 2830 onera
2650 2784 2844 2843 portate
2875 2774 3070 2844 (Colat.
3099 2775 3212 2843 vt);
3243 2783 3296 2827 et
3325 2787 3482 2827 nemo
3525 2773 3798 2826 neminem

2217 2867 2451 2936 judicet;
2476 2880 2632 2921 nemo
2658 2867 2919 2920 neminem
2943 2865 3210 2931 detrahat,
3233 2865 3353 2934 quia
3383 2864 3637 2931 scriptum
3667 2872 3752 2916 est
3777 2878 3793 2916 :

2224 2957 2401 3010 Omnis
2433 2959 2682 3011 detractor
2710 2957 3068 3011 eradicabitur.
3103 2955 3250 3010 Unus
3280 2955 3347 3009 ab
3376 2954 3480 3008 alio
3506 2953 3649 3022 quod
3694 2966 3801 3008 non

2145 3083 2195 3148 ο
2227 3051 2380 3104 habet
2400 3050 2657 3117 accipiat;
2686 3065 2820 3104 unus
2848 3050 2915 3104 ab
2935 3049 3038 3103 alio
3058 3049 3227 3103 discat
3254 3047 3635 3110 humilitatem;
3664 3061 3803 3099 unus

2231 3143 2297 3197 ab
2335 3142 2438 3196 alio
2483 3143 2814 3204 charitatem,
2847 3157 2981 3196 unus
3025 3141 3093 3196 ab
3139 3140 3245 3194 alio
3298 3139 3638 3209 patientiam;
3665 3153 3808 3192 unus

2228 3236 2294 3288 ab
2319 3234 2422 3287 alio
2450 3232 2750 3298 silentium;
2783 3248 2915 3286 unus
2943 3231 3010 3286 ab
3051 3232 3157 3286 alio
3187 3229 3665 3286 mansuetudinem.
3697 3227 3809 3281 Co-

2228 3325 2444 3378 medant
2471 3324 2588 3379 sine
2616 3325 2830 3394 querela
2868 3323 3123 3394 quidquid
3151 3322 3228 3378 eis
3264 3322 3568 3391 appositum
3604 3320 3802 3384 fuerit;

2231 3417 2457 3471 vestiant
2484 3417 2624 3486 quod
2655 3420 2980 3486 acceperint.
3004 3415 3118 3470 Non
3147 3418 3322 3471 celent
3351 3415 3539 3468 fratres
3569 3412 3799 3466 Decanis

2207 3509 2340 3572 suis
2378 3509 2632 3579 quidquid
2664 3524 2758 3578 per
2789 3509 3026 3578 singulos
3053 3507 3168 3563 dies
3196 3506 3564 3575 cogitaverim.
3600 3503 3804 3557 Decani

2231 3614 2358 3652 vero
2387 3598 2492 3652 sint
2519 3598 2596 3652 eis
2621 3599 2768 3665 quasi
2796 3606 3030 3652 rectores
3056 3606 3107 3651 et
3134 3595 3397 3658 custodes,
3425 3602 3675 3662 tanquam
3708 3606 3806 3658 pro

2231 3687 2363 3756 ipsis
2405 3687 2663 3742 rationem
2710 3687 2932 3741 Domino
2978 3686 3252 3740 reddituri.
3285 3684 3639 3750 Negligentias
3666 3696 3808 3735 cun-

2231 3787 2440 3832 ctorum
2492 3777 2591 3846 ipsi
2638 3779 2997 3846 prasvideant,
3031 3785 3086 3831 et
3121 3774 3434 3831 emendandi
3481 3780 3807 3842 potestatem

2233 3869 2490 3934 habeant;
2520 3881 2571 3922 et
2603 3869 2743 3937 quod
2773 3868 2874 3937 ipsi
2905 3883 3008 3922 non
3040 3869 3298 3920 valuerint
3324 3866 3631 3928 emendare,
3665 3879 3806 3933 pras-

2234 3960 2405 4028 posito
2447 3975 2552 4013 non
2585 3969 2857 4013 morentur
2884 3972 3154 4013 accusare.
3179 3957 3278 4023 Qui
3309 3965 3361 4010 et
3392 3956 3488 4024 ipsi
3529 3954 3812 4023 praepositi

2233 4050 2311 4105 sic
2343 4051 2441 4104 hoc
2470 4051 2712 4105 districle
2751 4062 2805 4105 et
2849 4047 3232 4103 rationabiliter
3276 4056 3453 4115 agant,
3486 4053 3541 4097 ut
3577 4042 3807 4097 abbates

2233 4158 2357 4198 suos
2382 4142 2526 4196 nullo
2548 4143 2707 4195 modo
2732 4147 3055 4209 pra-sumant
3080 4139 3388 4206 inquietare,
3411 4143 3637 4203 excepto
3660 4133 3810 4203 quod

2237 4236 2443 4302 utrique
2471 4250 2572 4286 non
2616 4233 2877 4285 valuerint
2904 4231 3224 4284 accelerare.
3257 4229 3318 4281 Et
3351 4229 3402 4280 in
3434 4228 3531 4280 hoe
3563 4240 3697 4279 unus
3726 4225 3812 4278 al-

2238 4325 2332 4378 teri
2380 4332 2576 4376 tantam
2624 4321 2974 4374 humilitatem
3020 4318 3230 4381 habeat,
3264 4326 3323 4371 ut
3368 4329 3635 4384 nunquam
3665 4315 3809 4369 ullus

574 4424 674 4491 ipsi
730 4423 949 4478 abbates
1014 4424 1428 4492 dignoscuntur,
1475 4436 1530 4478 ut
1582 4427 1829 4480 abbatum
1881 4441 2127 4480 curarum
2156 4437 2208 4498 ι)
2248 4415 2408 4468 unum
2434 4412 2661 4466 l'm‘ndal
2683 4429 2696 4477 ἱ
2721 4411 2813 4464 sed
2843 4425 2976 4463 ""05
3004 4411 3054 4463 ίη
3085 4409 3251 4462 θηεῖτο
3275 4405 3605 4498 κιθηςυθῐηλίιξ
3637 4417 3810 4471 Dem

573 4528 734 4568 onera
767 4529 859 4582 per
882 4528 974 4567 eos
1000 4515 1357 4570 subleventur.
1387 4516 1450 4568 Et
1481 4516 1578 4568 hoc
1601 4515 1697 4568 sibi
1731 4517 1996 4584 proprium
2023 4516 2131 4569 vin-

575 4602 749 4656 dicent
779 4605 995 4657 abbates
1041 4601 1142 4656 cibi
1171 4617 1231 4656 ac
1258 4605 1574 4668 vestimenti,
1610 4605 1748 4670 quod
1779 4603 1846 4657 ab
1879 4605 2004 4672 ipsis
2035 4604 2136 4656 nii-

579 4695 859 4748 nistratum
885 4695 1215 4763 acceperint;
1244 4703 1297 4749 et
1316 4703 1532 4762 excepto
1560 4696 1609 4748 in
1637 4695 1860 4748 adventu
1892 4696 2136 4762 fratrum,

576 4797 630 4841 et
675 4786 939 4854 languoris
970 4787 1306 4850 necessitate,
1340 4786 1669 4840 delicatiores
1698 4787 1846 4841 cibos
1890 4800 1993 4840 non
2046 4799 2137 4839 au-

576 4878 733 4930 deant
760 4877 919 4930 edere
949 4877 1186 4942 abbates,
1212 4879 1311 4930 nisi
1343 4878 1473 4930 tales
1497 4879 1678 4946 quales
1700 4888 1750 4931 et
1784 4878 1991 4931 fratres.
2017 4878 2143 4931 0m-

579 4983 699 5020 nem
729 4980 854 5020 vero
880 4969 1184 5022 monasterii
1210 4969 1554 5022 substantiam
1584 4969 1849 5036 praepositi
1879 4969 2143 5037 accipient

578 5057 1027 5125 dispensandam;
1074 5069 1126 5113 ct
1168 5061 1210 5112 si
1257 5059 1513 5127 quispiam
1565 5060 1889 5127 Captivorum
1945 5061 2142 5128 aliquid

578 5157 813 5210 alimenti
844 5155 1051 5223 petierit
1095 5155 1360 5219 abbatem,
1391 5163 1444 5208 et
1482 5169 1578 5223 pro
1603 5169 1925 5224 quacunque
1956 5169 2136 5218 causa,

578 5252 690 5318 ipse
724 5248 1036 5319 przepositus
1075 5246 1178 5301 hoc
1217 5247 1514 5316 provideat,
1542 5254 1594 5300 et
1642 5253 1699 5298 ut
1747 5245 1911 5299 abbas
1943 5244 2143 5298 nullum

579 5343 815 5396 laborem
846 5341 1057 5404 habeat,
1087 5339 1327 5408 exceptis
1367 5353 1482 5408 quae
1526 5351 1682 5405 supra
1713 5335 1966 5402 diximus,
1998 5335 2141 5389 omni

578 5433 872 5487 intentione
933 5431 1340 5484 sollicitudinem
1399 5437 1583 5496 gerat;
1645 5426 2145 5481 excommunicandi

583 5534 758 5575 tamen
803 5535 1018 5575 causam
1066 5522 1202 5575 sicut
1237 5520 1421 5582 abbas,
1457 5519 1533 5571 sic
1571 5519 1883 5584 praepositus
1933 5517 2143 5570 habeat.

581 5612 648 5664 lCt
677 5613 814 5680 quod
846 5627 939 5680 per
969 5612 1208 5681 singulos
1248 5625 1458 5664 menses
1504 5620 1794 5672 expensttm
1845 5606 2024 5674 fuerit,
2058 5622 2148 5669 per

581 5707 814 5759 omnium
845 5705 1016 5773 capita
1048 5702 1306 5758 mensium
1349 5705 1609 5757 rationem
1635 5712 1732 5754 suo
1760 5699 1936 5754 abbati
1970 5698 2146 5764 faciat,

2244 4505 2505 4572 persistat,
2535 4503 2585 4556 id
2615 4511 2712 4566 est,
2743 4501 2978 4568 juniores
3013 4502 3060 4552 in
3103 4497 3337 4562 decanis,
3367 4495 3551 4550 decani
3588 4495 3638 4548 iu
3671 4510 3811 4562 pra:-

2244 4595 2448 4663 positis,
2478 4594 2746 4663 prcepositi
2780 4592 2831 4646 in
2863 4591 3138 4645 abbatibus
3167 4607 3176 4640 :
3211 4605 3345 4643 unus
3373 4589 3533 4640 alium
3564 4599 3807 4653 portans,

2243 4695 2489 4753 tauquam
2530 4681 2580 4735 in
2627 4696 2778 4734 muro
2824 4680 3025 4748 lapides
3067 4677 3332 4747 quadrati,
3366 4678 3622 4743 Apostulo
3668 4686 3808 4729 διιε-

2239 4787 2432 4840 stante,
2458 4775 2595 4828 sicut
2621 4787 2779 4842 supra
2807 4787 2822 4828 :
2855 4771 3000 4826 Unus
3025 4771 3230 4824 alterius
3251 4784 3404 4822 onera
3431 4776 3712 4836 portantes,
3739 4768 3811 4822 sic

2243 4867 2580 4937 adimplebitis
2611 4867 2769 4936 legem
2798 4864 2985 4919 Christi
3015 4863 3212 4936 (Galat.
3235 4863 3336 4931 γι).

2833 4978 3058 5033 CAPUT
3089 4976 3225 5029 XIII.

2317 5055 2510 5122 Quibus
2539 5053 2712 5105 diebus
2743 5067 2794 5104 se
2819 5059 3118 5119 congregem
3147 5049 3214 5099 ad
3243 5044 3502 5098 collectam
3533 5045 3744 5111 fratres.

2313 5148 2508 5200 Omnes
2545 5143 2732 5197 tlecani
2760 5157 2790 5194 a
2820 5141 2933 5194 suis
2980 5137 3276 5208 praepositis
3317 5137 3724 5195 admoneamur,
3758 5141 3816 5186 ut

2243 5239 2418 5296 cuncti
2449 5237 2637 5290 fratres
2667 5251 2695 5287 a
2726 5234 2943 5287 minimo
2969 5243 3136 5300 usque
3175 5229 3242 5284 ad
3291 5227 3578 5282 maximum
3621 5223 3819 5278 diebus

2247 5327 2536 5385 Dominicis
2573 5327 2622 5378 in
2656 5322 2978 5378 monasterio
3010 5335 3116 5375 uno
3155 5320 3273 5373 loco
3301 5326 3711 5384 congregemur,
3741 5312 3814 5366 ita

2247 5432 2302 5476 ut
2331 5429 2452 5473 ante
2480 5417 2758 5472 missarum
2805 5412 3060 5468 solemnia
3103 5410 3330 5465 sollicite
3356 5408 3424 5460 ab
3464 5406 3652 5459 abbate
3699 5419 3821 5473 per-

2245 5517 2592 5572 eunctentur,
2647 5520 2710 5560 ne
2765 5505 2989 5558 fortasse
3037 5501 3227 5566 aliquis
3273 5499 3529 5552 adversus
3584 5495 3820 5562 aliquem

2246 5604 2373 5659 odio
2399 5601 2587 5657 livoris
2606 5598 2924 5663 stimuletur,
2947 5604 3039 5650 aut
3063 5593 3276 5650 malitiae
3293 5589 3469 5660 jacqu
3491 5589 3821 5645 vulneretur,

2251 5712 2314 5750 ne
2345 5695 2655 5751 intestinum
2683 5691 2829 5748 virus
2861 5689 3177 5761 quandoque
3199 5693 3376 5754 aperte
3409 5682 3459 5736 in
3484 5681 3824 5749 superﬁciem
