4016 6354
262 358 383 416 1121

1350 347 1624 404 REGULA
1668 344 2053 403 MONASTICA
2092 342 2460 401 COMMUNIS.

3354 344 3488 400 “23

255 473 388 529 cutis
418 474 748 540 perrumpat,
774 472 825 518 et
868 462 1006 517 inter
1037 461 1331 532 palmarum
1363 461 1561 515 fructus
1591 460 1822 530 myrrha:
1848 461 1901 518 Α
1928 458 2193 511 solitarius
2224 458 2274 510 in
2308 456 2495 510 cellam
2527 453 2833 518 obscuram,
2861 453 2913 508 in
2944 452 3058 507 solo
3090 467 3224 521 pene
3252 463 3304 510 et
3330 468 3489 524 aqua,

255 560 553 617 amaritudo
580 559 995 612 demonstretur.
1024 552 1259 607 Primum
1298 565 1424 619 ergo
1473 550 1569 618 ipsi
1599 548 1819 602 abbates

253 670 373 709 cum
404 651 515 708 suis
547 646 846 718 prwpositis
873 653 1033 715 atque
1061 642 1275 698 decanis
1304 644 1625 708 semetipsos
1648 639 1825 693 discu-

257 746 407 809 tiant,
435 752 489 796 et
518 738 583 794 ad
614 741 783 792 instar
810 748 937 791 suos
961 735 1199 803 juniores
1226 733 1466 787 subditos
1492 740 1743 800 arguant;
1772 736 1826 781 et

257 846 414 888 omne
447 828 667 884 malitiae
692 825 1011 881 fermentum
1040 821 1304 891 praedictis
1343 820 1532 875 diebus
1572 818 1824 873 radicitus

257 941 285 979 a
316 937 415 979 suo
440 922 607 977 corde
637 918 893 973 evellant.
926 915 1112 970 Solent
1158 913 1396 968 nonnulli
1431 928 1526 980 pro
1552 911 1664 965 suis
1695 922 1827 963 uxo-

255 1018 401 1072 ribus
432 1022 589 1082 atque
617 1010 760 1073 ﬁliis,
785 1015 877 1062 aut
903 1007 1061 1060 etiam
1085 1006 1489 1075 Quibuscunque
1522 998 1827 1069 propinquis

254 1122 434 1161 curam
466 1105 661 1157 habere
692 1114 844 1153 more
891 1098 1123 1167 pietatis.
1157 1095 1400 1162 Plerique
1431 1109 1556 1147 vero
1579 1092 1675 1161 'qui
1723 1106 1826 1144 non

254 1200 375 1251 sunt
409 1197 461 1248 in
494 1194 684 1247 talibus
727 1189 1001 1259 implicati,
1035 1202 1129 1257 pro
1155 1187 1409 1240 alimento
1435 1194 1557 1239 sunt
1588 1182 1824 1237 solliciti.

255 1286 354 1342 Alii
389 1301 517 1340 vero
558 1283 783 1337 tristitia:
832 1281 1016 1334 morbo
1065 1278 1288 1333 interius
1333 1282 1744 1339 consumuntur,
1772 1283 1829 1327 et

255 1390 503 1447 tanquam
533 1375 901 1430 vestimentum
930 1385 958 1425 a
988 1371 1127 1425 tinea
1160 1370 1476 1423 intrinsecus
1503 1366 1692 1420 mentis
1718 1380 1828 1419 suae

253 1473 509 1526 aviditate
536 1468 885 1532 devorantur,
911 1472 964 1517 et
988 1476 1110 1517 'com
1144 1461 1260 1530 ipso
1290 1460 1529 1512 rancoris
1575 1457 1829 1525 languore

255 1562 581 1618 delabuntur
631 1560 684 1613 in
731 1557 1177 1627 desperationem.
1210 1554 1307 1608 Alii
1365 1564 1590 1619 namque
1638 1548 1825 1616 spiritu

252 1653 621 1710 fornicationis
664 1651 840 1706 acrius
888 1651 1303 1713 inflammantur,
1330 1656 1386 1698 et
1431 1657 1575 1709 sarpe
1612 1642 1697 1694 tali
1736 1638 1830 1691 sti-

253 1743 401 1798 mulo
431 1741 610 1795 carnis
656 1740 878 1803 incitati,
912 1737 1154 1791 interiori
1198 1735 1353 1788 oculo
1403 1729 1586 1785 ctecati
1633 1726 1823 1795 captivi

252 1831 541 1894 ducuntur,
570 1826 780 1880 vinculo
810 1824 1121 1893 perditionis
1153 1822 1318 1889 ligati.
1352 1818 1452 1874 Alii
1484 1816 1681 1870 acedite
1713 1816 1822 1883 spi-

252 1919 354 1974 ritu
387 1917 555 1973 inﬂati
586 1916 695 1969 otio
721 1924 775 1969 et
801 1928 989 1968 somno
1033 1926 1221 1965 vacare
1250 1912 1494 1978 cupiunt,
1527 1917 1580 1961 et
1608 1907 1830 1961 curiosis

253 2010 448 2066 fabulis
493 2005 864 2071 sollicitantur,
905 2014 989 2069 et,
1027 2003 1165 2072 quod
1210 2002 1362 2072 pejus
1405 2011 1518 2065 est,
1555 2014 1584 2053 a
1615 1998 1831 2069 proprio

250 2100 578 2157 Monasterio
606 2112 664 2153 se
694 2101 899 2151 auferre
952 2094 1257 2164 disponunt.
1289 2092 1389 2145 Alii
1444 2106 1593 2144 vatim
1649 2089 1832 2158 gloriae

251 2191 502 2247 elationis
524 2190 629 2244 telo
656 2190 706 2241 in
734 2188 959 2242 diversis
989 2186 1221 2255 partibus
1238 2182 1641 2245 confodiuutur;
1672 2189 1725 2236 et
1744 2178 1832 2233 alii

250 2282 355 2336 alia
397 2279 766 2342 defendentes,
795 2287 848 2332 et
873 2292 997 2332 suas
1023 2288 1210 2331 caesas
1249 2274 1668 2343 magttilleanles,
1700 2270 1826 2324 dum

254 2374 449 2428 nolunt
479 2371 673 2425 Christi
704 2370 1022 2439 pauperibus
1061 2369 1259 2422 similes
1290 2380 1431 2431 esse,
1462 2364 1826 2433 unusquisque

248 2463 303 2516 in
333 2463 489 2514 vanis
534 2459 648 2514 istis
690 2456 1098 2527 cogitationibus
1139 2455 1441 2518 elabuntur,
1466 2463 1520 2507 et
1546 2451 1696 2521 quasi
1752 2451 1828 2506 nil

247 2565 284 2607 'a
314 2552 427 2607 Deo
456 2550 761 2618 acceperint
788 2551 855 2602 de
887 2548 1115 2617 propriis
1155 2546 1353 2600 viribus
1381 2544 1738 2608 extolluntur;
1768 2551 1824 2596 et

252 2659 379 2699 cum
412 2642 721 2697 laudatores
756 2655 857 2694 non
904 2638 1197 2702 inveniunt,
1228 2635 1327 2705 ipsi
1356 2633 1455 2689 sibi
1487 2635 1536 2686 in
1579 2632 1691 2686 suis
1720 2632 1835 2685 lau-

253 2736 416 2790 dibus
440 2733 738 2804 prosiliunt.
766 2731 913 2786 Alius
936 2731 1002 2785 de
1029 2728 1353 2799 genealogia,
1384 2735 1440 2779 et
1462 2724 1531 2779 de
1556 2738 1648 2778 sua
1673 2730 1830 2793 gente

253 2827 459 2881 fatetur
483 2838 603 2879 esse
642 2823 906 2893 principes
943 2838 958 2874 :
989 2821 1123 2873 alios
1150 2818 1217 2872 de
1255 2815 1579 2886 parentibus,
1607 2816 1739 2867 alius
1766 2812 1833 2867 de

252 2916 551 2987 germanis,
595 2914 729 2968 alios
776 2912 845 2968 de
891 2913 1151 2980 cognatis,
1196 2907 1332 2962 alius
1375 2905 1440 2962 de
1489 2906 1734 2959 lratribus
1778 2912 1831 2956 et

255 3006 694 3077 consanguineis,
721 3013 775 3060 et
824 3003 1054 3068 idoneis,
1082 3003 1215 3055 alios
1243 3000 1310 3053 de
1354 2997 1571 3063 divitiis,
1604 2997 1737 3050 alius
1766 2996 1833 3050 de

255 3102 443 3171 specie
467 3099 785 3170 juventutis,
824 3098 960 3151 alius
982 3096 1050 3151 de
1081 3094 1217 3149 bello
1240 3090 1581 3158 fortitudinis,
1612 3091 1744 3145 alios
1768 3091 1834 3145 de

254 3192 678 3264 perlustratione
708 3199 1002 3255 terrarum,
1031 3188 1165 3242 alius
1210 3186 1277 3241 de
1302 3174 1561 3251 'artilicio,
1593 3184 1729 3237 alius
1768 3184 1835 3237 de

254 3284 549 3354 sapientia,
588 3284 721 3337 alius
766 3282 832 3336 de
878 3279 1186 3335 assertionis
1225 3277 1543 3346 eloquentia,
1586 3277 1721 3329 alios
1764 3275 1832 3330 de

257 3372 646 3435 taciturnitate,
692 3371 827 3424 alios
855 3371 922 3423 de
949 3367 1265 3433 humilitate,
1298 3367 1434 3420 alius
1461 3364 1528 3419 de
1556 3362 1831 3428 (τὴετίιειιθ,

254 3466 396 3518 alius
415 3463 483 3517 de
506 3464 746 3531 largitate
766 3473 1041 3514 munerum
1064 3476 1077 3523 ;
1101 3459 1233 3512 alius
1254 3457 1320 3511 de
1335 3456 1596 3519 castitate,
1618 3457 1751 3509 alius
1771 3455 1837 3510 de

254 3554 587 3622 virginitate,
611 3553 748 3605 alius
773 3551 843 3606 de
873 3558 1205 3618 paupertate,
1234 3549 1367 3601 alius
1394 3547 1459 3601 de
1489 3546 1832 3614 abstinentia,

255 3648 401 3701 alios
432 3646 499 3699 de
542 3646 843 3699 orationum
892 3643 1209 3712 frequentia,
1248 3643 1382 3696 alius
1426 3641 1493 3696 de
1542 3642 1831 3711 vigilantia,

256 3735 401 3790 alius
430 3735 498 3789 de
527 3734 851 3797 obedientia,
882 3732 1019 3786 alius
1048 3733 1115 3785 de
1144 3730 1605 3785 abrenuntiatione
1634 3744 1833 3795 rerum,

255 3830 401 3883 alius
430 3829 497 3882 de
541 3828 786 3897 legendo,
817 3827 953 3879 alios
982 3825 1049 3879 de
1088 3823 1393 3888 scribendo,
1424 3823 1558 3874 alius
1588 3822 1657 3876 de
1700 3835 1832 3877 voce

258 3918 667 3974 modulationis.
704 3916 828 3971 llaec
854 3916 1051 3979 omnia,
1077 3928 1191 3982 qua:
1220 3926 1376 3981 supra
1408 3909 1831 3980 perstrinximus,

259 4008 633 4077 unusquisque
662 4007 790 4061 dum
825 4006 1103 4075 aliquoties
1150 4003 1273 4057 talia
1313 4018 1417 4057 non
1462 4001 1598 4072 jussi
1643 4003 1835 4056 immo-

258 4102 452 4157 derate
500 4084 808 4168 loquuntur,
851 4098 1007 4151 teties
1037 4097 1088 4149 in
1136 4094 1418 4148 elationem
1461 4107 1614 4145 vana:
1651 4092 1835 4161 gloria:

260 4190 604 4257 delabuntur,
636 4198 691 4244 et
719 4203 782 4243 ex
812 4188 927 4255 ipso
956 4187 1160 4254 morbo,
1189 4186 1312 4238 dum
1345 4184 1483 4253 quod
1515 4184 1699 4237 dicunt
1726 4185 1838 4236 viu-

262 4287 450 4340 dicare
509 4281 874 4345 contendunt,
929 4280 981 4333 in
1048 4276 1346 4346 superbiam
1422 4276 1837 4343 praecipitantur.

268 4378 496 4446 PrOpter
528 4375 629 4427 hoc
657 4388 783 4443 ergo
810 4372 1007 4442 jugiter
1030 4369 1277 4438 jubemus
1307 4367 1358 4421 in
1387 4367 1609 4421 collecta
1644 4366 1837 4419 fratres

262 4467 480 4529 adesse,
506 4472 560 4518 et
588 4478 692 4517 non
725 4463 996 4531 plusquam
1024 4467 1227 4527 septem
1254 4457 1365 4511 dies
1396 4457 1755 4524 interponere,
1786 4465 1837 4509 et

264 4572 363 4627 per
391 4569 574 4610 omnes
613 4554 730 4608 dies
777 4552 1078 4606 Dominicos
1127 4564 1303 4606 mores
1349 4550 1598 4618 pristinos
1638 4560 1689 4603 et
1715 4550 1836 4601 vitia

264 4646 576 4702 emendare.
608 4644 675 4698 Et
701 4643 821 4712 quis
848 4642 898 4696 in
927 4656 1030 4710 quo
1057 4641 1419 4712 deprehensus
1448 4641 1623 4704 fuerit,
1653 4650 1835 4692 contra

267 4740 441 4807 ipsum
490 4736 673 4789 vitium
714 4736 869 4790 debet
910 4745 1165 4801 pugnare,
1209 4731 1259 4784 in
1309 4746 1414 4799 quo
1453 4746 1511 4783 se
1535 4729 1840 4797 cognoverit

264 4837 540 4883 certamen
586 4826 804 4879 habere.
834 4825 897 4878 Et
933 4823 1071 4893 quod
1117 4822 1345 4875 fortasse
1381 4822 1449 4874 ab
1490 4818 1610 4874 aliis
1652 4819 1840 4887 depre-

268 4924 551 4986 henditur,
585 4921 788 4987 absque
812 4915 1127 4971 verecundia
1158 4911 1318 4967 debet
1357 4912 1721 4975 manifestare,
1750 4909 1840 4978 qui

271 5014 375 5071 hoc
419 5015 634 5082 patitur.
661 5011 812 5078 Quod
852 5009 897 5063 si
949 5008 1163 5062 minime
1206 5004 1411 5070 fecerit,
1446 5018 1548 5057 non
1598 5018 1657 5057 se
1697 5008 1845 5071 putet

269 5107 507 5174 effugere
554 5103 861 5165 diabolum;
909 5114 1007 5153 nec
1053 5112 1113 5151 se
1158 5096 1383 5149 aestimet
1426 5095 1712 5157 victorem,
1749 5089 1843 5144 sed

270 5197 489 5248 victum.
520 5191 671 5258 Quod
703 5190 746 5243 si
778 5187 1214 5251 manifestavcrit,
1242 5194 1296 5239 et
1338 5196 1398 5238 se
1441 5198 1533 5251 per
1583 5181 1844 5249 pteniten-

274 5288 401 5340 tiam
430 5292 521 5338 aut
566 5281 772 5353 ﬂagella
819 5278 1201 5341 emendaverit,
1232 5274 1490 5331 continuo
1532 5273 1740 5328 hostem
1792 5271 1843 5325 in

182 5368 191 5375 ’
274 5378 481 5433 foveam
510 5372 862 5446 prtecipitabit
889 5380 944 5426 et
970 5370 1209 5439 impellet

864 5480 1088 5536 CAPUT
1125 5477 1264 5533 XIV.

278 5577 505 5645 Qualiter
556 5574 734 5629 debent
783 5573 986 5628 abbate:
1043 5586 1150 5653 esse
1203 5567 1411 5623 solliciti
1470 5580 1590 5635 ergo
1641 5577 1846 5617 excom-

913 5648 1220 5695 municutos.

347 5743 482 5797 Cum
515 5736 1005 5796 excommunicator
1034 5732 1223 5804 aliquis
1254 5745 1349 5787 oro
1376 5728 1530 5798 culpa
1552 5766 1568 5793 ,
1608 5725 1845 5781 mittatur

1925 560 1983 605 ut
2005 551 2057 603 in
2080 563 2329 617 vespera,
2354 555 2471 616 post
2500 561 2709 601 omnem
2738 547 2980 614 fratrum,
3002 548 3234 601 medium
3265 549 3494 617 accipiat

1925 643 2286 710 paximatiutn,
2319 650 2372 694 et
2403 655 2507 695 non
2537 640 2601 693 ad
2634 639 2932 694 satietatem
2968 654 3176 710 aquam,
3211 650 3265 693 et
3297 641 3393 692 hoc
3422 642 3490 694 ab

1924 734 2113 787 abbate
2142 733 2502 793 exsufﬂatum.
2538 745 2642 785 non
2676 729 3083 785 sanctiﬁcatum.
3137 732 3351 799 Ab-que
3381 731 3490 783 ullo

1926 825 2119 877 solatio
2149 823 2229 877 vel
2261 822 2529 891 colloquio
2559 822 2778 875 fratrum
2810 824 3027 883 sedeat,
3075 820 3176 874 ni~i
3208 835 3362 887 quem
3392 823 3488 874 ab-

1926 911 2089 975 batis,
2112 913 2192 966 vel
2222 912 2512 979 praepositi,
2540 925 2658 965 cum
2690 925 2755 965 eo
2787 912 3090 979 praeceperit
3118 911 3405 965 auctoritas
3434 921 3493 964 ut

1928 1002 2195 1069 loquatur.
2220 1001 2437 1055 lndutus
2462 1003 2691 1069 tegmine
2716 1017 2834 1056 raso
2855 1010 2945 1055 aut
2965 1002 3157 1066 cilicio,
3182 1002 3492 1056 seminudus

1928 1103 2088 1161 atque
2119 1094 2472 1149 discalceatus
2501 1108 2634 1162 epos
2660 1095 2972 1149 monasterii
3002 1104 3249 1149 exerceat
3279 1109 3492 1150 escum~

1928 1182 2248 1238 municatus.
2301 1184 2358 1239 Si
2402 1185 2632 1239 hiduana
2672 1185 2751 1239 vel
2804 1186 3043 1239 triduana
3077 1184 3236 1239 fuerit
3266 1200 3489 1240 excom-

1927 1275 2213 1329 municatio
2244 1273 2383 1345 ejus,
2432 1276 2609 1329 mittat
2644 1276 2824 1330 senior
2854 1277 2941 1344 qui
2972 1289 3089 1329 eum
3121 1278 3489 1329 excommuni-

1928 1368 2067 1420 cavit
2100 1383 2259 1422 unum
2289 1368 2354 1421 de
2386 1367 2672 1435 majoribus
2695 1407 2711 1433 ,
2760 1383 2915 1435 quem
2970 1367 3246 1436 probatum
3293 1368 3492 1432 habet,

1928 1460 2015 1527 qui
2045 1475 2164 1513 ettm
2196 1450 2370 1523 verbis
2399 1460 2797 1515 Contumeliosis
2825 1461 3083 1528 increpet,
3118 1460 3257 1529 quod
3292 1476 3394 1514 non
3423 1460 3494 1514 ob

1929 1552 2199 1620 religionis
2223 1553 2425 1605 venerit
2451 1550 2809 1615 occasionem,
2836 1565 2931 1605 nec
2957 1564 3051 1618 pro
3072 1548 3267 1605 Christi
3290 1565 3493 1615 amore,

1931 1657 2030 1696 nec
2054 1644 2313 1710 gehennae
2346 1657 2575 1711 pavore,
2604 1641 2699 1696 sed
2729 1641 3044 1710 simplicium
3074 1640 3292 1695 fratrum
3325 1642 3497 1698 facere

1931 1732 2388 1787 disturbationem.
2436 1732 2488 1786 Si
2521 1731 2634 1785 hare
2662 1732 2749 1786 ille
2781 1732 3039 1799 patienter
3068 1732 3288 1798 tulerit,
3332 1743 3386 1786 et
3428 1732 3497 1787 de

1931 1839 2025 1879 ore
2053 1826 2166 1892 ejus
2193 1823 2334 1876 nulla
2364 1823 2635 1877 iracundia
2661 1822 2743 1876 vel
2773 1822 3120 1877 murmttratio
3153 1824 3453 1891 proruperit
3478 1863 3494 1889 ,

1931 1917 2243 1986 simplicitas
2273 1915 2464 1970 mentis
2505 1924 2559 1969 et
2601 1914 2870 1968 humilitas
2901 1914 3241 1982 apparuerit;
3289 1916 3368 1970 sic
3412 1915 3494 1969 in-

1930 2018 2177 2079 crepator
2204 2007 2405 2077 absque
2435 2008 2801 2063 immutatione
2828 2007 3109 2061 verborum
3148 2007 3288 2077 quod
3335 2008 3389 2063 in
3430 2023 3497 2064 eo

1934 2101 2234 2170 prmviderit
2257 2087 2442 2154 abbati
2472 2100 2758 2154 renuntiet.
2812 2100 2989 2154 Abbas
3019 2115 3144 2154 vero
3172 2100 3397 2156 sollicite
3441 2108 3500 2157 et

1935 2192 2220 2260 prudenter
2260 2198 2490 2255 tractet,
2539 2201 2713 2243 utrum
2745 2204 2924 2242 veram
2950 2231 2965 2256 ,
3016 2204 3083 2243 an
3129 2190 3495 2259 imaginariam

1935 2283 2125 2338 habeat
2156 2282 2493 2350 patientiam,
2537 2297 2631 2351 per
2660 2296 2817 2351 quam
2852 2282 3017 2350 possit
3054 2296 3117 2336 se
3162 2283 3229 2336 ad
3278 2283 3498 2338 fratrum

1934 2373 2281 2429 reconciliare
2333 2372 2672 2427 ebaritatem.
2732 2370 2983 2426 Secundo
3037 2371 3275 2439 ejusdem
3329 2374 3502 2428 meriti

1933 2479 2117 2520 senem
2152 2463 2430 2533 probatum
2463 2462 2529 2516 ad
2560 2461 2986 2531 exprobrandum
3025 2476 3146 2517 eum
3186 2462 3397 2529 mittat,
3449 2478 3505 2519 et

1933 2555 2071 2624 quod
2119 2554 2360 2623 primitus
2392 2553 2631 2619 audivit,
2682 2567 2786 2606 non
2821 2553 2974 2608 facile
3005 2552 3207 2607 credat.
3262 2553 3504 2622 Cumque

1936 2643 2090 2698 tertio
2122 2645 2191 2696 ita
2223 2642 2439 2709 fecerit,
2474 2652 2529 2697 et
2561 2642 2673 2711 pari
2703 2642 2940 2696 convitio
2968 2642 3273 2711 increpatus
3303 2643 3499 2710 fuerit;

1933 2741 1988 2787 et
2030 2732 2081 2786 in
2129 2733 2304 2800 priore
2333 2730 2700 2801 promissionis
2731 2732 2981 2798 patientia
3011 2734 3504 2789 exeontmunicatus

1936 2824 2300 2893 perduraverit
2320 2863 2335 2887 ,
2384 2832 2439 2877 et
2467 2824 2566 2876 hoc
2596 2824 2760 2877 abbas
2793 2837 2887 2891 per
2915 2833 3023 2877 tres
3055 2832 3216 2877 testes
3247 2824 3505 2891 probave-

1934 2917 2033 2983 rit,
2082 2928 2201 2985 post
2229 2915 2345 2970 haec
2375 2931 2496 2971 eum
2524 2914 2644 2985 ejici
2671 2914 2883 2986 jubeat,
2933 2925 2988 2970 et
3022 2916 3098 2969 sic
3125 2924 3499 2984 praesentatum

1937 3023 2030 3076 per
2055 3022 2113 3063 se
2143 3008 2409 3075 increpet,
2452 3022 2631 3061 coram
2662 3014 2927 3060 conventu
2961 3006 3205 3060 fratrum.
3254 3004 3385 3059 Cum
3425 3006 3502 3061 ita

1938 3112 2127 3170 quarto
2148 3102 2307 3156 fuerit
2337 3110 2591 3166 tentatus,
2630 3109 2682 3154 et
2713 3100 2765 3152 in
2798 3098 3093 3153 humilitate
3120 3097 3277 3152 fuerit
3307 3097 3501 3166 proba-

1940 3205 2053 3257 tus,
2099 3201 2151 3247 et
2182 3192 2330 3247 fortis
2360 3191 2517 3246 fuerit
2544 3200 2599 3245 ut
2627 3191 2821 3245 ferrutn
2855 3190 3133 3255 inventus,
3166 3190 3501 3259 postmodum

1935 3289 2218 3345 ecclesiam
2252 3287 2603 3357 ingrediatur,
2657 3292 2712 3339 et
2758 3284 3025 3353 cingulum
3057 3283 3108 3337 in
3142 3283 3383 3336 manibus
3411 3297 3505 3351 ge-

1933 3388 2080 3435 stans
2107 3418 2122 3443 ,
2177 3379 2383 3433 abbatis
2428 3377 2509 3430 vel
2563 3377 2783 3429 fratrum
2834 3374 3055 3444 pedibus
3090 3389 3210 3428 cum
3254 3374 3504 3445 lacrymis

1935 3472 2308 3543 provolvstur;
2334 3479 2387 3525 et
2410 3484 2529 3523 eum
2553 3469 2781 3537 singultu
2803 3474 2856 3520 et
2877 3468 3072 3535 gemitu
3095 3466 3315 3534 genibus
3343 3466 3504 3519 humo

1934 3562 2268 3634 properando
2300 3576 2327 3614 a
2356 3560 2565 3614 cunctis
2596 3552 2799 3613 veniam
2830 3555 3076 3622 accipere
3106 3564 3404 3617 mereatur;
3448 3562 3505 3608 et

1936 3670 2002 3709 ne
2032 3654 2151 3707 talia
2200 3650 2502 3719 paenitenda
2537 3650 2669 3703 ultra
2697 3648 2992 3703 committat
3020 3646 3402 3709 admoneatur;
3447 3652 3508 3699 et

1937 3752 2055 3812 post
2080 3744 2193 3797 btec
2213 3742 2480 3797 osculatus
2503 3740 2569 3791 ab
2591 3740 2780 3793 abbate
2808 3739 2857 3789 in
2880 3751 2979 3791 suo
3001 3737 3166 3805 gradu
3193 3736 3503 3803 recipiatur.

1934 3833 1992 3889 Si
2021 3844 2186 3897 certe,
2219 3841 2274 3886 ut
2306 3846 2464 3900 supra
2495 3830 2756 3896 diximus,
2790 3830 2983 3897 aliquis
3012 3827 3504 3881 excomtnunicatus

1936 3923 1987 3977 in
2020 3922 2189 3993 prima
2222 3920 2637 3989 interrogatione
2665 3918 3005 3989 querulosus,
3038 3916 3120 3969 vel
3168 3930 3506 3970 murmurans

1937 4011 2282 4089 apparuerit,
2327 4021 2381 4066 et
2410 4026 2535 4065 suas
2562 4011 2859 4064 sententias
2886 4008 3118 4077 superbe
3141 4049 3153 4070 ,
3188 4006 3271 4081 vel
3303 4007 3507 4074 impor-

1938 4112 2064 4159 tune
2093 4104 2482 4169 vindicaverit,
2534 4110 2587 4154 et
2635 4100 2735 4153 hoc
2780 4099 2961 4153 senior
3003 4096 3342 4151 manifestum
3388 4108 3508 4148 esse

1938 4195 2287 4266 cognoverit,
2338 4208 2505 4263 usque
2536 4192 2586 4246 in
2615 4190 2755 4246 diem
2789 4191 3002 4245 tertium
3052 4196 3264 4241 maneat
3291 4199 3511 4239 excom-

1939 4288 2258 4350 mttnicatus,
2283 4287 2351 4341 ita
2380 4296 2437 4341 ut
2462 4287 2637 4341 nullus
2662 4301 2781 4340 cum
2809 4300 2875 4340 eo
2900 4285 3167 4354 loquatur.
3194 4282 3323 4334 Cum
3350 4280 3508 4335 tertio

1945 4395 2073 4434 vero
2103 4381 2186 4434 die
2216 4380 2287 4433 ita
2315 4379 2648 4441 sciscitatus,
2680 4388 2734 4431 et
2764 4379 2815 4431 in
2848 4376 3094 4443 superbia
3123 4388 3221 4442 qua
3254 4373 3527 4435 diximus,.

1866 4484 1921 4547 ι)
1948 4470 2105 4525 fuerit
2150 4468 2561 4538 deprehensus,
2613 4481 2846 4535 eousque
2892 4466 3161 4535 ergastulo
3207 4470 3507 4516 coarctatns

1945 4572 2287 4631 perseveret,
2338 4560 2508 4613 donec
2556 4573 2771 4612 omnem
2828 4556 3184 4625 arrogantiam
3242 4553 3507 4624 superbia:

1941 4654 2185 4718 deneget.
2219 4648 2369 4714 Quod
2399 4649 2444 4701 si
2476 4650 2525 4700 in
2558 4645 2698 4699 malo
2731 4658 3080 4714 perseverans
3119 4640 3505 4712 perduraverit,

1942 4747 1997 4794 et
2029 4738 2240 4805 propria
2274 4737 2544 4789 voluntate
2577 4734 2941 4803 pmnitentiam
2973 4746 3130 4801 agere
3158 4731 3415 4793 uoluerit,
3455 4741 3507 4785 et

1942 4844 2086 4898 stupe
2116 4844 2176 4881 ac
2204 4843 2346 4897 stepe
2376 4837 2658 4881 contumax
2691 4832 2748 4880 et
2787 4832 3145 4878 murmurator
3176 4826 3352 4889 patule
3378 4836 3508 4875 eou-

1945 4929 2022 4973 tra
2050 4918 2316 4974 seniorem
2351 4918 2434 4973 vel
2467 4917 2655 4971 fratres
2682 4917 2733 4971 in
2766 4916 2900 4970 facie
2929 4914 3257 4985 perstiterit,
3294 4921 3348 4968 et
3386 4927 3506 4967 eum

1948 5010 2255 5080 propinquis
2284 5024 2342 5064 se
2367 5008 2637 5062 vindicare
2666 5007 2932 5071 maluerit,
2964 5006 3019 5060 in
3049 5005 3386 5060 collationem
3417 5004 3509 5058 de-

1945 5104 2133 5156 ductus
2159 5111 2384 5156 exuatur
2410 5100 2717 5154 monasterii
2742 5099 3002 5166 vestibus,
3031 5109 3079 5152 et
3114 5098 3358 5151 induatur
3379 5108 3510 5162 quas

1946 5192 2072 5247 olim
2100 5191 2389 5245 adduxerat
2420 5189 2786 5253 stecularibus,
2809 5196 2864 5243 et
2888 5202 3006 5242 cum
3034 5184 3358 5241 confusionis
3384 5190 3506 5235 nota

1949 5299 1979 5338 a
2004 5280 2320 5336 monasterio
2348 5281 2659 5348 expellatur,
2692 5288 2748 5332 ut
2775 5278 2951 5332 ett-teri
2984 5274 3349 5333 emendentur,
3381 5270 3504 5323 dum

1951 5378 2172 5432 fortasse
2182 5374 2323 5429 solus
2341 5373 2427 5428 talt
2441 5371 2773 5440 correptione
2787 5370 2870 5423 ille
2884 5367 3193 5435 delinquens
3206 5362 3507 5431 corrigitur.

2539 5479 2762 5536 CAPUT
2802 5477 2918 5534 XV.

1953 5558 2186 5624 Qualiter
2208 5554 2514 5610 monasteria
2538 5555 2758 5624 virorum
2787 5565 2848 5600 ac
2875 5545 3160 5619 puellarum
3186 5558 3239 5597 se
3257 5541 3512 5596 custodire

2609 5618 2843 5674 debeant.

2023 5719 2226 5776 Placuit
2257 5727 2453 5775 saneta:
2490 5711 2758 5771 communi
2805 5708 3000 5780 regula:
3032 5715 3089 5763 ut
3116 5702 3360 5762 monachi
3393 5717 3511 5757 cum
