4016 6354
550 344 685 403 “9.3

548 459 821 516 sororibus
871 472 976 511 uno
1025 456 1354 511 monasterio
1403 455 1642 508 habitare
1693 467 1797 505 non
1848 448 2116 511 audeant,
2149 450 2199 507 Α

550 569 719 621 neque
746 551 1035 605 oratorium
1064 563 1347 603 commune
1393 546 1589 599 habere
1618 549 1976 613 praesumant,
2024 537 2118 591 sed

552 659 650 698 nec
679 642 915 697 conclavi
948 655 1052 694 uno
1082 640 1165 693 vel
1208 647 1348 691 tecto
1376 637 1547 704 quivis
1591 650 1699 703 pra}
1742 631 1883 701 gravi
1932 644 2118 683 neces—

551 733 708 786 sitate
740 744 957 783 manere
988 728 1341 781 communiter
1366 735 1597 795 queant,
1642 726 1811 777 ablata
1843 722 1990 774 omni
2021 734 2115 773 ex-

550 820 836 876 cusationis
866 822 1165 874 occasione.
1197 820 1284 874 Sic
1312 832 1439 887 ergo
1470 819 1755 870 observare
1785 814 2032 875 debeant,
2065 820 2123 865 ut

551 910 649 979 ipsi
694 910 938 963 monachi
982 923 1100 962 eum
1148 909 1441 973 sororibus,
1472 921 1603 975 quas
1632 905 1829 958 habent
1872 902 2117 969 tuendas,

552 1020 815 1073 nunquam
848 1018 951 1057 uno
979 1001 1217 1055 conclavi
1245 1002 1324 1055 vel
1354 1000 1597 1053 convivio
1622 998 1812 1053 edendi
1850 996 2118 1049 licentiam

553 1101 815 1164 habeant;
869 1115 1038 1167 neque
1068 1100 1116 1152 in
1147 1098 1414 1151 communi
1450 1096 1629 1150 labore
1660 1108 1793 1161 opus
1824 1093 2117 1159 iujuuctum

548 1202 850 1256 exerceant,
883 1192 973 1246 sed
1006 1192 1049 1245 si
1084 1193 1365 1246 accesserit
1390 1198 1444 1243 ut
1472 1205 1604 1243 unus
1627 1190 1696 1242 sit
1724 1202 1885 1255 a-ger,
1916 1186 2121 1238 divisos

550 1287 804 1340 terminos
835 1293 1087 1347 teneant,
1139 1292 1193 1337 et
1240 1291 1461 1348 uterque
1511 1284 1680 1335 bonos
1723 1280 2011 1341 custodes;
2068 1278 2117 1329 in

549 1387 695 1429 tanto
723 1376 938 1429 silentio
970 1374 1070 1427 hoc.
1103 1375 1333 1439 facient,
1366 1385 1423 1427 ut
1450 1391 1553 1428 una
1584 1374 1770 1426 classis
1797 1388 1914 1425 cum
1949 1378 2115 1424 altera

549 1471 687 1523 inter
714 1484 772 1522 se
800 1484 957 1521 voces
990 1482 1093 1519 non
1134 1467 1384 1529 mittant,
1434 1463 1669 1532 exceptis
1710 1464 2018 1517 recitatione
2066 1471 2121 1515 et

546 1558 825 1613 cantilena:
857 1558 1237 1616 modulatione,
1265 1564 1353 1607 aut
1384 1565 1527 1607 certe
1554 1553 1803 1621 gemitum
1833 1559 1923 1603 aut
1946 1550 2119 1616 suspi-

548 1650 682 1702 rium
707 1648 983 1713 utriusque
1005 1662 1123 1699 cum
1154 1648 1264 1698 suis
1290 1644 1535 1697 habeant.
1570 1641 1736 1696 Tanta
1761 1643 1934 1709 ihique
1959 1641 2119 1694 debet

549 1738 887 1799 esseastutia
910 1780 923 1801 ,
969 1744 1220 1802 quantum
1257 1735 1338 1786 fur
1374 1744 1665 1787 nocturnus
1695 1734 1744 1785 iit
1780 1742 1989 1794 pectore
2019 1746 2117 1783 no-

1515 342 1572 396 S.
1618 334 2002 395 FllUCTUOSl
2046 332 2515 390 BllACARENSlS
2556 326 2853 392 EPISCOPI

3672 326 3804 391 “il

2793 442 3019 502 CAPUT
3073 444 3235 503 XVII.

2228 556 2409 623 Qualis
2436 556 2610 611 debeat
2639 574 2743 611 esse
2770 559 3075 612 consuetudo
3102 558 3364 611 salutandi
3394 574 3451 612 ιη
3483 563 3805 614 monasteriis

2698 631 2919 681 virorum
2948 630 3313 698 puellarumve.

2294 717 2424 770 Cum
2456 732 2512 772 se
2543 719 2753 771 occasio
2782 719 2987 772 dederit
3021 729 3074 771 ut
3100 718 3165 771 de
3198 720 3539 773 monasteriis
3566 719 3801 773 virOrum

2222 810 2415 879 aliquis
2446 812 2510 863 de
2541 811 2818 863 abbatibus
2862 821 2951 863 aut
2994 810 3270 864 monachis
3314 809 3379 863 ad
3413 812 3798 865 monasterium

2224 902 2400 955 veniat
2435 902 2771 968 puellarum,
2823 912 2877 954 ut
2922 917 3037 956 mos
3083 910 3164 956 est
3192 901 3502 966 salutandi,
3552 915 3663 955 non
3713 917 3804 955 eas

2222 990 2521 1059 singulatim
2557 990 2913 1057 praecipimus,
2947 988 3039 1043 sed
3072 989 3340 1043 abbatissa
3376 991 3572 1059 priuto,
3625 1001 3683 1044 et
3725 992 3799 1044 sic

2223 1089 2398 1139 omnis
2429 1084 2770 1153 congregatio
2817 1084 2880 1136 ad
2925 1084 3259 1137 salutandum
3295 1086 3375 1137 eis
3404 1094 3697 1149 occurrat;
3754 1093 3803 1137 et

2224 1176 2323 1229 hoc
2353 1191 2445 1243 pro
2476 1176 2749 1228 monachis
2774 1175 3003 1228 dicimus
3032 1175 3121 1242 qui
3149 1174 3214 1227 de
3245 1174 3532 1243 longinquo
3555 1175 3801 1239 veniunt,

2226 1285 2327 1321 non
2359 1269 2425 1323 de
2467 1268 2737 1321 vicinitate
2767 1267 3152 1322 habitatoribus
3196 1269 3512 1321 confinium.
3568 1266 3637 1322 Et
3679 1283 3801 1322 cmn

2226 1369 2430 1425 tempus
2462 1359 2732 1413 remeandi
2763 1359 2827 1411 ad
2863 1358 3104 1427 preprias
3133 1360 3297 1413 cellas
3331 1360 3522 1425 fuerit,
3569 1360 3672 1426 ipsi
3708 1360 3803 1413 ad-

2226 1449 2499 1503 venientes
2562 1449 2806 1502 monachi
2853 1450 3099 1504 similiter
3144 1448 3469 1503 abbatissam
3521 1466 3643 1503 cum
3693 1451 3803 1506 suis

2222 1541 2531 1605 sororibus,
2574 1542 2709 1593 sicut
2741 1541 2999 1607 primum,
3032 1542 3388 1595 communiter
3418 1556 3509 1595 eas
3540 1543 3802 1597 salutent.

2228 1630 2332 1683 llas
2362 1630 2492 1683 duas
2522 1630 2663 1684 vices
2695 1631 2923 1683 intrandi
2972 1640 3023 1683 et
3073 1630 3301 1684 exeundi
3354 1631 3623 1685 licentiam
3656 1634 3803 1687 salu-

2227 1718 2370 1771 tandi
2404 1719 2599 1771 habere
2630 1719 2962 1783 mandamus,
3007 1733 3165 1787 supra
3197 1718 3377 1773 facere
3406 1722 3657 1777 nolumus
3686 1740 3701 1788 ;
3750 1730 3805 1778 et

547 1840 661 1885 stro
683 1794 688 1799 1
712 1794 999 1884 (ἷΙιι-ἰειιλιη·
1031 1828 1274 1882 occidere
1324 1826 1535 1879 festinat
1559 1869 1571 1887 ,
1622 1834 1676 1878 et
1715 1839 1814 1877 nou
1846 1838 2069 1891 corpora
2098 1862 2113 1887 ,
2154 1794 2197 1854 Β
2226 1808 2325 1862 huc
2364 1808 2535 1876 ipsum
2568 1823 2687 1860 cum
2720 1822 2926 1861 summa
2959 1810 3275 1862 verecundia
3307 1817 3359 1864 et
3385 1813 3596 1864 cautela
3619 1855 3632 1878 ,
3682 1822 3802 1866 tan-

547 1921 640 1973 sed
670 1919 876 1972 animas
904 1919 1142 1986 jugulare
1169 1915 1455 1971 desiderat.
1489 1914 1841 1979 Quamobrem
1873 1914 1961 1966 tali
1992 1929 2119 1966 cau-

546 2012 689 2065 tione
715 2010 984 2062 firmamus
1011 2008 1147 2062 hanc
1174 2008 1433 2075 regulam,
1459 2017 1511 2058 ut
1536 2020 1801 2072 nunquam
1830 2006 1973 2058 solus
1997 2020 2116 2057 cum

548 2104 659 2155 sola
690 2100 887 2153 fabulet
928 2098 1113 2167 :quod
1152 2100 1196 2151 si
1241 2098 1496 2160 fecerint,
1548 2096 1717 2149 sciant
1763 2110 1822 2148 se
1868 2108 2143 2163 rumpere.

550 2192 763 2247 Patrum
796 2192 1031 2245 instituta
1060 2230 1076 2255 ,
1124 2199 1178 2244 et
1217 2190 1392 2243 cordis
1421 2190 1600 2242 vitalia
1646 2188 1832 2243 mortis
1881 2187 2119 2240 iufixisse

544 2285 810 2353 sagittam.
847 2282 949 2336 Pro
977 2283 1077 2335 hoc
1106 2282 1332 2350 paradisi
1362 2282 1603 2351 perditur
1629 2281 1753 2345 vita,
1782 2290 1835 2333 et
1860 2279 2119 2346 supplicio

547 2376 732 2429 tartari
767 2374 1077 2442 adipiscitur
1101 2373 1324 2441 jactura.
1373 2372 1495 2425 Mihi
1528 2371 1759 2434 credite,
1804 2387 1905 2424 non
1941 2378 2119 2440 potest

553 2474 666 2519 toto
692 2466 854 2520 corde
882 2465 1118 2518 habitare
1140 2480 1257 2518 cum
1287 2462 1529 2527 Domino,
1555 2465 1643 2534 qui
1669 2464 1947 2518 mulierum
1976 2478 2117 2531 saepe

554 2555 857 2609 accessibus
896 2554 1194 2623 c0pulatur.
1252 2555 1350 2608 Per
1393 2554 1668 2608 mulierem
1712 2556 1905 2621 quippe
1950 2568 2117 2607 auett-

546 2655 701 2714 potus
729 2656 810 2700 est
836 2660 1091 2712 serpens,
1128 2644 1179 2697 id
1210 2653 1292 2697 est
1318 2644 1590 2708 diabolus,
1624 2641 1848 2712 primum
1878 2650 2113 2696 nostruut

546 2748 839 2805 parentem.
870 2736 933 2788 Et
959 2734 1081 2802 quia
1113 2750 1215 2787 non
1250 2734 1377 2799 Deo,
1408 2736 1499 2789 sed
1519 2734 1728 2787 diabolo
1751 2735 1959 2787 exstitit
1991 2733 2115 2787 sbe-

545 2826 698 2881 diens
723 2868 737 2890 ,
788 2828 1039 2880 continuo
1070 2828 1243 2879 carnis
1276 2826 1519 2894 injttriam
1558 2826 1744 2880 sensit.
1797 2825 1861 2879 Et
1903 2826 1970 2879 ob
2017 2824 2115 2877 hoc

542 2932 672 2987 ergo
703 2920 837 2972 hanc
870 2918 1170 2985 passionem
1205 2917 1292 2969 filii
1326 2918 1610 2980 sentimus,
1640 2916 1707 2970 de
1736 2932 1834 2981 qua
1870 2926 2116 2982 parentes

545 3024 573 3060 a
608 3009 835 3075 paradisi
867 3008 1073 3077 gaudiis
1098 3010 1393 3073 captivatos
1423 3020 1542 3061 esse
1569 3008 1961 3077 cognoscimus.
2002 3006 2119 3061 Cir-

541 3082 993 3165 ctunspieieudum
1036 3098 1262 3167 proinde
1303 3106 1406 3161 est,
1458 3107 1513 3152 et
1554 3098 1915 3154 indesinenter
1955 3112 2115 3152 oran-

547 3189 671 3241 dum
694 3228 708 3253 ,
758 3198 813 3241 et
851 3190 977 3241 totis
1007 3190 1207 3242 viribus
1238 3188 1540 3258 fugiendum
1563 3232 1576 3251 ,
1625 3205 1690 3243 ne
1728 3204 1918 3242 sensus
1948 3190 2114 3243 nostri

551 3285 640 3337 tali
675 3284 967 3351 muscipula
995 3284 1292 3350 capiantur.
1337 3275 1492 3338 Solus
1522 3297 1650 3353 ergo
1676 3298 1793 3336 cum
1821 3283 1955 3348 sola,
1994 3283 2117 3336 licet

555 3374 606 3429 itt
641 3373 828 3429 itinere
858 3390 917 3428 se
946 3375 1190 3442 obvieut,
1226 3390 1328 3428 non
1360 3376 1637 3443 loquatur;
1684 3376 1822 3429 nulla
1852 3374 1975 3428 alibi
2003 3375 2116 3429 sola

548 3464 649 3518 nisi
679 3481 798 3519 cum
831 3465 993 3517 altera
1025 3466 1125 3518 sibi
1153 3467 1348 3520 comite
1376 3467 1649 3533 dirigatur.
1684 3466 1832 3533 Quod
1862 3471 1904 3520 si
1932 3467 1999 3521 de
2028 3482 2117 3521 su-

544 3570 634 3624 pra
668 3557 861 3608 laxatis
890 3556 1151 3624 quispiam
1184 3557 1331 3610 solus
1362 3571 1481 3611 eum
1512 3558 1625 3609 sola
1657 3558 1897 3612 fabulare
1927 3559 2118 3627 depre-

544 3644 811 3710 ltenditur,
838 3654 1054 3699 centum
1080 3646 1267 3699 ictibus
1288 3646 1615 3714 flagellorum
1639 3657 1887 3702 extensus
1912 3649 2118 3716 publice

543 3736 879 3789 verberetur.
928 3736 990 3789 Et
1016 3738 1102 3804 qui
1135 3737 1253 3789 talia
1287 3736 1459 3791 facere
1491 3742 1790 3804 praesumit,
1836 3753 1956 3792 cum
1989 3754 2117 3791 cau-

546 3824 691 3877 tione
722 3825 1101 3888 admoneatur,
1133 3825 1273 3893 quod
1302 3827 1521 3879 abusive
1553 3824 1795 3879 habuerit
1826 3827 2120 3881 monacho-

550 3932 668 3971 rum
698 3926 981 3985 praecepta,
1006 3927 1058 3970 et
1086 3916 1219 3970 hanc
1248 3919 1482 3971 secundo
1508 3921 1859 3996 geminaverit
1884 3921 2115 3985 eulpam,

552 4008 863 4085 verberatus
892 4008 1065 4060 denuo
1093 4007 1295 4061 carceri
1327 4011 1682 4077 mancipetur;
1730 4019 1819 4063 aut
1858 4010 1903 4064 si
1945 4012 2115 4079 poeni-

553 4102 664 4147 tere
694 4094 943 4159 noluerit,
976 4094 1115 4148 foras
1144 4094 1469 4164 projiciatur.

1132 4206 1356 4263 CAPUT
1394 4209 1532 4263 XVI.

549 4300 735 4366 Quales
763 4303 946 4371 fratres
970 4298 1179 4355 debeant
1203 4317 1318 4423 titul:
1337 4303 1592 4355 sororibus
1615 4318 1715 4355 uno
1740 4306 1792 4357 in
1815 4306 2116 4360 monasterio

1222 4388 1270 4423 ta
1305 4384 1453 4423 itare.

1222 4384 1453 4425 tabtlare.

2221 1914 2380 1967 quam
2427 1900 2470 1951 si
2518 1910 2743 1964 utroque
2790 1898 3089 1952 communis
3124 1898 3375 1953 Dominus
3406 1899 3701 1969 Christus,
3753 1911 3805 1956 ct

2223 1988 2434 2042 illaruttt
2470 2002 2697 2056 sponsus
2722 2030 2737 2053 ,
2787 1988 2937 2054 quasi
2973 1987 3023 2040 in
3052 1988 3251 2055 judicio
3279 1990 3344 2043 de
3376 1995 3663 2058 praesentia
3699 2003 3803 2049 stet

2220 2083 2589 2151 c0rporaliter.
2616 2081 2904 2151 Zelotypus
2928 2089 3004 2134 est
3030 2080 3288 2146 Christus,
3316 2098 3418 2135 non
3445 2085 3557 2136 vult
3580 2087 3800 2140 domum

2221 2191 2370 2229 suam
2424 2174 2601 2227 facere
2649 2174 2864 2226 domum
2920 2176 3315 2243 negotiationis.
3366 2174 3629 2229 Cancrum
3676 2194 3804 2233 vero

2224 2267 2379 2319 talem
2429 2265 2863 2319 consuetudinem
2906 2267 3080 2319 facere
3122 2268 3480 2331 mandamus,
3536 2280 3591 2322 ut
3646 2270 3693 2323 si
3745 2270 3795 2326 in

2223 2374 2379 2412 unam
2407 2358 2742 2412 collationem
2775 2358 2838 2411 ad
2870 2359 3186 2413 audiendum
3218 2362 3437 2415 verbum
3470 2363 3661 2417 salutis
3690 2364 3797 2418 fra-

2225 2460 2332 2503 tres
2360 2459 2413 2503 et
2441 2464 2655 2503 sorores
2682 2450 2943 2517 copulata:
2975 2450 3200 2517 fuerint,
3229 2453 3377 2519 juxta
3411 2458 3556 2508 viros
3586 2471 3803 2512 sorores

2226 2544 2418 2597 sedere
2444 2558 2547 2596 non
2574 2543 2824 2608 audeant,
2849 2543 2942 2597 sed
2974 2554 3195 2613 uterque
3218 2560 3375 2598 sexus
3404 2546 3592 2600 divisis
3622 2548 3801 2603 choris

2219 2636 2425 2691 sedeat.
2480 2634 2664 2689 Nullus
2711 2636 2959 2689 abbatum
3008 2646 3100 2690 aut
3154 2636 3375 2691 fratrum
3416 2654 3477 2693 se
3509 2649 3799 2707 praesumat

2220 2727 2475 2795 deinceps
2500 2727 2822 2795 ubicunque,
2846 2729 3047 2797 absque
3071 2729 3294 2799 imperio
3317 2732 3613 2797 seniorum,
3638 2748 3798 2789 oscu-

2221 2817 2329 2871 lum
2377 2818 2577 2871 seniori
2611 2832 2902 2887 poirtgere,
2954 2834 3127 2889 neque
3174 2823 3223 2873 in
3255 2822 3511 2889 gremium
3544 2836 3794 2879 sororum

2220 2912 2384 2967 veluti
2418 2921 2570 2981 pacto
2599 2922 2756 2981 caput
2785 2914 3085 2976 declinare;
3133 2928 3303 2983 neque
3348 2915 3401 2967 in
3446 2915 3625 2985 capite
3675 2931 3793 2971 mae

2222 3004 2411 3069 nachi,
2442 3004 2527 3058 vel
2577 3003 2630 3057 in
2666 3004 3006 3069 vestimento,
3047 3005 3241 3059 femina
3271 3005 3336 3059 ad
3368 3007 3796 3075 excomplanan-

2222 3094 2350 3149 dum
2383 3110 2572 3149 manus
2601 3095 2817 3149 mittete
2844 3097 3056 3150 audeat.
3097 3096 3247 3161 Quod
3277 3098 3322 3151 si
3351 3109 3620 3166 aegrotans
3648 3099 3798 3169 quis—

2224 3190 2361 3257 piam
2393 3187 2802 3252 monachorum,
2827 3197 2915 3241 aut
2941 3188 3007 3242 de
3035 3188 3343 3258 longinquo,
3368 3199 3459 3242 aut
3485 3189 3553 3243 de
3586 3192 3801 3259 proprio

2219 3280 2566 3345 monasterio,
2600 3292 2702 3332 non
2739 3289 3022 3345 praestimat
3051 3279 3104 3332 itt
3132 3282 3458 3333 monasterio
3490 3283 3793 3348 puellarum

2215 3372 2419 3440 jacere,
2465 3385 2531 3423 ne
2573 3371 2837 3425 relevatus
2867 3384 3118 3438 corpore,
3152 3372 3329 3425 animo
3363 3370 3591 3437 incipiat
3619 3387 3793 3439 aegro-

2221 3472 2353 3515 tare.
2389 3461 2456 3514 Et
2482 3471 2536 3514 ut
2566 3460 2750 3514 beatus
2780 3461 3135 3531 Hieronymus
3164 3461 3276 3515 ait:
3314 3479 3331 3512 t
3370 3461 3677 3517 Periculose
3708 3463 3799 3517 tibi

2219 3554 2518 3617 ministrat,
2560 3560 2714 3620 cujus
2743 3555 2945 3607 cultum
2974 3569 3185 3621 semper
3213 3554 3467 3607 attendis.
3501 3573 3522 3606 ι
3580 3556 3662 3609 Ob
3694 3557 3794 3609 hoc

2220 3658 2345 3711 ergo
2376 3658 2562 3696 omnes
2589 3654 2819 3713 a'grotos
2862 3644 3151 3699 monachos
3195 3644 3246 3698 in
3293 3647 3622 3698 monasterio
3658 3646 3797 3699 viro-

2222 3748 2336 3784 rum
2368 3732 2546 3801 jacere
2579 3736 2950 3801 prazcipimus;
3002 3746 3054 3789 et
3100 3751 3205 3789 non
3246 3746 3493 3802 matrem,
3529 3752 3636 3790 non
3672 3754 3796 3806 ger-

2223 3839 2457 3890 manam,
2493 3840 2597 3877 non
2634 3841 2883 3890 uxorem,
2920 3842 3021 3879 non
3055 3826 3253 3894 filiam,
3287 3842 3391 3881 non
3422 3832 3792 3897 propinquam,

2223 3928 2329 3967 non
2375 3926 2725 3979 extraneum,
2778 3932 2882 3967 tton
2934 3919 3217 3983 ancillam,
3274 3934 3380 3972 non
3427 3919 3795 3987 qualecmtque

2220 4021 2388 4073 genus
2418 4006 2697 4060 mulierum
2734 4005 2858 4060 viris
2891 4008 3191 4061 ministrare
3224 4008 3272 4061 in
3306 4009 3615 4063 infirmitate
3645 4026 3795 4061 utau-

2219 4100 2439 4161 damus;
2488 4097 2581 4151 sed
2625 4098 2669 4151 si
2713 4098 3003 4151 accesserit
3049 4108 3103 4150 ut
3150 4114 3214 4152 ex
3262 4098 3585 4167 supradictis
3620 4101 3792 4170 aliqua

2224 4203 2344 4241 cum
2376 4189 2775 4242 sm-bitiunculis
2804 4188 2871 4241 ab
2900 4188 3167 4242 abbatissa
3206 4189 3364 4243 fuerit
3393 4190 3594 4243 directa
3618 4232 3635 4256 ,
3685 4194 3795 4245 sine

2220 4279 2469 4332 ministro
2498 4279 2835 4332 infirmorum
2866 4294 2983 4332 eum
3015 4279 3226 4332 visitare
3269 4294 3373 4333 non
3419 4280 3654 4347 audeat,
3701 4296 3794 4334 nec

2215 4369 2363 4435 juxta
2394 4385 2513 4423 eum
2543 4385 2761 4423 manere
2788 4378 3093 4437 praesumat.
3128 4369 3323 4422 Eadem
3354 4379 3406 4422 et
3434 4370 3499 4422 de
3524 4369 3654 4421 viris
3680 4383 3794 4423 esse

616 4460 670 4512 ltt
699 4461 1023 4514 monasterio
1056 4462 1347 4527 puellarum
1378 4462 1562 4530 procul
1592 4477 1621 4515 a
1651 4464 1784 4517 cella
1816 4465 2110 4519 monachos
2139 4482 2194 4543 Β
2223 4461 2557 4513 mandamus.
2613 4459 2797 4513 Nullus
2846 4460 2898 4513 in
2944 4459 3208 4527 praeterita
3242 4461 3485 4514 castitate
3514 4461 3790 4527 confidat,

546 4553 783 4605 habitare
815 4554 1124 4606 mandamus
1151 4572 1162 4607 :
1202 4554 1331 4609 tales
1360 4556 1697 4623 praebeantur
1727 4557 1876 4624 pauci
1906 4569 1959 4611 et
1988 4574 2110 4624 per-

549 4644 699 4707 fecti,
734 4644 803 4696 ita
836 4654 891 4697 ut
922 4644 987 4698 de
1018 4644 1254 4712 pluribus
1286 4647 1488 4713 probati
1520 4647 1802 4714 eligantur,
1847 4649 1934 4715 qui
1966 4659 2017 4700 et
2047 4650 2113 4702 de

545 4734 816 4800 aliquanto
849 4744 1085 4799 tempore
1135 4750 1271 4805 pene
1315 4738 1366 4789 in
1411 4736 1734 4789 monasterio
1778 4752 2112 4804 senuerunt;

544 4838 678 4891 quos
706 4837 922 4891 semper
951 4825 1211 4879 castitatis
1242 4827 1346 4878 vita
1375 4826 1797 4891 commendavit,
1841 4836 1894 4880 et
1927 4828 2110 4882 crimi-

546 4915 685 4967 nalia
716 4916 906 4969 delicta
954 4914 1095 4970 foras
1125 4918 1407 4972 ecclesiam
1437 4921 1938 4972 excommunicatos
1971 4930 2113 4974 stare

548 5023 655 5062 non
686 5008 826 5063 fecit.
862 5009 1020 5064 Tales
1044 5026 1171 5081 ergo
1202 5011 1251 5063 in
1283 5011 1609 5064 monasterio
1641 5012 1930 5078 puellarum
1964 5013 2113 5065 habi-

549 5105 664 5151 tare
692 5098 920 5151 debeant
940 5139 955 5164 ,
987 5101 1073 5166 qui
1101 5110 1154 5152 et
1185 5099 1265 5152 eis
1293 5098 1492 5167 aliquid
1520 5101 1840 5168 carpentarii
1873 5101 2114 5155 ministe-

544 5188 681 5242 rium
730 5188 953 5253 facient,
1000 5200 1053 5243 et
1096 5190 1499 5244 advenientibus
1538 5189 1787 5246 fratribus
1833 5194 2113 5259 hospitium

544 5280 774 5332 debeant
799 5296 1134 5349 praeparare;
1162 5290 1213 5334 et
1236 5295 1397 5349 super
1418 5291 1668 5351 utrosque
1690 5299 1849 5338 sexus
1873 5284 2115 5351 juniores

544 5373 690 5435 quasi
722 5387 965 5426 vasorum
997 5372 1123 5426 fiant
1152 5374 1419 5427 custodes.
1451 5373 1656 5429 Nullam
1690 5374 1960 5430 licentiam
1992 5373 2113 5431 eva-

545 5460 701 5526 gandi
735 5460 962 5514 habeant
992 5476 1238 5527 sorores,
1287 5473 1339 5515 et
1372 5463 1571 5529 abeque
1609 5465 1979 5519 benedictione
2011 5468 2110 5519 ali-

549 5551 683 5605 batis
731 5554 981 5622 deinceps
1030 5570 1148 5607 cum
1200 5554 1324 5608 viris
1373 5556 1645 5609 osculandi
1713 5566 1801 5610 aut
1859 5559 2108 5626 loquendi

547 5646 879 5699 occasionem
916 5646 1122 5713 penitus
1153 5662 1256 5699 non
1288 5647 1578 5717 requirant,
1610 5648 1751 5715 quod
1782 5649 1823 5705 si
1855 5650 2010 5705 aliter
2037 5650 2111 5705 fe-

546 5737 736 5799 cerint,
767 5737 962 5804 regula:
994 5736 1319 5804 subjaceant.
1936 5758 1939 5761 λ

2216 4555 2336 4620 quia
2373 4566 2469 4604 nec
2500 4551 2694 4604 Davide
2721 4551 2974 4609 sanctior,
3005 4566 3101 4603 nec
3130 4550 3413 4604 Salomone
3442 4554 3644 4617 poterit
3673 4565 3788 4606 esse

2216 4644 2532 4712 sapientior,
2582 4658 2807 4710 quorum
2859 4643 3016 4695 corda
3068 4657 3162 4709 per
3203 4643 3452 4696 mulieres
3504 4644 3786 4711 depravata

2216 4744 2361 4789 sunt.
2416 4735 2478 4787 Et
2515 4749 2579 4786 ne
2610 4734 2893 4800 quisquam
2925 4730 3021 4785 sibi
3051 4734 3116 4786 de
3149 4734 3541 4802 propinquitate
3571 4736 3783 4803 generis

2216 4828 2471 4881 castitatis
2502 4825 2749 4879 fiduciam
2796 4834 3003 4889 sumat,
3050 4840 3257 4878 mentor
3288 4824 3357 4879 sit
3385 4826 3525 4895 quod
3560 4828 3787 4880 Thamar

2215 4918 2284 4971 ab
2315 4919 2542 4971 Ammon
2577 4915 2740 4969 fratre
2787 4929 2884 4970 suo
2934 4915 3301 4984 aegritudinem
3348 4916 3636 4970 simulante
3666 4932 3781 4970 coro

2218 5018 2369 5078 rupta
2398 5007 2486 5061 sit.
2531 5008 2758 5063 Proinde
2787 5022 2915 5075 ergo
2943 5022 3063 5062 cum
3096 5008 3188 5061 tali
3218 5010 3465 5062 castitate
3494 5010 3687 5062 fratres
3729 5017 3781 5061 et

2217 5115 2431 5155 sorores
2462 5100 2643 5154 vivere
2672 5100 2942 5164 debeant,
2991 5109 3047 5153 ut
3090 5115 3196 5153 non
3240 5099 3410 5153 solum
3441 5114 3623 5154 coram
3654 5101 3778 5162 Deo,

2216 5194 2307 5247 sed
2339 5196 2498 5246 etiam
2529 5206 2710 5245 coram
2746 5191 3048 5244 hominibus
3075 5190 3270 5245 bonum
3303 5193 3662 5246 testimonium
3693 5192 3781 5244 lia-

2218 5287 2409 5348 beaut,
2442 5297 2493 5339 et
2527 5286 2901 5352 superstitibus
2931 5285 3246 5353 sequacibus
3275 5286 3577 5340 sanctitatis
3605 5300 3787 5341 exeat...

2220 5379 2334 5447 plar
2370 5378 2691 5445 relinquant.

2782 5484 3005 5540 CAPUT
3037 5485 3215 5542 XVIZI.

2249 5577 2315 5633 Ut
2345 5594 2443 5632 non
2471 5579 2852 5650 recipianlnrin
2882 5581 3240 5650 titanasterium
3273 5580 3373 5633 nisi
3399 5583 3487 5650 qui
3514 5581 3764 5639 ndicium

2605 5649 2740 5700 amni
2777 5647 3020 5715 facultate
3054 5651 3232 5701 nudati
3265 5661 3397 5703 sunt.

2287 5740 2657 5811 Comperimus
2690 5756 2781 5811 rer
2809 5742 2984 5797 minus
3013 5752 3164 5797 cauta
3198 5744 3517 5798 monasteria
3550 5744 3643 5813 qvi
3674 5762 3791 5801 cum
