4016 6354
278 359 412 417 lilii

1345 355 1627 439 REGULA
1667 355 2050 412 MUNASTICA
2091 353 2275 409 CUM“
2289 352 2455 409 L'NlS.

3382 357 3519 414 “26

279 468 649 529 lacullaticitlis
700 468 813 526 suis
866 471 1090 538 ingressi
1142 478 1265 524 sunt
1318 480 1501 537 postea
1556 472 1845 538 tepetactos
1875 474 1917 529 Α
1957 469 2028 521 hil
2060 467 2305 538 prodest,
2338 467 2380 519 si
2413 466 2693 534 aliquis.de
2722 480 2883 535 regno
2912 467 3246 532 subtractus,
3295 482 3320 520 a
3367 473 3515 537 regni

277 580 390 617 cum
421 605 435 627 ,
464 566 647 631 grandi
693 562 1107 630 exprobratione
1154 572 1395 625 repetere
1455 568 1509 613 et
1554 562 1838 625 smeulutn,

276 656 415 723 quod
469 655 831 721 reliquerant,
882 661 940 706 ιιι
974 667 1133 706 canes
1164 652 1229 705 ad
1265 652 1519 704 vomitum
1556 664 1841 705 revocare:

276 756 325 799 et
365 761 483 800 cum
523 749 635 798 suis
680 745 990 814 propinquis
1044 744 1181 813 quod
1233 746 1554 798 monasterio
1604 744 1847 797 contule-

276 847 395 891 rant
447 836 548 891 hoc
594 845 941 905 extorquere,
1000 845 1051 890 et
1099 836 1304 905 judices
1339 837 1627 889 sazcularcs
1662 836 1846 904 requi-

271 942 430 993 rere,
469 936 525 980 et
568 942 686 979 cum
734 926 1034 981 senioribus
1077 927 1400 981 monasteria
1443 926 1740 993 dissipare,
1788 936 1842 979 et

274 1030 373 1086 per
417 1031 577 1069 unum
620 1015 973 1085 negligentem
1022 1017 1216 1069 multos
1242 1016 1510 1083 simplices
1540 1016 1847 1070 deturbatos

273 1109 519 1162 videmus
557 1123 696 1161 esse.
751 1108 980 1161 Proinde
1020 1108 1246 1161 solerter
1292 1108 1683 1177 praevidendutn
1728 1117 1843 1173 est,

274 1208 323 1251 ct
355 1198 499 1250 omni
528 1198 819 1250 intentione
850 1197 1254 1250 discernendum
1276 1238 1288 1260 ,
1320 1209 1371 1249 ιιι
1402 1196 1531 1250 tales
1560 1213 1663 1250 non
1707 1197 1841 1250 reci.

274 1287 511 1354 piantur,
539 1288 659 1355 quia
688 1302 793 1339 non
819 1299 913 1353 pro
938 1300 1120 1339 amore
1147 1287 1340 1339 Christi
1370 1287 1452 1340 isti
1482 1288 1725 1351 veniunt,
1753 1286 1843 1341 sed

272 1378 447 1432 vicina
479 1388 649 1429 morte
679 1377 946 1443 perterriti
969 1418 981 1441 ,
1009 1387 1062 1430 ει
1091 1376 1412 1429 infirmitatis
1439 1379 1675 1446 angustia
1701 1393 1849 1430 com-

274 1465 449 1532 pulsi,
490 1480 595 1517 non
641 1465 709 1518 oh
755 1481 991 1518 amorem
1029 1467 1306 1518 etelestem
1345 1466 1583 1531 incitati,
1617 1468 1708 1520 sed
1755 1481 1845 1521 so-

272 1558 549 1610 lummodo
601 1573 811 1624 poenam
864 1556 1215 1611 formidantes
1263 1558 1477 1611 inferni.
1529 1558 1601 1611 De
1651 1559 1842 1612 talibus

270 1646 562 1714 Apostolus
592 1648 699 1699 ait:
734 1646 834 1712 Qui
876 1648 1013 1701 timet
1055 1661 1153 1699 non
1195 1656 1268 1700 est
1308 1649 1556 1717 perfectus
1588 1649 1641 1700 in
1676 1650 1846 1701 c/mrio

266 1740 395 1803 tate,
428 1739 670 1807 quaniam
700 1740 848 1790 timor
879 1754 1075 1807 poenam
1107 1739 1274 1802 habet,
1308 1738 1397 1790 sed
1426 1739 1645 1808 perfecta
1674 1739 1845 1791 chari-

1950 564 2181 628 potentia
2214 560 2480 621 exclusus,
2517 557 2657 611 li-rro
2685 558 3021 622 constrictus,
3050 559 3203 613 hodie
3224 562 3423 613 carceri
3456 575 3511 617 ct

1951 647 2073 719 [εει]
2097 649 2463 715 mancipatus;
2499 648 2569 701 ita
2600 648 2725 701 nihil
2758 649 2953 713 obstat,
2989 651 3031 702 si
3065 650 3219 704 hodie
3245 666 3271 701 a
3300 668 3517 705 carcere

1949 739 2067 807 quis
2096 739 2319 806 rapitur,
2347 749 2401 791 et
2431 740 2590 805 regali
2628 740 2828 791 honore
2860 740 3220 793 constituitur.
3252 740 3437 793 Nullus
3468 743 3519 797 ci

1950 829 2138 882 sordes
2187 831 2416 881 carceris
2465 829 2725 899 imputat;
2776 830 2868 881 sed
2930 830 3030 882 hoc
3081 830 3255 883 solum
3306 832 3516 896 laudat,

1948 921 2085 989 quod
2136 921 2186 973 in
2233 935 2298 973 eo
2343 921 2585 974 miratur.
2634 922 2721 976 Sic
2766 922 2838 975 ml
2884 922 3103 989 prodest
3143 923 3343 990 justum
3389 925 3523 978 bene

1949 1015 2168 1075 vivere,
2216 1022 2271 1067 et
2314 1016 2451 1067 male
2495 1016 2654 1067 vitam
2699 1016 2848 1068 finire
2876 1033 2888 1079 ;
2920 1017 2987 1068 ita
3034 1032 3281 1085 magnum
3324 1018 3521 1071 bonum

1948 1111 2063 1166 est,
2097 1113 2427 1170 peccatorem
2458 1104 2519 1156 ad
2553 1105 2917 1171 pmuiteutiant
2949 1106 3123 1160 redire
3151 1125 3166 1173 ;
3212 1110 3338 1161 olim
3383 1109 3522 1164 male

1947 1192 2165 1257 vivere,
2200 1206 2253 1247 et
2298 1197 2638 1261 postmodum
2688 1200 2822 1251 bene
2856 1200 3113 1265 tin‘rc,‘a
3161 1202 3305 1255 nullo
3348 1211 3521 1255 retro-

1949 1294 2063 1337 acta
2115 1295 2327 1352 peccata
2378 1287 2630 1353 imputata
2674 1288 2891 1341 habere.
2926 1289 3206 1343 Credimus
3244 1292 3477 1358 judicem
3503 1333 3518 1357 ,

1946 1378 2159 1445 qualem
2193 1392 2350 1445 quem
2382 1378 2432 1430 in
2465 1378 2568 1431 line
2602 1380 2889 1445 invenerit,
2926 1382 3084 1435 talem
3115 1398 3396 1447 coronare,
3428 1392 3519 1437 aut

1948 1479 2096 1520 certe
2127 1470 2402 1522 damnare.
2440 1471 2502 1522 Et
2529 1472 2776 1538 quamvis
2803 1474 2906 1524 sint
2939 1475 3116 1539 gravia
3149 1476 3343 1528 delicta
3366 1516 3380 1539 ,
3414 1492 3519 1529 non

1946 1568 2023 1609 est
2068 1562 2247 1612 tamen
2291 1559 2395 1613 illis
2435 1560 2501 1613 de
2546 1562 2635 1614 llei
2688 1564 3054 1616 misericordia
3102 1565 3521 1633 destzerandum.

1951 1646 2171 1713 Liquide
2202 1648 2576 1715 cognoscimus
2606 1650 2744 1715 quod
2787 1651 3053 1716 publicani
3087 1662 3139 1705 et
3173 1664 3481 1720 peceatores
3504 1696 3522 1721 ,

1955 1738 2105 1789 nullo
2146 1738 2481 1805 praecedente
2522 1742 2745 1801 merito,
2787 1741 2879 1807 qui
2921 1740 3080 1794 futuri
3131 1758 3223 1810 per
3266 1743 3524 1812 justitiam

268 1840 346 1881 tas
380 1832 520 1897 {oras
548 1830 696 1881 mittit
729 1828 959 1882 timorem
989 1828 1048 1899 (1
1076 1830 1233 1882 Joan.
1272 1832 1386 1899 tv).
1433 1831 1546 1884 Non
1592 1842 1713 1883 sunt
1760 1832 1843 1885 isti
1881 1811 1923 1870 Β
1951 1840 2101 1883 erant
2140 1829 2461 1893 damnandi,
2504 1832 2727 1899 gratuita
2770 1834 3117 1890 miseratione
3167 1811 3278 1904 per,
3308 1838 3522 1893 brevem

270 1918 521 1987 discipuli
550 1918 782 1985 Christi,
814 1928 868 1972 et
895 1936 998 1973 non
1029 1919 1079 1973 in
1112 1921 1343 1973 Ecclesia
1371 1932 1487 1974 sunt
1515 1923 1841 1990 requirendi;

260 2010 364 2062 ‘sed
415 2011 467 2061 in
515 2010 766 2063 membris
816 2008 1123 2063 Antichristi
1175 2011 1475 2064 inveniendi
1524 2020 1687 2064 sunt:
1740 2027 1842 2065 non

268 2108 395 2152 sunt
426 2100 623 2151 accola:
656 2102 805 2152 boum
850 2100 1309 2167 repromissionis,
1354 2115 1449 2155 nec
1491 2103 1599 2155 veri
1641 2098 1847 2157 Israeli-

270 2198 372 2256 ιω,
405 2191 499 2241 sed
531 2189 596 2241 de
631 2189 914 2257 longinquo
953 2180 1173 2243 a'dvenze
1216 2191 1505 2258 proselyti;
1542 2193 1632 2245 sed
1674 2208 1847 2259 neque

269 2279 529 2335 fratribus
563 2282 763 2342 fideles,
798 2296 967 2349 neque
999 2283 1049 2334 in
1082 2297 1250 2350 pugna
1282 2283 1478 2336 inventi
1506 2295 1631 2337 sunt
1662 2285 1843 2341 fortes.

266 2370 427 2425 Tales
470 2372 595 2424 olim
638 2372 688 2424 in
736 2371 971 2426 Levitico
1016 2372 1296 2426 Dotttinttm
1341 2377 1711 2441 Cognoscimus
1753 2376 1847 2431 de-

274 2472 539 2526 tcsmsse,
570 2473 621 2516 et
662 2464 713 2516 itt
760 2463 897 2516 bello
938 2478 1004 2516 ne
1039 2473 1319 2532 pergerent
1363 2464 1698 2532 prohibuisse
1731 2484 1743 2519 :
1780 2466 1843 2521 Si

274 2555 387 2623 quis
412 2598 425 2621 ,
461 2554 667 2622 inquit,
714 2556 865 2607 corde
903 2555 1112 2622 pavidus
1158 2565 1263 2620 est,
1309 2571 1409 2609 non
1449 2559 1740 2623 egrediatur
1778 2560 1847 2612 ad

273 2644 464 2697 bellum
490 2662 506 2707 ;
554 2644 722 2709 radat,
752 2654 798 2697 et
827 2654 1105 2696 revertatur
1130 2645 1195 2697 ad
1225 2646 1429 2697 domum
1460 2663 1625 2710 suam,
1658 2663 1717 2699 ne
1748 2665 1846 2717 prt-

275 2748 390 2787 rere
420 2734 579 2802 faciat
608 2734 763 2786 corda
790 2738 1008 2800 fratrum
1035 2751 1240 2788 suorum
1260 2776 1273 2800 ,
1301 2737 1430 2789 sicut
1459 2744 1505 2788 et
1536 2738 1641 2806 ipse
1671 2738 1848 2790 timore

276 2826 574 2891 perterritus
606 2836 678 2877 est
708 2826 723 2893 (
754 2822 904 2879 Deut.
942 2842 1013 2879 xx
1040 2825 1079 2895 ).
1118 2826 1189 2881 De
1223 2830 1413 2882 talibus
1462 2829 1512 2882 in
1564 2830 1847 2899 Evangelio

275 2916 483 2970 Veritas
514 2919 621 2969 ait:
661 2917 826 2983 Quam
858 2919 1071 2986 difﬁcile
1100 2930 1171 2971 est
1194 2964 1206 2985 ,
1251 2920 1336 2987 qui
1379 2922 1620 2986 pecunias
1664 2922 1848 2975 [tabent

272 3009 463 3060 intrare
492 3010 542 3058 in
570 3024 775 3078 regnum
804 3012 1041 3062 castorum
1075 3010 1299 3081 (Matth.
1328 3028 1417 3070 xix
1448 3013 1463 3087 )
1488 3015 1499 3070 !
1536 3013 1675 3072 N.hil
1706 3032 1847 3074 enim

1952 1920 2323 1986 paenitentiam
2362 1931 2483 1973 sunt
2523 1921 2804 1987 redempti.
2847 1923 2952 1977 Sed
2987 1940 3088 1979 non
3119 1936 3201 1980 est
3232 1928 3281 1979 in
3312 1928 3389 1982 eis
3419 1938 3525 1982 tam

1948 2012 2335 2066 consideranda
2368 2027 2613 2066 mensura
2644 2017 2920 2082 temporis,
2950 2031 3109 2084 quam
3137 2019 3356 2073 doloris.
3392 2024 3530 2091 Agat

1956 2117 2083 2167 ergo
2125 2102 2490 2170 unusquisque
2532 2102 2743 2170 dignam
2788 2107 3150 2171 pmnitentiam
3177 2148 3191 2168 ,
3233 2112 3523 2164 secundum

1948 2192 2235 2260 qualitates
2267 2193 2539 2259 culparum
2559 2235 2572 2259 ,
2608 2204 2663 2245 ut
2690 2197 2810 2261 quis
2843 2199 2893 2247 in
2927 2211 3030 2264 quo
3060 2198 3253 2251 delicto
3283 2214 3402 2253 sese
3430 2215 3518 2254 co-

1957 2288 2164 2354 gnoscit
2201 2299 2381 2349 reum,
2424 2287 2490 2339 de
2528 2301 2593 2339 eo
2630 2286 2827 2352 delicto
2868 2303 3088 2343 necesse
3117 2300 3197 2343 est
3239 2292 3525 2348 observare

1953 2372 2180 2445 primum
2211 2377 2499 2431 secundum
2533 2380 2765 2432 instituta
2798 2396 3079 2435 canonum.
3116 2382 3170 2435 ιιι
3209 2382 3326 2451 lege
3357 2384 3517 2439 habe-

1952 2477 2037 2522 tur
2078 2477 2131 2520 ιιι
2171 2468 2289 2536 quis
2339 2467 2421 2520 cui
2478 2479 2733 2535 quantum
2790 2469 3024 2523 intulerit
3079 2471 3375 2534 damnum,
3432 2480 3524 2524 aut

1951 2558 2142 2611 fecerit
2179 2558 2412 2622 caedem,
2454 2568 2543 2610 aut
2584 2562 2937 2613 commoverit
2987 2563 3283 2625 ultionem,
3332 2561 3528 2631 judicis

1952 2649 2234 2703 dirimatur
2260 2647 2461 2717 judicio
2488 2663 2501 2711 ;
2535 2661 2591 2702 ει
2619 2649 2686 2702 de
2717 2658 3095 2703 lllllllcruslla't:
3127 2653 3420 2706 solidorum
3459 2653 3528 2706 ad

1949 2756 2105 2796 suum
2168 2741 2455 2794 reducatur
2514 2741 2833 2807 arbitrium,
2891 2760 2954 2795 ne
3010 2746 3234 2797 fortasse
3294 2760 3523 2810 persona

1952 2843 2145 2902 potens
2196 2832 2415 2885 damnet
2462 2847 2777 2900 Oppressum
2806 2874 2820 2898 ,
2872 2842 2923 2886 et
2963 2836 3051 2901 qui
3101 2835 3251 2903 legali
3293 2851 3520 2890 censura

1950 2923 2318 2979 centenarium
2377 2924 2606 2977 habebat
2646 2926 2917 2978 incurrere
2967 2926 3250 2991 damnum,
3311 2928 3520 2981 tertiam

1951 3014 2169 3083 reddat,
2203 3014 2344 3086 quod
2389 3014 2454 3073 de
2496 3012 2676 3072 liberis
2713 3015 3034 3072 continetur.
3077 3017 3231 3073 Certe
3270 3034 3364 3075 nos
3402 3032 3524 3075 cum

275 3100 340 3153 de
374 3100 611 3165 Pristinis
645 3101 983 3161 facultatibus
1015 3110 1124 3161 suis
1157 3110 1209 3162 in
1238 3110 1482 3162 eumdem
1516 3110 1723 3177 locum,
1759 3111 1845 3165 ubi
1876 3150 1920 3211 Ο
1953 3125 2197 3165 essemus
2223 3113 2360 3165 servi
2393 3114 2635 3180 peccati,
2670 3114 2776 3165 Deo
2807 3113 3124 3177 miserante,
3157 3124 3210 3167 et
3242 3116 3387 3167 nulio
3418 3132 3518 3168 no-

274 3192 477 3265 i'ngredi
504 3216 561 3252 se
589 3202 716 3267 petit
741 3204 1117 3256 monasterium
1140 3246 1152 3268 ,
1183 3203 1262 3257 vel
1286 3204 1350 3257 ad
1378 3220 1538 3257 unum
1569 3221 1846 3260 nummum

276 3292 567 3359 recipiatur
594 3312 607 3358 ;
640 3294 731 3347 sed
765 3304 819 3347 et
846 3294 957 3363 ipse
987 3311 1143 3349 manu
1174 3311 1268 3350 sua
1297 3306 1482 3351 cuncta
1530 3300 1847 3367 pauperibus

278 3394 463 3452 eroget
492 3399 506 3448 ;
540 3395 594 3438 et
638 3386 973 3453 postmodum
1011 3390 1419 3455 comprobatus,
1466 3392 1845 3445 monasterium

272 3476 371 3528 sub
417 3477 600 3544 regula
639 3478 1026 3541 introducatur,
1065 3490 1116 3532 et
1147 3494 1285 3533 anno
1326 3482 1532 3550 integro
1571 3497 1598 3535 a
1643 3483 1847 3537 eunetis

275 3564 530 3620 fratribus
588 3583 649 3621 ex
717 3569 970 3623 industria
1029 3571 1279 3625 conviciis
1328 3575 1723 3640 comprobatur.
1784 3576 1846 3629 lit

274 3666 555 3725 postquam
590 3659 834 3725 probatus
863 3660 914 3713 in
939 3662 1144 3714 cunctis
1171 3662 1423 3715 obedieus
1451 3662 1635 3728 fuerit,
1662 3675 1711 3717 et
1742 3680 1843 3717 non

274 3748 323 3799 itt
356 3748 553 3815 plumbi
588 3757 772 3802 natura
806 3750 1059 3819 mollitus,
1086 3751 1179 3804 sed
1206 3765 1328 3804 acer
1359 3752 1751 3819 perduraverit,
1789 3761 1844 3805 ttl

274 3838 503 3907 ferrum,
532 3842 862 3909 pesttnodum
891 3857 1115 3898 exuatur
1139 3845 1481 3899 saecularibus
1510 3848 1762 3909 vestibus,
1792 3858 1845 3899 et

274 3927 530 3982 induatur
561 3933 873 3986 monaSterii
902 3934 1163 4001 religiOsis
1191 3934 1559 4001 simplicibus;
1591 3945 1644 3989 et
1674 3936 1842 3988 adno-

276 4030 419 4074 tetur
450 4022 499 4074 in
534 4032 684 4090 parte
715 4038 833 4076 cum
883 4024 1169 4088 fratribus,
1202 4034 1255 4078 et
1286 4024 1427 4079 vivat
1470 4026 1607 4079 inter
1654 4040 1839 4079 mona-

269 4112 401 4166 chos
433 4118 689 4181 prottatus
720 4128 770 4168 et
804 4116 917 4183 ipse
946 4115 1260 4169 monachus.

859 4224 1083 4281 CAPUT
1124 4227 1263 4281 XIX.

341 4313 479 4378 Quid
506 4316 557 4367 in
584 4321 886 4369 monasterio
913 4319 1116 4370 debeant
1144 4317 1425 4381 observare,
1449 4321 1536 4387 qui
1567 4329 1773 4388 peccata

587 4388 820 4456 graviora
850 4388 902 4439 in
936 4391 1122 4440 sa'culo
1154 4388 1515 4440 commiserint.

1953 3213 2065 3257 stro
2097 3204 2287 3257 merito
2316 3202 2682 3272 praecedente,
2719 3203 2868 3256 liberi
2902 3204 3021 3255 facti
3053 3217 3234 3256 Stttttus
3263 3205 3478 3270 jttSlilitl:
3505 3222 3518 3270 ;

1951 3303 2005 3347 et
2046 3294 2112 3347 de
2158 3294 2595 3346 innumerositate
2635 3292 2997 3359 peccaminum
3040 3296 3091 3344 in
3134 3293 3524 3348 misericordis-

1951 3385 2073 3437 simi
2099 3383 2295 3453 judicis
2328 3384 2525 3451 pendet
2552 3383 2773 3436 arbitrio
2806 3385 2971 3437 nostri
3008 3386 3206 3451 peccati
3235 3385 3470 3436 dcbitttttt
3503 3401 3518 3447 ;

1952 3484 2002 3528 et
2060 3488 2156 3542 pro
2211 3472 2507 3527 centesimo
2553 3472 2787 3539 pondere
2840 3480 3179 3540 peccaturum
3229 3473 3521 3540 iniquitatis

1952 3566 2325 3632 cognoscimus
2366 3577 2638 3630 opponere
2670 3562 2931 3627 villicum,
2963 3564 3050 3629 qui
3078 3563 3143 3616 de
3172 3574 3385 3617 centum
3426 3578 3515 3617 ca-

1953 3657 2037 3710 dis
2069 3656 2172 3710 olei
2203 3657 2470 3723 octoginta
2493 3697 2506 3719 ,
2541 3656 2607 3709 de
2636 3663 2850 3708 centum
2882 3654 3023 3708 coris
3066 3656 3225 3709 tritici
3255 3659 3520 3726 quinqua-

1951 3752 2123 3820 ginta,
2158 3750 2491 3803 decurtatum
2524 3752 2766 3818 qumsivit
2805 3750 3074 3811 debitum,
3109 3750 3287 3803 statim
3330 3763 3387 3803 se
3428 3766 3522 3804 co-

1950 3842 2129 3908 gnovit
2159 3855 2188 3893 a
2222 3839 2434 3907 proprio
2465 3839 2682 3891 domino
2712 3854 2832 3893 esse
2864 3840 3128 3893 laudatum
3164 3838 3326 3909 (Luc.
3361 3857 3450 3894 xvt
3479 3847 3519 3909 ).

1952 3933 2026 3986 Ita
2061 3933 2297 4000 plerique
2326 3941 2449 3985 sunt
2481 3932 2533 3985 in
2565 3932 2883 3985 monasteria
2917 3931 3139 3999 ingrcssi
3164 3974 3177 3996 ,
3209 3934 3294 4001 qui
3326 3933 3393 3985 ob
3422 3933 3522 3986 im-

1952 4025 2261 4079 manitatem
2312 4024 2575 4078 scelerum
2625 4034 2971 4078 excesserunt
3020 4041 3343 4091 numerum,
3394 4042 3526 4096 quos

1949 4116 2118 4169 sancti
2175 4132 2409 4171 canones
2462 4117 2605 4170 t‘oras
2655 4118 2898 4171 ecclesia:
2948 4133 3107 4187 agere
3158 4119 3521 4188 pmnitentiam

1949 4218 2318 4274 censuerant;
2368 4218 2425 4261 ει
2473 4208 2571 4261 nisi
2618 4208 2669 4261 in
2715 4211 2871 4262 linem
2922 4210 3044 4262 vita:
3094 4211 3522 4264 communionem

1950 4300 2229 4367 percipere
2288 4308 2655 4369 negaverunt:
2712 4313 2808 4352 nos
2863 4311 3038 4353 tamen
3097 4299 3520 4353 misericordiam

1950 4389 2159 4442 Domini
2193 4391 2488 4459 comperti,
2524 4391 2887 4458 pusillanimes
2918 4404 3102 4441 sumus
3131 4388 3417 4452 eottsolati,
3453 4405 3520 4443 ne

338 4479 439 4543 Qui
490 4479 820 4547 gravioribus
867 4479 1035 4547 culpis
1086 4490 1138 4533 et
1180 4480 1492 4533 criminibus
1541 4495 1660 4534 sese
1706 4480 1838 4532 deli.
1868 4494 1918 4552 υ
1949 4482 2095 4548 gravi
2132 4482 2344 4534 tristitia
2377 4481 2637 4534 coarctati
2670 4489 2891 4550 pereant
2918 4479 3212 4546 desperati,
3244 4479 3310 4531 de
3345 4479 3523 4531 mulli-

266 4572 449 4639 quisse
501 4579 866 4637 cognoscunt,
926 4570 1151 4637 primum
1207 4585 1300 4624 eos
1338 4582 1588 4638 optamus
1643 4571 1837 4638 regula:

265 4662 405 4715 colla
445 4660 759 4716 submittere
800 4663 899 4714 sub
942 4663 1317 4729 probatissimo
1357 4663 1577 4726 abbate,
1626 4662 1675 4713 in
1728 4677 1840 4714 mo-

266 4755 500 4807 naSterio
530 4752 793 4807 desudare
815 4794 829 4819 ,
864 4763 914 4807 et
945 4765 1132 4806 cuncta
1176 4762 1441 4806 retroacta
1472 4762 1688 4818 peccata
1724 4759 1842 4803 lan-

263 4861 424 4914 quam
455 4853 683 4913 :egrotos
714 4844 919 4898 medico
947 4845 1167 4912 spiritali
1212 4843 1408 4896 seniori
1450 4841 1795 4895 manifestare
1824 4857 1837 4905 ;

264 4947 317 4990 et
357 4938 498 4991 sicut
530 4935 737 5003 publice
768 4944 1117 5003 peccaverunt
1141 4975 1156 4999 ,
1193 4933 1401 5001 publice
1442 4932 1701 5002 paenitere
1729 4973 1743 4996 ,
1787 4942 1841 4988 et

264 5027 576 5096 pteniteuda
610 5027 743 5080 ultra
778 5042 881 5080 non
910 5027 1282 5089 committere;
1317 5024 1561 5078 timorem
1604 5024 1671 5078 de
1713 5039 1841 5093 sup-

267 5118 453 5186 plicio,
504 5132 741 5171 amorem
793 5118 858 5172 de
907 5133 1108 5188 regno,
1159 5130 1307 5185 spem
1357 5115 1425 5169 de
1473 5115 1839 5168 misericordia

266 5209 469 5263 habere
491 5251 505 5273 ,
539 5218 593 5263 et
622 5225 892 5277 nunquam
935 5210 1254 5277 desperare,
1286 5208 1407 5276 quia
1451 5205 1503 5259 in
1539 5206 1727 5259 ultimo
1759 5216 1841 5262 est

264 5312 518 5356 extremae
546 5302 690 5365 vitta,
715 5300 1011 5369 justificare
1043 5310 1133 5353 aut
1164 5300 1539 5353 condemnare.
1571 5299 1838 5367 Scriptum

265 5402 347 5446 est
374 5394 515 5446 enim
549 5411 559 5444 :
599 5390 995 5461 Ipsejudicnbit
1024 5401 1248 5446 extrema
1277 5402 1424 5444 terra:
1466 5392 1483 5462 (
1511 5389 1539 5445 Ι
1571 5390 1700 5459 Reg.
1732 5406 1768 5445 ll
1796 5392 1836 5459 ).

271 5484 713 5552 Uuutnquetnque
757 5482 1013 5537 Dominus
1056 5484 1107 5537 in
1155 5482 1261 5538 ﬁne
1299 5493 1390 5536 aut
1427 5483 1717 5551 justilicat,
1751 5492 1841 5535 aut

266 5577 587 5631 condemnat
615 5592 630 5640 ;
660 5586 714 5630 et
746 5577 1113 5629 universorum
1159 5576 1315 5628 linem
1362 5576 1475 5642 ipse
1506 5576 1837 5638 considerat,

263 5677 319 5718 nt
357 5682 457 5720 nec
489 5676 755 5736 peccator,
790 5666 832 5719 si
864 5665 1069 5720 fortiter
1099 5666 1439 5735 ingemiscat,
1469 5665 1716 5733 desperet
1744 5679 1837 5718 vc-

269 5757 409 5810 niam
431 5797 445 5821 ,
482 5771 575 5812 nec
601 5756 777 5825 justus
807 5756 871 5812 de
904 5756 1113 5825 propria
1144 5756 1423 5812 sanctitate
1454 5756 1705 5812 conﬁdat.
1740 5754 1834 5809 Ni-

1949 4573 2129 4625 tndine
2172 4586 2427 4624 annorum
2468 4570 2533 4622 ad
2575 4571 2787 4623 brevem
2831 4569 3150 4621 recurrimus
3197 4582 3520 4635 numerum;

1946 4673 2000 4718 et
2033 4676 2134 4714 tam
2167 4663 2272 4715 cito
2300 4678 2417 4715 eum
2451 4661 2818 4723 coaciliamus,
2849 4674 3004 4727 quam
3036 4659 3143 4711 cito
3170 4673 3288 4711 eum
3314 4675 3519 4728 cogno-

1945 4755 2179 4806 verimus
2209 4752 2258 4804 in
2287 4750 2595 4819 pmuitentia
2623 4759 2674 4803 et
2701 4749 2997 4804 humilitate
3026 4750 3318 4807 fundatum.
3343 4751 3521 4817 Quare

1945 4851 1998 4896 et
2031 4850 2156 4894 tunc
2200 4841 2438 4895 medicus
2478 4841 2544 4892 ab
2588 4839 2849 4893 incisione
2888 4842 3181 4905 suspendet
3222 4851 3514 4911 aegrotum,

1943 4948 2065 4987 cum
2109 4948 2225 4986 eam
2276 4948 2369 4999 per
2414 4932 2764 4984 medicamina
2809 4933 3119 4999 cognoverit
3158 4948 3278 4987 esse
3321 4948 3517 4988 sanau-

1945 5025 2092 5081 dum.
2126 5024 2285 5077 Ctbos
2316 5038 2442 5077 vero
2470 5024 2601 5076 tales
2641 5023 2717 5077 eis
2761 5024 2998 5092 praebere
3038 5026 3382 5091 mandamus,
3423 5026 3511 5095 qui

1944 5130 2041 5170 nec
2087 5115 2356 5167 lasciviam
2403 5115 2668 5177 nutriant,
2704 5128 2801 5169 nec
2840 5130 3034 5184 corpus
3064 5116 3218 5169 nimis
3250 5116 3507 5186 afﬂigant.

1943 5207 2143 5263 Carnes
2197 5216 2417 5272 tamen,
2474 5204 2742 5273 siceram,
2802 5208 3124 5279 vehvinum
3172 5207 3251 5260 eis
3304 5208 3515 5260 auferre

1944 5300 2257 5354 mandamus
2291 5316 2300 5349 :
2333 5297 2477 5367 quod
2508 5296 2553 5350 si
2587 5313 2678 5365 per
2710 5298 3068 5353 infirmitatem
3096 5338 3110 5363 ,
3160 5306 3251 5350 aut
3292 5298 3508 5351 nimiam

1943 5398 2304 5452 senectutem,
2337 5398 2425 5439 aut
2456 5396 2603 5440 certe
2632 5389 2859 5455 aliquam
2894 5388 3297 5453 necessitatem,
3329 5402 3390 5442 ex
3426 5389 3508 5442 his

1942 5478 2282 5535 itnbccillttas
2316 5478 2570 5546 patuerit,
2606 5478 2656 5531 in
2700 5478 2920 5531 arbitrio
2950 5487 3004 5532 et
3034 5479 3299 5546 probitate
3339 5481 3507 5548 majo-

1941 5586 2056 5625 rum
2100 5571 2361 5637 ponimus.
2396 5568 2784 5623 Vestimentqu
2816 5583 2941 5621 vero
2970 5567 3239 5622 cilicinum
3274 5570 3512 5637 pratbere

1939 5663 2218 5730 juhemus,
2266 5659 2493 5728 qualiter
2539 5674 2631 5725 per
2676 5657 2725 5711 id
2774 5658 3075 5721 compuncti
3112 5672 3205 5726 per
3252 5658 3429 5711 haedos
3479 5670 3511 5710 a

1940 5753 2168 5810 sinistris
2196 5765 2409 5807 suorum
2443 5764 2652 5818 semper
2696 5748 3102 5803 reminiscantur
3149 5759 3510 5818 peccatorum.
