4016 6354
501 337 635 394 “’27

1448 332 1504 388 S.
1549 331 1930 390 FIIUCTUOSI
1975 329 2446 388 BRACARENSIS
2492 331 2788 389 EPISCOPI

3601 327 3739 386 Hi8

500 458 716 512 Lectum
741 465 912 510 tamen
945 462 1184 508 sterni-re
1210 451 1518 510 mandamus
1544 451 1688 506 corio
1712 459 1802 504 aut
1839 450 2064 520 psiatho,
2101 449 2146 508 A
2171 450 2383 506 inveniet
2413 469 2526 507 eam
2557 452 2780 524 (Matth.
2812 465 2902 504 xvi
2922 449 2963 520 ).
2993 447 3219 504 Proinde
3247 448 3437 503 melius
3469 447 3742 518 multoque

499 547 638 613 quod
672 544 858 597 Latine
889 553 1065 596 storea
1097 552 1454 608 nuncupatur,
1487 550 1577 593 aut
1605 549 1749 594 certe
1781 543 1960 608 paleas
1993 551 2070 592 te-

501 653 669 702 nues,
704 639 746 689 si
778 637 967 690 horum
1001 637 1128 688 nihil
1162 636 1407 695 habetur,
1439 635 1679 701 exceptis
1721 632 1947 686 infirmis
1969 672 1982 694 ,
2016 644 2070 685 ct

504 730 665 784 nimia
697 737 969 782 senectute
998 725 1244 787 defessis,
1275 725 1349 777 uti
1381 734 1432 778 et
1457 723 1584 792 ipsis
1605 722 1826 776 arbitrio
1850 721 2069 775 foveano

503 832 585 875 tur
634 820 861 874 abbatis.
904 819 1023 872 Ilarc
1068 832 1185 884 qua:
1233 829 1387 881 supra
1428 813 1723 866 notavimus
1757 826 1847 880 per
1901 811 2070 878 ι)ωηὶ-

504 916 719 968 tentiam
751 913 992 981 dignam,
1022 919 1075 962 et
1108 924 1210 961 non
1241 909 1413 960 fictam
1461 905 1846 966 humilitatem,
1881 918 2074 954 unum-

502 1019 765 1073 quemque
813 1000 990 1055 veuire
1037 997 1376 1068 cognoscatis
1421 997 1489 1050 ad
1539 1011 1716 1050 veram
1764 994 2068 1048 sanitatem.

502 1097 698 1148 Amen.

1093 1197 1315 1254 CAPUT
1360 1195 1478 1250 XX.

575 1293 712 1360 Quid
741 1290 1102 1345 observandum
1131 1290 1192 1342 sit
1226 1288 1288 1339 de
1325 1286 1586 1360 monachis
1615 1283 1702 1351 qui
1733 1300 1762 1333 α
1789 1283 1997 1352 praprio

836 1360 1138 1412 monasterio
1171 1374 1258 1423 per
1288 1357 1407 1410 vitia
1441 1355 1758 1407 dilabuntur.

573 1450 702 1505 Cum
748 1449 941 1518 aliquis
988 1463 1081 1515 per
1127 1447 1306 1498 vitium
1350 1445 1584 1511 dilapsus
1633 1441 1789 1494 fuerit
1817 1454 1846 1492 a
1885 1451 2069 1491 mona-

502 1543 688 1608 sterio,
723 1541 774 1594 in
809 1539 949 1593 aliud
985 1552 1088 1591 non
1121 1534 1404 1603 recipiatur
1435 1530 1774 1594 coenobium,
1808 1541 1982 1596 neque
2024 1526 2074 1579 in

504 1630 846 1686 humanitatis
883 1628 1238 1688 charitatetn,
1279 1637 1449 1690 neque
1498 1622 1551 1673 in
1602 1620 1747 1688 pacis
1791 1618 2072 1680 osculum;

509 1723 601 1778 sed
633 1721 887 1776 crmtinuo
908 1761 921 1785 ,
969 1718 1160 1771 vinctis
1189 1723 1309 1783 post
1340 1722 1542 1780 tergum
1590 1707 1866 1769 manibus,
1896 1703 2075 1760 abbati

2173 545 2365 597 melius
2391 554 2473 598 est
2499 543 2751 596 mundum
2777 542 3004 605 calcare,
3031 539 3297 593 Christum
3325 539 3526 602 audire,
3560 539 3736 592 Evana

2172 636 2368 702 gelium
2409 635 2703 701 complere,
2736 633 2896 686 vitam
2930 633 3140 685 beatam
3169 611 3518 698 cum'angelis
3545 630 3744 682 sanctis

2174 723 2224 776 in
2269 731 2528 777 internum
2577 737 2669 790 per
2715 721 2894 774 omnia
2939 719 3132 773 sarcula
3180 717 3472 786 possidere.
3507 717 3741 770 Proinde

2172 813 2353 868 divino
2385 813 2576 866 ardore
2605 811 2849 876 accensi,
2882 824 3008 864 ecce
3038 822 3136 863 nos
3180 821 3394 872 omnes,
3429 807 3517 875 qui
3559 808 3746 862 subter

2172 903 2388 958 notandi
2418 918 2631 967 sumus,
2667 903 2776 956 Deo
2805 910 2860 956 et
2891 900 2984 955 tibi
3016 899 3233 954 domino
3264 907 3318 952 et
3363 884 3505 951 Patri
3553 907 3742 951 nosuo

2175 995 2433 1050 tradimus
2464 994 2672 1047 animas
2702 1000 2932 1054 nostras,
2961 999 3018 1042 ut
3047 987 3335 1042 secundum
3363 985 3591 1040 edictum
3618 996 3750 1054 apo-

2173 1085 2462 1150 stolorum,
2495 1093 2548 1138 et
2575 1082 2839 1150 regulam,
2872 1092 2926 1132 et
2966 1079 3119 1133 sicuti
3151 1086 3333 1131 sancta
3362 1076 3576 1130 Patrum
3609 1087 3750 1141 prmo

2173 1175 2475 1230 cedentium
2517 1173 2693 1227 sanxit
2732 1171 3054 1235 auctoritas,
3089 1183 3195 1222 uno
3237 1183 3334 1221 nos
3374 1167 3425 1220 in
3457 1167 3748 1231 cmnobio,

2172 1264 2386 1318 Christo
2429 1262 2799 1331 praecedente,
2830 1271 2989 1328 teque
3017 1261 3244 1314 docente
3265 1300 3279 1324 ,
3315 1259 3630 1312 habitamus.
3682 1258 3753 1311 Et

2173 1353 2426 1424 quidquid
2478 1367 2576 1420 pro
2619 1351 2791 1404 salute
2831 1352 3127 1403 animarum
3173 1357 3478 1403 nostrarum
3529 1363 3751 1400 annun-

2175 1446 2327 1508 tiare,
2355 1444 2570 1507 docere,
2599 1456 2776 1512 agere,
2803 1440 3100 1510 increpare,
3129 1441 3410 1508 imperare,
3437 1445 3756 1492 excommu-

2176 1537 2386 1600 nicare,
2413 1518 2703 1589 secundum
2740 1532 2975 1601 regulam
3009 1529 3315 1594 emendare,
3347 1529 3600 1595 volueris,
3637 1529 3746 1580 hu-

2174 1626 2286 1680 mili
2314 1626 2499 1688 corde,
2526 1621 2766 1690 deposita
2794 1621 2937 1676 omni
2966 1621 3290 1689 arrogantia,
3319 1620 3516 1674 intenta
3545 1627 3755 1684 mente,

2180 1713 2553 1781 desiderioque
2582 1711 2824 1775 ardente,
2852 1711 3026 1764 divina
3057 1708 3223 1779 gratia
3253 1708 3568 1777 opitulante,
3601 1708 3757 1761 inex-

503 1812 786 1868 reducatur
834 1809 1069 1879 proprio.
1116 1806 1268 1874 Quod
1316 1805 1360 1858 si
1408 1815 1654 1857 reversus
1697 1798 1763 1853 ad
1813 1798 2065 1850 saeculum

2187 1805 2510 1869 cusabiliter,
2555 1803 2780 1858 Domino
2827 1803 3071 1869 favente,
3102 1801 3277 1856 omnia
3319 1799 3758 1868 adimplebimus.

506 1904 696 1967 ftterit,
731 1911 785 1956 et
814 1916 843 1955 a
874 1899 1185 1970 prepinquis
1216 1896 1379 1949 fretus
1405 1906 1522 1946 cum
1554 1889 1630 1945 eis
1662 1889 1713 1940 in
1758 1884 2070 1954 superbiam

503 1993 832 2060 surrexerit,
861 2002 915 2047 et
942 1987 1265 2046 monasterio
1291 1985 1460 2038 minas
1493 1981 1765 2041 intulerit,
1796 1977 1996 2046 pariter
2024 1984 2077 2030 et

506 2091 606 2157 ipsi
635 2101 755 2142 cum
783 2101 848 2141 eo
872 2086 980 2140 sint
1006 2101 1034 2136 a
1063 2083 1314 2135 laicorum
1343 2076 1568 2131 concilio
1595 2073 1806 2142 publice
1834 2069 2074 2138 expulsi,

505 2188 560 2234 et
584 2179 650 2231 ab
677 2176 818 2230 omni
845 2172 1264 2228 Christianorum
1291 2174 1554 2221 conventu
1583 2169 1830 2216 maneant
1857 2158 2080 2213 anathe-

506 2263 766 2322 matizati.
796 2261 947 2329 Quod
987 2260 1034 2313 si
1072 2268 1126 2313 et
1165 2257 1263 2326 ipsi
1308 2256 1429 2309 laici
1472 2267 1569 2307 suo
1611 2266 1729 2304 eum
1774 2246 2079 2316 receperint

507 2358 809 2422 consortio,
859 2361 912 2407 et
956 2350 1152 2421 pariter
1203 2363 1324 2401 cum
1364 2360 1429 2399 eo
1468 2351 1650 2397 contra
1693 2339 2077 2393 monasterium

507 2443 845 2507 exarserint,
878 2441 930 2495 in
962 2435 1339 2495 contumeliam
1369 2433 1543 2486 cuncti
1569 2447 1596 2483 a
1624 2439 1802 2483 nostra
1835 2427 2077 2483 Ecclesia

508 2534 862 2604 expellantur,
893 2539 946 2584 et
975 2529 1117 2582 nullo
1145 2525 1420 2578 nobiscum
1449 2519 1723 2576 charitatis
1755 2518 1958 2573 foedere
1990 2531 2080 2571 co-

511 2627 794 2695 pulentur,
843 2635 1116 2692 quousque
1154 2618 1434 2671 veritatem
1476 2619 1832 2682 cognoscant,
1881 2619 1936 2664 et
1979 2624 2076 2663 no-

508 2716 714 2772 biscum
751 2722 978 2778 stantes,
1013 2709 1238 2777 injurias
1281 2704 1531 2759 Ecclesia‘.
1554 2702 1921 2766 vindicantes,
1964 2699 2079 2768 pari

507 2805 788 2862 devotione
814 2807 1156 2868 consurgant.
1198 2797 1252 2851 Si
1288 2805 1432 2850 certe
1463 2794 1558 2864 ipsi
1590 2801 1845 2862 apostata:
1874 2791 1940 2843 ab
1966 2805 2082 2842 om-

515 2901 670 2956 nibus
695 2899 889 2954 fuerint
917 2894 1151 2961 expulsi,
1175 2902 1228 2948 et
1257 2893 1359 2946 huc
1385 2891 1612 2959 illucque
1639 2896 1886 2958 vagantes
1910 2886 2083 2938 diver-

513 2991 591 3043 sis
634 2989 764 3043 locis
796 2983 1068 3040 in~tabiles
1097 2992 1254 3050 atque
1285 2980 1586 3034 vacillantes
1629 2991 1726 3032 suo
1758 2973 2081 3029 monasterio

514 3078 710 3135 reverti
742 3092 798 3131 se
826 3074 1113 3144 petierint,
1159 3069 1474 3124 necessitate
1518 3067 1815 3136 compulsi,
1861 3067 1911 3118 in
1956 3082 2084 3122 con-

2176 1897 2326 1963 Quod
2369 1894 2415 1949 si
2458 1893 2657 1963 aliquis
2695 1910 2760 1949 ex
2803 1893 2989 1958 nobis,
3018 1902 3202 1946 contra
3247 1891 3478 1959 regulam
3509 1899 3564 1945 et
3604 1900 3761 1944 tuum

2179 1993 2506 2056 praeceptum
2527 2026 2541 2050 ,
2567 1997 2926 2049 murmurans,
2950 1989 3236 2036 contumax
3255 2019 3269 2046 ,
3301 1979 3638 2042 inobediens,
3673 1978 3764 2034 vel

2187 2075 2541 2131 calumniator
2571 2074 2870 2139 exstiterit,-
2903 2082 3027 2128 tunc
3059 2072 3256 2126 habeas
3290 2079 3602 2139 potestatem
3635 2086 3762 2122 om-

2183 2180 2281 2220 nes
2312 2166 2366 2220 in
2398 2180 2559 2219 unum
2591 2178 2918 2234 congregare
2938 2201 2954 2228 ,
2993 2171 3078 2227 et,
3111 2162 3243 2216 lecta
3283 2174 3462 2215 coram
3506 2157 3763 2213 omnibus

2183 2256 2406 2326 regu‘la,
2453 2254 2666 2324 publice
2709 2253 2918 2322 culpam
2965 2253 3230 2321 probare,
3272 2259 3326 2305 et
3372 2250 3615 2318 ﬂagella,
3664 2263 3764 2303 seu

2189 2345 2830 2408 excommunicationem,
2889 2340 3180 2396 secundum
3226 2341 3473 2396 intuitum
3533 2338 3713 2406 culpae
3745 2375 3762 2401 ,

2193 2437 2557 2508 unusquisque
2602 2451 2756 2490 suum
2798 2443 3004 2489 reatum
3049 2433 3324 2488 convictus
3366 2430 3647 2500 suscipiat.
3704 2429 3765 2485 Si

2183 2529 2304 2598 quis
2334 2541 2466 2582 sane
2493 2541 2559 2582 ex
2593 2526 2748 2580 nobis
2777 2534 2964 2580 contra
2997 2523 3232 2594 regulam
3274 2523 3480 2578 occulte
3506 2536 3630 2575 cum
3663 2534 3767 2588 pa-

2184 2621 2456 2687 rentibus,
2488 2618 2776 2690 germanis,
2810 2621 2950 2684 ﬁliis,
2983 2617 3247 2688 cognatis,
3295 2617 3379 2672 vel
3425 2609 3765 2686 propinquis,

2189 2719 2281 2764 aut
2311 2719 2460 2766 certe
2485 2725 2604 2763 cum
2637 2711 2796 2763 fratre
2837 2723 3016 2762 secum
3062 2706 3328 2760 habitante
3367 2705 3652 2759 consilium
3697 2703 3769 2757 de

2186 2797 2412 2853 absente
2442 2797 2749 2868 supradicto
2778 2796 2932 2851 Patre
2967 2806 3151 2850 nostro
3181 2795 3390 2858 inierit,
3423 2793 3621 2848 habeas
3666 2808 3766 2861 ρος-

2193 2896 2444 2944 testatem
2477 2888 2529 2942 in
2563 2900 2996 2956 unumquemque
3022 2886 3110 2954 qui
3155 2885 3252 2938 hoc
3285 2884 3488 2938 facinus
3521 2891 3770 2937 tentaveJ

2186 2982 2291 3048 rit,
2324 2993 2382 3035 ut
2423 2996 2516 3050 per
2560 2995 2653 3035 sex
2700 2993 2911 3035 menses
2961 2978 3175 3032 indutus
3224 2977 3455 3046 tegmine
3501 2990 3625 3029 raso
3677 2984 3771 3030 aut

2187 3071 2388 3136 cilicio,
2433 3070 2756 3134 discinctus,
2796 3077 2852 3124 et
2897 3069 3279 3134 discalceatus,
3315 3069 3364 3120 in
3395 3066 3510 3120 solo
3545 3081 3684 3133 pane
3716 3072 3771 3119 et

512 3177 674 3220 ventu
708 3143 966 3232 majorum
998 3160 1358 3222 deducantur,
1389 3168 1441 3211 et
1471 3168 1525 3209 ut
1554 3170 1677 3209 vasa
1709 3154 1852 3224 figuli
1885 3155 1936 3209 in
1969 3155 2079 3209 for-

2187 3177 2318 3230 aqua
2345 3202 2359 3228 ,
2392 3163 2443 3217 in
2476 3162 2609 3216 cella
2641 3163 2864 3217 obscura
2897 3161 3388 3216 excommunicatus
3419 3159 3507 3212 sit.
3536 3158 3693 3225 Quod
3725 3157 3770 3211 si

516 3269 648 3310 nace
695 3254 1025 3323 probentur;
1071 3259 1123 3302 et
1160 3263 1281 3302 cum
1325 3247 1526 3316 probati
1569 3245 1797 3309 fuerint,
1830 3259 1926 3299 suo
1961 3261 2078 3298 mo-

515 3343 748 3400 nasterio
791 3343 1190 3404 reformentur;
1245 3347 1297 3392 et
1348 3351 1450 3391 non
1505 3336 1700 3406 prima,
1750 3335 1844 3390 sed
1895 3334 2080 3389 ultima

511 3434 765 3492 eathedra
796 3431 1145 3500 recipiantur.

1084 3519 1304 3588 Explicit
1331 3517 1528 3589 regula.

692 3637 753 3692 IN
785 3633 1038 3690 NOMINE
1073 3631 1300 3687 DOMINI
1334 3628 1571 3683 INCIPIT
1605 3627 1901 3682 PACTUM.

649 3742 700 3783 tu
736 3741 933 3781 NOIINE
969 3740 1014 3777 s.
1049 3735 1382 3783 'rntmrnis,
1419 3735 1640 3786 PATRIS,
1683 3735 1748 3773 ετ
1786 3733 1908 3772 rtut
1937 3755 1954 3783 ,

1013 3808 1080 3845 ΕΤ
1120 3806 1356 3844 ερηιιτυς
1389 3805 1592 3845 5ΔΜΞΤΙ.

585 3890 733 3955 Quod
755 3886 914 3941 corde
939 3883 1225 3946 credimus,
1252 3890 1306 3935 et
1333 3896 1426 3935 ore
1449 3881 1786 3949 proferimus.
1809 3880 2088 3936 Credimus

518 3981 727 4036 Patrem
768 3978 1087 4045 ingenitum,
1133 3974 1324 4028 Filium
1365 3973 1619 4042 genitum,
1663 3972 1918 4040 Spiritum
1965 3988 2089 4025 san-

517 4082 660 4125 ctum
691 4069 758 4121 ab
790 4079 1011 4135 utroque
1041 4065 1440 4134 procedentem.
1467 4059 1654 4117 Filium
1680 4060 1848 4116 solum
1871 4078 2084 4117 carnem

518 4164 585 4217 de
609 4161 825 4230 Virgine
853 4157 1180 4227 suscepisse,
1207 4165 1263 4210 et
1291 4157 1340 4210 in
1373 4155 1622 4212 mundum
1650 4169 1744 4222 pro
1769 4157 1940 4208 salute
1969 4172 2087 4208 om-

522 4254 667 4306 nium
698 4251 750 4304 in
787 4266 845 4303 se
874 4250 1202 4303 credentium
1237 4247 1614 4313 descendisse,
1652 4254 1705 4298 et
1732 4245 1798 4299 de
1843 4240 2000 4298 Patre
2034 4255 2087 4300 et

522 4344 724 4412 Spiritu
754 4351 939 4396 sancto
965 4355 1232 4408 nunquam
1262 4339 1572 4392 recessisse.
1607 4335 1739 4402 Quia
1775 4337 1885 4400 ipse
1913 4336 2044 4390 dixit
2073 4355 2084 4388 :

521 4433 630 4504 Ego
662 4442 706 4485 et
742 4431 894 4484 Pater
925 4445 1081 4483 unum
1112 4445 1285 4482 sumus
1317 4428 1492 4495 (Joan.
1525 4433 1596 4489 x).
1634 4426 1733 4478 Et:
1767 4424 1864 4489 Qui
1896 4441 1970 4476 me
1998 4427 2089 4480 ha-

2186 3255 2379 3324 aliquis
2433 3254 2586 3308 istam
2637 3268 2800 3322 prona
2854 3266 2949 3306 sua
3000 3253 3270 3306 voluntate
3324 3250 3554 3305 noluerit
3607 3261 3772 3319 agere

2188 3344 2596 3413 paenitentiam,
2643 3353 2897 3397 extensus
2939 3343 3082 3397 nudo
3125 3354 3385 3409 corpore,
3428 3340 3771 3410 septuaginta

2190 3445 2243 3491 et
2275 3436 2378 3488 duo
2411 3430 2620 3502 flagella
2663 3433 2955 3502 suscipiat;
2997 3444 3050 3488 et
3092 3434 3329 3502 deposita
3374 3443 3522 3487 veste
3574 3444 3769 3486 mona-

2188 3528 2369 3592 sterii,
2403 3520 2617 3581 indutus
2653 3525 2789 3592 quod
2824 3528 2873 3579 in
2906 3527 3119 3580 introitu
3163 3533 3352 3578 exutus
3379 3533 3460 3578 est
3490 3523 3766 3587 scissura,

2190 3613 2409 3671 notabili
2450 3627 2569 3670 cum
2611 3615 2923 3670 confusione
2965 3631 2993 3668 a
3039 3613 3283 3669 ctenobio
3325 3613 3652 3682 expellatur.
3705 3610 3774 3664 Et

2191 3705 2291 3760 hoc
2314 3705 2381 3761 de
2407 3706 2535 3759 viris
2558 3707 2673 3760 sive
2703 3705 2915 3759 feminis
2938 3705 3180 3759 dicimus.
3207 3703 3574 3758 Promittimus
3605 3704 3772 3758 etiam

2191 3795 2301 3850 Deo
2329 3805 2382 3850 et
2415 3795 2506 3850 tibi
2540 3795 2677 3848 Patri
2709 3804 2913 3860 nostro,
2939 3806 2990 3848 ut
3017 3795 3063 3848 si
3092 3793 3210 3864 quis
3238 3795 3355 3848 sine
3385 3793 3771 3847 benedictione

2190 3887 2412 3942 fratrum
2435 3927 2451 3953 ,
2478 3895 2568 3939 aut
2600 3897 2688 3940 tuo
2717 3887 2960 3956 imperio,
2990 3902 3084 3955 per
3111 3889 3292 3939 vitium
3321 3885 3386 3938 ad
3419 3884 3520 3937 alia
3555 3884 3674 3938 Ioca
3706 3883 3774 3937 ad

2197 3978 2548 4032 habitandum
2604 3981 2832 4033 transire
2884 3980 3145 4046 voluerit,
3197 3979 3391 4032 habeas
3451 3987 3774 4047 potestatem

2198 4069 2465 4122 incautam
2498 4069 2613 4137 ejus
2644 4069 2896 4138 persequi
2928 4069 3251 4122 voluntatem
3274 4108 3288 4132 ,
3319 4068 3408 4136 qui
3450 4068 3555 4122 hoc
3599 4074 3774 4122 tenta-

2191 4159 2366 4223 verit,
2399 4169 2454 4213 et
2495 4159 2940 4227 comprehensum
2984 4175 3103 4212 cum
3145 4157 3446 4213 senioribus
3489 4157 3772 4226 iudicum,

2191 4247 2255 4299 ad
2289 4245 2484 4316 regula:
2513 4261 2792 4300 censuram
2821 4247 3076 4301 reducere
3103 4259 3118 4310 ;
3151 4256 3205 4301 et
3233 4246 3279 4300 si
3308 4245 3497 4315 aliquis
3524 4262 3649 4301 eum
3681 4246 3776 4301 deo

2193 4339 2414 4394 tendere
2463 4339 2694 4393 voluerit
2739 4339 3051 4406 episcopus,
3102 4340 3185 4392 vel
3237 4339 3351 4407 ejus
3389 4340 3478 4408 qui
3527 4340 3775 4407 sequitur

2194 4429 2355 4494 ordo,
2390 4429 2488 4481 aut
2510 4426 2710 4494 laicus,
2740 4439 2789 4481 et
2823 4436 2908 4482 tua
2939 4429 3300 4484 admonitione
3329 4429 3506 4483 audita
3539 4430 3682 4497 apud
3714 4442 3776 4484 se

522 4486 599 4575 beat
624 4531 668 4574 et
701 4515 905 4571 Patrem
935 4517 1102 4570 habet.
1140 4517 1240 4569 Et:
1281 4486 1374 4579 Qui
1412 4530 1491 4567 me
1529 4486 1697 4576 videt,
1729 4486 1857 4566 videt
1900 4525 1944 4564 et
1980 4513 2082 4566 Pa-

2197 4530 2319 4573 eum
2354 4515 2588 4573 retinere
2617 4519 2881 4586 voluerit,
2909 4522 3317 4575 communicatio
3343 4522 3484 4575 illius
3509 4536 3634 4575 cum
3662 4522 3777 4575 dia-

523 4623 643 4663 trem
680 4601 874 4675 (Joan.
908 4606 1059 4675 31v).
1099 4606 1239 4660 Idem
1269 4619 1395 4658 vero
1425 4605 1591 4657 dixit:
1626 4604 1815 4657 Cretum
1859 4607 1981 4658 mihi
2014 4621 2093 4657 se-

523 4703 606 4751 des
632 4708 703 4750 est
723 4739 735 4760 ,
765 4706 809 4749 et
836 4705 966 4748 terra
989 4693 1262 4747 scabellum
1289 4695 1471 4759 pedum
1498 4711 1722 4747 meorum
1748 4693 1897 4762 (Isai.
1919 4697 2089 4762 val).

528 4789 581 4841 In
637 4789 780 4842 cmlo
830 4787 1003 4852 angeli
1055 4797 1214 4841 totam
1264 4782 1574 4840 Trinitatem
1627 4788 1883 4852 adorant,
1930 4798 1983 4842 et
2037 4788 2091 4842 in

529 4890 669 4932 terra
718 4879 974 4933 Dominus
1020 4876 1327 4931 hominibus
1371 4876 1662 4944 prmdicat,
1712 4877 1934 4931 dicens:
1970 4879 2092 4944 Ite,

524 4970 721 5022 vendite
750 4969 922 5024 omnia
952 4983 1069 5037 qua:
1101 4963 1402 5036 possidetis,
1436 4979 1481 5020 et
1515 4969 1632 5020 date
1674 4969 1976 5036 pauperibus
2003 5010 2016 5032 ,
2049 4978 2096 5021 et

524 5063 708 5126 venite,
737 5060 1002 5128 sequimini
1035 5074 1112 5111 me
1136 5057 1347 5128 (Matth.
1378 5061 1510 5127 xix).
1543 5059 1609 5111 Et
1639 5059 1862 5111 iterum:
1897 5059 1957 5112 Si
1983 5061 2095 5128 quis

525 5151 627 5203 t'uIt
675 5160 785 5218 post
835 5165 913 5203 me
961 5149 1163 5216 venire,
1206 5148 1412 5217 abneget
1457 5149 1817 5214 semetipsum,
1860 5161 1907 5201 et
1950 5149 2094 5202 tollat

525 5254 720 5292 crucem
747 5255 891 5290 suam
910 5281 924 5304 ,
954 5248 1001 5291 et
1029 5249 1266 5307 sequatur
1295 5254 1370 5290 me
1402 5237 1551 5306 (Luc.
1579 5238 1681 5304 lx).
1715 5235 1778 5291 Et
1805 5238 1927 5293 alibi
1956 5257 1967 5292 :
2000 5241 2097 5304 Qui

530 5327 645 5394 plus
676 5326 850 5396 fecerit
875 5328 1009 5394 patri
1030 5369 1044 5392 ,
1073 5337 1160 5380 aut
1199 5329 1349 5379 matri
1374 5367 1387 5391 ,
1419 5324 1570 5380 uxori
1587 5369 1600 5393 ,
1635 5328 1787 5395 ﬁliis,
1819 5328 1896 5381 vel
1934 5331 2098 5382 eumi-

525 5417 616 5471 bus
652 5432 763 5484 qua:
804 5433 916 5468 cum
956 5417 1145 5470 mundo
1188 5427 1447 5470 transeunt
1469 5458 1484 5482 ,
1515 5435 1667 5488 quant
1703 5421 1860 5487 mihi,
1895 5437 1995 5474 non
2024 5431 2098 5476 est

526 5521 603 5558 me
628 5506 811 5575 dignus
837 5504 1064 5575 (Matth.
1098 5508 1188 5578 x).
1223 5508 1286 5561 Et
1319 5509 1506 5562 iterum
1533 5527 1546 5562 :
1582 5509 1684 5574 Qui
1714 5528 1812 5564 non
1845 5513 1952 5566 odit
1981 5515 2096 5566 nni-

526 5611 662 5648 mam
693 5613 833 5649 suam
860 5606 1063 5664 propter
1089 5616 1165 5652 me
1185 5639 1200 5663 ,
1227 5615 1326 5652 non
1355 5609 1426 5652 est
1457 5616 1534 5652 me
1559 5602 1740 5669 dignus
1769 5598 1922 5672 (Luc.
1955 5606 2094 5673 xlv).

530 5683 630 5738 Et:
662 5683 761 5752 Qui
789 5687 1064 5754 perdiderit
1093 5703 1199 5740 eam
1227 5697 1433 5757 propter
1460 5707 1557 5755 me,
1587 5690 1640 5743 in
1675 5693 1826 5746 vitum
1856 5703 2098 5748 a'terunm

2192 4609 2316 4664 bolo
2348 4611 2453 4676 sit,
2485 4620 2538 4664 et
2571 4611 2908 4679 participatio
2939 4627 3058 4664 cum
3089 4611 3223 4666 Juda
3257 4613 3471 4667 Iscariot
3502 4613 3560 4666 in
3605 4613 3776 4667 infer-

2195 4718 2262 4755 no
2296 4719 2308 4766 ;
2342 4712 2394 4757 et
2425 4706 2474 4756 in
2509 4703 2756 4771 praesenti
2788 4703 2986 4758 szeculo
3028 4705 3513 4759 excommunicatus
3563 4721 3774 4770 perma-

2195 4804 2317 4847 neat
2367 4797 2431 4847 ab
2480 4794 2625 4848 omni
2676 4807 2816 4850 (‘th
2867 4795 3201 4860 Christiano,
3248 4806 3303 4851 et
3358 4810 3457 4850 nec
3505 4795 3560 4850 in
3614 4796 3776 4850 finem

2197 4885 2449 4938 viaticum
2482 4883 2702 4952 accipiat
2729 4926 2742 4946 ,
2770 4888 2857 4953 qui
2893 4887 2991 4940 hoc
3022 4886 3223 4940 fecerit.
3253 4887 3369 4941 Tibi
3402 4903 3531 4943 vero
3556 4888 3780 4943 domino

2198 4987 2382 5031 nostro
2413 4979 2770 5047 suggerimus,
2805 4978 2849 5032 si
2885 4979 3069 5043 velles,
3102 4980 3241 5048 quod
3274 4980 3418 5033 credi
3448 4990 3595 5034 certe
3629 4975 3780 5034 netas

2200 5079 2317 5132 est,
2373 5081 2424 5122 et
2456 5069 2593 5136 quod
2644 5069 2781 5123 Deus
2826 5069 2936 5123 ﬁeri
2984 5085 3088 5124 non
3138 5073 3382 5138 patiatur,
3430 5070 3662 5139 aliquem
3710 5086 3778 5124 ex

2200 5159 2354 5212 nobis
2389 5158 2607 5227 injuste,
2636 5165 2724 5212 aut
2752 5159 2999 5225 snperbe,
3031 5170 3121 5212 aut
3154 5159 3406 5213 iracunde
3436 5158 3657 5224 habere,
3685 5169 3776 5213 aut

2199 5260 2346 5304 certe
2378 5266 2534 5302 unum
2565 5249 2808 5319 diligere,
2838 5256 2890 5303 et
2923 5250 3143 5304 alterum
3178 5251 3360 5306 livoris
3386 5250 3508 5305 odio
3537 5262 3778 5306 contem-

2199 5351 2348 5405 nere,
2386 5355 2543 5392 unum
2578 5340 2864 5406 imperare,
2899 5339 3121 5392 alterum
3154 5341 3391 5403 adulare,
3423 5340 3562 5395 sicut
3590 5340 3778 5407 Vulgus

2200 5428 2393 5494 habet,
2427 5439 2549 5484 tunc
2581 5429 2870 5483 habeamus
2899 5439 2953 5483 et
2982 5445 3078 5484 nos
3108 5445 3418 5484 concessam
3463 5446 3489 5483 a
3539 5430 3648 5484 Deo
3681 5446 3779 5498 po-

2203 5529 2447 5574 testatem
2473 5561 2488 5586 ,
2535 5537 2639 5574 non
2684 5523 2948 5590 superbe,
2983 5538 3086 5576 non
3131 5523 3415 5589 iracunde,
3449 5538 3544 5592 per
3588 5539 3777 5577 unam-

2200 5627 2467 5681 quamque
2499 5613 2776 5667 decaniatn
2823 5616 3108 5682 pra‘posito
3151 5625 3333 5669 nostro
3377 5615 3772 5684 querimoniam

2200 5700 2396 5757 inferre
2427 5717 2442 5768 ;
2477 5710 2529 5758 et
2559 5704 2875 5774 praepositus
2906 5704 2994 5760 tibi
3028 5701 3243 5760 domino
3275 5716 3460 5760 nostro
3507 5703 3782 5758 humiliter
