  <div class='ocr_page' id='page_1' title='image "/cluster/home/n/w/nwhite01/storage/ocr_20150623/87/hvd.32044015469471/582.png"; bbox 0 0 4016 6354; ppageno 0'>
   <div class='ocr_carea' id='block_1_1' title="bbox 262 345 394 405">
    <p class='ocr_par' dir='ltr' id='par_1_1' title="bbox 262 345 394 405">
     <span class='ocr_line' id='line_1_1' title="bbox 262 345 394 405; baseline -0.023 -1"><span class='ocrx_word' id='word_1_1' title='bbox 262 345 394 405; x_wconf 72' lang='grc'><strong>1129</strong></span> 
     </span>
    </p>
   </div>
   <div class='ocr_carea' id='block_1_2' title="bbox 1714 352 2044 408">
    <p class='ocr_par' dir='ltr' id='par_1_2' title="bbox 1714 352 2044 408">
     <span class='ocr_line' id='line_1_2' title="bbox 1714 352 2044 408; baseline 0.006 -3"><span class='ocrx_word' id='word_1_2' title='bbox 1714 352 2044 408; x_wconf 70' lang='lat' dir='ltr'><strong>C.\II.\IINA.</strong></span> 
     </span>
    </p>
   </div>
   <div class='ocr_carea' id='block_1_3' title="bbox 3371 349 3510 408">
    <p class='ocr_par' dir='ltr' id='par_1_3' title="bbox 3371 349 3510 408">
     <span class='ocr_line' id='line_1_3' title="bbox 3371 349 3510 408; baseline 0.029 -4"><span class='ocrx_word' id='word_1_3' title='bbox 3371 349 3510 408; x_wconf 72' lang='lat'><strong>&quot;50</strong></span> 
     </span>
    </p>
   </div>
   <div class='ocr_carea' id='block_1_4' title="bbox 261 459 3512 537">
    <p class='ocr_par' dir='ltr' id='par_1_4' title="bbox 261 459 3512 537">
     <span class='ocr_line' id='line_1_4' title="bbox 261 459 3512 537; baseline 0.002 -22"><span class='ocrx_word' id='word_1_4' title='bbox 261 461 423 532; x_wconf 89' lang='lat' dir='ltr'><strong>pedes</strong></span> <span class='ocrx_word' id='word_1_5' title='bbox 453 459 789 525; x_wconf 76' lang='lat' dir='ltr'><strong>deosculsri.</strong></span> <span class='ocrx_word' id='word_1_6' title='bbox 819 470 876 518; x_wconf 86' lang='lat' dir='ltr'><strong>et</strong></span> <span class='ocrx_word' id='word_1_7' title='bbox 920 470 1158 518; x_wconf 85' lang='lat' dir='ltr'><strong>nostram</strong></span> <span class='ocrx_word' id='word_1_8' title='bbox 1201 476 1474 532; x_wconf 61' lang='lat' dir='ltr'><strong>querelam</strong></span> <span class='ocrx_word' id='word_1_9' title='bbox 1523 463 1588 517; x_wconf 91' lang='lat' dir='ltr'><strong>ad</strong></span> <span class='ocrx_word' id='word_1_10' title='bbox 1630 464 1835 535; x_wconf 88' lang='lat' dir='ltr'><strong>singula</strong></span> <span class='ocrx_word' id='word_1_11' title='bbox 1867 481 1914 537; x_wconf 74' lang='grc' dir='ltr'><strong>Α</strong></span> <span class='ocrx_word' id='word_1_12' title='bbox 1945 477 1995 522; x_wconf 89' lang='lat' dir='ltr'><strong>te</strong></span> <span class='ocrx_word' id='word_1_13' title='bbox 2024 465 2312 535; x_wconf 81' lang='lat' dir='ltr'><strong>corripias,</strong></span> <span class='ocrx_word' id='word_1_14' title='bbox 2354 474 2409 520; x_wconf 90' lang='lat' dir='ltr'><strong>et</strong></span> <span class='ocrx_word' id='word_1_15' title='bbox 2448 475 2677 534; x_wconf 72' lang='lat' dir='ltr'><strong>emptam</strong></span> <span class='ocrx_word' id='word_1_16' title='bbox 2723 463 2955 534; x_wconf 86' lang='lat' dir='ltr'><strong>regulam</strong></span> <span class='ocrx_word' id='word_1_17' title='bbox 3002 464 3243 533; x_wconf 82' lang='lat' dir='ltr'><strong>pcrlicias</strong></span> <span class='ocrx_word' id='word_1_18' title='bbox 3271 482 3286 531; x_wconf 83' lang='lat'><strong>;</strong></span> <span class='ocrx_word' id='word_1_19' title='bbox 3317 474 3372 520; x_wconf 93' lang='lat' dir='ltr'><strong>et</strong></span> <span class='ocrx_word' id='word_1_20' title='bbox 3412 482 3512 522; x_wconf 86' lang='lat' dir='ltr'><strong>nos</strong></span> 
     </span>
    </p>
   </div>
   <div class='ocr_carea' id='block_1_5' title="bbox 259 554 1836 638">
    <p class='ocr_par' dir='ltr' id='par_1_5' title="bbox 259 554 1836 638">
     <span class='ocr_line' id='line_1_5' title="bbox 259 554 1836 638; baseline 0.004 -32"><span class='ocrx_word' id='word_1_21' title='bbox 259 554 522 623; x_wconf 88' lang='lat' dir='ltr'><strong>pandere;</strong></span> <span class='ocrx_word' id='word_1_22' title='bbox 566 564 623 609; x_wconf 88' lang='lat' dir='ltr'><strong>et</strong></span> <span class='ocrx_word' id='word_1_23' title='bbox 664 564 718 608; x_wconf 91' lang='lat' dir='ltr'><strong>tu</strong></span> <span class='ocrx_word' id='word_1_24' title='bbox 763 555 1026 624; x_wconf 86' lang='lat' dir='ltr'><strong>patienter</strong></span> <span class='ocrx_word' id='word_1_25' title='bbox 1063 555 1255 638; x_wconf 77' lang='lat' dir='ltr'><strong>jubeas</strong></span> <span class='ocrx_word' id='word_1_26' title='bbox 1294 555 1639 622; x_wconf 88' lang='lat' dir='ltr'><strong>auscultare,</strong></span> <span class='ocrx_word' id='word_1_27' title='bbox 1685 568 1740 611; x_wconf 90' lang='lat' dir='ltr'><strong>et</strong></span> <span class='ocrx_word' id='word_1_28' title='bbox 1783 559 1836 612; x_wconf 90' lang='lat' dir='ltr'><strong>in</strong></span> 
     </span>
    </p>
   </div>
   <div class='ocr_carea' id='block_1_6' title="bbox 255 650 1841 720">
    <p class='ocr_par' dir='ltr' id='par_1_6' title="bbox 255 650 1841 720">
     <span class='ocr_line' id='line_1_6' title="bbox 255 650 1841 720; baseline 0 -14"><span class='ocrx_word' id='word_1_29' title='bbox 255 650 525 706; x_wconf 86' lang='lat' dir='ltr'><strong>communi</strong></span> <span class='ocrx_word' id='word_1_30' title='bbox 557 651 732 720; x_wconf 78' lang='lat' dir='ltr'><strong>regula</strong></span> <span class='ocrx_word' id='word_1_31' title='bbox 759 652 1019 707; x_wconf 85' lang='lat' dir='ltr'><strong>cervicem</strong></span> <span class='ocrx_word' id='word_1_32' title='bbox 1047 651 1348 716; x_wconf 81' lang='lat' dir='ltr'><strong>ltumiliare,</strong></span> <span class='ocrx_word' id='word_1_33' title='bbox 1377 659 1430 704; x_wconf 92' lang='lat' dir='ltr'><strong>et</strong></span> <span class='ocrx_word' id='word_1_34' title='bbox 1457 653 1754 717; x_wconf 77' lang='lat' dir='ltr'><strong>corripere,</strong></span> <span class='ocrx_word' id='word_1_35' title='bbox 1785 661 1841 706; x_wconf 91' lang='lat' dir='ltr'><strong>et</strong></span> 
     </span>
    </p>
   </div>
   <div class='ocr_carea' id='block_1_7' title="bbox 263 742 1834 813">
    <p class='ocr_par' dir='ltr' id='par_1_7' title="bbox 263 742 1834 813">
     <span class='ocr_line' id='line_1_7' title="bbox 263 742 1834 813; baseline -0.001 -17"><span class='ocrx_word' id='word_1_36' title='bbox 263 742 574 797; x_wconf 89' lang='lat' dir='ltr'><strong>emendare.</strong></span> <span class='ocrx_word' id='word_1_37' title='bbox 616 743 766 808; x_wconf 86' lang='lat' dir='ltr'><strong>Quud</strong></span> <span class='ocrx_word' id='word_1_38' title='bbox 809 742 854 798; x_wconf 97' lang='lat' dir='ltr'><strong>si</strong></span> <span class='ocrx_word' id='word_1_39' title='bbox 896 754 947 798; x_wconf 90' lang='lat' dir='ltr'><strong>te</strong></span> <span class='ocrx_word' id='word_1_40' title='bbox 989 742 1212 797; x_wconf 89' lang='lat' dir='ltr'><strong>minime</strong></span> <span class='ocrx_word' id='word_1_41' title='bbox 1252 743 1526 811; x_wconf 84' lang='lat' dir='ltr'><strong>corripere</strong></span> <span class='ocrx_word' id='word_1_42' title='bbox 1568 743 1834 813; x_wconf 78' lang='lat' dir='ltr'><strong>volueris,</strong></span> 
     </span>
    </p>
   </div>
   <div class='ocr_carea' id='block_1_8' title="bbox 263 835 1835 903">
    <p class='ocr_par' dir='ltr' id='par_1_8' title="bbox 263 835 1835 903">
     <span class='ocr_line' id='line_1_8' title="bbox 263 835 1835 903; baseline 0.003 -16"><span class='ocrx_word' id='word_1_43' title='bbox 263 843 389 889; x_wconf 86' lang='lat' dir='ltr'><strong>tunc</strong></span> <span class='ocrx_word' id='word_1_44' title='bbox 421 835 707 888; x_wconf 80' lang='lat' dir='ltr'><strong>habeamus</strong></span> <span class='ocrx_word' id='word_1_45' title='bbox 735 843 790 890; x_wconf 93' lang='lat' dir='ltr'><strong>et</strong></span> <span class='ocrx_word' id='word_1_46' title='bbox 819 849 916 890; x_wconf 91' lang='lat' dir='ltr'><strong>nos</strong></span> <span class='ocrx_word' id='word_1_47' title='bbox 941 843 1264 903; x_wconf 90' lang='lat' dir='ltr'><strong>potestatem</strong></span> <span class='ocrx_word' id='word_1_48' title='bbox 1290 845 1483 889; x_wconf 60' lang='lat' dir='ltr'><strong>cetera</strong></span> <span class='ocrx_word' id='word_1_49' title='bbox 1511 838 1835 892; x_wconf 86' lang='lat' dir='ltr'><strong>monasteria</strong></span> 
     </span>
    </p>
   </div>
   <div class='ocr_carea' id='block_1_9' title="bbox 256 925 1832 996">
    <p class='ocr_par' dir='ltr' id='par_1_9' title="bbox 256 925 1832 996">
     <span class='ocr_line' id='line_1_9' title="bbox 256 925 1832 996; baseline 0.003 -18"><span class='ocrx_word' id='word_1_50' title='bbox 256 939 645 991; x_wconf 89' lang='lat' dir='ltr'><strong>commonere,</strong></span> <span class='ocrx_word' id='word_1_51' title='bbox 678 935 771 980; x_wconf 90' lang='lat' dir='ltr'><strong>aut</strong></span> <span class='ocrx_word' id='word_1_52' title='bbox 812 935 958 980; x_wconf 91' lang='lat' dir='ltr'><strong>certe</strong></span> <span class='ocrx_word' id='word_1_53' title='bbox 998 926 1342 994; x_wconf 87' lang='lat' dir='ltr'><strong>episcopum,</strong></span> <span class='ocrx_word' id='word_1_54' title='bbox 1377 925 1464 996; x_wconf 85' lang='lat' dir='ltr'><strong>qui</strong></span> <span class='ocrx_word' id='word_1_55' title='bbox 1508 927 1608 980; x_wconf 88' lang='lat' dir='ltr'><strong>sub</strong></span> <span class='ocrx_word' id='word_1_56' title='bbox 1654 927 1832 996; x_wconf 85' lang='lat' dir='ltr'><strong>regula</strong></span> 
     </span>
    </p>
   </div>
   <div class='ocr_carea' id='block_1_10' title="bbox 256 1016 1831 1083">
    <p class='ocr_par' dir='ltr' id='par_1_10' title="bbox 256 1016 1831 1083">
     <span class='ocr_line' id='line_1_10' title="bbox 256 1016 1831 1083; baseline 0.004 -17"><span class='ocrx_word' id='word_1_57' title='bbox 256 1016 386 1069; x_wconf 79' lang='lat' dir='ltr'><strong>vi&#39;rit</strong></span> <span class='ocrx_word' id='word_1_58' title='bbox 406 1058 422 1083; x_wconf 93' lang='lat'><strong>,</strong></span> <span class='ocrx_word' id='word_1_59' title='bbox 452 1018 534 1072; x_wconf 73' lang='lat' dir='ltr'><strong>vel</strong></span> <span class='ocrx_word' id='word_1_60' title='bbox 563 1017 882 1072; x_wconf 74' lang='lat' dir='ltr'><strong>catholicitm</strong></span> <span class='ocrx_word' id='word_1_61' title='bbox 912 1017 1165 1072; x_wconf 66' lang='lat' dir='ltr'><strong>Ecclesia:</strong></span> <span class='ocrx_word' id='word_1_62' title='bbox 1191 1017 1527 1072; x_wconf 79' lang='lat' dir='ltr'><strong>defensorem</strong></span> <span class='ocrx_word' id='word_1_63' title='bbox 1558 1019 1831 1083; x_wconf 86' lang='lat' dir='ltr'><strong>comitem,</strong></span> 
     </span>
    </p>
   </div>
   <div class='ocr_carea' id='block_1_11' title="bbox 254 1108 1831 1176">
    <p class='ocr_par' dir='ltr' id='par_1_11' title="bbox 254 1108 1831 1176">
     <span class='ocr_line' id='line_1_11' title="bbox 254 1108 1831 1176; baseline 0.002 -16"><span class='ocrx_word' id='word_1_64' title='bbox 254 1118 307 1160; x_wconf 88' lang='lat' dir='ltr'><strong>et</strong></span> <span class='ocrx_word' id='word_1_65' title='bbox 334 1108 595 1163; x_wconf 73' lang='lat' dir='ltr'><strong>advocare</strong></span> <span class='ocrx_word' id='word_1_66' title='bbox 625 1109 689 1163; x_wconf 91' lang='lat' dir='ltr'><strong>ad</strong></span> <span class='ocrx_word' id='word_1_67' title='bbox 723 1119 958 1164; x_wconf 89' lang='lat' dir='ltr'><strong>nostram</strong></span> <span class='ocrx_word' id='word_1_68' title='bbox 990 1110 1365 1174; x_wconf 79' lang='lat' dir='ltr'><strong>collationem,</strong></span> <span class='ocrx_word' id='word_1_69' title='bbox 1399 1121 1455 1164; x_wconf 91' lang='lat' dir='ltr'><strong>ut</strong></span> <span class='ocrx_word' id='word_1_70' title='bbox 1482 1123 1663 1163; x_wconf 89' lang='lat' dir='ltr'><strong>coram</strong></span> <span class='ocrx_word' id='word_1_71' title='bbox 1697 1110 1831 1176; x_wconf 84' lang='lat' dir='ltr'><strong>ipsis</strong></span> 
     </span>
    </p>
   </div>
   <div class='ocr_carea' id='block_1_12' title="bbox 1940 556 3505 627">
    <p class='ocr_par' dir='ltr' id='par_1_12' title="bbox 1940 556 3505 627">
     <span class='ocr_line' id='line_1_12' title="bbox 1940 556 3505 627; baseline -0.001 -16"><span class='ocrx_word' id='word_1_72' title='bbox 1940 559 2109 613; x_wconf 85' lang='lat' dir='ltr'><strong>simus</strong></span> <span class='ocrx_word' id='word_1_73' title='bbox 2136 557 2418 627; x_wconf 88' lang='lat' dir='ltr'><strong>discipuli,</strong></span> <span class='ocrx_word' id='word_1_74' title='bbox 2445 557 2678 622; x_wconf 91' lang='lat' dir='ltr'><strong>subditi,</strong></span> <span class='ocrx_word' id='word_1_75' title='bbox 2707 571 2801 610; x_wconf 92' lang='lat' dir='ltr'><strong>seu</strong></span> <span class='ocrx_word' id='word_1_76' title='bbox 2834 556 3066 624; x_wconf 83' lang='lat' dir='ltr'><strong>adaptivi</strong></span> <span class='ocrx_word' id='word_1_77' title='bbox 3099 556 3191 610; x_wconf 87' lang='lat' dir='ltr'><strong>filii</strong></span> <span class='ocrx_word' id='word_1_78' title='bbox 3213 600 3228 623; x_wconf 91' lang='lat'><strong>,</strong></span> <span class='ocrx_word' id='word_1_79' title='bbox 3258 556 3505 622; x_wconf 79' lang='lat' dir='ltr'><strong>humiles,</strong></span> 
     </span>
    </p>
   </div>
   <div class='ocr_carea' id='block_1_13' title="bbox 1939 649 3509 718">
    <p class='ocr_par' dir='ltr' id='par_1_13' title="bbox 1939 649 3509 718">
     <span class='ocr_line' id='line_1_13' title="bbox 1939 649 3509 718; baseline 0.001 -13"><span class='ocrx_word' id='word_1_80' title='bbox 1939 652 2249 706; x_wconf 88' lang='lat' dir='ltr'><strong>obedientes</strong></span> <span class='ocrx_word' id='word_1_81' title='bbox 2295 651 2346 705; x_wconf 88' lang='lat' dir='ltr'><strong>in</strong></span> <span class='ocrx_word' id='word_1_82' title='bbox 2393 651 2642 704; x_wconf 75' lang='lat' dir='ltr'><strong>omnibus</strong></span> <span class='ocrx_word' id='word_1_83' title='bbox 2686 666 2805 717; x_wconf 77' lang='lat' dir='ltr'><strong>qua-</strong></span> <span class='ocrx_word' id='word_1_84' title='bbox 2833 659 3078 718; x_wconf 87' lang='lat' dir='ltr'><strong>oportet;</strong></span> <span class='ocrx_word' id='word_1_85' title='bbox 3113 661 3164 704; x_wconf 92' lang='lat' dir='ltr'><strong>et</strong></span> <span class='ocrx_word' id='word_1_86' title='bbox 3197 659 3251 704; x_wconf 92' lang='lat' dir='ltr'><strong>tu</strong></span> <span class='ocrx_word' id='word_1_87' title='bbox 3292 649 3509 706; x_wconf 89' lang='lat' dir='ltr'><strong>demum</strong></span> 
     </span>
    </p>
   </div>
   <div class='ocr_carea' id='block_1_14' title="bbox 1939 742 3370 799">
    <p class='ocr_par' dir='ltr' id='par_1_14' title="bbox 1939 742 3370 799">
     <span class='ocr_line' id='line_1_14' title="bbox 1939 742 3370 799; baseline 0.001 -1"><span class='ocrx_word' id='word_1_88' title='bbox 1939 742 2154 798; x_wconf 82' lang='lat' dir='ltr'><strong>Christo</strong></span> <span class='ocrx_word' id='word_1_89' title='bbox 2184 744 2300 797; x_wconf 87' lang='lat' dir='ltr'><strong>sine</strong></span> <span class='ocrx_word' id='word_1_90' title='bbox 2332 744 2535 798; x_wconf 81' lang='lat' dir='ltr'><strong>macula</strong></span> <span class='ocrx_word' id='word_1_91' title='bbox 2569 743 2763 797; x_wconf 78' lang='lat' dir='ltr'><strong>uITeras</strong></span> <span class='ocrx_word' id='word_1_92' title='bbox 2797 760 2893 798; x_wconf 88' lang='lat' dir='ltr'><strong>nos</strong></span> <span class='ocrx_word' id='word_1_93' title='bbox 2924 744 3142 798; x_wconf 68' lang='lat' dir='ltr'><strong>illaesos.</strong></span> <span class='ocrx_word' id='word_1_94' title='bbox 3177 744 3370 799; x_wconf 73' lang='lat' dir='ltr'><strong>Amen.</strong></span> 
     </span>
    </p>
   </div>
   <div class='ocr_carea' id='block_1_15' title="bbox 2021 833 3511 906">
    <p class='ocr_par' dir='ltr' id='par_1_15' title="bbox 2021 833 3511 906">
     <span class='ocr_line' id='line_1_15' title="bbox 2021 833 3511 906; baseline 0.001 -19"><span class='ocrx_word' id='word_1_95' title='bbox 2021 833 2139 888; x_wconf 72' lang='grc' dir='ltr'><strong>Ηωιτ</strong></span> <span class='ocrx_word' id='word_1_96' title='bbox 2167 843 2282 888; x_wconf 79' lang='lat' dir='ltr'><strong>sunt</strong></span> <span class='ocrx_word' id='word_1_97' title='bbox 2332 837 2537 888; x_wconf 81' lang='lat' dir='ltr'><strong>nomina</strong></span> <span class='ocrx_word' id='word_1_98' title='bbox 2572 851 2686 904; x_wconf 72' lang='lat' dir='ltr'><strong>qua:</strong></span> <span class='ocrx_word' id='word_1_99' title='bbox 2715 851 2869 888; x_wconf 76' lang='lat' dir='ltr'><strong>nianu</strong></span> <span class='ocrx_word' id='word_1_100' title='bbox 2897 853 2989 888; x_wconf 83' lang='lat' dir='ltr'><strong>sua</strong></span> <span class='ocrx_word' id='word_1_101' title='bbox 3021 838 3367 906; x_wconf 69' lang='lat' dir='ltr'><strong>unusquisque</strong></span> <span class='ocrx_word' id='word_1_102' title='bbox 3392 837 3511 890; x_wconf 72' lang='lat' dir='ltr'><strong>sub-</strong></span> 
     </span>
    </p>
   </div>
   <div class='ocr_carea' id='block_1_16' title="bbox 1940 926 3505 998">
    <p class='ocr_par' dir='ltr' id='par_1_16' title="bbox 1940 926 3505 998">
     <span class='ocr_line' id='line_1_16' title="bbox 1940 926 3505 998; baseline 0.001 -19"><span class='ocrx_word' id='word_1_103' title='bbox 1940 927 2262 996; x_wconf 43' lang='lat' dir='ltr'><strong>scriptionem</strong></span> <span class='ocrx_word' id='word_1_104' title='bbox 2289 927 2366 980; x_wconf 83' lang='lat' dir='ltr'><strong>vel</strong></span> <span class='ocrx_word' id='word_1_105' title='bbox 2395 927 2598 998; x_wconf 83' lang='lat' dir='ltr'><strong>signum</strong></span> <span class='ocrx_word' id='word_1_106' title='bbox 2627 928 2678 979; x_wconf 85' lang='lat' dir='ltr'><strong>in</strong></span> <span class='ocrx_word' id='word_1_107' title='bbox 2708 926 2802 979; x_wconf 87' lang='lat' dir='ltr'><strong>hoc</strong></span> <span class='ocrx_word' id='word_1_108' title='bbox 2829 936 2978 997; x_wconf 83' lang='lat' dir='ltr'><strong>pacto</strong></span> <span class='ocrx_word' id='word_1_109' title='bbox 3005 928 3154 997; x_wconf 74' lang='lat' dir='ltr'><strong>fecit,</strong></span> <span class='ocrx_word' id='word_1_110' title='bbox 3187 929 3241 982; x_wconf 88' lang='lat' dir='ltr'><strong>id</strong></span> <span class='ocrx_word' id='word_1_111' title='bbox 3268 937 3372 996; x_wconf 76' lang='lat' dir='ltr'><strong>est,</strong></span> <span class='ocrx_word' id='word_1_112' title='bbox 3401 927 3505 992; x_wconf 68' lang='lat' dir='ltr'><strong>ille.</strong></span> 
     </span>
    </p>
   </div>
   <div class='ocr_carea' id='block_1_17' title="bbox 1941 1016 2572 1084">
    <p class='ocr_par' dir='ltr' id='par_1_17' title="bbox 1941 1016 2572 1084">
     <span class='ocr_line' id='line_1_17' title="bbox 1941 1016 2572 1084; baseline -0.003 -14"><span class='ocrx_word' id='word_1_113' title='bbox 1941 1019 2028 1071; x_wconf 85' lang='lat' dir='ltr'><strong>ille</strong></span> <span class='ocrx_word' id='word_1_114' title='bbox 2054 1033 2072 1079; x_wconf 83' lang='lat'><strong>,&#39;</strong></span> <span class='ocrx_word' id='word_1_115' title='bbox 2103 1016 2175 1070; x_wconf 86' lang='lat' dir='ltr'><strong>vel</strong></span> <span class='ocrx_word' id='word_1_116' title='bbox 2206 1017 2296 1069; x_wconf 87' lang='lat' dir='ltr'><strong>illa</strong></span> <span class='ocrx_word' id='word_1_117' title='bbox 2317 1061 2332 1083; x_wconf 91' lang='lat'><strong>,</strong></span> <span class='ocrx_word' id='word_1_118' title='bbox 2363 1017 2572 1084; x_wconf 81' lang='lat' dir='ltr'><strong>illaque.</strong></span> 
     </span>
    </p>
   </div>
   <div class='ocr_carea' id='block_1_18' title="bbox 2017 1094 3269 1178">
    <p class='ocr_par' dir='ltr' id='par_1_18' title="bbox 2017 1094 3269 1178">
     <span class='ocr_line' id='line_1_18' title="bbox 2017 1094 3269 1178; baseline 0.002 -18"><span class='ocrx_word' id='word_1_119' title='bbox 2017 1107 2253 1175; x_wconf 79' lang='lat' dir='ltr'><strong>Explicit</strong></span> <span class='ocrx_word' id='word_1_120' title='bbox 2280 1107 2458 1174; x_wconf 83' lang='lat' dir='ltr'><strong>regula</strong></span> <span class='ocrx_word' id='word_1_121' title='bbox 2493 1106 2662 1160; x_wconf 85' lang='lat' dir='ltr'><strong>sancti</strong></span> <span class='ocrx_word' id='word_1_122' title='bbox 2695 1105 2974 1161; x_wconf 86' lang='lat' dir='ltr'><strong>Fructuosi</strong></span> <span class='ocrx_word' id='word_1_123' title='bbox 3004 1094 3269 1178; x_wconf 82' lang='lat' dir='ltr'><strong>episcopi.</strong></span> 
     </span>
    </p>
   </div>
   <div class='ocr_carea' id='block_1_19' title="bbox 499 1353 3266 1424">
    <p class='ocr_par' dir='ltr' id='par_1_19' title="bbox 499 1353 3266 1424">
     <span class='ocr_line' id='line_1_19' title="bbox 499 1353 3266 1424; baseline -0.003 0"><span class='ocrx_word' id='word_1_124' title='bbox 499 1361 938 1424; x_wconf 83' lang='lat' dir='ltr'><strong>EPISTOLA</strong></span> <span class='ocrx_word' id='word_1_125' title='bbox 990 1362 1102 1423; x_wconf 77' lang='lat' dir='ltr'><strong>AD</strong></span> <span class='ocrx_word' id='word_1_126' title='bbox 1137 1357 1724 1423; x_wconf 80' lang='lat' dir='ltr'><strong>BRAULIONEM</strong></span> <span class='ocrx_word' id='word_1_127' title='bbox 1776 1353 2289 1417; x_wconf 79' lang='lat' dir='ltr'><strong>EPISCOPUM</strong></span> <span class='ocrx_word' id='word_1_128' title='bbox 2348 1353 3266 1420; x_wconf 60' lang='lat' dir='ltr'><strong>CxESARAUGUSTANUM.</strong></span> 
     </span>
    </p>
   </div>
   <div class='ocr_carea' id='block_1_20' title="bbox 655 1493 3070 1582">
    <p class='ocr_par' dir='ltr' id='par_1_20' title="bbox 655 1493 3070 1582">
     <span class='ocr_line' id='line_1_20' title="bbox 655 1493 3070 1582; baseline -0.001 -20"><span class='ocrx_word' id='word_1_129' title='bbox 655 1502 833 1582; x_wconf 88' lang='lat' dir='ltr'><strong>(Vide</strong></span> <span class='ocrx_word' id='word_1_130' title='bbox 873 1501 1245 1579; x_wconf 75' lang='lat' dir='ltr'><strong>Patrologite</strong></span> <span class='ocrx_word' id='word_1_131' title='bbox 1284 1506 1430 1572; x_wconf 81' lang='lat' dir='ltr'><strong>tom.</strong></span> <span class='ocrx_word' id='word_1_132' title='bbox 1474 1497 1746 1573; x_wconf 85' lang='lat' dir='ltr'><strong>LXXX,</strong></span> <span class='ocrx_word' id='word_1_133' title='bbox 1783 1496 1906 1558; x_wconf 90' lang='lat' dir='ltr'><strong>col.</strong></span> <span class='ocrx_word' id='word_1_134' title='bbox 1941 1493 2086 1569; x_wconf 83' lang='lat'><strong>690,</strong></span> <span class='ocrx_word' id='word_1_135' title='bbox 2120 1494 2284 1556; x_wconf 87' lang='lat' dir='ltr'><strong>inter</strong></span> <span class='ocrx_word' id='word_1_136' title='bbox 2318 1496 2682 1574; x_wconf 84' lang='lat' dir='ltr'><strong>Braulionis</strong></span> <span class='ocrx_word' id='word_1_137' title='bbox 2714 1498 3070 1579; x_wconf 83' lang='lat' dir='ltr'><strong>epistolas.)</strong></span> 
     </span>
    </p>
   </div>
   <div class='ocr_carea' id='block_1_21' title="bbox 955 1701 2772 1812">
    <p class='ocr_par' dir='ltr' id='par_1_21' title="bbox 955 1701 2772 1812">
     <span class='ocr_line' id='line_1_21' title="bbox 955 1701 2772 1812; baseline -0.003 -39"><span class='ocrx_word' id='word_1_138' title='bbox 955 1715 1350 1808; x_wconf 53' lang='lat' dir='ltr'><strong>/&#39;CARMINA</strong></span> <span class='ocrx_word' id='word_1_139' title='bbox 1389 1703 1808 1770; x_wconf 76' lang='lat' dir='ltr'><strong>FRUCTUOSO</strong></span> <span class='ocrx_word' id='word_1_140' title='bbox 1847 1715 1892 1766; x_wconf 85' lang='lat' dir='ltr'><strong>A</strong></span> <span class='ocrx_word' id='word_1_141' title='bbox 1930 1701 2327 1779; x_wconf 67' lang='lat' dir='ltr'><strong>QUIBUSDAII</strong></span> <span class='ocrx_word' id='word_1_142' title='bbox 2369 1711 2772 1812; x_wconf 42' lang='lat' dir='ltr'><strong>ASCRIPTAV’</strong></span> 
     </span>
    </p>
   </div>
   <div class='ocr_carea' id='block_1_22' title="bbox 1460 1845 2303 1915">
    <p class='ocr_par' dir='ltr' id='par_1_22' title="bbox 1460 1845 2303 1915">
     <span class='ocr_line' id='line_1_22' title="bbox 1460 1845 2303 1915; baseline -0.007 -14"><span class='ocrx_word' id='word_1_143' title='bbox 1460 1851 1552 1915; x_wconf 62' lang='lat' dir='ltr'><strong>(lix</strong></span> <span class='ocrx_word' id='word_1_144' title='bbox 1581 1849 1771 1911; x_wconf 75' lang='lat' dir='ltr'><strong>Floret,</strong></span> <span class='ocrx_word' id='word_1_145' title='bbox 1795 1847 2022 1910; x_wconf 79' lang='lat' dir='ltr'><strong>ESpagna</strong></span> <span class='ocrx_word' id='word_1_146' title='bbox 2046 1845 2303 1909; x_wconf 78' lang='lat' dir='ltr'><strong>Sagrada.)</strong></span> 
     </span>
    </p>
   </div>
   <div class='ocr_carea' id='block_1_23' title="bbox 365 2049 1706 2136">
    <p class='ocr_par' dir='ltr' id='par_1_23' title="bbox 365 2049 1706 2136">
     <span class='ocr_line' id='line_1_23' title="bbox 365 2049 1706 2136; baseline -0.009 -8"><span class='ocrx_word' id='word_1_147' title='bbox 365 2058 408 2128; x_wconf 83' lang='lat' dir='ltr'><strong>I.</strong></span> <span class='ocrx_word' id='word_1_148' title='bbox 453 2069 672 2126; x_wconf 82' lang='lat' dir='ltr'><strong>Carmen</strong></span> <span class='ocrx_word' id='word_1_149' title='bbox 713 2070 766 2122; x_wconf 81' lang='lat' dir='ltr'><strong>in</strong></span> <span class='ocrx_word' id='word_1_150' title='bbox 813 2056 1014 2121; x_wconf 78' lang='lat' dir='ltr'><strong>laudent</strong></span> <span class='ocrx_word' id='word_1_151' title='bbox 1054 2064 1280 2136; x_wconf 71' lang='lat' dir='ltr'><strong>episcopi</strong></span> <span class='ocrx_word' id='word_1_152' title='bbox 1322 2049 1706 2119; x_wconf 72' lang='lat' dir='ltr'><strong>Narbonensis.</strong></span> 
     </span>
    </p>
   </div>
   <div class='ocr_carea' id='block_1_24' title="bbox 245 2157 1459 2224">
    <p class='ocr_par' dir='ltr' id='par_1_24' title="bbox 245 2157 1459 2224">
     <span class='ocr_line' id='line_1_24' title="bbox 245 2157 1459 2224; baseline -0.01 0"><span class='ocrx_word' id='word_1_153' title='bbox 245 2163 528 2224; x_wconf 83' lang='lat' dir='ltr'><strong>Pulchif...</strong></span> <span class='ocrx_word' id='word_1_154' title='bbox 559 2162 774 2219; x_wconf 87' lang='lat' dir='ltr'><strong>radians</strong></span> <span class='ocrx_word' id='word_1_155' title='bbox 805 2161 1009 2216; x_wconf 85' lang='lat' dir='ltr'><strong>meritis</strong></span> <span class='ocrx_word' id='word_1_156' title='bbox 1032 2170 1086 2214; x_wconf 91' lang='lat' dir='ltr'><strong>et</strong></span> <span class='ocrx_word' id='word_1_157' title='bbox 1117 2161 1237 2214; x_wconf 80' lang='lat' dir='ltr'><strong>vita:</strong></span> <span class='ocrx_word' id='word_1_158' title='bbox 1265 2157 1459 2212; x_wconf 85' lang='lat' dir='ltr'><strong>fovebo</strong></span> 
     </span>
    </p>
   </div>
   <div class='ocr_carea' id='block_1_25' title="bbox 245 2249 1575 2329">
    <p class='ocr_par' dir='ltr' id='par_1_25' title="bbox 245 2249 1575 2329">
     <span class='ocr_line' id='line_1_25' title="bbox 245 2249 1575 2329; baseline -0.007 -14"><span class='ocrx_word' id='word_1_159' title='bbox 245 2255 488 2329; x_wconf 74' lang='lat' dir='ltr'><strong>Apparet</strong></span> <span class='ocrx_word' id='word_1_160' title='bbox 527 2259 581 2312; x_wconf 91' lang='lat' dir='ltr'><strong>in</strong></span> <span class='ocrx_word' id='word_1_161' title='bbox 612 2255 819 2311; x_wconf 86' lang='lat' dir='ltr'><strong>cunctis</strong></span> <span class='ocrx_word' id='word_1_162' title='bbox 849 2254 1134 2322; x_wconf 68' lang='lat' dir='ltr'><strong>prmclarus</strong></span> <span class='ocrx_word' id='word_1_163' title='bbox 1161 2250 1252 2306; x_wconf 89' lang='lat' dir='ltr'><strong>ille</strong></span> <span class='ocrx_word' id='word_1_164' title='bbox 1287 2249 1575 2319; x_wconf 79' lang='lat' dir='ltr'><strong>triumphis</strong></span> 
     </span>
    </p>
   </div>
   <div class='ocr_carea' id='block_1_26' title="bbox 241 2347 1482 2419">
    <p class='ocr_par' dir='ltr' id='par_1_26' title="bbox 241 2347 1482 2419">
     <span class='ocr_line' id='line_1_26' title="bbox 241 2347 1482 2419; baseline -0.01 -10"><span class='ocrx_word' id='word_1_165' title='bbox 241 2352 333 2408; x_wconf 84' lang='lat' dir='ltr'><strong>Sic</strong></span> <span class='ocrx_word' id='word_1_166' title='bbox 362 2362 413 2407; x_wconf 91' lang='lat' dir='ltr'><strong>te</strong></span> <span class='ocrx_word' id='word_1_167' title='bbox 437 2351 543 2404; x_wconf 88' lang='lat' dir='ltr'><strong>vita</strong></span> <span class='ocrx_word' id='word_1_168' title='bbox 573 2348 678 2419; x_wconf 86' lang='lat' dir='ltr'><strong>pia,</strong></span> <span class='ocrx_word' id='word_1_169' title='bbox 706 2347 785 2402; x_wconf 88' lang='lat' dir='ltr'><strong>sic</strong></span> <span class='ocrx_word' id='word_1_170' title='bbox 809 2359 958 2402; x_wconf 86' lang='lat' dir='ltr'><strong>mens</strong></span> <span class='ocrx_word' id='word_1_171' title='bbox 989 2353 1040 2400; x_wconf 89' lang='lat' dir='ltr'><strong>te</strong></span> <span class='ocrx_word' id='word_1_172' title='bbox 1065 2347 1207 2414; x_wconf 88' lang='lat' dir='ltr'><strong>sepit</strong></span> <span class='ocrx_word' id='word_1_173' title='bbox 1237 2347 1482 2410; x_wconf 87' lang='lat' dir='ltr'><strong>honesta,</strong></span> 
     </span>
    </p>
   </div>
   <div class='ocr_carea' id='block_1_27' title="bbox 243 2431 1336 2499">
    <p class='ocr_par' dir='ltr' id='par_1_27' title="bbox 243 2431 1336 2499">
     <span class='ocr_line' id='line_1_27' title="bbox 243 2431 1336 2499; baseline -0.005 0"><span class='ocrx_word' id='word_1_174' title='bbox 243 2444 314 2499; x_wconf 81' lang='lat' dir='ltr'><strong>Et</strong></span> <span class='ocrx_word' id='word_1_175' title='bbox 338 2443 533 2499; x_wconf 88' lang='lat' dir='ltr'><strong>merito</strong></span> <span class='ocrx_word' id='word_1_176' title='bbox 559 2431 734 2497; x_wconf 87' lang='lat' dir='ltr'><strong>radies</strong></span> <span class='ocrx_word' id='word_1_177' title='bbox 760 2438 933 2494; x_wconf 85' lang='lat' dir='ltr'><strong>honor</strong></span> <span class='ocrx_word' id='word_1_178' title='bbox 965 2437 1018 2492; x_wconf 90' lang='lat' dir='ltr'><strong>in</strong></span> <span class='ocrx_word' id='word_1_179' title='bbox 1059 2438 1194 2492; x_wconf 89' lang='lat' dir='ltr'><strong>orbe</strong></span> <span class='ocrx_word' id='word_1_180' title='bbox 1223 2436 1336 2493; x_wconf 85' lang='lat' dir='ltr'><strong>Dei.</strong></span> 
     </span>
    </p>
   </div>
   <div class='ocr_carea' id='block_1_28' title="bbox 243 2525 1590 2603">
    <p class='ocr_par' dir='ltr' id='par_1_28' title="bbox 243 2525 1590 2603">
     <span class='ocr_line' id='line_1_28' title="bbox 243 2525 1590 2603; baseline -0.008 -12"><span class='ocrx_word' id='word_1_181' title='bbox 243 2525 380 2591; x_wconf 81' lang='lat' dir='ltr'><strong>Data</strong></span> <span class='ocrx_word' id='word_1_182' title='bbox 429 2534 696 2603; x_wconf 86' lang='lat' dir='ltr'><strong>quondam</strong></span> <span class='ocrx_word' id='word_1_183' title='bbox 730 2531 822 2586; x_wconf 85' lang='lat' dir='ltr'><strong>tibi</strong></span> <span class='ocrx_word' id='word_1_184' title='bbox 854 2530 1046 2596; x_wconf 75' lang='lat' dir='ltr'><strong>series,</strong></span> <span class='ocrx_word' id='word_1_185' title='bbox 1079 2537 1133 2583; x_wconf 91' lang='lat' dir='ltr'><strong>et</strong></span> <span class='ocrx_word' id='word_1_186' title='bbox 1155 2529 1306 2598; x_wconf 90' lang='lat' dir='ltr'><strong>origo</strong></span> <span class='ocrx_word' id='word_1_187' title='bbox 1337 2526 1590 2597; x_wconf 75' lang='lat' dir='ltr'><strong>praclara</strong></span> 
     </span>
    </p>
   </div>
   <div class='ocr_carea' id='block_1_29' title="bbox 243 2618 1397 2689">
    <p class='ocr_par' dir='ltr' id='par_1_29' title="bbox 243 2618 1397 2689">
     <span class='ocr_line' id='line_1_29' title="bbox 243 2618 1397 2689; baseline -0.007 -9"><span class='ocrx_word' id='word_1_188' title='bbox 243 2625 437 2679; x_wconf 79' lang='lat' dir='ltr'><strong>Extitit</strong></span> <span class='ocrx_word' id='word_1_189' title='bbox 468 2624 520 2677; x_wconf 91' lang='lat' dir='ltr'><strong>in</strong></span> <span class='ocrx_word' id='word_1_190' title='bbox 548 2621 765 2677; x_wconf 79' lang='lat' dir='ltr'><strong>saeculo.</strong></span> <span class='ocrx_word' id='word_1_191' title='bbox 811 2620 998 2674; x_wconf 85' lang='lat' dir='ltr'><strong>Enites</strong></span> <span class='ocrx_word' id='word_1_192' title='bbox 1027 2618 1210 2689; x_wconf 75' lang='lat' dir='ltr'><strong>gratiae</strong></span> <span class='ocrx_word' id='word_1_193' title='bbox 1233 2618 1397 2672; x_wconf 90' lang='lat' dir='ltr'><strong>dono.</strong></span> 
     </span>
    </p>
   </div>
   <div class='ocr_carea' id='block_1_30' title="bbox 239 2695 1541 2782">
    <p class='ocr_par' dir='ltr' id='par_1_30' title="bbox 239 2695 1541 2782">
     <span class='ocr_line' id='line_1_30' title="bbox 239 2695 1541 2782; baseline -0.005 -17"><span class='ocrx_word' id='word_1_194' title='bbox 239 2713 377 2782; x_wconf 66' lang='lat' dir='ltr'><strong>Quae</strong></span> <span class='ocrx_word' id='word_1_195' title='bbox 405 2728 636 2780; x_wconf 83' lang='lat' dir='ltr'><strong>namque</strong></span> <span class='ocrx_word' id='word_1_196' title='bbox 667 2710 904 2780; x_wconf 81' lang='lat' dir='ltr'><strong>pontifex</strong></span> <span class='ocrx_word' id='word_1_197' title='bbox 933 2695 1046 2763; x_wconf 87' lang='lat' dir='ltr'><strong>sola</strong></span> <span class='ocrx_word' id='word_1_198' title='bbox 1068 2707 1286 2761; x_wconf 90' lang='lat' dir='ltr'><strong>sortitus</strong></span> <span class='ocrx_word' id='word_1_199' title='bbox 1306 2705 1541 2774; x_wconf 88' lang='lat' dir='ltr'><strong>opimam</strong></span> 
     </span>
    </p>
   </div>
   <div class='ocr_carea' id='block_1_31' title="bbox 240 2795 1692 2870">
    <p class='ocr_par' dir='ltr' id='par_1_31' title="bbox 240 2795 1692 2870">
     <span class='ocr_line' id='line_1_31' title="bbox 240 2795 1692 2870; baseline -0.007 -12"><span class='ocrx_word' id='word_1_200' title='bbox 240 2803 778 2858; x_wconf 76' lang='lat' dir='ltr'><strong>Rexitmultifariter</strong></span> <span class='ocrx_word' id='word_1_201' title='bbox 808 2801 985 2855; x_wconf 61' lang='lat' dir='ltr'><strong>durina</strong></span> <span class='ocrx_word' id='word_1_202' title='bbox 1018 2799 1327 2870; x_wconf 81' lang='lat' dir='ltr'><strong>dignatione</strong></span> <span class='ocrx_word' id='word_1_203' title='bbox 1366 2795 1692 2852; x_wconf 85' lang='lat' dir='ltr'><strong>Narbonam.</strong></span> 
     </span>
    </p>
   </div>
   <div class='ocr_carea' id='block_1_32' title="bbox 237 2873 1643 2966">
    <p class='ocr_par' dir='ltr' id='par_1_32' title="bbox 237 2873 1643 2966">
     <span class='ocr_line' id='line_1_32' title="bbox 237 2873 1643 2966; baseline -0.007 -14"><span class='ocrx_word' id='word_1_204' title='bbox 237 2896 441 2966; x_wconf 84' lang='lat' dir='ltr'><strong>Sicque</strong></span> <span class='ocrx_word' id='word_1_205' title='bbox 470 2873 839 2950; x_wconf 45' lang='lat' dir='ltr'><strong>Bete&#39;rrensem</strong></span> <span class='ocrx_word' id='word_1_206' title='bbox 866 2894 1050 2946; x_wconf 77' lang='lat' dir='ltr'><strong>Petrus</strong></span> <span class='ocrx_word' id='word_1_207' title='bbox 1077 2892 1387 2945; x_wconf 82' lang='lat' dir='ltr'><strong>elimaverat</strong></span> <span class='ocrx_word' id='word_1_208' title='bbox 1427 2891 1643 2956; x_wconf 88' lang='lat' dir='ltr'><strong>urbem,</strong></span> 
     </span>
    </p>
   </div>
   <div class='ocr_carea' id='block_1_33' title="bbox 237 2983 1555 3053">
    <p class='ocr_par' dir='ltr' id='par_1_33' title="bbox 237 2983 1555 3053">
     <span class='ocr_line' id='line_1_33' title="bbox 237 2983 1555 3053; baseline -0.005 -10"><span class='ocrx_word' id='word_1_209' title='bbox 237 2984 442 3043; x_wconf 83' lang='lat' dir='ltr'><strong>Deceat</strong></span> <span class='ocrx_word' id='word_1_210' title='bbox 471 2998 528 3041; x_wconf 91' lang='lat' dir='ltr'><strong>ut</strong></span> <span class='ocrx_word' id='word_1_211' title='bbox 553 2986 748 3041; x_wconf 69' lang='lat' dir='ltr'><strong>cazlicis</strong></span> <span class='ocrx_word' id='word_1_212' title='bbox 781 2984 938 3039; x_wconf 72' lang='lat' dir='ltr'><strong>talem</strong></span> <span class='ocrx_word' id='word_1_213' title='bbox 969 2984 1220 3052; x_wconf 88' lang='lat' dir='ltr'><strong>copulare</strong></span> <span class='ocrx_word' id='word_1_214' title='bbox 1262 2983 1555 3053; x_wconf 80' lang='lat' dir='ltr'><strong>phalangis.</strong></span> 
     </span>
    </p>
   </div>
   <div class='ocr_carea' id='block_1_34' title="bbox 532 3075 1536 3145">
    <p class='ocr_par' dir='ltr' id='par_1_34' title="bbox 532 3075 1536 3145">
     <span class='ocr_line' id='line_1_34' title="bbox 532 3075 1536 3145; baseline -0.003 -15"><span class='ocrx_word' id='word_1_215' title='bbox 532 3075 596 3132; x_wconf 92' lang='lat' dir='ltr'><strong>Il.</strong></span> <span class='ocrx_word' id='word_1_216' title='bbox 640 3077 858 3130; x_wconf 76' lang='lat' dir='ltr'><strong>Carmen</strong></span> <span class='ocrx_word' id='word_1_217' title='bbox 891 3077 942 3128; x_wconf 83' lang='lat' dir='ltr'><strong>in</strong></span> <span class='ocrx_word' id='word_1_218' title='bbox 975 3076 1321 3130; x_wconf 80' lang='lat' dir='ltr'><strong>Siseuandum</strong></span> <span class='ocrx_word' id='word_1_219' title='bbox 1349 3091 1536 3145; x_wconf 82' lang='lat' dir='ltr'><strong>regem.</strong></span> 
     </span>
    </p>
   </div>
   <div class='ocr_carea' id='block_1_35' title="bbox 237 3167 1708 3238">
    <p class='ocr_par' dir='ltr' id='par_1_35' title="bbox 237 3167 1708 3238">
     <span class='ocr_line' id='line_1_35' title="bbox 237 3167 1708 3238; baseline -0.002 -17"><span class='ocrx_word' id='word_1_220' title='bbox 237 3169 378 3238; x_wconf 84' lang='lat' dir='ltr'><strong>Quid</strong></span> <span class='ocrx_word' id='word_1_221' title='bbox 403 3169 756 3224; x_wconf 76' lang='lat' dir='ltr'><strong>Sisenandum</strong></span> <span class='ocrx_word' id='word_1_222' title='bbox 783 3168 1012 3222; x_wconf 87' lang='lat' dir='ltr'><strong>recolam</strong></span> <span class='ocrx_word' id='word_1_223' title='bbox 1039 3168 1205 3236; x_wconf 88' lang='lat' dir='ltr'><strong>gratia</strong></span> <span class='ocrx_word' id='word_1_224' title='bbox 1240 3167 1504 3235; x_wconf 65' lang='lat' dir='ltr'><strong>prarcipua</strong></span> <span class='ocrx_word' id='word_1_225' title='bbox 1528 3180 1708 3237; x_wconf 84' lang='lat' dir='ltr'><strong>regem</strong></span> 
     </span>
    </p>
   </div>
   <div class='ocr_carea' id='block_1_36' title="bbox 237 3255 1510 3328">
    <p class='ocr_par' dir='ltr' id='par_1_36' title="bbox 237 3255 1510 3328">
     <span class='ocr_line' id='line_1_36' title="bbox 237 3255 1510 3328; baseline -0.004 -15"><span class='ocrx_word' id='word_1_226' title='bbox 237 3259 475 3328; x_wconf 86' lang='lat' dir='ltr'><strong>Populos</strong></span> <span class='ocrx_word' id='word_1_227' title='bbox 504 3258 591 3327; x_wconf 88' lang='lat' dir='ltr'><strong>qui</strong></span> <span class='ocrx_word' id='word_1_228' title='bbox 624 3258 725 3311; x_wconf 85' lang='lat' dir='ltr'><strong>rite</strong></span> <span class='ocrx_word' id='word_1_229' title='bbox 755 3259 912 3322; x_wconf 75' lang='lat' dir='ltr'><strong>rexit,</strong></span> <span class='ocrx_word' id='word_1_230' title='bbox 937 3267 1271 3324; x_wconf 87' lang='lat' dir='ltr'><strong>cunctosque</strong></span> <span class='ocrx_word' id='word_1_231' title='bbox 1295 3255 1510 3310; x_wconf 89' lang='lat' dir='ltr'><strong>refovit.</strong></span> 
     </span>
    </p>
   </div>
   <div class='ocr_carea' id='block_1_37' title="bbox 235 3347 1606 3419">
    <p class='ocr_par' dir='ltr' id='par_1_37' title="bbox 235 3347 1606 3419">
     <span class='ocr_line' id='line_1_37' title="bbox 235 3347 1606 3419; baseline -0.003 -15"><span class='ocrx_word' id='word_1_232' title='bbox 235 3349 534 3404; x_wconf 88' lang='lat' dir='ltr'><strong>illustrium</strong></span> <span class='ocrx_word' id='word_1_233' title='bbox 565 3349 610 3403; x_wconf 90' lang='lat' dir='ltr'><strong>si</strong></span> <span class='ocrx_word' id='word_1_234' title='bbox 636 3362 821 3403; x_wconf 77' lang='lat' dir='ltr'><strong>exeam</strong></span> <span class='ocrx_word' id='word_1_235' title='bbox 857 3362 1119 3419; x_wconf 88' lang='lat' dir='ltr'><strong>generoso</strong></span> <span class='ocrx_word' id='word_1_236' title='bbox 1151 3347 1337 3402; x_wconf 85' lang='lat' dir='ltr'><strong>fomite</strong></span> <span class='ocrx_word' id='word_1_237' title='bbox 1365 3351 1606 3416; x_wconf 81' lang='lat' dir='ltr'><strong>pdmpas,</strong></span> 
     </span>
    </p>
   </div>
   <div class='ocr_carea' id='block_1_38' title="bbox 233 3440 1499 3513">
    <p class='ocr_par' dir='ltr' id='par_1_38' title="bbox 233 3440 1499 3513">
     <span class='ocr_line' id='line_1_38' title="bbox 233 3440 1499 3513; baseline -0.006 -17"><span class='ocrx_word' id='word_1_238' title='bbox 233 3442 462 3513; x_wconf 79' lang='lat' dir='ltr'><strong>Ignosce</strong></span> <span class='ocrx_word' id='word_1_239' title='bbox 486 3441 599 3508; x_wconf 83' lang='lat' dir='ltr'><strong>ipse</strong></span> <span class='ocrx_word' id='word_1_240' title='bbox 630 3444 872 3510; x_wconf 88' lang='lat' dir='ltr'><strong>proprias</strong></span> <span class='ocrx_word' id='word_1_241' title='bbox 898 3440 1078 3510; x_wconf 90' lang='lat' dir='ltr'><strong>stirpis</strong></span> <span class='ocrx_word' id='word_1_242' title='bbox 1102 3440 1284 3494; x_wconf 87' lang='lat' dir='ltr'><strong>inclita</strong></span> <span class='ocrx_word' id='word_1_243' title='bbox 1317 3453 1499 3494; x_wconf 86' lang='lat' dir='ltr'><strong>venas.</strong></span> 
     </span>
    </p>
   </div>
   <div class='ocr_carea' id='block_1_39' title="bbox 233 3526 1648 3602">
    <p class='ocr_par' dir='ltr' id='par_1_39' title="bbox 233 3526 1648 3602">
     <span class='ocr_line' id='line_1_39' title="bbox 233 3526 1648 3602; baseline -0.005 -12"><span class='ocrx_word' id='word_1_244' title='bbox 233 3526 447 3589; x_wconf 69' lang='lat' dir='ltr'><strong>Bonum</strong></span> <span class='ocrx_word' id='word_1_245' title='bbox 474 3533 763 3602; x_wconf 82' lang='lat' dir='ltr'><strong>propagine</strong></span> <span class='ocrx_word' id='word_1_246' title='bbox 789 3550 800 3584; x_wconf 93' lang='lat'>:</span> <span class='ocrx_word' id='word_1_247' title='bbox 835 3531 1060 3601; x_wconf 64' lang='lat' dir='ltr'><strong>gemina:</strong></span> <span class='ocrx_word' id='word_1_248' title='bbox 1104 3527 1368 3600; x_wconf 72' lang='lat' dir='ltr'><strong>refulgere</strong></span> <span class='ocrx_word' id='word_1_249' title='bbox 1395 3531 1648 3585; x_wconf 69' lang='lat' dir='ltr'><strong>lucernae.</strong></span> 
     </span>
    </p>
   </div>
   <div class='ocr_carea' id='block_1_40' title="bbox 229 3623 1462 3696">
    <p class='ocr_par' dir='ltr' id='par_1_40' title="bbox 229 3623 1462 3696">
     <span class='ocr_line' id='line_1_40' title="bbox 229 3623 1462 3696; baseline -0.007 -12"><span class='ocrx_word' id='word_1_250' title='bbox 229 3633 305 3684; x_wconf 77' lang='lat' dir='ltr'><strong>At</strong></span> <span class='ocrx_word' id='word_1_251' title='bbox 336 3628 542 3696; x_wconf 73' lang='lat' dir='ltr'><strong>Lupus,</strong></span> <span class='ocrx_word' id='word_1_252' title='bbox 575 3627 860 3694; x_wconf 78' lang='lat' dir='ltr'><strong>Brutiuque</strong></span> <span class='ocrx_word' id='word_1_253' title='bbox 890 3627 962 3678; x_wconf 89' lang='lat' dir='ltr'><strong>tui</strong></span> <span class='ocrx_word' id='word_1_254' title='bbox 999 3625 1236 3693; x_wconf 79' lang='lat' dir='ltr'><strong>germani</strong></span> <span class='ocrx_word' id='word_1_255' title='bbox 1261 3623 1462 3686; x_wconf 88' lang='lat' dir='ltr'><strong>decori,</strong></span> 
     </span>
    </p>
   </div>
   <div class='ocr_carea' id='block_1_41' title="bbox 228 3716 1362 3785">
    <p class='ocr_par' dir='ltr' id='par_1_41' title="bbox 228 3716 1362 3785">
     <span class='ocr_line' id='line_1_41' title="bbox 228 3716 1362 3785; baseline -0.002 -15"><span class='ocrx_word' id='word_1_256' title='bbox 228 3718 276 3785; x_wconf 72' lang='grc' dir='ltr'>ρ</span> <span class='ocrx_word' id='word_1_257' title='bbox 306 3719 442 3772; x_wconf 66' lang='lat' dir='ltr'><strong>libus</strong></span> <span class='ocrx_word' id='word_1_258' title='bbox 473 3717 772 3770; x_wconf 84' lang='lat' dir='ltr'><strong>clarissimo</strong></span> <span class='ocrx_word' id='word_1_259' title='bbox 796 3716 994 3770; x_wconf 81' lang='lat' dir='ltr'><strong>ditatus</strong></span> <span class='ocrx_word' id='word_1_260' title='bbox 1029 3716 1192 3768; x_wconf 73' lang='lat' dir='ltr'><strong>Ilritio</strong></span> <span class='ocrx_word' id='word_1_261' title='bbox 1235 3723 1362 3769; x_wconf 86' lang='lat' dir='ltr'><strong>natu</strong></span> 
     </span>
    </p>
   </div>
   <div class='ocr_carea' id='block_1_42' title="bbox 227 3807 1498 3876">
    <p class='ocr_par' dir='ltr' id='par_1_42' title="bbox 227 3807 1498 3876">
     <span class='ocr_line' id='line_1_42' title="bbox 227 3807 1498 3876; baseline -0.006 -12"><span class='ocrx_word' id='word_1_262' title='bbox 227 3808 477 3864; x_wconf 84' lang='lat' dir='ltr'><strong>Obtinuit</strong></span> <span class='ocrx_word' id='word_1_263' title='bbox 503 3807 659 3876; x_wconf 84' lang='lat' dir='ltr'><strong>legali</strong></span> <span class='ocrx_word' id='word_1_264' title='bbox 690 3807 893 3862; x_wconf 83' lang='lat' dir='ltr'><strong>Justam</strong></span> <span class='ocrx_word' id='word_1_265' title='bbox 919 3807 1168 3875; x_wconf 66' lang='lat' dir='ltr'><strong>aequitate</strong></span> <span class='ocrx_word' id='word_1_266' title='bbox 1197 3811 1498 3859; x_wconf 84' lang='lat' dir='ltr'><strong>matronam</strong></span> 
     </span>
    </p>
   </div>
   <div class='ocr_carea' id='block_1_43' title="bbox 229 3901 1362 3970">
    <p class='ocr_par' dir='ltr' id='par_1_43' title="bbox 229 3901 1362 3970">
     <span class='ocr_line' id='line_1_43' title="bbox 229 3901 1362 3970; baseline -0.003 -14"><span class='ocrx_word' id='word_1_267' title='bbox 229 3903 475 3970; x_wconf 72' lang='lat' dir='ltr'><strong>Mihique</strong></span> <span class='ocrx_word' id='word_1_268' title='bbox 506 3902 756 3955; x_wconf 79' lang='lat' dir='ltr'><strong>videlicet</strong></span> <span class='ocrx_word' id='word_1_269' title='bbox 799 3906 945 3954; x_wconf 76' lang='lat' dir='ltr'><strong>extat</strong></span> <span class='ocrx_word' id='word_1_270' title='bbox 985 3901 1174 3953; x_wconf 86' lang='lat' dir='ltr'><strong>unicus</strong></span> <span class='ocrx_word' id='word_1_271' title='bbox 1206 3914 1362 3953; x_wconf 91' lang='lat' dir='ltr'><strong>error</strong></span> 
     </span>
    </p>
   </div>
   <div class='ocr_carea' id='block_1_44' title="bbox 233 3992 1384 4062">
    <p class='ocr_par' dir='ltr' id='par_1_44' title="bbox 233 3992 1384 4062">
     <span class='ocr_line' id='line_1_44' title="bbox 233 3992 1384 4062; baseline -0.003 -13"><span class='ocrx_word' id='word_1_272' title='bbox 233 3994 467 4049; x_wconf 81' lang='lat' dir='ltr'><strong>Unicum</strong></span> <span class='ocrx_word' id='word_1_273' title='bbox 491 3995 679 4048; x_wconf 87' lang='lat' dir='ltr'><strong>sortita</strong></span> <span class='ocrx_word' id='word_1_274' title='bbox 727 3996 916 4062; x_wconf 68' lang='lat' dir='ltr'><strong>p‘gnus</strong></span> <span class='ocrx_word' id='word_1_275' title='bbox 949 3992 1195 4046; x_wconf 84' lang='lat' dir='ltr'><strong>mirabile</strong></span> <span class='ocrx_word' id='word_1_276' title='bbox 1231 3992 1384 4045; x_wconf 86' lang='lat' dir='ltr'><strong>nobis</strong></span> 
     </span>
    </p>
   </div>
   <div class='ocr_carea' id='block_1_45' title="bbox 232 4080 1430 4154">
    <p class='ocr_par' dir='ltr' id='par_1_45' title="bbox 232 4080 1430 4154">
     <span class='ocr_line' id='line_1_45' title="bbox 232 4080 1430 4154; baseline -0.006 -15"><span class='ocrx_word' id='word_1_277' title='bbox 232 4085 294 4139; x_wconf 85' lang='lat' dir='ltr'><strong>In</strong></span> <span class='ocrx_word' id='word_1_278' title='bbox 327 4100 432 4154; x_wconf 84' lang='lat' dir='ltr'><strong>quo</strong></span> <span class='ocrx_word' id='word_1_279' title='bbox 464 4091 740 4137; x_wconf 81' lang='lat' dir='ltr'><strong>retentans</strong></span> <span class='ocrx_word' id='word_1_280' title='bbox 771 4082 838 4149; x_wconf 88' lang='lat' dir='ltr'><strong>pii</strong></span> <span class='ocrx_word' id='word_1_281' title='bbox 870 4081 1058 4152; x_wconf 87' lang='lat' dir='ltr'><strong>gaudia</strong></span> <span class='ocrx_word' id='word_1_282' title='bbox 1087 4088 1274 4150; x_wconf 80' lang='lat' dir='ltr'><strong>magna</strong></span> <span class='ocrx_word' id='word_1_283' title='bbox 1307 4080 1430 4134; x_wconf 86' lang='lat' dir='ltr'><strong>viri.</strong></span> 
     </span>
    </p>
   </div>
   <div class='ocr_carea' id='block_1_46' title="bbox 457 4161 1598 4242">
    <p class='ocr_par' dir='ltr' id='par_1_46' title="bbox 457 4161 1598 4242">
     <span class='ocr_line' id='line_1_46' title="bbox 457 4161 1598 4242; baseline -0.004 -14"><span class='ocrx_word' id='word_1_284' title='bbox 457 4175 539 4228; x_wconf 93' lang='lat' dir='ltr'><strong>Ill.</strong></span> <span class='ocrx_word' id='word_1_285' title='bbox 590 4161 806 4227; x_wconf 84' lang='lat' dir='ltr'><strong>Carmen</strong></span> <span class='ocrx_word' id='word_1_286' title='bbox 856 4174 922 4225; x_wconf 84' lang='lat' dir='ltr'><strong>ad</strong></span> <span class='ocrx_word' id='word_1_287' title='bbox 974 4173 1246 4242; x_wconf 84' lang='lat' dir='ltr'><strong>quemdam</strong></span> <span class='ocrx_word' id='word_1_288' title='bbox 1303 4171 1598 4224; x_wconf 74' lang='lat' dir='ltr'><strong>diaconum.</strong></span> 
     </span>
    </p>
   </div>
   <div class='ocr_carea' id='block_1_47' title="bbox 233 4260 1579 4329">
    <p class='ocr_par' dir='ltr' id='par_1_47' title="bbox 233 4260 1579 4329">
     <span class='ocr_line' id='line_1_47' title="bbox 233 4260 1579 4329; baseline -0.004 -11"><span class='ocrx_word' id='word_1_289' title='bbox 233 4267 364 4318; x_wconf 67' lang='lat' dir='ltr'><strong>Ilaec</strong></span> <span class='ocrx_word' id='word_1_290' title='bbox 392 4274 481 4317; x_wconf 89' lang='lat' dir='ltr'><strong>tua</strong></span> <span class='ocrx_word' id='word_1_291' title='bbox 511 4263 650 4316; x_wconf 88' lang='lat' dir='ltr'><strong>alme</strong></span> <span class='ocrx_word' id='word_1_292' title='bbox 679 4264 817 4317; x_wconf 87' lang='lat' dir='ltr'><strong>Deus</strong></span> <span class='ocrx_word' id='word_1_293' title='bbox 847 4260 1046 4315; x_wconf 88' lang='lat' dir='ltr'><strong>Christi</strong></span> <span class='ocrx_word' id='word_1_294' title='bbox 1074 4269 1366 4329; x_wconf 86' lang='lat' dir='ltr'><strong>sancteque</strong></span> <span class='ocrx_word' id='word_1_295' title='bbox 1396 4261 1579 4324; x_wconf 85' lang='lat' dir='ltr'><strong>levita,</strong></span> 
     </span>
    </p>
   </div>
   <div class='ocr_carea' id='block_1_48' title="bbox 230 4350 1560 4416">
    <p class='ocr_par' dir='ltr' id='par_1_48' title="bbox 230 4350 1560 4416">
     <span class='ocr_line' id='line_1_48' title="bbox 230 4350 1560 4416; baseline -0.005 -6"><span class='ocrx_word' id='word_1_296' title='bbox 230 4355 304 4410; x_wconf 82' lang='lat' dir='ltr'><strong>Et</strong></span> <span class='ocrx_word' id='word_1_297' title='bbox 328 4354 497 4409; x_wconf 72' lang='lat' dir='ltr'><strong>vincis</strong></span> <span class='ocrx_word' id='word_1_298' title='bbox 527 4352 740 4416; x_wconf 88' lang='lat' dir='ltr'><strong>merito,</strong></span> <span class='ocrx_word' id='word_1_299' title='bbox 774 4351 1108 4405; x_wconf 86' lang='lat' dir='ltr'><strong>transcendis</strong></span> <span class='ocrx_word' id='word_1_300' title='bbox 1133 4351 1369 4404; x_wconf 84' lang='lat' dir='ltr'><strong>eulmine</strong></span> <span class='ocrx_word' id='word_1_301' title='bbox 1400 4350 1560 4404; x_wconf 69' lang='lat' dir='ltr'><strong>carius</strong></span> 
     </span>
    </p>
   </div>
   <div class='ocr_carea' id='block_1_49' title="bbox 231 4441 1422 4514">
    <p class='ocr_par' dir='ltr' id='par_1_49' title="bbox 231 4441 1422 4514">
     <span class='ocr_line' id='line_1_49' title="bbox 231 4441 1422 4514; baseline -0.007 -13"><span class='ocrx_word' id='word_1_302' title='bbox 231 4445 430 4514; x_wconf 76' lang='lat' dir='ltr'><strong>Stirpis</strong></span> <span class='ocrx_word' id='word_1_303' title='bbox 457 4444 605 4514; x_wconf 83' lang='lat' dir='ltr'><strong>origo</strong></span> <span class='ocrx_word' id='word_1_304' title='bbox 635 4454 736 4498; x_wconf 74' lang='lat' dir='ltr'><strong>tua:</strong></span> <span class='ocrx_word' id='word_1_305' title='bbox 776 4443 900 4497; x_wconf 89' lang='lat' dir='ltr'><strong>licet</strong></span> <span class='ocrx_word' id='word_1_306' title='bbox 930 4443 1264 4497; x_wconf 88' lang='lat' dir='ltr'><strong>nobilissimo</strong></span> <span class='ocrx_word' id='word_1_307' title='bbox 1295 4441 1422 4496; x_wconf 89' lang='lat' dir='ltr'><strong>fulta</strong></span> 
     </span>
    </p>
   </div>
   <div class='ocr_carea' id='block_1_50' title="bbox 232 4533 1467 4605">
    <p class='ocr_par' dir='ltr' id='par_1_50' title="bbox 232 4533 1467 4605">
     <span class='ocr_line' id='line_1_50' title="bbox 232 4533 1467 4605; baseline -0.006 -12"><span class='ocrx_word' id='word_1_308' title='bbox 232 4540 448 4593; x_wconf 77' lang='lat' dir='ltr'><strong>Eniteat</strong></span> <span class='ocrx_word' id='word_1_309' title='bbox 478 4537 745 4605; x_wconf 72' lang='lat' dir='ltr'><strong>prasconio</strong></span> <span class='ocrx_word' id='word_1_310' title='bbox 768 4535 1132 4604; x_wconf 74' lang='lat' dir='ltr'><strong>sanguineque</strong></span> <span class='ocrx_word' id='word_1_311' title='bbox 1175 4533 1429 4603; x_wconf 71' lang='lat' dir='ltr'><strong>praeclaro</strong></span> <span class='ocrx_word' id='word_1_312' title='bbox 1455 4551 1467 4586; x_wconf 92' lang='lat'><strong>:</strong></span> 
     </span>
    </p>
   </div>
   <div class='ocr_carea' id='block_1_51' title="bbox 227 4628 1709 4698">
    <p class='ocr_par' dir='ltr' id='par_1_51' title="bbox 227 4628 1709 4698">
     <span class='ocr_line' id='line_1_51' title="bbox 227 4628 1709 4698; baseline -0.005 -13"><span class='ocrx_word' id='word_1_313' title='bbox 227 4634 345 4697; x_wconf 87' lang='lat' dir='ltr'><strong>Quo</strong></span> <span class='ocrx_word' id='word_1_314' title='bbox 381 4641 558 4685; x_wconf 90' lang='lat' dir='ltr'><strong>tamen</strong></span> <span class='ocrx_word' id='word_1_315' title='bbox 588 4629 826 4683; x_wconf 89' lang='lat' dir='ltr'><strong>constitit</strong></span> <span class='ocrx_word' id='word_1_316' title='bbox 853 4628 1084 4696; x_wconf 86' lang='lat' dir='ltr'><strong>amplius</strong></span> <span class='ocrx_word' id='word_1_317' title='bbox 1118 4635 1404 4698; x_wconf 87' lang='lat' dir='ltr'><strong>propagata</strong></span> <span class='ocrx_word' id='word_1_318' title='bbox 1447 4637 1709 4678; x_wconf 68' lang='lat' dir='ltr'><strong>succensa</strong></span> 
     </span>
    </p>
   </div>
   <div class='ocr_carea' id='block_1_52' title="bbox 227 4716 1525 4791">
    <p class='ocr_par' dir='ltr' id='par_1_52' title="bbox 227 4716 1525 4791">
     <span class='ocr_line' id='line_1_52' title="bbox 227 4716 1525 4791; baseline -0.01 -11"><span class='ocrx_word' id='word_1_319' title='bbox 227 4716 348 4779; x_wconf 85' lang='lat' dir='ltr'><strong>&#39;I‘ibi</strong></span> <span class='ocrx_word' id='word_1_320' title='bbox 377 4736 603 4791; x_wconf 85' lang='lat' dir='ltr'><strong>namque</strong></span> <span class='ocrx_word' id='word_1_321' title='bbox 633 4719 724 4774; x_wconf 91' lang='lat' dir='ltr'><strong>Dei</strong></span> <span class='ocrx_word' id='word_1_322' title='bbox 751 4731 988 4776; x_wconf 88' lang='lat' dir='ltr'><strong>summus</strong></span> <span class='ocrx_word' id='word_1_323' title='bbox 1017 4717 1147 4772; x_wconf 91' lang='lat' dir='ltr'><strong>ordo</strong></span> <span class='ocrx_word' id='word_1_324' title='bbox 1179 4731 1329 4770; x_wconf 85' lang='lat' dir='ltr'><strong>sacer</strong></span> <span class='ocrx_word' id='word_1_325' title='bbox 1358 4717 1525 4785; x_wconf 77' lang='lat' dir='ltr'><strong>gloria</strong></span> 
     </span>
    </p>
   </div>
   <div class='ocr_carea' id='block_1_53' title="bbox 159 4800 1524 4880">
    <p class='ocr_par' dir='ltr' id='par_1_53' title="bbox 159 4800 1524 4880">
     <span class='ocr_line' id='line_1_53' title="bbox 159 4800 1524 4880; baseline -0.004 -15"><span class='ocrx_word' id='word_1_326' title='bbox 159 4800 166 4804; x_wconf 51' lang='grc'><em>”</em></span> <span class='ocrx_word' id='word_1_327' title='bbox 227 4811 706 4880; x_wconf 65' lang='grc' dir='ltr'>Αιιιτὶὺιιιυε,ερθε</span> <span class='ocrx_word' id='word_1_328' title='bbox 735 4809 821 4863; x_wconf 92' lang='lat' dir='ltr'><strong>cui</strong></span> <span class='ocrx_word' id='word_1_329' title='bbox 851 4818 988 4876; x_wconf 90' lang='lat' dir='ltr'><strong>erat,</strong></span> <span class='ocrx_word' id='word_1_330' title='bbox 1014 4806 1150 4862; x_wconf 87' lang='lat' dir='ltr'><strong>nites</strong></span> <span class='ocrx_word' id='word_1_331' title='bbox 1176 4807 1281 4860; x_wconf 90' lang='lat' dir='ltr'><strong>vita</strong></span> <span class='ocrx_word' id='word_1_332' title='bbox 1313 4809 1524 4874; x_wconf 74' lang='lat' dir='ltr'><strong>pudica.</strong></span> 
     </span>
    </p>
   </div>
   <div class='ocr_carea' id='block_1_54' title="bbox 229 4896 1372 4973">
    <p class='ocr_par' dir='ltr' id='par_1_54' title="bbox 229 4896 1372 4973">
     <span class='ocr_line' id='line_1_54' title="bbox 229 4896 1372 4973; baseline -0.011 -12"><span class='ocrx_word' id='word_1_333' title='bbox 229 4908 528 4973; x_wconf 66' lang='lat' dir='ltr'><strong>Nullusque</strong></span> <span class='ocrx_word' id='word_1_334' title='bbox 558 4903 680 4957; x_wconf 85' lang='lat' dir='ltr'><strong>labe</strong></span> <span class='ocrx_word' id='word_1_335' title='bbox 709 4900 834 4956; x_wconf 90' lang='lat' dir='ltr'><strong>tacti</strong></span> <span class='ocrx_word' id='word_1_336' title='bbox 864 4896 1075 4954; x_wconf 84' lang='lat' dir='ltr'><strong>conscia</strong></span> <span class='ocrx_word' id='word_1_337' title='bbox 1101 4896 1372 4962; x_wconf 86' lang='lat' dir='ltr'><strong>facinoris,</strong></span> 
     </span>
    </p>
   </div>
   <div class='ocr_carea' id='block_1_55' title="bbox 224 4990 1456 5070">
    <p class='ocr_par' dir='ltr' id='par_1_55' title="bbox 224 4990 1456 5070">
     <span class='ocr_line' id='line_1_55' title="bbox 224 4990 1456 5070; baseline -0.011 -17"><span class='ocrx_word' id='word_1_338' title='bbox 224 4997 426 5070; x_wconf 75' lang='lat' dir='ltr'><strong>Op&#39;imi</strong></span> <span class='ocrx_word' id='word_1_339' title='bbox 464 5011 615 5051; x_wconf 89' lang='lat' dir='ltr'><strong>more</strong></span> <span class='ocrx_word' id='word_1_340' title='bbox 664 5004 721 5049; x_wconf 91' lang='lat' dir='ltr'><strong>ut</strong></span> <span class='ocrx_word' id='word_1_341' title='bbox 757 4993 899 5064; x_wconf 88' lang='lat' dir='ltr'><strong>genti</strong></span> <span class='ocrx_word' id='word_1_342' title='bbox 933 4991 1143 5046; x_wconf 89' lang='lat' dir='ltr'><strong>redoles</strong></span> <span class='ocrx_word' id='word_1_343' title='bbox 1175 4990 1456 5042; x_wconf 84' lang='lat' dir='ltr'><strong>virtutibus</strong></span> 
     </span>
    </p>
   </div>
   <div class='ocr_carea' id='block_1_56' title="bbox 224 5081 1452 5160">
    <p class='ocr_par' dir='ltr' id='par_1_56' title="bbox 224 5081 1452 5160">
     <span class='ocr_line' id='line_1_56' title="bbox 224 5081 1452 5160; baseline -0.008 -14"><span class='ocrx_word' id='word_1_344' title='bbox 224 5091 580 5160; x_wconf 69' lang='lat' dir='ltr'><strong>Luctarisqne</strong></span> <span class='ocrx_word' id='word_1_345' title='bbox 614 5088 886 5142; x_wconf 84' lang='lat' dir='ltr'><strong>alabastro</strong></span> <span class='ocrx_word' id='word_1_346' title='bbox 919 5083 1139 5152; x_wconf 86' lang='lat' dir='ltr'><strong>pedibus</strong></span> <span class='ocrx_word' id='word_1_347' title='bbox 1167 5081 1452 5137; x_wconf 88' lang='lat' dir='ltr'><strong>dominicis</strong></span> 
     </span>
    </p>
   </div>
   <div class='ocr_carea' id='block_1_57' title="bbox 224 5174 1507 5244">
    <p class='ocr_par' dir='ltr' id='par_1_57' title="bbox 224 5174 1507 5244">
     <span class='ocr_line' id='line_1_57' title="bbox 224 5174 1507 5244; baseline -0.009 -8"><span class='ocrx_word' id='word_1_348' title='bbox 224 5183 533 5236; x_wconf 76' lang='lat' dir='ltr'><strong>I’recinsum</strong></span> <span class='ocrx_word' id='word_1_349' title='bbox 576 5176 754 5231; x_wconf 82' lang='lat' dir='ltr'><strong>fundis</strong></span> <span class='ocrx_word' id='word_1_350' title='bbox 786 5183 968 5230; x_wconf 89' lang='lat' dir='ltr'><strong>nectar</strong></span> <span class='ocrx_word' id='word_1_351' title='bbox 996 5175 1189 5244; x_wconf 90' lang='lat' dir='ltr'><strong>ungine</strong></span> <span class='ocrx_word' id='word_1_352' title='bbox 1217 5174 1507 5228; x_wconf 86' lang='lat' dir='ltr'><strong>catholico.</strong></span> 
     </span>
    </p>
   </div>
   <div class='ocr_carea' id='block_1_58' title="bbox 224 5266 1617 5336">
    <p class='ocr_par' dir='ltr' id='par_1_58' title="bbox 224 5266 1617 5336">
     <span class='ocr_line' id='line_1_58' title="bbox 224 5266 1617 5336; baseline -0.008 -9"><span class='ocrx_word' id='word_1_353' title='bbox 224 5274 523 5326; x_wconf 80' lang='lat' dir='ltr'><strong>Delihatum</strong></span> <span class='ocrx_word' id='word_1_354' title='bbox 557 5269 670 5336; x_wconf 89' lang='lat' dir='ltr'><strong>ipse</strong></span> <span class='ocrx_word' id='word_1_355' title='bbox 707 5279 957 5321; x_wconf 82' lang='lat' dir='ltr'><strong>constans</strong></span> <span class='ocrx_word' id='word_1_356' title='bbox 988 5266 1134 5320; x_wconf 91' lang='lat' dir='ltr'><strong>vario</strong></span> <span class='ocrx_word' id='word_1_357' title='bbox 1163 5266 1547 5318; x_wconf 81' lang='lat' dir='ltr'><strong>charismatum</strong></span> <span class='ocrx_word' id='word_1_358' title='bbox 1608 5323 1617 5329; x_wconf 91' lang='lat'><em>_</em></span> 
     </span>
    </p>
   </div>
   <div class='ocr_carea' id='block_1_59' title="bbox 221 5357 1576 5426">
    <p class='ocr_par' dir='ltr' id='par_1_59' title="bbox 221 5357 1576 5426">
     <span class='ocr_line' id='line_1_59' title="bbox 221 5357 1576 5426; baseline -0.006 -8"><span class='ocrx_word' id='word_1_359' title='bbox 221 5361 441 5418; x_wconf 77' lang='lat' dir='ltr'><strong>Munera</strong></span> <span class='ocrx_word' id='word_1_360' title='bbox 481 5370 534 5413; x_wconf 88' lang='lat' dir='ltr'><strong>et</strong></span> <span class='ocrx_word' id='word_1_361' title='bbox 562 5367 741 5413; x_wconf 84' lang='lat' dir='ltr'><strong>sancta</strong></span> <span class='ocrx_word' id='word_1_362' title='bbox 772 5373 996 5425; x_wconf 89' lang='lat' dir='ltr'><strong>carpens</strong></span> <span class='ocrx_word' id='word_1_363' title='bbox 1020 5357 1157 5411; x_wconf 92' lang='lat' dir='ltr'><strong>dona</strong></span> <span class='ocrx_word' id='word_1_364' title='bbox 1187 5358 1328 5426; x_wconf 86' lang='lat' dir='ltr'><strong>larga</strong></span> <span class='ocrx_word' id='word_1_365' title='bbox 1351 5361 1576 5425; x_wconf 75' lang='lat' dir='ltr'><strong>spzritus</strong></span> 
     </span>
    </p>
   </div>
   <div class='ocr_carea' id='block_1_60' title="bbox 224 5451 1480 5520">
    <p class='ocr_par' dir='ltr' id='par_1_60' title="bbox 224 5451 1480 5520">
     <span class='ocr_line' id='line_1_60' title="bbox 224 5451 1480 5520; baseline -0.004 -9"><span class='ocrx_word' id='word_1_366' title='bbox 224 5454 501 5511; x_wconf 79' lang='lat' dir='ltr'><strong>Adfuturls</strong></span> <span class='ocrx_word' id='word_1_367' title='bbox 523 5454 666 5509; x_wconf 88' lang='lat' dir='ltr'><strong>enim</strong></span> <span class='ocrx_word' id='word_1_368' title='bbox 709 5451 898 5507; x_wconf 88' lang='lat' dir='ltr'><strong>electis</strong></span> <span class='ocrx_word' id='word_1_369' title='bbox 926 5452 1263 5520; x_wconf 65' lang='lat' dir='ltr'><strong>praemiorum</strong></span> <span class='ocrx_word' id='word_1_370' title='bbox 1297 5451 1480 5506; x_wconf 82' lang='lat' dir='ltr'><strong>sociis.</strong></span> 
     </span>
    </p>
   </div>
   <div class='ocr_carea' id='block_1_61' title="bbox 971 5540 1054 5595">
    <p class='ocr_par' dir='ltr' id='par_1_61' title="bbox 971 5540 1054 5595">
     <span class='ocr_line' id='line_1_61' title="bbox 971 5540 1054 5595; baseline 0.012 -1"><span class='ocrx_word' id='word_1_371' title='bbox 971 5540 1054 5595; x_wconf 81' lang='lat' dir='ltr'><strong>IV.</strong></span> 
     </span>
    </p>
   </div>
   <div class='ocr_carea' id='block_1_62' title="bbox 286 5632 1561 5704">
    <p class='ocr_par' dir='ltr' id='par_1_62' title="bbox 286 5632 1561 5704">
     <span class='ocr_line' id='line_1_62' title="bbox 286 5632 1561 5704; baseline 0.001 -16"><span class='ocrx_word' id='word_1_372' title='bbox 286 5635 499 5689; x_wconf 82' lang='lat' dir='ltr'><strong>Cernite</strong></span> <span class='ocrx_word' id='word_1_373' title='bbox 525 5633 697 5690; x_wconf 90' lang='lat' dir='ltr'><strong>cuncti</strong></span> <span class='ocrx_word' id='word_1_374' title='bbox 729 5645 966 5702; x_wconf 60' lang='lat' dir='ltr'><strong>praesens</strong></span> <span class='ocrx_word' id='word_1_375' title='bbox 997 5632 1139 5702; x_wconf 88' lang='lat' dir='ltr'><strong>quod</strong></span> <span class='ocrx_word' id='word_1_376' title='bbox 1173 5635 1362 5703; x_wconf 77' lang='lat' dir='ltr'><strong>pagina</strong></span> <span class='ocrx_word' id='word_1_377' title='bbox 1389 5642 1561 5704; x_wconf 80' lang='lat' dir='ltr'><strong>gestat</strong></span> 
     </span>
    </p>
   </div>
   <div class='ocr_carea' id='block_1_63' title="bbox 1857 2043 3507 2127">
    <p class='ocr_par' dir='ltr' id='par_1_63' title="bbox 1857 2043 3507 2127">
     <span class='ocr_line' id='line_1_63' title="bbox 1857 2043 3507 2127; baseline 0.006 -14"><span class='ocrx_word' id='word_1_378' title='bbox 1857 2047 1908 2123; x_wconf 68' lang='grc' dir='ltr'>Β</span> <span class='ocrx_word' id='word_1_379' title='bbox 1938 2056 2120 2113; x_wconf 86' lang='lat' dir='ltr'><strong>Sacris</strong></span> <span class='ocrx_word' id='word_1_380' title='bbox 2149 2056 2374 2125; x_wconf 69' lang='lat' dir='ltr'><strong>clonuiis</strong></span> <span class='ocrx_word' id='word_1_381' title='bbox 2395 2043 2536 2127; x_wconf 83' lang='lat' dir='ltr'><strong>quod</strong></span> <span class='ocrx_word' id='word_1_382' title='bbox 2566 2056 2772 2127; x_wconf 81' lang='lat' dir='ltr'><strong>profert</strong></span> <span class='ocrx_word' id='word_1_383' title='bbox 2815 2058 2928 2127; x_wconf 90' lang='lat' dir='ltr'><strong>ipsa</strong></span> <span class='ocrx_word' id='word_1_384' title='bbox 2957 2062 3296 2120; x_wconf 76' lang='lat' dir='ltr'><strong>salictissima</strong></span> <span class='ocrx_word' id='word_1_385' title='bbox 3323 2066 3507 2123; x_wconf 79' lang='lat' dir='ltr'><strong>vatis:</strong></span> 
     </span>
    </p>
   </div>
   <div class='ocr_carea' id='block_1_64' title="bbox 1932 2149 3113 2223">
    <p class='ocr_par' dir='ltr' id='par_1_64' title="bbox 1932 2149 3113 2223">
     <span class='ocr_line' id='line_1_64' title="bbox 1932 2149 3113 2223; baseline 0.006 -20"><span class='ocrx_word' id='word_1_386' title='bbox 1932 2149 2214 2204; x_wconf 82' lang='lat' dir='ltr'><strong>Fructuosi</strong></span> <span class='ocrx_word' id='word_1_387' title='bbox 2247 2164 2476 2219; x_wconf 88' lang='lat' dir='ltr'><strong>namque</strong></span> <span class='ocrx_word' id='word_1_388' title='bbox 2496 2150 2668 2207; x_wconf 83' lang='lat' dir='ltr'><strong>dulcis</strong></span> <span class='ocrx_word' id='word_1_389' title='bbox 2695 2166 2761 2206; x_wconf 79' lang='lat' dir='ltr'><strong>ex</strong></span> <span class='ocrx_word' id='word_1_390' title='bbox 2786 2165 2882 2208; x_wconf 87' lang='lat' dir='ltr'><strong>ore</strong></span> <span class='ocrx_word' id='word_1_391' title='bbox 2900 2153 3113 2223; x_wconf 81' lang='lat' dir='ltr'><strong>loquela</strong></span> 
     </span>
    </p>
   </div>
   <div class='ocr_carea' id='block_1_65' title="bbox 1930 2241 2376 2297">
    <p class='ocr_par' dir='ltr' id='par_1_65' title="bbox 1930 2241 2376 2297">
     <span class='ocr_line' id='line_1_65' title="bbox 1930 2241 2376 2297; baseline 0 -1"><span class='ocrx_word' id='word_1_392' title='bbox 1930 2241 2091 2296; x_wconf 69' lang='lat' dir='ltr'><strong>SuaVi</strong></span> <span class='ocrx_word' id='word_1_393' title='bbox 2121 2241 2376 2297; x_wconf 88' lang='lat' dir='ltr'><strong>emulcet.</strong></span> 
     </span>
    </p>
   </div>
   <div class='ocr_carea' id='block_1_66' title="bbox 1929 2337 3181 2411">
    <p class='ocr_par' dir='ltr' id='par_1_66' title="bbox 1929 2337 3181 2411">
     <span class='ocr_line' id='line_1_66' title="bbox 1929 2337 3181 2411; baseline 0.005 -18"><span class='ocrx_word' id='word_1_394' title='bbox 1929 2337 2232 2394; x_wconf 85' lang='lat' dir='ltr'><strong>Procedens</strong></span> <span class='ocrx_word' id='word_1_395' title='bbox 2266 2338 2466 2409; x_wconf 84' lang='lat' dir='ltr'><strong>jugiter</strong></span> <span class='ocrx_word' id='word_1_396' title='bbox 2496 2339 2644 2395; x_wconf 85' lang='lat' dir='ltr'><strong>suavi</strong></span> <span class='ocrx_word' id='word_1_397' title='bbox 2668 2355 2858 2397; x_wconf 87' lang='lat' dir='ltr'><strong>evoma</strong></span> <span class='ocrx_word' id='word_1_398' title='bbox 2885 2342 3181 2411; x_wconf 87' lang='lat' dir='ltr'><strong>permulcet</strong></span> 
     </span>
    </p>
   </div>
   <div class='ocr_carea' id='block_1_67' title="bbox 1928 2427 3186 2500">
    <p class='ocr_par' dir='ltr' id='par_1_67' title="bbox 1928 2427 3186 2500">
     <span class='ocr_line' id='line_1_67' title="bbox 1928 2427 3186 2500; baseline 0.006 -19"><span class='ocrx_word' id='word_1_399' title='bbox 1928 2427 2254 2484; x_wconf 88' lang='lat' dir='ltr'><strong>Cunctorum</strong></span> <span class='ocrx_word' id='word_1_400' title='bbox 2283 2445 2509 2500; x_wconf 85' lang='lat' dir='ltr'><strong>corpora</strong></span> <span class='ocrx_word' id='word_1_401' title='bbox 2539 2432 2841 2487; x_wconf 88' lang='lat' dir='ltr'><strong>sistentium</strong></span> <span class='ocrx_word' id='word_1_402' title='bbox 2865 2432 2966 2488; x_wconf 87' lang='lat' dir='ltr'><strong>sibi</strong></span> <span class='ocrx_word' id='word_1_403' title='bbox 2996 2432 3186 2489; x_wconf 84' lang='lat' dir='ltr'><strong>devota</strong></span> 
     </span>
    </p>
   </div>
   <div class='ocr_carea' id='block_1_68' title="bbox 1929 2519 3131 2592">
    <p class='ocr_par' dir='ltr' id='par_1_68' title="bbox 1929 2519 3131 2592">
     <span class='ocr_line' id='line_1_68' title="bbox 1929 2519 3131 2592; baseline 0.006 -18"><span class='ocrx_word' id='word_1_404' title='bbox 1929 2519 2226 2577; x_wconf 91' lang='lat' dir='ltr'><strong>Dulcisonis</strong></span> <span class='ocrx_word' id='word_1_405' title='bbox 2254 2522 2514 2578; x_wconf 86' lang='lat' dir='ltr'><strong>elabimur</strong></span> <span class='ocrx_word' id='word_1_406' title='bbox 2542 2523 2921 2580; x_wconf 79' lang='lat' dir='ltr'><strong>charismatum</strong></span> <span class='ocrx_word' id='word_1_407' title='bbox 2949 2526 3131 2592; x_wconf 91' lang='lat' dir='ltr'><strong>donis,</strong></span> 
     </span>
    </p>
   </div>
   <div class='ocr_carea' id='block_1_69' title="bbox 1925 2611 2598 2679">
    <p class='ocr_par' dir='ltr' id='par_1_69' title="bbox 1925 2611 2598 2679">
     <span class='ocr_line' id='line_1_69' title="bbox 1925 2611 2598 2679; baseline 0.006 -15"><span class='ocrx_word' id='word_1_408' title='bbox 1925 2611 2286 2667; x_wconf 86' lang='lat' dir='ltr'><strong>Concentibus</strong></span> <span class='ocrx_word' id='word_1_409' title='bbox 2307 2613 2598 2679; x_wconf 88' lang='lat' dir='ltr'><strong>dulcilluis,</strong></span> 
     </span>
    </p>
   </div>
   <div class='ocr_carea' id='block_1_70' title="bbox 1927 2694 3502 2779">
    <p class='ocr_par' dir='ltr' id='par_1_70' title="bbox 1927 2694 3502 2779">
     <span class='ocr_line' id='line_1_70' title="bbox 1927 2694 3502 2779; baseline 0.009 -24"><span class='ocrx_word' id='word_1_410' title='bbox 1927 2694 2146 2757; x_wconf 78' lang='lat' dir='ltr'><strong>Promet</strong></span> <span class='ocrx_word' id='word_1_411' title='bbox 2177 2703 2408 2759; x_wconf 90' lang='lat' dir='ltr'><strong>facundo</strong></span> <span class='ocrx_word' id='word_1_412' title='bbox 2456 2719 2523 2760; x_wconf 77' lang='lat' dir='ltr'><strong>ex</strong></span> <span class='ocrx_word' id='word_1_413' title='bbox 2579 2706 2674 2761; x_wconf 77' lang='lat' dir='ltr'><strong>ore</strong></span> <span class='ocrx_word' id='word_1_414' title='bbox 2721 2706 2976 2762; x_wconf 85' lang='lat' dir='ltr'><strong>carminis</strong></span> <span class='ocrx_word' id='word_1_415' title='bbox 3025 2707 3149 2762; x_wconf 89' lang='lat' dir='ltr'><strong>almi</strong></span> <span class='ocrx_word' id='word_1_416' title='bbox 3205 2709 3502 2779; x_wconf 83' lang='lat' dir='ltr'><strong>gloriilcutn</strong></span> 
     </span>
    </p>
   </div>
   <div class='ocr_carea' id='block_1_71' title="bbox 2975 2795 3359 2868">
    <p class='ocr_par' dir='ltr' id='par_1_71' title="bbox 2975 2795 3359 2868">
     <span class='ocr_line' id='line_1_71' title="bbox 2975 2795 3359 2868; baseline 0.018 -19"><span class='ocrx_word' id='word_1_417' title='bbox 2975 2795 3134 2868; x_wconf 75' lang='grc' dir='ltr'><strong>[υῆυ.</strong></span> <span class='ocrx_word' id='word_1_418' title='bbox 3169 2799 3359 2856; x_wconf 49' lang='lat' dir='ltr'><strong>mltos.</strong></span> 
     </span>
    </p>
   </div>
   <div class='ocr_carea' id='block_1_72' title="bbox 1928 2872 3148 2958">
    <p class='ocr_par' dir='ltr' id='par_1_72' title="bbox 1928 2872 3148 2958">
     <span class='ocr_line' id='line_1_72' title="bbox 1928 2872 3148 2958; baseline 0.004 -17"><span class='ocrx_word' id='word_1_419' title='bbox 1928 2872 2017 2941; x_wconf 78' lang='lat' dir='ltr'><strong>Sic</strong></span> <span class='ocrx_word' id='word_1_420' title='bbox 2041 2885 2268 2957; x_wconf 85' lang='lat' dir='ltr'><strong>denique</strong></span> <span class='ocrx_word' id='word_1_421' title='bbox 2300 2878 2448 2943; x_wconf 89' lang='lat' dir='ltr'><strong>claro</strong></span> <span class='ocrx_word' id='word_1_422' title='bbox 2483 2888 2732 2945; x_wconf 86' lang='lat' dir='ltr'><strong>intonans</strong></span> <span class='ocrx_word' id='word_1_423' title='bbox 2762 2889 2976 2958; x_wconf 82' lang='lat' dir='ltr'><strong>eloquio</strong></span> <span class='ocrx_word' id='word_1_424' title='bbox 3007 2893 3148 2946; x_wconf 86' lang='lat' dir='ltr'><strong>fandi</strong></span> 
     </span>
    </p>
   </div>
   <div class='ocr_carea' id='block_1_73' title="bbox 1928 2979 3423 3055">
    <p class='ocr_par' dir='ltr' id='par_1_73' title="bbox 1928 2979 3423 3055">
     <span class='ocr_line' id='line_1_73' title="bbox 1928 2979 3423 3055; baseline 0.007 -22"><span class='ocrx_word' id='word_1_425' title='bbox 1928 2979 2198 3050; x_wconf 90' lang='lat' dir='ltr'><strong>Dogmatis</strong></span> <span class='ocrx_word' id='word_1_426' title='bbox 2229 2981 2471 3050; x_wconf 70' lang='lat' dir='ltr'><strong>prmcelsi</strong></span> <span class='ocrx_word' id='word_1_427' title='bbox 2507 2981 2710 3038; x_wconf 89' lang='lat' dir='ltr'><strong>crebris</strong></span> <span class='ocrx_word' id='word_1_428' title='bbox 2739 2983 2945 3038; x_wconf 84' lang='lat' dir='ltr'><strong>refulsit</strong></span> <span class='ocrx_word' id='word_1_429' title='bbox 2971 2985 3240 3040; x_wconf 84' lang='lat' dir='ltr'><strong>miraculis</strong></span> <span class='ocrx_word' id='word_1_430' title='bbox 3267 2988 3423 3055; x_wconf 66' lang='lat' dir='ltr'><strong>oiim,</strong></span> 
     </span>
    </p>
   </div>
   <div class='ocr_carea' id='block_1_74' title="bbox 1925 3068 3179 3142">
    <p class='ocr_par' dir='ltr' id='par_1_74' title="bbox 1925 3068 3179 3142">
     <span class='ocr_line' id='line_1_74' title="bbox 1925 3068 3179 3142; baseline 0.005 -18"><span class='ocrx_word' id='word_1_431' title='bbox 1925 3068 2101 3126; x_wconf 86' lang='lat' dir='ltr'><strong>Claret</strong></span> <span class='ocrx_word' id='word_1_432' title='bbox 2128 3079 2342 3138; x_wconf 82' lang='lat' dir='ltr'><strong>aSpectu</strong></span> <span class='ocrx_word' id='word_1_433' title='bbox 2377 3071 2633 3139; x_wconf 88' lang='lat' dir='ltr'><strong>jocundo,</strong></span> <span class='ocrx_word' id='word_1_434' title='bbox 2667 3081 2722 3128; x_wconf 90' lang='lat' dir='ltr'><strong>et</strong></span> <span class='ocrx_word' id='word_1_435' title='bbox 2751 3072 2935 3128; x_wconf 85' lang='lat' dir='ltr'><strong>hilaris</strong></span> <span class='ocrx_word' id='word_1_436' title='bbox 2964 3070 3179 3142; x_wconf 81' lang='lat' dir='ltr'><strong>semper</strong></span> 
     </span>
    </p>
   </div>
   <div class='ocr_carea' id='block_1_75' title="bbox 1927 3159 3502 3232">
    <p class='ocr_par' dir='ltr' id='par_1_75' title="bbox 1927 3159 3502 3232">
     <span class='ocr_line' id='line_1_75' title="bbox 1927 3159 3502 3232; baseline 0.004 -16"><span class='ocrx_word' id='word_1_437' title='bbox 1927 3159 2132 3216; x_wconf 86' lang='lat' dir='ltr'><strong>Emicat</strong></span> <span class='ocrx_word' id='word_1_438' title='bbox 2156 3159 2318 3232; x_wconf 88' lang='lat' dir='ltr'><strong>jubar</strong></span> <span class='ocrx_word' id='word_1_439' title='bbox 2349 3163 2574 3220; x_wconf 85' lang='lat' dir='ltr'><strong>rutilans</strong></span> <span class='ocrx_word' id='word_1_440' title='bbox 2606 3163 2872 3220; x_wconf 90' lang='lat' dir='ltr'><strong>introrsus</strong></span> <span class='ocrx_word' id='word_1_441' title='bbox 2897 3163 2996 3220; x_wconf 88' lang='lat' dir='ltr'><strong>viri</strong></span> <span class='ocrx_word' id='word_1_442' title='bbox 3041 3167 3092 3220; x_wconf 91' lang='lat' dir='ltr'><strong>in</strong></span> <span class='ocrx_word' id='word_1_443' title='bbox 3140 3165 3304 3221; x_wconf 90' lang='lat' dir='ltr'><strong>corde</strong></span> <span class='ocrx_word' id='word_1_444' title='bbox 3343 3167 3502 3223; x_wconf 85' lang='lat' dir='ltr'><strong>dedi-</strong></span> 
     </span>
    </p>
   </div>
   <div class='ocr_carea' id='block_1_76' title="bbox 3218 3256 3362 3331">
    <p class='ocr_par' dir='ltr' id='par_1_76' title="bbox 3218 3256 3362 3331">
     <span class='ocr_line' id='line_1_76' title="bbox 3218 3256 3362 3331; baseline 0 -15"><span class='ocrx_word' id='word_1_445' title='bbox 3218 3256 3362 3331; x_wconf 80' lang='lat' dir='ltr'><strong>[cato</strong></span> 
     </span>
    </p>
   </div>
   <div class='ocr_carea' id='block_1_77' title="bbox 1926 3343 3281 3418">
    <p class='ocr_par' dir='ltr' id='par_1_77' title="bbox 1926 3343 3281 3418">
     <span class='ocr_line' id='line_1_77' title="bbox 1926 3343 3281 3418; baseline 0.003 -18"><span class='ocrx_word' id='word_1_446' title='bbox 1926 3343 2230 3401; x_wconf 84' lang='lat' dir='ltr'><strong>Coruscans</strong></span> <span class='ocrx_word' id='word_1_447' title='bbox 2259 3347 2464 3402; x_wconf 69' lang='lat' dir='ltr'><strong>caelitus</strong></span> <span class='ocrx_word' id='word_1_448' title='bbox 2492 3346 2755 3418; x_wconf 88' lang='lat' dir='ltr'><strong>Paraclyti</strong></span> <span class='ocrx_word' id='word_1_449' title='bbox 2799 3347 2976 3403; x_wconf 88' lang='lat' dir='ltr'><strong>lumen</strong></span> <span class='ocrx_word' id='word_1_450' title='bbox 3009 3349 3281 3417; x_wconf 84' lang='lat' dir='ltr'><strong>infulsttm,</strong></span> 
     </span>
    </p>
   </div>
   <div class='ocr_carea' id='block_1_78' title="bbox 1848 3415 3493 3507">
    <p class='ocr_par' dir='ltr' id='par_1_78' title="bbox 1848 3415 3493 3507">
     <span class='ocr_line' id='line_1_78' title="bbox 1848 3415 3493 3507; baseline 0.003 -16"><span class='ocrx_word' id='word_1_451' title='bbox 1848 3415 1895 3478; x_wconf 63' lang='grc' dir='ltr'><strong>(ἶ</strong></span> <span class='ocrx_word' id='word_1_452' title='bbox 1926 3437 2293 3507; x_wconf 81' lang='lat' dir='ltr'><strong>Resplendens</strong></span> <span class='ocrx_word' id='word_1_453' title='bbox 2322 3437 2530 3494; x_wconf 86' lang='lat' dir='ltr'><strong>sedulle</strong></span> <span class='ocrx_word' id='word_1_454' title='bbox 2558 3438 2663 3492; x_wconf 88' lang='lat' dir='ltr'><strong>ulla</strong></span> <span class='ocrx_word' id='word_1_455' title='bbox 2685 3415 2805 3493; x_wconf 85' lang='lat' dir='ltr'><strong>sine</strong></span> <span class='ocrx_word' id='word_1_456' title='bbox 2837 3440 3232 3494; x_wconf 79' lang='lat' dir='ltr'><strong>intermissione</strong></span> <span class='ocrx_word' id='word_1_457' title='bbox 3256 3415 3493 3496; x_wconf 87' lang='lat' dir='ltr'><strong>beatum.</strong></span> 
     </span>
    </p>
   </div>
   <div class='ocr_carea' id='block_1_79' title="bbox 1923 3527 3002 3596">
    <p class='ocr_par' dir='ltr' id='par_1_79' title="bbox 1923 3527 3002 3596">
     <span class='ocr_line' id='line_1_79' title="bbox 1923 3527 3002 3596; baseline 0 -12"><span class='ocrx_word' id='word_1_458' title='bbox 1923 3528 2111 3596; x_wconf 84' lang='lat' dir='ltr'><strong>Angeli</strong></span> <span class='ocrx_word' id='word_1_459' title='bbox 2148 3529 2221 3583; x_wconf 85' lang='lat' dir='ltr'><strong>ad</strong></span> <span class='ocrx_word' id='word_1_460' title='bbox 2254 3530 2418 3584; x_wconf 90' lang='lat' dir='ltr'><strong>instar</strong></span> <span class='ocrx_word' id='word_1_461' title='bbox 2448 3529 2638 3584; x_wconf 84' lang='lat' dir='ltr'><strong>intuitu</strong></span> <span class='ocrx_word' id='word_1_462' title='bbox 2670 3527 2846 3584; x_wconf 75' lang='lat' dir='ltr'><strong>“vultus</strong></span> <span class='ocrx_word' id='word_1_463' title='bbox 2877 3531 3002 3584; x_wconf 89' lang='lat' dir='ltr'><strong>almi</strong></span> 
     </span>
    </p>
   </div>
   <div class='ocr_carea' id='block_1_80' title="bbox 1918 3620 3136 3692">
    <p class='ocr_par' dir='ltr' id='par_1_80' title="bbox 1918 3620 3136 3692">
     <span class='ocr_line' id='line_1_80' title="bbox 1918 3620 3136 3692; baseline 0 -16"><span class='ocrx_word' id='word_1_464' title='bbox 1918 3620 2123 3677; x_wconf 90' lang='lat' dir='ltr'><strong>Sereno</strong></span> <span class='ocrx_word' id='word_1_465' title='bbox 2150 3637 2474 3692; x_wconf 85' lang='lat' dir='ltr'><strong>semperque</strong></span> <span class='ocrx_word' id='word_1_466' title='bbox 2507 3622 2592 3692; x_wconf 89' lang='lat' dir='ltr'><strong>pio</strong></span> <span class='ocrx_word' id='word_1_467' title='bbox 2620 3638 2844 3678; x_wconf 83' lang='lat' dir='ltr'><strong>cernere</strong></span> <span class='ocrx_word' id='word_1_468' title='bbox 2872 3625 3136 3690; x_wconf 77' lang='lat' dir='ltr'><strong>obtutum,</strong></span> 
     </span>
    </p>
   </div>
   <div class='ocr_carea' id='block_1_81' title="bbox 1918 3713 3138 3783">
    <p class='ocr_par' dir='ltr' id='par_1_81' title="bbox 1918 3713 3138 3783">
     <span class='ocr_line' id='line_1_81' title="bbox 1918 3713 3138 3783; baseline 0.003 -17"><span class='ocrx_word' id='word_1_469' title='bbox 1918 3713 2149 3767; x_wconf 84' lang='lat' dir='ltr'><strong>Cunctos</strong></span> <span class='ocrx_word' id='word_1_470' title='bbox 2179 3729 2313 3782; x_wconf 90' lang='lat' dir='ltr'><strong>quos</strong></span> <span class='ocrx_word' id='word_1_471' title='bbox 2337 3715 2598 3783; x_wconf 72' lang='lat' dir='ltr'><strong>conspicit</strong></span> <span class='ocrx_word' id='word_1_472' title='bbox 2626 3715 2740 3783; x_wconf 88' lang='lat' dir='ltr'><strong>ipse</strong></span> <span class='ocrx_word' id='word_1_473' title='bbox 2767 3714 2921 3768; x_wconf 81' lang='lat' dir='ltr'><strong>docet</strong></span> <span class='ocrx_word' id='word_1_474' title='bbox 2951 3730 3138 3770; x_wconf 75' lang='lat' dir='ltr'><strong>OVMIS.</strong></span> 
     </span>
    </p>
   </div>
   <div class='ocr_carea' id='block_1_82' title="bbox 1918 3801 3276 3874">
    <p class='ocr_par' dir='ltr' id='par_1_82' title="bbox 1918 3801 3276 3874">
     <span class='ocr_line' id='line_1_82' title="bbox 1918 3801 3276 3874; baseline 0.001 -16"><span class='ocrx_word' id='word_1_475' title='bbox 1918 3801 2025 3858; x_wconf 85' lang='lat' dir='ltr'><strong>Nec</strong></span> <span class='ocrx_word' id='word_1_476' title='bbox 2058 3811 2259 3859; x_wconf 90' lang='lat' dir='ltr'><strong>tantum</strong></span> <span class='ocrx_word' id='word_1_477' title='bbox 2283 3803 2491 3860; x_wconf 86' lang='lat' dir='ltr'><strong>scilicet</strong></span> <span class='ocrx_word' id='word_1_478' title='bbox 2519 3805 2786 3874; x_wconf 79' lang='lat' dir='ltr'><strong>l&#39;t-equenti</strong></span> <span class='ocrx_word' id='word_1_479' title='bbox 2810 3805 3061 3859; x_wconf 80' lang='lat' dir='ltr'><strong>admOnet</strong></span> <span class='ocrx_word' id='word_1_480' title='bbox 3089 3805 3276 3873; x_wconf 85' lang='lat' dir='ltr'><strong>verbo,</strong></span> 
     </span>
    </p>
   </div>
   <div class='ocr_carea' id='block_1_83' title="bbox 1917 3894 3492 3969">
    <p class='ocr_par' dir='ltr' id='par_1_83' title="bbox 1917 3894 3492 3969">
     <span class='ocr_line' id='line_1_83' title="bbox 1917 3894 3492 3969; baseline 0.006 -24"><span class='ocrx_word' id='word_1_481' title='bbox 1917 3895 2180 3960; x_wconf 80' lang='lat' dir='ltr'><strong>Quantum</strong></span> <span class='ocrx_word' id='word_1_482' title='bbox 2212 3910 2311 3949; x_wconf 89' lang='lat' dir='ltr'><strong>suo</strong></span> <span class='ocrx_word' id='word_1_483' title='bbox 2341 3895 2590 3949; x_wconf 86' lang='lat' dir='ltr'><strong>videlicet</strong></span> <span class='ocrx_word' id='word_1_484' title='bbox 2633 3894 2860 3949; x_wconf 69' lang='lat' dir='ltr'><strong>aediﬁcat</strong></span> <span class='ocrx_word' id='word_1_485' title='bbox 2906 3902 3163 3964; x_wconf 83' lang='lat' dir='ltr'><strong>sequaces</strong></span> <span class='ocrx_word' id='word_1_486' title='bbox 3190 3897 3444 3969; x_wconf 72' lang='lat' dir='ltr'><strong>exemplo</strong></span> <span class='ocrx_word' id='word_1_487' title='bbox 3478 3917 3492 3954; x_wconf 88' lang='lat'>:</span> 
     </span>
    </p>
   </div>
   <div class='ocr_carea' id='block_1_84' title="bbox 1920 3987 3222 4058">
    <p class='ocr_par' dir='ltr' id='par_1_84' title="bbox 1920 3987 3222 4058">
     <span class='ocr_line' id='line_1_84' title="bbox 1920 3987 3222 4058; baseline 0.002 -17"><span class='ocrx_word' id='word_1_488' title='bbox 1920 3987 2090 4042; x_wconf 88' lang='lat' dir='ltr'><strong>Docet</strong></span> <span class='ocrx_word' id='word_1_489' title='bbox 2118 3988 2262 4044; x_wconf 88' lang='lat' dir='ltr'><strong>enim</strong></span> <span class='ocrx_word' id='word_1_490' title='bbox 2297 3988 2658 4043; x_wconf 86' lang='lat' dir='ltr'><strong>indesinenter</strong></span> <span class='ocrx_word' id='word_1_491' title='bbox 2693 3987 3066 4058; x_wconf 88' lang='lat' dir='ltr'><strong>quodcumque</strong></span> <span class='ocrx_word' id='word_1_492' title='bbox 3097 3989 3222 4044; x_wconf 86' lang='lat' dir='ltr'><strong>facit</strong></span> 
     </span>
    </p>
   </div>
   <div class='ocr_carea' id='block_1_85' title="bbox 1917 4080 3205 4152">
    <p class='ocr_par' dir='ltr' id='par_1_85' title="bbox 1917 4080 3205 4152">
     <span class='ocr_line' id='line_1_85' title="bbox 1917 4080 3205 4152; baseline -0.001 -17"><span class='ocrx_word' id='word_1_493' title='bbox 1917 4081 2049 4148; x_wconf 88' lang='lat' dir='ltr'><strong>Qu-ia</strong></span> <span class='ocrx_word' id='word_1_494' title='bbox 2083 4082 2209 4135; x_wconf 90' lang='lat' dir='ltr'><strong>facit</strong></span> <span class='ocrx_word' id='word_1_495' title='bbox 2235 4082 2499 4136; x_wconf 88' lang='lat' dir='ltr'><strong>instanter</strong></span> <span class='ocrx_word' id='word_1_496' title='bbox 2525 4096 2681 4137; x_wconf 89' lang='lat' dir='ltr'><strong>omne</strong></span> <span class='ocrx_word' id='word_1_497' title='bbox 2708 4081 2848 4151; x_wconf 91' lang='lat' dir='ltr'><strong>quod</strong></span> <span class='ocrx_word' id='word_1_498' title='bbox 2877 4080 2993 4152; x_wconf 91' lang='lat' dir='ltr'><strong>ipse</strong></span> <span class='ocrx_word' id='word_1_499' title='bbox 3031 4081 3205 4138; x_wconf 82' lang='lat' dir='ltr'><strong>docet.</strong></span> 
     </span>
    </p>
   </div>
   <div class='ocr_carea' id='block_1_86' title="bbox 1915 4169 3347 4242">
    <p class='ocr_par' dir='ltr' id='par_1_86' title="bbox 1915 4169 3347 4242">
     <span class='ocr_line' id='line_1_86' title="bbox 1915 4169 3347 4242; baseline 0.003 -18"><span class='ocrx_word' id='word_1_500' title='bbox 1915 4169 2235 4225; x_wconf 88' lang='lat' dir='ltr'><strong>Sanctorum</strong></span> <span class='ocrx_word' id='word_1_501' title='bbox 2262 4171 2472 4241; x_wconf 86' lang='lat' dir='ltr'><strong>agmina</strong></span> <span class='ocrx_word' id='word_1_502' title='bbox 2502 4172 2652 4225; x_wconf 86' lang='lat' dir='ltr'><strong>beata</strong></span> <span class='ocrx_word' id='word_1_503' title='bbox 2683 4185 2809 4225; x_wconf 86' lang='lat' dir='ltr'><strong>cura</strong></span> <span class='ocrx_word' id='word_1_504' title='bbox 2836 4171 3001 4225; x_wconf 86' lang='lat' dir='ltr'><strong>alacri</strong></span> <span class='ocrx_word' id='word_1_505' title='bbox 3036 4172 3347 4242; x_wconf 81' lang='lat' dir='ltr'><strong>pernicique</strong></span> 
     </span>
    </p>
   </div>
   <div class='ocr_carea' id='block_1_87' title="bbox 1917 4261 3311 4330">
    <p class='ocr_par' dir='ltr' id='par_1_87' title="bbox 1917 4261 3311 4330">
     <span class='ocr_line' id='line_1_87' title="bbox 1917 4261 3311 4330; baseline 0.001 -15"><span class='ocrx_word' id='word_1_506' title='bbox 1917 4263 2132 4316; x_wconf 78' lang='lat' dir='ltr'><strong>Arctam</strong></span> <span class='ocrx_word' id='word_1_507' title='bbox 2162 4263 2530 4319; x_wconf 88' lang='lat' dir='ltr'><strong>incunctanter</strong></span> <span class='ocrx_word' id='word_1_508' title='bbox 2559 4261 2760 4317; x_wconf 85' lang='lat' dir='ltr'><strong>intrare</strong></span> <span class='ocrx_word' id='word_1_509' title='bbox 2787 4264 3026 4330; x_wconf 88' lang='lat' dir='ltr'><strong>protinus</strong></span> <span class='ocrx_word' id='word_1_510' title='bbox 3053 4279 3146 4330; x_wconf 87' lang='lat' dir='ltr'><strong>per</strong></span> <span class='ocrx_word' id='word_1_511' title='bbox 3173 4265 3311 4317; x_wconf 80' lang='lat' dir='ltr'><strong>viam</strong></span> 
     </span>
    </p>
   </div>
   <div class='ocr_carea' id='block_1_88' title="bbox 1916 4353 3235 4422">
    <p class='ocr_par' dir='ltr' id='par_1_88' title="bbox 1916 4353 3235 4422">
     <span class='ocr_line' id='line_1_88' title="bbox 1916 4353 3235 4422; baseline -0.002 -14"><span class='ocrx_word' id='word_1_512' title='bbox 1916 4353 2152 4409; x_wconf 87' lang='lat' dir='ltr'><strong>Paradisi</strong></span> <span class='ocrx_word' id='word_1_513' title='bbox 2182 4354 2523 4422; x_wconf 85' lang='lat' dir='ltr'><strong>tripudiando</strong></span> <span class='ocrx_word' id='word_1_514' title='bbox 2552 4356 2701 4409; x_wconf 88' lang='lat' dir='ltr'><strong>ocius</strong></span> <span class='ocrx_word' id='word_1_515' title='bbox 2734 4353 3035 4422; x_wconf 77' lang='lat' dir='ltr'><strong>pertingere</strong></span> <span class='ocrx_word' id='word_1_516' title='bbox 3067 4355 3235 4420; x_wconf 86' lang='lat' dir='ltr'><strong>portis</strong></span> 
     </span>
    </p>
   </div>
   <div class='ocr_carea' id='block_1_89' title="bbox 1918 4442 3279 4516">
    <p class='ocr_par' dir='ltr' id='par_1_89' title="bbox 1918 4442 3279 4516">
     <span class='ocr_line' id='line_1_89' title="bbox 1918 4442 3279 4516; baseline -0.005 -14"><span class='ocrx_word' id='word_1_517' title='bbox 1918 4446 2184 4516; x_wconf 84' lang='lat' dir='ltr'><strong>Angelicis</strong></span> <span class='ocrx_word' id='word_1_518' title='bbox 2208 4446 2349 4503; x_wconf 88' lang='lat' dir='ltr'><strong>illico</strong></span> <span class='ocrx_word' id='word_1_519' title='bbox 2380 4446 2538 4515; x_wconf 88' lang='lat' dir='ltr'><strong>potiri</strong></span> <span class='ocrx_word' id='word_1_520' title='bbox 2570 4445 2750 4499; x_wconf 67' lang='lat' dir='ltr'><strong>cineris</strong></span> <span class='ocrx_word' id='word_1_521' title='bbox 2776 4444 3046 4498; x_wconf 87' lang='lat' dir='ltr'><strong>consortio</strong></span> <span class='ocrx_word' id='word_1_522' title='bbox 3068 4442 3279 4512; x_wconf 80' lang='lat' dir='ltr'><strong>dignus.</strong></span> 
     </span>
    </p>
   </div>
   <div class='ocr_carea' id='block_1_90' title="bbox 1914 4533 3451 4606">
    <p class='ocr_par' dir='ltr' id='par_1_90' title="bbox 1914 4533 3451 4606">
     <span class='ocr_line' id='line_1_90' title="bbox 1914 4533 3451 4606; baseline -0.003 -16"><span class='ocrx_word' id='word_1_523' title='bbox 1914 4535 2204 4606; x_wconf 78' lang='lat' dir='ltr'><strong>Martyrum</strong></span> <span class='ocrx_word' id='word_1_524' title='bbox 2227 4538 2456 4590; x_wconf 86' lang='lat' dir='ltr'><strong>catervis</strong></span> <span class='ocrx_word' id='word_1_525' title='bbox 2476 4535 2827 4589; x_wconf 89' lang='lat' dir='ltr'><strong>contubernio</strong></span> <span class='ocrx_word' id='word_1_526' title='bbox 2864 4548 2989 4586; x_wconf 80' lang='lat' dir='ltr'><strong>mox</strong></span> <span class='ocrx_word' id='word_1_527' title='bbox 3017 4534 3246 4601; x_wconf 83' lang='lat' dir='ltr'><strong>adjunge</strong></span> <span class='ocrx_word' id='word_1_528' title='bbox 3278 4533 3451 4587; x_wconf 83' lang='lat' dir='ltr'><strong>beatis</strong></span> 
     </span>
    </p>
   </div>
   <div class='ocr_carea' id='block_1_91' title="bbox 1915 4622 3488 4696">
    <p class='ocr_par' dir='ltr' id='par_1_91' title="bbox 1915 4622 3488 4696">
     <span class='ocr_line' id='line_1_91' title="bbox 1915 4622 3488 4696; baseline 0 -16"><span class='ocrx_word' id='word_1_529' title='bbox 1915 4627 2157 4696; x_wconf 67' lang='lat' dir='ltr'><strong>Itoegnutn</strong></span> <span class='ocrx_word' id='word_1_530' title='bbox 2203 4637 2257 4681; x_wconf 91' lang='lat' dir='ltr'><strong>et</strong></span> <span class='ocrx_word' id='word_1_531' title='bbox 2304 4634 2564 4680; x_wconf 78' lang='lat' dir='ltr'><strong>:eternum</strong></span> <span class='ocrx_word' id='word_1_532' title='bbox 2617 4624 2944 4694; x_wconf 87' lang='lat' dir='ltr'><strong>peremniter</strong></span> <span class='ocrx_word' id='word_1_533' title='bbox 2994 4622 3096 4678; x_wconf 84' lang='lat' dir='ltr'><strong>frui</strong></span> <span class='ocrx_word' id='word_1_534' title='bbox 3147 4638 3242 4692; x_wconf 89' lang='lat' dir='ltr'><strong>per</strong></span> <span class='ocrx_word' id='word_1_535' title='bbox 3290 4625 3488 4680; x_wconf 72' lang='lat' dir='ltr'><strong>smcula</strong></span> 
     </span>
    </p>
   </div>
   <div class='ocr_carea' id='block_1_92' title="bbox 3169 4717 3386 4790">
    <p class='ocr_par' dir='ltr' id='par_1_92' title="bbox 3169 4717 3386 4790">
     <span class='ocr_line' id='line_1_92' title="bbox 3169 4717 3386 4790; baseline 0.014 -19"><span class='ocrx_word' id='word_1_536' title='bbox 3169 4717 3386 4790; x_wconf 86' lang='lat' dir='ltr'><strong>[cuncta</strong></span> 
     </span>
    </p>
   </div>
   <div class='ocr_carea' id='block_1_93' title="bbox 1917 4805 3304 4881">
    <p class='ocr_par' dir='ltr' id='par_1_93' title="bbox 1917 4805 3304 4881">
     <span class='ocr_line' id='line_1_93' title="bbox 1917 4805 3304 4881; baseline -0.001 -15"><span class='ocrx_word' id='word_1_537' title='bbox 1917 4812 2177 4881; x_wconf 84' lang='lat' dir='ltr'><strong>Linquere</strong></span> <span class='ocrx_word' id='word_1_538' title='bbox 2209 4811 2460 4866; x_wconf 90' lang='lat' dir='ltr'><strong>mundum</strong></span> <span class='ocrx_word' id='word_1_539' title='bbox 2500 4810 2610 4864; x_wconf 89' lang='lat' dir='ltr'><strong>suis</strong></span> <span class='ocrx_word' id='word_1_540' title='bbox 2641 4823 2762 4864; x_wconf 91' lang='lat' dir='ltr'><strong>cum</strong></span> <span class='ocrx_word' id='word_1_541' title='bbox 2797 4805 3059 4864; x_wconf 80' lang='lat' dir='ltr'><strong>illecebris</strong></span> <span class='ocrx_word' id='word_1_542' title='bbox 3089 4824 3304 4865; x_wconf 86' lang='lat' dir='ltr'><strong>omnem</strong></span> 
     </span>
    </p>
   </div>
   <div class='ocr_carea' id='block_1_94' title="bbox 1913 4899 3414 4971">
    <p class='ocr_par' dir='ltr' id='par_1_94' title="bbox 1913 4899 3414 4971">
     <span class='ocr_line' id='line_1_94' title="bbox 1913 4899 3414 4971; baseline 0 -14"><span class='ocrx_word' id='word_1_543' title='bbox 1913 4903 2140 4957; x_wconf 88' lang='lat' dir='ltr'><strong>Temere</strong></span> <span class='ocrx_word' id='word_1_544' title='bbox 2171 4902 2384 4956; x_wconf 74' lang='lat' dir='ltr'><strong>divitias</strong></span> <span class='ocrx_word' id='word_1_545' title='bbox 2418 4901 2596 4971; x_wconf 85' lang='lat' dir='ltr'><strong>potius</strong></span> <span class='ocrx_word' id='word_1_546' title='bbox 2623 4900 2934 4955; x_wconf 87' lang='lat' dir='ltr'><strong>renuntiare</strong></span> <span class='ocrx_word' id='word_1_547' title='bbox 2963 4899 3153 4969; x_wconf 89' lang='lat' dir='ltr'><strong>opibus</strong></span> <span class='ocrx_word' id='word_1_548' title='bbox 3183 4902 3414 4958; x_wconf 86' lang='lat' dir='ltr'><strong>cunctis.</strong></span> 
     </span>
    </p>
   </div>
   <div class='ocr_carea' id='block_1_95' title="bbox 1915 4992 3306 5063">
    <p class='ocr_par' dir='ltr' id='par_1_95' title="bbox 1915 4992 3306 5063">
     <span class='ocr_line' id='line_1_95' title="bbox 1915 4992 3306 5063; baseline 0 -17"><span class='ocrx_word' id='word_1_549' title='bbox 1915 4995 2116 5046; x_wconf 83' lang='lat' dir='ltr'><strong>Aurum</strong></span> <span class='ocrx_word' id='word_1_550' title='bbox 2140 4992 2440 5059; x_wconf 66' lang='lat' dir='ltr'><strong>daspicere,</strong></span> <span class='ocrx_word' id='word_1_551' title='bbox 2467 5003 2722 5062; x_wconf 86' lang='lat' dir='ltr'><strong>respuere</strong></span> <span class='ocrx_word' id='word_1_552' title='bbox 2747 4993 2966 5047; x_wconf 89' lang='lat' dir='ltr'><strong>omnino</strong></span> <span class='ocrx_word' id='word_1_553' title='bbox 3006 5003 3306 5063; x_wconf 70' lang='lat' dir='ltr'><strong>argentum,</strong></span> 
     </span>
    </p>
   </div>
   <div class='ocr_carea' id='block_1_96' title="bbox 1913 5081 2919 5152">
    <p class='ocr_par' dir='ltr' id='par_1_96' title="bbox 1913 5081 2919 5152">
     <span class='ocr_line' id='line_1_96' title="bbox 1913 5081 2919 5152; baseline 0 -16"><span class='ocrx_word' id='word_1_554' title='bbox 1913 5081 2264 5136; x_wconf 76' lang='lat' dir='ltr'><strong>Parsimonia:</strong></span> <span class='ocrx_word' id='word_1_555' title='bbox 2291 5083 2424 5138; x_wconf 87' lang='lat' dir='ltr'><strong>cibis</strong></span> <span class='ocrx_word' id='word_1_556' title='bbox 2446 5093 2500 5137; x_wconf 86' lang='lat' dir='ltr'><strong>dt</strong></span> <span class='ocrx_word' id='word_1_557' title='bbox 2531 5083 2730 5151; x_wconf 82' lang='lat' dir='ltr'><strong>optimo</strong></span> <span class='ocrx_word' id='word_1_558' title='bbox 2754 5083 2919 5152; x_wconf 83' lang='lat' dir='ltr'><strong>pasci.</strong></span> 
     </span>
    </p>
   </div>
   <div class='ocr_carea' id='block_1_97' title="bbox 1909 5175 3130 5246">
    <p class='ocr_par' dir='ltr' id='par_1_97' title="bbox 1909 5175 3130 5246">
     <span class='ocr_line' id='line_1_97' title="bbox 1909 5175 3130 5246; baseline 0.001 -16"><span class='ocrx_word' id='word_1_559' title='bbox 1909 5175 2123 5230; x_wconf 83' lang='lat' dir='ltr'><strong>Tollere</strong></span> <span class='ocrx_word' id='word_1_560' title='bbox 2151 5190 2389 5240; x_wconf 89' lang='lat' dir='ltr'><strong>crucem,</strong></span> <span class='ocrx_word' id='word_1_561' title='bbox 2418 5187 2473 5230; x_wconf 89' lang='lat' dir='ltr'><strong>et</strong></span> <span class='ocrx_word' id='word_1_562' title='bbox 2502 5177 2642 5245; x_wconf 87' lang='lat' dir='ltr'><strong>pium</strong></span> <span class='ocrx_word' id='word_1_563' title='bbox 2685 5178 2832 5246; x_wconf 84' lang='lat' dir='ltr'><strong>sequi</strong></span> <span class='ocrx_word' id='word_1_564' title='bbox 2866 5185 3130 5246; x_wconf 84' lang='lat' dir='ltr'><strong>pastorem</strong></span> 
     </span>
    </p>
   </div>
   <div class='ocr_carea' id='block_1_98' title="bbox 1919 5266 3276 5338">
    <p class='ocr_par' dir='ltr' id='par_1_98' title="bbox 1919 5266 3276 5338">
     <span class='ocr_line' id='line_1_98' title="bbox 1919 5266 3276 5338; baseline 0.002 -20"><span class='ocrx_word' id='word_1_565' title='bbox 1919 5268 2018 5335; x_wconf 82' lang='lat' dir='ltr'><strong>Qui</strong></span> <span class='ocrx_word' id='word_1_566' title='bbox 2046 5279 2192 5338; x_wconf 89' lang='lat' dir='ltr'><strong>parat</strong></span> <span class='ocrx_word' id='word_1_567' title='bbox 2217 5269 2441 5322; x_wconf 79' lang='lat' dir='ltr'><strong>eximios</strong></span> <span class='ocrx_word' id='word_1_568' title='bbox 2470 5268 2642 5323; x_wconf 79' lang='lat' dir='ltr'><strong>servis</strong></span> <span class='ocrx_word' id='word_1_569' title='bbox 2671 5279 2791 5338; x_wconf 88' lang='lat' dir='ltr'><strong>post</strong></span> <span class='ocrx_word' id='word_1_570' title='bbox 2819 5269 3000 5323; x_wconf 85' lang='lat' dir='ltr'><strong>labore</strong></span> <span class='ocrx_word' id='word_1_571' title='bbox 3025 5266 3276 5337; x_wconf 83' lang='lat' dir='ltr'><strong>troplieos</strong></span> 
     </span>
    </p>
   </div>
   <div class='ocr_carea' id='block_1_99' title="bbox 1917 5357 3480 5429">
    <p class='ocr_par' dir='ltr' id='par_1_99' title="bbox 1917 5357 3480 5429">
     <span class='ocr_line' id='line_1_99' title="bbox 1917 5357 3480 5429; baseline 0.001 -15"><span class='ocrx_word' id='word_1_572' title='bbox 1917 5362 1991 5414; x_wconf 77' lang='lat' dir='ltr'><strong>Ac</strong></span> <span class='ocrx_word' id='word_1_573' title='bbox 2022 5369 2139 5428; x_wconf 90' lang='lat' dir='ltr'><strong>post</strong></span> <span class='ocrx_word' id='word_1_574' title='bbox 2167 5359 2422 5413; x_wconf 89' lang='lat' dir='ltr'><strong>immensa</strong></span> <span class='ocrx_word' id='word_1_575' title='bbox 2454 5357 2633 5429; x_wconf 80' lang='lat' dir='ltr'><strong>gemiti</strong></span> <span class='ocrx_word' id='word_1_576' title='bbox 2665 5369 2824 5428; x_wconf 90' lang='lat' dir='ltr'><strong>atque</strong></span> <span class='ocrx_word' id='word_1_577' title='bbox 2855 5359 3042 5412; x_wconf 88' lang='lat' dir='ltr'><strong>semita</strong></span> <span class='ocrx_word' id='word_1_578' title='bbox 3087 5357 3480 5429; x_wconf 74' lang='lat' dir='ltr'><strong>lachrymarum</strong></span> 
     </span>
    </p>
   </div>
   <div class='ocr_carea' id='block_1_100' title="bbox 1917 5451 3342 5522">
    <p class='ocr_par' dir='ltr' id='par_1_100' title="bbox 1917 5451 3342 5522">
     <span class='ocr_line' id='line_1_100' title="bbox 1917 5451 3342 5522; baseline 0.001 -17"><span class='ocrx_word' id='word_1_579' title='bbox 1917 5451 2118 5506; x_wconf 82' lang='lat' dir='ltr'><strong>Reddet</strong></span> <span class='ocrx_word' id='word_1_580' title='bbox 2146 5452 2311 5506; x_wconf 83' lang='lat' dir='ltr'><strong>bravii</strong></span> <span class='ocrx_word' id='word_1_581' title='bbox 2341 5453 2559 5522; x_wconf 89' lang='lat' dir='ltr'><strong>superni</strong></span> <span class='ocrx_word' id='word_1_582' title='bbox 2593 5453 2643 5505; x_wconf 91' lang='lat' dir='ltr'><strong>in</strong></span> <span class='ocrx_word' id='word_1_583' title='bbox 2669 5451 2996 5506; x_wconf 81' lang='lat' dir='ltr'><strong>exultatione</strong></span> <span class='ocrx_word' id='word_1_584' title='bbox 3027 5452 3342 5520; x_wconf 89' lang='lat' dir='ltr'><strong>triumphos.</strong></span> 
     </span>
    </p>
   </div>
   <div class='ocr_carea' id='block_1_101' title="bbox 1914 5541 3486 5615">
    <p class='ocr_par' dir='ltr' id='par_1_101' title="bbox 1914 5541 3486 5615">
     <span class='ocr_line' id='line_1_101' title="bbox 1914 5541 3486 5615; baseline 0.001 -17"><span class='ocrx_word' id='word_1_585' title='bbox 1914 5543 2113 5600; x_wconf 76' lang='lat' dir='ltr'><strong>I’arans</strong></span> <span class='ocrx_word' id='word_1_586' title='bbox 2172 5559 2385 5615; x_wconf 86' lang='lat' dir='ltr'><strong>quoque</strong></span> <span class='ocrx_word' id='word_1_587' title='bbox 2458 5544 2798 5612; x_wconf 85' lang='lat' dir='ltr'><strong>insontibus,</strong></span> <span class='ocrx_word' id='word_1_588' title='bbox 2853 5545 3066 5615; x_wconf 75' lang='lat' dir='ltr'><strong>prternia</strong></span> <span class='ocrx_word' id='word_1_589' title='bbox 3138 5544 3258 5613; x_wconf 89' lang='lat' dir='ltr'><strong>quia</strong></span> <span class='ocrx_word' id='word_1_590' title='bbox 3319 5541 3486 5601; x_wconf 86' lang='lat' dir='ltr'><strong>libere</strong></span> 
     </span>
    </p>
   </div>
   <div class='ocr_carea' id='block_1_102' title="bbox 3159 5634 3380 5706">
    <p class='ocr_par' dir='ltr' id='par_1_102' title="bbox 3159 5634 3380 5706">
     <span class='ocr_line' id='line_1_102' title="bbox 3159 5634 3380 5706; baseline 0.027 -20"><span class='ocrx_word' id='word_1_591' title='bbox 3159 5634 3380 5706; x_wconf 77' lang='lat' dir='ltr'><strong>[queant</strong></span> 
     </span>
    </p>
   </div>
   <div class='ocr_carea' id='block_1_103' title="bbox 290 5763 3007 5839">
    <p class='ocr_par' dir='ltr' id='par_1_103' title="bbox 290 5763 3007 5839">
     <span class='ocr_line' id='line_1_103' title="bbox 290 5763 3007 5839; baseline 0 -19"><span class='ocrx_word' id='word_1_592' title='bbox 290 5778 313 5803; x_wconf 75' lang='grc'><em>³</em></span> <span class='ocrx_word' id='word_1_593' title='bbox 355 5768 580 5820; x_wconf 78' lang='lat' dir='ltr'><strong>Carmen</strong></span> <span class='ocrx_word' id='word_1_594' title='bbox 618 5765 716 5816; x_wconf 87' lang='lat' dir='ltr'><strong>ltoc</strong></span> <span class='ocrx_word' id='word_1_595' title='bbox 746 5781 847 5816; x_wconf 88' lang='lat' dir='ltr'><strong>non</strong></span> <span class='ocrx_word' id='word_1_596' title='bbox 879 5772 984 5816; x_wconf 89' lang='lat' dir='ltr'><strong>tam</strong></span> <span class='ocrx_word' id='word_1_597' title='bbox 1017 5779 1043 5815; x_wconf 89' lang='lat' dir='ltr'><strong>a</strong></span> <span class='ocrx_word' id='word_1_598' title='bbox 1086 5763 1382 5824; x_wconf 82' lang='lat' dir='ltr'><strong>Fructuoso</strong></span> <span class='ocrx_word' id='word_1_599' title='bbox 1427 5769 1781 5837; x_wconf 71' lang='lat' dir='ltr'><strong>compositum</strong></span> <span class='ocrx_word' id='word_1_600' title='bbox 1831 5784 1985 5839; x_wconf 85' lang='lat' dir='ltr'><strong>quant</strong></span> <span class='ocrx_word' id='word_1_601' title='bbox 2032 5771 2080 5824; x_wconf 92' lang='lat' dir='ltr'><strong>in</strong></span> <span class='ocrx_word' id='word_1_602' title='bbox 2113 5770 2322 5824; x_wconf 73' lang='lat' dir='ltr'><strong>laudem</strong></span> <span class='ocrx_word' id='word_1_603' title='bbox 2359 5770 2523 5839; x_wconf 84' lang='lat' dir='ltr'><strong>ipsius</strong></span> <span class='ocrx_word' id='word_1_604' title='bbox 2551 5770 2760 5824; x_wconf 84' lang='lat' dir='ltr'><strong>videtur</strong></span> <span class='ocrx_word' id='word_1_605' title='bbox 2793 5770 3007 5823; x_wconf 83' lang='lat' dir='ltr'><strong>factum.</strong></span> 
     </span>
    </p>
   </div>
   <div class='ocr_carea' id='block_1_104' title="bbox 499 5855 1189 5916">
    <p class='ocr_par' dir='ltr' id='par_1_104' title="bbox 499 5855 1189 5916">
     <span class='ocr_line' id='line_1_104' title="bbox 499 5855 1189 5916; baseline 0.003 -2"><span class='ocrx_word' id='word_1_606' title='bbox 499 5858 767 5914; x_wconf 69' lang='lat' dir='ltr'><strong>I’s&#39;rBOL.</strong></span> <span class='ocrx_word' id='word_1_607' title='bbox 811 5855 911 5914; x_wconf 73' lang='lat' dir='ltr'><strong>LX</strong></span> <span class='ocrx_word' id='word_1_608' title='bbox 929 5855 979 5912; x_wconf 74' lang='grc' dir='ltr'><strong>Χ</strong></span> <span class='ocrx_word' id='word_1_609' title='bbox 996 5855 1189 5916; x_wconf 71' lang='lat' dir='ltr'><strong>XVII.</strong></span> 
     </span>
    </p>
   </div>
   <div class='ocr_carea' id='block_1_105' title="bbox 2968 5860 3043 5916">
    <p class='ocr_par' dir='ltr' id='par_1_105' title="bbox 2968 5860 3043 5916">
     <span class='ocr_line' id='line_1_105' title="bbox 2968 5860 3043 5916; baseline 0 0"><span class='ocrx_word' id='word_1_610' title='bbox 2968 5860 3043 5916; x_wconf 76' lang='lat'><strong>36</strong></span> 
     </span>
    </p>
   </div>
  </div>
