4016 6354
411 323 550 379 1155

1450 319 1507 372 5.
1551 317 1840 372 F.\li0.\'lS
1885 314 2272 371 MELDENSiS
2316 317 2620 371 El‘la‘titiPl

3524 314 3657 371 1136

411 434 729 503 petictravit,
769 449 886 503 quae
929 443 979 487 et
1009 433 1261 488 vi-crrale
1292 431 1499 499 pietatis
1542 429 1760 493 allecto,
1787 432 1853 482 ita
1883 442 1975 480 cor
2011 431 2051 485 Α
2086 439 2255 481 inetur
2286 430 2481 482 nullam
2531 440 2841 498 potestatem
2894 430 2944 483 in
2988 431 3177 493 rebus,
3226 438 3398 499 neque
3441 432 3491 485 in
3521 434 3661 487 ordi.

413 529 730 582 intrinsecus
773 525 1009 579 caritatis
1054 540 1162 579 sua:
1213 524 1395 589 petitio
1438 522 1679 586 mollivit,
1722 529 1779 574 ut
1809 520 1969 588 petita
2031 529 2043 540 '

414 636 518 675 non
544 617 875 681 concedere,
920 627 1010 670 aut
1050 626 1164 669 arte
1208 613 1555 668 libentissime
1596 627 1699 666 non
1733 610 2001 678 implere,~

414 711 581 766 nostri
618 710 875 765 duntaxat
919 706 1079 761 animi
1125 707 1475 774 irreligiosum
1522 704 1636 757 fore
1682 711 1980 768 putaretur.

415 804 591 859 Sancti
619 801 780 873 igitur
808 800 1057 857 desiderii
1090 798 1276 851 ardore
1302 809 1587 850 succensus
1614 795 1807 863 pariter
1832 793 1978 845 Dado

416 906 470 949 et
499 904 523 929 ⁸
554 893 700 948 Hado
725 894 943 959 ejusque
970 889 1226 955 germani,
1263 886 1482 939 czenobii
1508 893 1678 949 septa,
1709 893 1762 937 et
1790 881 1853 934 ad
1889 883 1986 934 ho-

417 1001 601 1041 norem
628 993 931 1039 sanctorum
966 979 1103 1032 l‘etri
1144 986 1196 1030 et
1238 976 1379 1029 l’auli
1411 984 1463 1028 et
1502 985 1813 1028 creterorum
1854 987 1981 1025 san-

417 1092 625 1135 ctorum
674 1076 942 1130 basilicam
992 1072 1128 1125 intra
1171 1070 1335 1123 eremi
1373 1077 1600 1131 secreta,
1634 1068 1749 1121 loco
1778 1081 1983 1118 nuncu-

421 1182 583 1238 pante
616 1167 902 1231 ltesbacis,
936 1170 1351 1217 eoostruxeruut
1375 1201 1391 1223 ,
1433 1160 1571 1229 quod
1610 1156 1984 1231 gloriosissimi

422 1261 619 1315 domini
654 1255 935 1327 Dagoberti
985 1254 1123 1321 regis
1170 1252 1425 1319 largitatis
1465 1266 1684 1304 munere
1708 1250 1836 1303 certi
1871 1257 1991 1303 sunt

422 1350 680 1406 meruisse
705 1388 719 1411 ,
767 1346 853 1399 tibi
902 1344 1188 1397 monachos
1220 1343 1302 1395 vel
1336 1342 1640 1410 peregrinos
1681 1342 1780 1393 sub
1810 1341 1989 1408 regula

422 1442 561 1497 beati
596 1437 886 1501 Benedicti,
919 1445 970 1489 et
999 1435 1065 1488 ad
1098 1434 1310 1487 modttm
1342 1432 1693 1486 Luxovieusis
1735 1442 1995 1485 monaste-

423 1531 511 1595 rii,
542 1528 718 1582 devoti
748 1527 1047 1581 deliberant
1074 1524 1373 1589 Collocare,
1416 1533 1609 1577 nostra:
1640 1524 1874 1578 utilitatis
1904 1538 1995 1577 ex-

422 1619 678 1676 tremitati
731 1616 953 1684 supplici
994 1615 1384 1685 deprecationis
1433 1615 1689 1682 petitione
1736 1629 1994 1682 poposces

424 1721 548 1767 runt
577 1720 632 1764 ut
660 1721 713 1763 et
753 1724 848 1762 nos
880 1710 1176 1776 l‘ratresque
1207 1705 1372 1761 nostri
1415 1707 1697 1760 Meldeusis
1746 1705 1995 1759 Ecclesia:

2087 521 2271 571 nandis
2305 522 2562 587 personis,
2594 538 2688 574 nos
2719 524 2796 575 vel
2829 520 3182 574 archidiaconi
3221 536 3662 590 successoresque

2085 612 2279 675 nostri,
2314 612 2392 664 vel
2422 612 2673 679 qua-libet
2707 627 2925 677 persona
2959 613 3154 666 habere
3183 614 3371 669 debeat
3393 654 3409 679 ,
3436 626 3527 667 aut
3565 617 3663 671 ali-

2085 701 2206 766 quid
2248 701 2312 753 de
2353 704 2541 754 eodem
2588 703 2946 765 monasterio,
2984 703 3118 755 sicut
3164 703 3232 756 de
3277 704 3541 771 paroclilis
3578 713 3668 757 aut

2087 792 2300 842 cmtcris
2346 790 2710 855 monasteriis,
2750 793 2985 846 muneris
3015 793 3208 860 aliquid
3238 795 3426 848 audeat
3454 806 3667 862 sperare

2088 882 2168 934 vel
2217 881 2445 935 auferre.
2496 881 2561 934 Et
2609 880 2706 935 nisi
2766 892 2981 950 rogatus
3035 899 3063 936 a
3100 886 3506 954 congregatione
3557 887 3668 955 ipsa

2089 971 2169 1023 Vt‘i
2200 972 2423 1034 abbate,
2458 972 2583 1025 nulli
2623 982 2925 1026 nostrorum
2966 974 3119 1026 lict-at
3159 979 3461 1030 monasterii
3507 978 3669 1045 ipsius

2090 1063 2234 1115 adire
2260 1074 2464 1115 secreta
2495 1072 2585 1115 aut
2617 1063 2816 1131 ingredi
2848 1074 3017 1130 septa.
3054 1064 3115 1116 Et
3137 1066 3178 1117 si
3210 1065 3276 1119 ab
3301 1067 3379 1119 eis
3404 1067 3507 1120 illic
3542 1080 3669 1134 pon-

2094 1154 2219 1206 tifex
2271 1155 2563 1223 postulatus
2614 1170 2706 1221 pro
2760 1155 3007 1208 lurranda
3056 1158 3298 1210 oratione
3346 1158 3427 1211 vel
3486 1174 3667 1213 eorum

2095 1243 2320 1297 utilitate
2361 1248 2680 1307 acceSserit,
2721 1246 2990 1299 celebrato
3028 1261 3089 1299 ac
3123 1258 3333 1315 peracto
3358 1250 3538 1302 divino
3569 1251 3667 1304 tui-

2097 1338 2345 1400 ιιὶςιιτὶυ,
2382 1339 2559 1388 statim
2603 1337 2798 1405 absque
2838 1330 2943 1391 ullo
2986 1338 3239 1406 requisita
3282 1341 3418 1392 dono
3465 1341 3673 1396 studeat

2098 1429 2293 1481 habere
2342 1440 2683 1497 regressum,
2737 1440 2995 1497 quatenus
3043 1430 3283 1485 monachi
3328 1433 3412 1501 qui
3451 1424 3673 1490 solitarii

2099 1532 2493 1590 Ittttit'tipnltllﬂ',
2544 1525 2610 1577 de
2650 1514 2877 1592 perfecta
2915 1526 3092 1594 quiete
3130 1524 3369 1593 valeant,
3408 1520 3541 1583 duce
3573 1515 3676 1582 Do~

2100 1615 2273 1676 mino,
2308 1629 2400 1680 per
2426 1620 2662 1679 tempora
2694 1616 2961 1669 exsultare
2982 1656 2995 1679 ,
3032 1628 3083 1669 et
3121 1618 3219 1671 sub
3247 1618 3354 1686 ipsa
3382 1631 3564 1674 sancta
3593 1636 3678 1674 re—

2101 1704 2219 1769 gula
2250 1704 2488 1757 viventes
2516 1716 2566 1757 et
2593 1706 3014 1759 beatissimorum
3050 1706 3258 1761 Patrum
3284 1712 3441 1763 vitam
3470 1721 3676 1765 sectan-

427 1800 698 1868 proprium
732 1798 861 1851 inibi
893 1797 1208 1851 deberemus
1241 1797 1572 1866 privilegium
1614 1797 1904 1864 impertire.
1938 1798 2003 1850 Et
2034 1779 2073 1835 Β
2107 1802 2223 1858 tes,
2275 1806 2370 1861 pro
2416 1804 2555 1846 statu
2616 1796 2862 1849 Ecclesim
2909 1808 2963 1851 et
3006 1800 3178 1852 salute
3226 1800 3362 1867 regis
3406 1811 3457 1853 et
3496 1801 3679 1869 patria:

426 1910 495 1948 ne
528 1893 627 1946 huc
659 1907 753 1945 nos
788 1890 985 1960 proprii
1016 1890 1412 1944 deliberationis
1460 1886 1712 1942 instinctu
1756 1888 2001 1942 sacerdo-

428 1984 548 2039 talis
579 1984 859 2052 posteii:as
889 1983 1116 2034 mstimet
1154 1980 1453 2035 decievisse
1472 2021 1487 2046 ,
1516 1995 1675 2049 quam
1716 1981 1875 2033 etiam
1904 1979 2003 2033 sub

429 2076 590 2146 hujus
612 2071 1005 2128 constitutionis
1028 2085 1212 2124 norma
1235 2070 1626 2141 Agaunetsium
1657 2069 1849 2133 locmn,
1873 2067 2005 2120 imos

430 2182 533 2238 que
562 2173 615 2220 et
646 2164 963 2219 monasteria
1011 2161 1389 2226 Lirinensium,
1438 2159 1880 2223 Luxoviensium,
1924 2160 2001 2213 vel

431 2256 652 2311 basilica
682 2253 883 2309 domini
927 2252 1192 2315 Marcelli,
1226 2260 1331 2306 tam
1361 2251 1429 2306 de
1467 2250 1909 2305 inhabitatoribus
1942 2250 2004 2304 li-

434 2354 696 2406 bertatem
719 2389 736 2416 ,
768 2362 927 2415 quam
958 2362 988 2400 a
1028 2346 1426 2414 quibuscunque
1468 2345 1661 2399 ibidem
1692 2344 1886 2413 aliquid
1916 2344 2007 2398 de-

434 2442 662 2510 legatum
684 2480 702 2505 ,
730 2447 952 2493 eatenus
992 2437 1087 2490 fuit
1133 2438 1417 2490 sancitum.
1451 2435 1600 2491 Unde
1637 2436 1853 2503 insuper
1878 2448 2008 2503 sup-

437 2532 776 2600 plicationum
807 2529 1107 2595 exemplum
1148 2529 1459 2597 patriarcha:
1488 2528 1773 2583 Galliarum
1800 2524 2009 2579 Cand’e-

437 2624 530 2679 riei
561 2632 614 2677 et
637 2632 949 2677 ceterorum
996 2623 1365 2689 episcupm‘um
1409 2620 1654 2675 manibus
1681 2619 2004 2682 roboratum,

437 2716 521 2770 vel
549 2720 576 2760 δ
606 2714 813 2768 litteras
841 2712 1056 2766 antelati
1087 2712 1289 2765 domini
1319 2722 1371 2764 et
1416 2711 1507 2764 lilii
1538 2710 1700 2764 nostri
1732 2709 2011 2778 Dagoberti

439 2807 608 2876 regis,
638 2815 693 2860 ut
720 2805 771 2859 id
798 2804 1078 2859 deberetur
1106 2801 1264 2858 simili
1292 2803 1552 2858 benelicio
1578 2801 1864 2871 impertiri,
1896 2816 2009 2854 ma-

442 2898 633 2952 nifeste
659 2896 981 2966 accepimus.
1015 2896 1155 2966 Ergo
1183 2908 1369 2949 omnes
1411 2898 1568 2949 unius
1608 2893 2015 2961 conSpirationis

442 3005 707 3045 consensu
728 3027 745 3053 ,
774 2988 1161 3043 antedictorum
1190 2988 1421 3042 virorum
1452 2987 1787 3056 postulationi
1817 2997 2014 3041 sancta:

441 3082 714 3152 religionis
760 3080 1107 3135 libentissime
1152 3090 1485 3143 annuentes,
1536 3078 1605 3132 ita
1657 3078 1724 3133 ab
1766 3079 2014 3132 omnibus

442 3172 712 3226 decretum
739 3178 852 3234 est,
884 3180 940 3225 ut
984 3170 1235 3239 quidquid
1276 3170 1511 3238 praedicti
1555 3170 1898 3231 monasterii,
1934 3169 2015 3223 vel

446 3262 719 3318 monachis
746 3262 942 3316 ibidem
970 3262 1069 3316 sub
1088 3261 1389 3328 evangelica
1421 3262 1675 3333 religione
1700 3262 2017 3326 viventibus,

443 3357 510 3409 ab
538 3354 664 3423 ipsis
690 3368 981 3423 eorumque
1021 3352 1325 3422 parentibus
1346 3394 1361 3418 ,
1393 3353 1474 3409 vel
1504 3354 1651 3424 regio
1679 3369 1898 3409 munere
1925 3370 2018 3409 seu

443 3466 473 3501 a
505 3447 824 3517 quibuslibet
850 3446 1198 3509 Christianis,
1238 3444 1289 3499 in
1322 3446 1495 3514 agris,
1528 3444 1836 3513 mancipiis,
1867 3444 2022 3499 mini-

445 3540 645 3603 Sterio,
686 3538 853 3591 sacris
893 3536 1280 3605 voluminibus,
1322 3536 1402 3590 vel
1446 3536 1863 3606 quibuscumque
1903 3550 2023 3604 Spe-

443 3631 629 3688 ciebus
655 3646 773 3700 quae
802 3630 867 3683 ad
894 3639 1138 3684 ornatum
1168 3628 1331 3683 divini
1355 3630 1529 3684 cultus
1555 3630 1819 3699 pertinere
1851 3629 2023 3683 nasci-

446 3734 551 3787 tur,
580 3731 671 3776 aut
699 3722 904 3776 caeteris
935 3720 1114 3785 rebus,
1140 3719 1353 3787 collata,
1378 3730 1469 3773 aut
1490 3719 1736 3787 deinceps
1766 3718 2023 3773 collatura

448 3826 594 3880 sunt,
627 3830 721 3869 seu
748 3812 887 3883 quod
910 3812 976 3866 ad
1004 3813 1172 3866 altare
1207 3810 1367 3865 fuerit
1387 3811 1640 3877 oblatum,
1667 3820 1723 3865 ut
1747 3810 1811 3865 ad
1842 3824 2027 3879 quein-

447 3922 699 3975 cumque,
726 3908 835 3960 Deo
858 3905 1168 3974 inspirante,
1196 3905 1584 3971 transmissum,
1610 3905 1885 3973 praesentis
1908 3907 2027 3958 vita:

453 4010 646 4055 nostra:
670 4013 1142 4067 successurumque
1166 4006 1492 4064 nostrorum,
1516 3999 1690 4051 nullus
1718 3998 1815 4051 sibi
1837 3997 2029 4051 exinde

451 4089 651 4157 aliquid
682 4088 997 4143 elerieomm
1034 4097 1126 4141 aut
1166 4088 1469 4156 pontilicum
1490 4126 1506 4153 ,
1537 4087 1619 4141 vel
1651 4088 1842 4158 regalis
1868 4088 2031 4142 subli-

455 4181 611 4233 mitas
646 4179 756 4233 suis
798 4179 979 4231 usibus
1018 4192 1272 4245 usurpare
1308 4187 1403 4231 aut
1440 4178 1681 4234 minuere
1725 4188 2028 4248 praesumat.

453 4271 521 4324 Et
547 4285 708 4340 quum
742 4270 905 4324 abbas
943 4269 1184 4337 ejusdem
1226 4270 1530 4324 monasterii
1560 4269 1626 4324 de
1655 4269 1850 4322 sacculo
1878 4270 2033 4324 fuerit

454 4371 745 4427 evocatus,
791 4376 948 4430 quem
1002 4359 1319 4413 unanimiter
1354 4359 1526 4413 omnis
1566 4358 1905 4429 congregatio
1945 4360 2034 4413 illa

2041 3126 2089 3188 Ο

2107 1888 2311 1939 valeant
2359 1888 2566 1955 plenius
2617 1887 2777 1941 Deum
2824 1905 3069 1943 eam-are.
3130 1892 3191 1944 Et
3239 1892 3282 1944 si
3327 1895 3520 1959 ali;nid
3581 1895 3678 1963 ipsi

2107 1981 2350 2034 monui-lii
2374 1984 2439 2033 de
2460 1997 2643 2035 eorum
2666 1984 2922 2051 religione
2946 1984 3118 2049 tepide
3140 1970 3365 2051 egerint,
3388 1975 3680 2041 secundum

2108 2072 2337 2140 regulam
2366 2074 2535 2141 ipsius
2577 2073 2710 2124 licazi
2748 2072 3016 2128 Benedicti
3053 2078 3127 2128 vel
3178 2075 3311 2131 beati
3343 2060 3678 2143 Columbini,

2106 2165 2173 2215 ab
2204 2174 2385 2215 earnm
2414 2164 2604 2216 abbate
2634 2166 2984 2232 corrigantur,
3023 2166 3143 2234 quia
3178 2160 3303 2219 nihil
3334 2165 3402 2220 de
3427 2167 3680 2221 canonica

2108 2253 2423 2307 aucmtilatc
2449 2255 2795 2318 eunvellitur,
2822 2252 3076 2324 quidquid
3113 2256 3413 2310 domesticis
3444 2259 3560 2312 lidei
3591 2275 3685 2327 pro

2108 2345 2301 2411 quietis
2335 2346 2711 2413 tranquillitate
2737 2344 3001 2399 tribuitur.
3042 2334 3191 2412 Quod
3229 2348 3273 2401 si
3309 2351 3449 2416 quis,
3474 2350 3683 2404 callidi-

2112 2446 2217 2489 tate
2247 2447 2335 2489 aut
2382 2438 2671 2505 cupiditate
2724 2448 3052 2502 pra-ventus,
3089 2455 3246 2492 ausus
3286 2440 3441 2493 fuerit
3476 2456 3536 2495 ea
3566 2448 3686 2511 quin

2110 2528 2353 2594 superius
2385 2529 2768 2594 comprehensa
2816 2529 3097 2583 temerario
3122 2532 3310 2599 spiritu
3339 2533 3564 2598 violate,
3598 2534 3677 2585 di-

2113 2621 2232 2672 vina
2274 2619 2472 2672 ultione
2525 2631 2846 2687 prostratus,
2898 2630 3076 2674 reatus
3123 2622 3473 2675 anathematis
3509 2612 3689 2692 subja.

2113 2722 2261 2776 cezit;
2306 2711 2650 2765 nihilominus
2695 2713 2855 2764 etiam
2898 2711 2998 2766 hoc
3030 2712 3356 2781 privilegium
3388 2705 3562 2769 trullas
3591 2734 3691 2770 “IF-

2114 2817 2269 2871 qnam
2298 2804 2464 2871 poSsit
2500 2802 2830 2867 convellere,
2860 2804 2953 2857 sed
2985 2807 3227 2872 pra-senti
3258 2819 3311 2859 et
3350 2811 3523 2861 futuro
3553 2823 3691 2863 tem-

2120 2912 2270 2962 pore,
2296 2895 2510 2948 Lhrism
2536 2894 2757 2947 Domino
2782 2906 3109 2962 protegente,
3135 2897 3493 2967 incorruptum
3523 2905 3695 2956 valeat

2119 2987 2427 3054 perdurare.
2470 2986 2635 3052 Quam
2662 2988 3094 3039 constitutionem
3127 3000 3243 3041 nost
3274 3004 3391 3055 am,
3429 3000 3484 3043 ut
3524 2991 3693 3046 tinnis

2119 3075 2389 3146 vigoribus
2424 3076 2706 3139 subsistat,
2746 3091 2932 3131 manus
2981 3088 3175 3132 nostra:
3218 3080 3695 3146 subscriptiunibus

2124 3168 2457 3232 roboratam,
2490 3181 2582 3233 per
2607 3168 2797 3221 fiatres
2825 3178 2877 3221 et
2911 3182 3199 3223 conservos
3236 3183 3443 3225 nostros
3475 3189 3694 3228 venera-

2124 3257 2255 3311 biles
2285 3256 2446 3322 virus,
2479 3257 2768 3311 Maurinum
2801 3267 2854 3312 et
2887 3258 3277 3314 Lathomarium
3309 3259 3545 3330 abbates,
3577 3272 3697 3335 per-

2124 3353 2295 3420 petuis
2325 3351 2652 3420 temporibus
2681 3352 2955 3405 valituram
2975 3394 2989 3419 ,
3039 3354 3187 3407 Vobis
3234 3356 3311 3409 vel
3352 3369 3497 3410 ciete:
3512 3358 3555 3411 is
3582 3362 3697 3426 epi-

2122 3444 2299 3513 scopis
2340 3442 2723 3497 destiuatimus
2772 3442 2988 3511 insuper
3026 3442 3464 3502 continuandam.
3505 3448 3693 3503 Actum

2123 3538 2356 3603 Clipiaco
2380 3579 2393 3601 ,
2425 3546 2449 3576 ο
2480 3536 2578 3588 sub
2609 3537 2695 3590 die
2732 3535 3081 3590 Kalendarum
3110 3535 3312 3603 Martii,
3343 3553 3483 3596 anno
3516 3559 3578 3597 xv
3606 3558 3694 3598 ree

2123 3628 2208 3697 gui
2240 3626 2443 3679 DOtllllli
2476 3638 2529 3680 et
2559 3625 2646 3680 liti.
2680 3627 2845 3681 nostri
2879 3628 3154 3696 Dagoberti
3186 3625 3396 3697 gloriosi
3429 3633 3585 3701 regis.

2197 3716 2661 3785 Burgundusl'uro,
2695 3718 2745 3770 in
2784 3718 2976 3770 Christi
3018 3720 3263 3784 nomine,
3296 3720 3538 3791 indignus
3563 3722 3690 3776 Μειδ

2126 3810 2366 3864 deusimn
2416 3812 2559 3862 urbis
2590 3826 2655 3877 ep
2679 3825 2896 3877 scopus,
2942 3810 3061 3864 huic
3099 3812 3407 3880 privilegio,
3435 3814 3697 3882 supplicu—

2130 3902 2272 3955 tione
2324 3903 2540 3953 l'ratrum
2593 3917 2831 3954 meorum
2877 3904 3309 3971 coepiscopurum
3363 3908 3441 3959 vel
3498 3906 3696 3961 domini

2129 3992 2409 4061 Dagoberti
2441 3995 2599 4062 regis,
2628 3996 2835 4063 propria
2871 3995 3132 4050 voluntate
3156 3996 3461 4066 Subscripsi.
3494 3996 3699 4054 Cande-

2130 4086 2270 4138 ricus
2322 4086 2639 4151 cpiscopus,
2694 4085 3055 4153 Lugdunensis
3106 4089 3342 4155 primas,
3389 4091 3693 4159 subscripsi.

2130 4177 2488 4243 Simlulphus,
2521 4180 2633 4231 sive
2675 4177 2991 4231 Landelmus
3013 4220 3027 4243 ,
3060 4178 3484 4249 at'CiliepiSCOpuS
3507 4194 3701 4236 sanctze

2137 4269 2387 4321 Ecclesia:
2433 4270 2837 4335 Viennensium,
2868 4271 3177 4338 subscripsi.
3221 4272 3470 4337 Donatus,
3501 4274 3703 4342 episco~

2135 4374 2232 4427 pus
2262 4359 2407 4412 urbis
2443 4359 2862 4413 Vesontieuslum
2883 4402 2896 4424 ,
2928 4360 3235 4429 subseripsi.
3268 4361 3545 4426 Albridus,
3575 4363 3701 4417 Car-

454 4453 839 4507 mouucliorum
871 4466 935 4505 ex
965 4450 1267 4518 semetipsis
1295 4450 1493 4517 optime
1524 4452 1755 4519 regulam
1787 4464 2030 4518 comper-
2064 4475 2110 4534 ι)
2140 4461 2349 4502 ηοιωιευ
2374 4450 2516 4502 urbis
2544 4450 2843 4517 episcopus,
2875 4451 3180 4519 subscripsi.
3208 4451 3497 4517 lliauriuus,
3535 4454 3704 4508 BeElo-

455 4554 562 4597 tam
591 4543 878 4611 elegerint,
918 4542 1015 4595 sibi
1057 4542 1328 4595 seniorem
1369 4541 1663 4594 instituant.
1707 4542 1772 4594 Et
1798 4541 1842 4595 si
1871 4542 2029 4595 etiam

456 4635 533 4688 eis
562 4643 914 4701 opportunum
945 4633 1099 4686 tuerit
1124 4632 1326 4685 tabulas
1357 4632 2035 4695 benedicere,autelirisma

458 4740 796 4790 consecrare,
831 4724 909 4778 vel
942 4738 1123 4777 sacros
1152 4724 1367 4777 ordines
1396 4726 1689 4793 percipere,
1723 4740 1750 4776 a
1782 4739 2037 4793 quocum-

458 4834 561 4887 que
606 4816 865 4887 spirituali
916 4817 1163 4884 pontilice
1212 4816 1584 4883 decreverint,
1633 4815 1896 4870 licentiam
1944 4817 2037 4868 ha-

460 4912 619 4967 beant
650 4908 962 4980 expectandi
994 4918 1048 4963 et
1075 4908 1400 4979 explicandi.
1435 4909 1500 4964 Et
1528 4918 1583 4963 ut
1623 4912 1867 4980 superius
1893 4911 2038 4963 testi-

533 5094 557 5121 ⁸
589 5085 821 5140 Rationis
863 5100 1056 5139 nomen
1103 5086 1516 5156 expungendum
1560 5087 1882 5141 arbitrantur
1923 5086 2027 5140 Illa-

463 5156 711 5212 billonius
739 5167 792 5211 et
818 5157 1098 5218 PleSsteus,
1125 5158 1217 5209 sed
1247 5163 1357 5210 sola
1382 5162 1679 5225 conjectura
1706 5174 1767 5211 ex
1795 5164 2037 5227 uegativo

462 5238 775 5290 argumento
802 5230 1019 5296 repetita
1048 5227 1351 5295 opittioltettt
1380 5243 1525 5280 suam
1562 5239 1789 5281 tuentur.

534 5296 561 5334 δ
598 5298 831 5364 Diploma
880 5299 1156 5368 Dagoberti
1203 5313 1300 5367 pro
1344 5301 1664 5352 inonusterio
1718 5300 2038 5355 ltesbacensi

464 5368 650 5439 ordine
678 5382 777 5420 suo
802 5370 1082 5439 edidimus.

541 5450 563 5476 ε
591 5437 886 5492 Concordat
919 5443 1031 5490 ha-c
1060 5437 1188 5491 nota
1216 5438 1582 5504 chronologiea
1607 5450 1724 5491 cum
1757 5439 2042 5505 diplomate

469 5507 750 5576 Dagoberti
779 5548 792 5569 ,
824 5508 947 5560 dato
975 5508 1073 5561 sub
1114 5509 1203 5561 die
1236 5509 1584 5561 Kalendarum
1616 5508 1861 5561 Octobris
1903 5526 2044 5564 anno

471 5576 541 5628 15
565 5579 740 5644 regni,
772 5581 1039 5630 incursibus
1078 5592 1277 5643 septem
1309 5590 1430 5629 ante
1458 5580 1705 5630 emissam
1740 5580 2045 5646 Burgundii-

472 5647 673 5699 [arenis
698 5648 957 5700 chartam.
999 5650 1119 5700 lla-e
1158 5659 1332 5700 autem
1375 5647 1581 5699 videtur
1606 5648 1726 5700 data
1757 5650 1808 5700 in
1840 5651 2045 5715 episco~

475 5716 578 5783 pali
611 5717 813 5785 synodo
841 5719 975 5784 apud
1006 5718 1332 5788 Clippiacum
1359 5717 1584 5784 ‘babita,
1625 5719 1750 5788 ipsis
1794 5720 1908 5773 Maii
1938 5719 2043 5772 ita-

2139 4540 2376 4593 vacensis
2415 4556 2726 4608 episcopus,
2759 4545 2884 4594 subs
2918 4542 3062 4609 ripsi.
3113 4542 3316 4609 Guido,
3367 4542 3708 4601 Virduueusis

2136 4632 2445 4700 episcopus,
2485 4633 2791 4697 subseripsi.
2836 4627 3160 4701 Ai’galarius,
3194 4635 3563 4691 NoviOrnensis
3603 4641 3712 4707 cpio

2137 4739 2361 4791 scriptis,
2397 4725 2703 4791 subscripsi.
2738 4724 2805 4777 Fc
2838 4728 3045 4789 ιἐυῐυς,
3080 4730 3573 4795 Augustodunensis
3598 4745 3645 4791 e,
3670 4732 3713 4782 i-

2142 4832 2376 4883 sctipus,
2434 4815 2743 4880 Subscripsi.
2804 4817 3159 4883 lienhohlus,
3215 4820 3516 4887 Liugonicae
3573 4824 3715 4875 urbis

2141 4908 2462 4976 cpiscopus,
2524 4906 2831 4976 subscrip-i.
2896 4909 3196 4977 Palladius,
3255 4911 3719 4967 AltissiudOteusis

2144 5089 2314 5143 leudis
2340 5131 2354 5150 ,
2388 5089 2438 5142 in
2486 5105 2594 5157 qua
2622 5089 2799 5155 Agiius
2830 5087 2949 5145 huic
2989 5091 3233 5144 cimmli‘io
3278 5104 3561 5157 praeteritus
3602 5094 3717 5156 fuit,

2146 5172 2202 5213 ut
2230 5162 2383 5213 dot-el
2423 5164 2531 5212 Vita
2563 5166 2727 5213 sancti
2759 5164 2890 5229 Agi‘i
2923 5177 2949 5213 a
2995 5161 3296 5215 Mabillonio
3336 5176 3563 5230 rugata,
3601 5166 3716 5217 Act.

2145 5233 2242 5285 SS.
2279 5232 2473 5283 Bened.
2511 5245 2547 5282 t.
2583 5232 2650 5290 ll,
2687 5248 2804 5299 pag.
2838 5230 2955 5284 £09.
2996 5233 3102 5283 tluc
3135 5236 3248 5299 ipso
3277 5248 3417 5284 anno
3452 5235 3719 5300 Dagober-

2148 5313 2254 5370 tuiii
2302 5301 2439 5367 apud
2488 5301 2774 5370 Clipiacimi
2830 5302 3088 5354 resedisse
3146 5314 3368 5355 testatur
3421 5302 3720 5370 Fredegari

2146 5366 2468 5435 tilnouirou,
2498 5366 2613 5435 cap.
2647 5367 2736 5433 78,
2770 5382 2821 5423 et
2862 5374 3129 5433 expresis
3173 5374 3348 5426 veibs
3385 5375 3542 5425 doeet
3582 5366 3721 5426 bulla

2148 5433 2355 5495 Martini
2387 5458 2530 5507 papm
2555 5433 2575 5503 ,ὴ
2598 5443 2931 5507 privilegium
2979 5442 3293 5496 lieshaceusi
3341 5445 3667 5495 monasterio
3694 5460 3723 5497 ει

2155 5512 2623 5579 liurguudollit‘one
2654 5524 2705 5562 et
2734 5512 2849 5563 aliis
2887 5511 3127 5577 plurimis
3152 5514 3413 5580 episeopis
3449 5532 3467 5563 ι
3504 5527 3720 5566 (mucosi-

2149 5597 2263 5632 sum
2312 5583 2475 5634 fuisse
2525 5582 2574 5633 iu
2624 5593 2803 5633 sancta
2844 5581 3084 5648 synodo,
3116 5597 3177 5633 ac
3210 5584 3438 5649 pioprtis
3482 5584 3723 5636 limitibus

2150 5650 2540 5703 co..lirmatuin.
2582 5670 2599 5701 ι
2640 5652 2681 5702 Μ
2712 5668 2823 5703 runt
2854 5668 2981 5715 ergo
3013 5668 3042 5703 ιι
3084 5668 3116 5703 tt
3144 5662 3225 5704 est
3256 5655 3494 5719 plurimis
3522 5654 3715 5719 episco-

2153 5736 2339 5790 porum
2369 5722 2845 5791 subsciiptionibus
2872 5723 3068 5776 bullam
3098 5727 3229 5774 hanc
3260 5724 3516 5777 inuidiam
3544 5723 3702 5776 luisse
