4016 6354
488 341 631 398 1163

1622 335 1683 390 Β.
1727 332 2145 392 ADEODATUS
2185 333 2386 392 PONT.
2431 333 2592 390 ROM.

3611 331 3759 396 HM

487 464 648 522 atque
675 448 914 505 solvendi
957 447 1203 503 conditor
1232 460 1294 501 ac
1341 443 1647 516 redemptor
1693 447 1934 503 ominum
1966 446 2063 502 tri-
2095 469 2132 522 Α
2167 449 2269 512 tia;
2302 445 2704 515 dispositionem
2747 450 2924 498 autem
2956 440 3280 499 venerabilis
3309 439 3414 498 loci
3440 456 3654 511 gerere,
3687 460 3757 500 ac

488 542 628 605 buit,
672 538 960 594 identidem
1013 538 1228 592 ﬁrmare
1259 536 1644 604 concessimus,
1675 545 1730 590 ut
1775 537 2062 605 apostolica

488 633 605 698 [ulti
637 631 981 694 authoritate,
1004 643 1101 699 per
1128 628 1386 698 privilegii
1424 624 1643 691 seriem,
1675 625 1852 690 nullas
1879 643 2066 696 grave-

486 711 642 781 dines
664 741 692 778 a
721 725 959 792 quolibet
987 723 1387 790 episcoporum,
1416 722 1519 774 sttb
1545 729 1810 791 praztextu
1859 721 2066 775 discus-

486 818 675 882 sionis,
711 814 987 885 religiosus
1010 814 1174 866 abbas
1195 812 1275 866 vel
1305 811 1549 866 monachi
1593 810 1788 874 ibidem
1814 810 2066 880 degentes

483 910 815 974 sustineant;
862 921 1032 976 neque
1074 919 1264 960 rursus
1293 902 1597 972 bospitandi
1642 903 1746 958 sibi
1796 903 1936 973 apud
1968 917 2065 958 eos

485 996 756 1052 licentiam
800 995 1163 1054 vendicantes,
1195 991 1477 1059 dispendia
1524 990 1605 1045 bis
1635 997 1794 1059 atque
1825 988 2064 1047 insolen-

483 1089 588 1144 tias
628 1087 962 1158 angariarum
1011 1087 1315 1152 imponant;
1370 1097 1545 1152 neque
1593 1098 1688 1152 per
1725 1082 2063 1137 occasionem

481 1180 748 1253 regularis
812 1177 1112 1248 disciplina:
1176 1177 1438 1240 rimandze
1502 1185 1662 1244 atque
1737 1175 2060 1241 servandze,

480 1272 747 1346 quaslibet
775 1271 854 1325 eis
895 1269 1188 1335 importent
1232 1264 1491 1335 injurias;
1525 1265 1618 1320 sed
1651 1265 1869 1320 liberam
1900 1265 2064 1319 licen-

480 1364 607 1419 tiam
637 1361 834 1424 hahere
853 1360 1156 1423 statuimus,
1181 1358 1329 1423 salva
1362 1357 1600 1426 profecto
1629 1355 2063 1410 monachicarum

479 1451 784 1521 regularum
834 1448 1075 1504 custodia
1108 1448 1416 1517 religiosum
1461 1445 1734 1511 abbatem,
1765 1445 2067 1526 quicunque

479 1556 579 1608 pro
610 1549 849 1607 tempore
880 1536 1094 1606 praeerit
1143 1534 1361 1604 praelato
1392 1534 1681 1591 venerabili
1713 1536 2064 1599 monasterio,

477 1634 534 1687 id
560 1639 900 1700 procurante,
934 1641 990 1682 ut
1027 1642 1154 1697 erga
1182 1627 1320 1694 quod
1355 1628 1544 1695 prisca:
1587 1625 1887 1681 traditionis
1933 1624 2051 1694 ejus

476 1723 732 1778 articulus
757 1721 1018 1787 continet,
1048 1730 1101 1775 et
1133 1721 1246 1789 ipse
1268 1733 1587 1774 conservare
1613 1718 1834 1784 nitatur,
1867 1725 1922 1773 et
1943 1719 2064 1788 qui-

2168 541 2626 596 eonversationem
2657 538 3026 594 monachicam
3051 538 3358 605 exquirere,
3385 538 3633 607 religioso
3655 540 3758 596 ab-

2168 631 2274 685 bati
2307 630 2531 700 ejusque
2578 629 2891 699 praeposito,
2944 629 3027 682 vel
3070 629 3251 699 quiqui
3295 629 3652 698 probatissimi
3699 630 3757 684 in

2167 723 2353 776 eodem
2383 722 2710 776 monasterio
2741 722 2958 784 fuerint,
3003 720 3140 788 quod
3183 725 3342 773 etiam
3380 721 3583 789 praefati
3616 738 3757 788 prac-

2168 813 2313 868 sules
2367 828 2604 870 consona
2657 815 2922 870 sententia
2976 813 3322 880 deﬁnierunt,
3390 813 3756 869 decernimus.

2168 905 2417 973 Quisquis
2446 905 2606 974 igitur
2646 906 2886 973 quolibet
2932 913 3196 974 tempore,
3249 904 3390 973 quod
3447 904 3756 960 nullatenus

2169 996 2454 1056 credimus.
2491 996 2646 1064 hujus
2686 996 2959 1050 decretum
3007 996 3288 1068 privilegii,
3319 995 3458 1065 quod
3499 996 3756 1050 authori-

2169 1092 2276 1138 tate
2317 1085 2604 1151 apostolica
2662 1084 2892 1151 subnixi,
2947 1085 3330 1153 consentiendo
3385 1085 3744 1151 ﬁrmavimus,

2170 1173 2221 1228 in
2255 1183 2419 1228 totum
2449 1174 2534 1229 vel
2561 1175 2612 1229 in
2643 1185 2846 1244 partem
2894 1185 3157 1231 temerare
3198 1176 3558 1246 temptaverit,
3609 1193 3756 1236 sua:-

2168 1280 2273 1335 que
2329 1266 2760 1334 praesumptionis
2823 1267 3104 1321 audaciam
3171 1266 3330 1335 digna
3373 1267 3758 1322 emendatione

2167 1360 2345 1412 minus
2372 1358 2687 1423 correxerit,
2720 1358 2770 1412 in
2820 1368 3137 1428 perpetuum
3195 1357 3614 1427 pereellenduni,
3663 1360 3758 1414 vel

2168 1449 2717 1505 anathematisandum
2750 1465 2808 1504 se
2837 1449 3064 1514 noverit,
3116 1465 3219 1504 non
3249 1451 3444 1507 solum-
3469 1459 3747 1504 tantorum

2168 1543 2432 1597 sententia
2475 1543 2834 1606 sacerdotum,
2868 1541 2961 1596 sed
2991 1545 3152 1595 etiam
3197 1541 3502 1611 aequissimo
3531 1550 3760 1610 apostoc

2169 1635 2283 1703 time
2309 1633 2769 1697 condemnationis
2813 1633 3021 1697 aculeo,
3051 1633 3302 1701 quoniam
3335 1633 3538 1686 vioiare
3585 1632 3759 1700 perti-

2169 1729 2370 1782 naciter
2401 1728 2546 1780 nisus
2571 1736 2652 1781 cst
2681 1727 2821 1796 quod
2850 1725 3137 1781 salubriter
3181 1740 3508 1780 conservare
3553 1725 3760 1780 debue-

482 1817 576 1886 ιιιιὶ
605 1815 709 1871 sub
739 1814 853 1883 ejus
886 1823 1140 1884 reguntur
1177 1811 1592 1881 dispensatione,
1634 1812 1862 1868 solerter
1881 1821 2060 1866 custo-

2169 1830 2270 1875 rat.
2308 1819 2371 1873 Et
2419 1817 2489 1872 ita
2515 1832 2728 1888 quoque
2774 1818 2929 1885 hujus
2980 1817 3238 1886 privilegii
3270 1817 3478 1870 sanctio
3506 1816 3655 1869 iirma
3686 1831 3756 1872 ac

477 1909 596 1969 dire
635 1915 993 1971 commoneat,
1039 1905 1388 1974 districteque
1434 1903 1742 1973 compellat.
1791 1903 2062 1958 Reveren-

476 1983 715 2057 tigsimus
742 2016 870 2055 vero
889 2000 1193 2069 episcopus,
1227 1997 1279 2051 in
1321 1996 1476 2066 cujus
1515 1996 1826 2072 parochiam
1854 2010 2062 2052 memo-

475 2102 652 2147 ratum
709 2091 1019 2147 venerabile
1081 2088 1466 2144 monasterium
1523 2089 1606 2144 vel
1669 2102 1754 2143 res
1815 2087 1931 2156 ejus
1995 2101 2060 2141 ac

478 2185 848 2253 possessiones
888 2182 1244 2256 constiterint,
1293 2181 1552 2252 faciendi!
1593 2189 1796 2235 tantum
1846 2178 2063 2236 ordina-

479 2276 641 2338 tionis
685 2290 748 2344 ae
791 2273 1144 2351 promotionis
1171 2273 1510 2341 sacerdotum
1542 2280 1704 2342 atque
1751 2271 2060 2340 levitarum,

478 2371 565 2427 vel
597 2369 912 2444 conﬁciendi
933 2368 1243 2435 chrismatis
1269 2367 1340 2422 sit
1370 2375 1578 2440 tantum
1602 2379 1862 2434 concessa
1890 2364 2060 2431 licen-

2167 1919 2282 1966 rata
2344 1908 2661 1964 indiminute
2725 1909 2974 1978 persistat
3027 1916 3184 1976 atque
3239 1914 3578 1975 permaneat;
3627 1921 3759 1975 erga

2167 2001 2305 2070 quod
2335 2009 2389 2056 et
2415 1999 2893 2070 praecellentissimi
2924 1999 3088 2051 totius
3117 1996 3300 2050 Gallize
3325 2011 3500 2066 reges,
3529 2007 3583 2048 ut
3609 1997 3756 2049 scri-

2168 2101 2260 2163 pto
2284 2092 2661 2160 comperimus,
2685 2089 2750 2143 ad
2781 2089 3146 2158 reprimendas
3168 2089 3420 2142 laieornm
3449 2087 3757 2142 infestatio-

2171 2197 2265 2237 nes
2294 2181 2471 2236 edicto
2511 2180 2827 2250 prtemunire
2859 2179 2997 2234 idem
3028 2179 3330 2247 venerabile
3359 2179 3751 2247 monasterium

2169 2272 2334 2337 regali
2367 2272 2560 2340 pietate
2595 2269 2796 2339 dignati
2823 2280 2967 2331 sunt.

2242 2362 2386 2417 Bene
2415 2362 2586 2416 valete
2620 2360 2951 2416 dilectissimi
3003 2361 3218 2416 fratres.

1169 2605 1204 2650 ³
1241 2601 1934 2684 PRIVILEGIUM
1997 2601 2122 2677 AB
2180 2600 2729 2677 ADEODATO
2809 2601 3064 2676 PAPA

530 2761 1168 2836 CANTUARIENSIBUS
1189 2757 1530 2820 MONACHIS
1553 2755 1862 2814 C(ENOBII
1889 2751 2301 2812 SANCTORUM
2335 2751 2538 2823 PETRI
2581 2753 2668 2809 ΕΤ
2709 2753 2909 2821 PAULI
2948 2755 3354 2824 CONCESSUM
3395 2755 3520 2828 (As.
3561 2758 3716 2814 675‘.

1609 2893 1702 2959 (Ex
1725 2880 1956 2954 Wilkins,
1983 2890 2304 2941 (pocillorum
2326 2890 2607 2954 Collactio.)

2048 3001 2133 3018 .—

556 3069 864 3132 Meodatus
885 3067 1190 3138 episcopus,
1214 3079 1400 3124 servus
1432 3079 1707 3121 servorum
1733 3062 1850 3130 Dei,
1880 3063 2040 3118 Adria

480 3176 555 3222 uo
580 3160 764 3215 abbati
781 3157 1086 3221 monasterii
1122 3155 1295 3210 sancti
1322 3155 1464 3210 Petri
1501 3154 1750 3223 apostoli.

2176 3078 2285 3135 quo
2325 3062 2520 3134 injuste
2545 3062 2720 3118 ablata
2747 3072 2900 3130 sunt,
2938 3066 3146 3120 restitui
3191 3067 3395 3139 absque
3435 3071 3762 3125 recrastina-

2097 3135 2142 3196 ο
2173 3157 2317 3210 tione
2343 3169 2661 3222 censemus,
2701 3165 2966 3223 quatenus
2991 3157 3118 3212 dum
3149 3160 3278 3213 nihil
3309 3135 3496 3216 eorum
3527 3179 3646 3233 quae
3683 3165 3755 3218 ad

557 3250 890 3320 Evangeb'cis
933 3257 1094 3316 atque
1155 3246 1467 3316 apostolicis
1526 3244 1895 3300 sanctionibus
1947 3243 2067 3298 luce

483 3344 683 3400 clarii:
705 3342 1025 3418 edocemur,
1067 3354 1166 3395 nec
1202 3353 1479 3393 servorum
1517 3337 1788 3395 solertiam
1817 3337 1869 3391 in
1895 3337 2065 3392 admi-

485 3435 804 3492 nistratione
830 3433 1189 3498 talentorum,
1233 3447 1330 3486 nec
1367 3430 1648 3485 dominica:
1681 3432 1853 3485 vineae
1875 3444 2059 3498 opera-

480 3529 592 3583 rios
624 3527 857 3598 poudere
905 3525 1019 3582 diei
1048 3533 1103 3581 et
1135 3533 1300 3579 :cstus
1319 3523 1538 3578 allectos
1573 3538 1601 3575 a
1631 3523 2066 3578 remuneratione

480 3621 606 3677 boni
643 3620 821 3690 operis
861 3633 983 3676 esse
1025 3617 1314 3673 traudatos.
1375 3616 1644 3685 Scriptum
1676 3630 1908 3682 namque
1942 3626 2064 3670 est:

483 3715 653 3783 Voca,
701 3715 796 3782 ait,
835 3711 1109 3784 operarios
1158 3721 1212 3766 et
1258 3709 1422 3768 redtle
1471 3710 1576 3767 illis
1607 3709 1904 3764 mercedem
1932 3729 1945 3773 ;
1972 3717 2063 3763 et:

487 3805 691 3876 Dignus
727 3814 808 3861 est
840 3802 1119 3872 operarius
1152 3802 1369 3871 pmprio
1402 3802 1600 3854 laboris
1630 3803 1912 3859 commodo
1939 3816 2062 3869 pcr-

482 3893 668 3967 poliri.
710 3898 1050 3965 Quapropter
1091 3902 1304 3963 oportet
1336 3896 1494 3951 etiam
1529 3909 1660 3955 nos,
1714 3893 1835 3946 licet
1876 3894 2063 3947 imme-

487 3991 656 4053 ritos,
704 3969 1026 4057 pastoralem
1075 3993 1250 4039 tamen
1286 4000 1468 4039 curam
1501 3985 1960 4047 administratues,
1987 3985 2066 4038 eis

488 4080 583 4149 qui
613 4079 870 4134 luerando
902 4079 1010 4132 Deo
1040 4077 1248 4131 animas
1270 4078 1500 4131 solerter
1526 4078 1836 4146 invigilant,
1891 4078 2067 4145 provi-

486 4173 724 4228 dentiam
755 4171 984 4240 aliquam
1023 4168 1099 4224 ad-
1129 4171 1476 4237 temporalem
1505 4184 1693 4222 eorum
1716 4170 2064 4222 sustentmio-

488 4280 609 4321 nem
656 4271 929 4339 utcunque
984 4274 1271 4330 peragere,
1326 4274 1392 4314 ne
1425 4274 1610 4316 eorum
1649 4258 1914 4328 sagacitas
1942 4274 2064 4329 erga

484 4354 860 4411 lucrandarum
891 4352 1192 4410 animarum
1222 4360 1483 4419 quaestum
1510 4349 1830 4417 necessitate
1861 4349 2068 4408 scilicet
2096 4358 2110 4362 ‘

489 4444 775 4515 temporali
799 4443 1093 4518 prtepedita
1112 4485 1125 4508 ,
1148 4442 1214 4497 ad
1237 4457 1370 4512 opus
1395 4441 1720 4510 implendum
1745 4443 1923 4509 segnis
1945 4443 2063 4498 etti-

485 4539 678 4608 ciavtur.
718 4536 887 4606 Quam
934 4536 1004 4592 ob
1041 4550 1256 4592 causam
1298 4543 1596 4594 annuentes
1643 4543 1748 4604 tua;
1794 4533 2055 4610 petitioni.

490 4627 938 4696 quemadmodum
971 4641 1070 4693 nos
1101 4626 1215 4681 fusa
1258 4635 1408 4694 parte
1445 4627 1717 4694 poposcit,
1748 4640 1776 4678 a
1818 4624 2066 4693 praesenti

489 4719 836 4776 concedimus
867 4718 961 4772 tibi
993 4718 1248 4780 Adriano,
1278 4725 1337 4770 ut
1365 4726 1486 4785 pote
1508 4716 1686 4770 abbati
1725 4716 1796 4770 ab.
1815 4717 1911 4770 bac
1939 4731 2069 4784 apo-

488 4809 685 4883 stolica.
720 4808 846 4864 sede
885 4808 1132 4879 ordinato
1177 4818 1335 4883 atque
1379 4810 1664 4874 destinato,
1691 4824 1794 4861 una
1828 4823 1947 4861 cum
1982 4817 2067 4860 tua

493 4900 708 4972 propria
760 4901 1212 4975 congregatione,
1277 4917 1395 4970 qua:
1445 4916 1583 4968 nunc
1620 4901 1701 4953 vet
1754 4899 1931 4965 futura
1964 4906 2066 4960 est,

493 4991 882 5047 monasterium
915 4990 1163 5045 videlicet
1187 4992 1355 5048 sancti
1386 4990 1523 5048 Petri
1548 4995 1894 5045 constitutum
1915 5001 2066 5044 extra

492 5081 763 5136 civitatem
833 5090 1189 5151 cognomento
1247 5081 1598 5145 Dornverno,
1649 5096 1766 5134 eum
1819 5080 2070 5135 omnibus

492 5173 792 5246 scdditibus
819 5172 1036 5240 adeum
1068 5174 1471 5242 pertinentibus,
1504 5173 1583 5227 vel
1606 5174 1858 5250 quicquid
1879 5173 1927 5227 ci
1951 5175 2070 5240 jure

495 5265 646 5323 verbi
682 5275 989 5334 competere
1039 5265 1264 5319 videtur.
1307 5265 1373 5318 Et
1423 5265 1465 5318 si
1514 5281 1618 5334 qua
1655 5265 1846 5321 exinde
1879 5266 1946 5319 ab
1977 5266 2071 5320 ali-

562 5407 584 5431 θ
631 5397 706 5462 De
735 5400 835 5460 hoc,
864 5397 1140 5467 privilegio
1171 5397 1237 5450 ita
1285 5397 1533 5459 Sprottus
1578 5397 1626 5450 in
1659 5399 1927 5467 Chronico
1953 5416 2069 5455 suo.

496 5485 514 5517 ι
551 5468 822 5532 Adrianus
855 5479 1133 5536 postquam
1169 5468 1400 5534 regimen
1445 5471 1748 5526 ttionasterii
1794 5474 2068 5535 apostolo.

491 5553 610 5598 tum
635 5537 774 5590 Petri
821 5549 874 5590 et
910 5537 1054 5591 Pauli
1092 5548 1174 5591 est
1215 5539 1436 5601 adeptus
1459 5579 1475 5598 ,
1524 5539 1823 5605 impetravit
1852 5544 2073 5608 privile-

491 5614 644 5680 gium
667 5609 732 5660 ab
765 5608 1190 5680 Adeodatopap‘i
1233 5622 1393 5680 super
1432 5609 1672 5680 libertate
1704 5610 1859 5680 hujus
1891 5628 2073 5664 mona-

498 5675 648 5742 aterii
694 5689 746 5730 et
787 5693 947 5743 super
999 5679 1263 5732 electione
1304 5675 1530 5732 abbatis.
1588 5675 1698 5738 Hoc
1742 5675 2071 5746 privilegium

497 5762 604 5812 non
639 5749 896 5801 bat-emus
923 5748 1020 5802 sub
1044 5749 1279 5821 plumbo,
1325 5751 1416 5802 sed
1448 5751 1820 5818 transcriptum
1849 5752 1897 5804 in
1929 5763 2072 5806 textu

2171 3245 2618 3302 sustentationem
2649 3260 2962 3315 corpoream
3008 3257 3132 3303 sunt
3163 3249 3456 3320 profutura,
3496 3253 3758 3320 defuerit,

2171 3337 2395 3391 licenter
2444 3336 2510 3390 ad
2561 3338 2843 3391 lucrandas
2896 3342 2996 3410 (ut
3019 3341 3215 3394 dictum
3239 3346 3360 3409 est)
3407 3344 3514 3398 Deo
3545 3346 3758 3402 animas

2171 3430 2397 3500 pervigil
2445 3432 2614 3500 possit
2655 3445 2772 3484 esse
2822 3434 3144 3487 sollicitudo.
3191 3433 3356 3503 Cujus
3383 3437 3454 3490 ad
3477 3439 3754 3493 cumulum

2171 3521 2442 3575 ﬁrmitatis
2477 3523 2820 3586 prmvidimus
2871 3523 3146 3591 praelatum
3191 3526 3569 3581 ntorrasterium
3617 3545 3754 3599 apo-

2170 3613 2376 3666 stolicis
2427 3616 2788 3684 pucrogativis
2817 3629 2955 3669 riunc
2985 3626 3037 3670 et
3085 3616 3135 3670 in
3169 3629 3482 3685 perpetuum
3515 3636 3752 3688 praemu-

2175 3702 2317 3766 nire,
2355 3701 2774 3772 insolentiasque
2806 3715 2910 3758 tam
2937 3705 3271 3760 sacerdotum
3302 3723 3457 3777 quam
3490 3709 3754 3766 laicorum

2177 3795 2381 3861 pariter
2415 3793 2483 3847 ab
2526 3808 2590 3848 eo
2623 3794 2893 3859 inhibere,
2937 3797 3309 3864 praecipientes
3337 3815 3400 3852 ex
3436 3805 3756 3857 auctoritate

2173 3883 2424 3938 videlicet
2467 3885 2772 3950 apostolica:
2821 3887 3006 3949 sedis.
3077 3888 3161 3942 cui
3209 3904 3438 3956 superna
3489 3892 3753 3960 largiente

2172 3976 2338 4041 gratia
2366 3991 2592 4045 praeesse
2619 3977 2979 4047 dignoscirnur
2997 4022 3012 4046 ,
3046 3995 3233 4033 omnes
3263 3983 3481 4035 omnino
3509 3993 3612 4035 tam
3647 3984 3755 4037 Ec-

2169 4067 2350 4120 clesiae
2401 4071 2697 4134 praesules,
2747 4084 3011 4138 quamque
3061 4072 3368 4125 sublimium
3413 4076 3755 4130 saecularium

2172 4157 2497 4225 dignitates,
2549 4158 2633 4215 vel
2684 4159 2952 4214 inferioris
3001 4162 3203 4215 ordinis
3230 4164 3755 4221 administrationem

2171 4261 2456 4319 gerentes,
2489 4267 2546 4305 se
2594 4268 2621 4305 a
2675 4251 2878 4319 prmfati
2934 4255 3244 4322 monasterii
3297 4256 3758 4327 inquietinlinibus

2174 4355 2334 4412 atque
2355 4345 2746 4414 gravaminibus
2776 4348 3048 4415 suspendi,
3081 4365 3176 4403 nec
3209 4365 3302 4417 per
3328 4351 3626 4419 quamlibet
3661 4369 3759 4408 oc-

2175 4434 2443 4491 casionem
2478 4435 2577 4491 tibi
2610 4447 2822 4503 tumque
2867 4438 3261 4505 congregationi
3308 4439 3361 4493 in
3405 4455 3472 4495 eo
3517 4443 3754 4512 degenti,

2177 4527 2261 4581 vel
2285 4527 2376 4594 qui
2411 4541 2505 4593 pro
2535 4535 2774 4596 tempore
2805 4543 2900 4582 suo
2925 4530 3244 4582 sur-cesserit
3274 4530 3324 4583 in
3356 4531 3496 4596 loco,
3541 4549 3756 4601 quoquo

2173 4616 2336 4671 modo
2365 4617 2649 4684 dispendia
2681 4617 2761 4673 vel
2794 4617 3217 4686 inquietudinum
3251 4624 3523 4684 molestias
3547 4626 3754 4695 irroga-

2172 4725 2249 4767 ιε.
2297 4709 2402 4768 Sed
2432 4721 2484 4764 et
2518 4713 2616 4764 hoc
2645 4711 2992 4765 nihilominus
3013 4712 3342 4778 sancientes,
3377 4725 3434 4769 ut
3465 4727 3584 4784 post
3608 4727 3752 4776 tuum

2172 4802 2370 4854 obitum
2399 4802 2610 4856 futurus
2642 4803 2828 4866 abbas,
2861 4819 2965 4857 non
2988 4805 3119 4859 alius
3144 4845 3159 4869 ,
3208 4807 3288 4859 vel
3322 4807 3538 4862 aliunde
3564 4810 3629 4862 ad
3657 4825 3755 4864 eo-

2172 4907 2290 4945 rum
2322 4895 2560 4963 regimen
2603 4897 2928 4964 animarum,
2955 4898 3053 4951 nisi
3077 4913 3231 4965 quem
3255 4899 3366 4968 ipsa
3400 4900 3500 4956 sibi
3534 4917 3753 4969 prorsus

2177 4981 2283 5034 Deo
2330 4984 2672 5050 servientium
2731 4989 3073 5056 congregatio
3121 4990 3188 5043 de
3240 4992 3454 5060 proprio
3504 4995 3754 5050 videlicet

2173 5074 2500 5126 monasterio
2531 5076 2800 5129 communi
2833 5091 3055 5131 assensu
3087 5080 3406 5146 regulariter
3427 5084 3747 5152 priclegerit,

2174 5163 2511 5236 subrogetur.
2573 5168 2629 5219 Si
2683 5169 2800 5236 quis
2841 5168 3043 5222 interea
3092 5171 3256 5238 (quod
3306 5188 3410 5226 non
3455 5175 3748 5245 credimus)

2176 5261 2460 5324 tenterario
2482 5277 2610 5323 ausu
2635 5272 2815 5322 contra
2844 5263 2959 5316 lucc
2987 5276 3183 5319 sanctze
3207 5275 3259 5320 et
3282 5270 3590 5332 apostolica:
3611 5273 3748 5326 sedis

2173 5399 2389 5461 Adriani
2416 5441 2431 5463 ,
2482 5409 2535 5452 et
2585 5399 2632 5452 in
2666 5399 2907 5467 pluribus
2928 5401 3042 5454 aliis
3077 5401 3224 5455 locis.
3259 5422 3278 5454 ι
3332 5404 3427 5459 Ubi
3455 5407 3633 5461 obiter
3657 5424 3746 5462 nn-

2173 5472 2388 5546 tandum
2419 5472 3031 5546 textum_:ttlri:mi_uon
3074 5474 3235 5526 fuis~e
3279 5477 3742 5546 Martyrologienm

2175 5542 2550 5617 librumquetn
2577 5541 2837 5617 Adrianus
2868 5542 3031 5617 abbas
3064 5555 3387 5601 tuonasteato.
3410 5541 3485 5600 illi
3519 5541 3746 5617 relique-

2172 5621 2252 5682 rat
2283 5611 2379 5679 (uti
2422 5620 2620 5682 putavit
2645 5611 2893 5663 (ltetnens
2926 5615 3197 5681 tleynerus
3226 5618 3523 5682 Apostolat.
3575 5611 3740 5673 Bone-

2173 5680 2296 5754 dct.
2329 5697 2445 5754 pag.
2480 5680 2616 5754 5:2),
2648 5685 2743 5754 sed
2773 5680 3022 5735 Codicetu
3061 5683 3111 5754 in
3146 5701 3248 5749 quo
3272 5680 3484 5754 antiqua
3514 5689 3740 5744 emnobii

2176 5750 2311 5803 illius
2339 5752 2606 5819 privilegia
2630 5751 2890 5823 descripta
2916 5753 3283 5810 cernebantur.
3327 5750 3451 5811 nec
3478 5759 3736 5824 L’sSerius,
