4016 6354
250 344 390 447 11ιὲ

954 381 1177 440 BONUS
1219 378 1551 438 PONTIFEX
1596 376 1940 435 ROMANUS.
1986 404 2051 419 --
2088 373 2363 433 NOTITIA
2402 371 2789 430 HlSTOlilCA.

3363 373 3503 430 H46

248 500 465 555 decreta
510 494 779 552 contraire
831 496 1165 562 temptaverit
1190 536 1203 559 ,
1236 504 1290 549 et
1316 510 1376 550 ea
1402 536 1418 560 ,
1456 509 1571 564 qua:
1607 508 1634 546 a
1669 492 1822 547 nobis
1850 499 1899 556 Α
1930 491 2134 546 Domini
2177 491 2302 546 Jesu
2346 490 2543 545 Christi
2584 498 2872 558 cognoscat
2911 503 2968 544 se
2992 503 3110 545 esse
3139 505 3498 564 segregatum,

252 590 339 658 pie
369 586 572 642 indulta
603 597 748 649 sunt,
779 586 1048 654 privilegia
1076 587 1378 641 convellere
1404 586 1821 654 praesumpserit,

250 678 466 733 noverit
496 691 555 730 se
588 677 652 746 (si
679 677 869 743 pnesnl
905 674 988 730 vel
1013 676 1254 731 minister
1284 679 1392 743 est)
1414 691 1481 729 ex
1508 676 1826 730 auctoritate

246 770 501 824 videlicet
531 768 668 823 beati
713 768 852 822 Petri
890 769 1253 836 apostolorum
1300 766 1573 835 principis,
1611 765 1696 819 cui
1726 765 1827 819 Do-

248 861 429 913 minus
455 858 613 913 Jesus
641 858 882 913 Christus
906 902 921 926 ,
970 859 1108 913 Deus
1139 867 1360 923 noster,
1395 858 1591 927 ligandi
1612 858 1820 912 solven-

248 947 410 1017 dique
434 948 486 1002 in
512 948 651 1002 cmlo
690 959 739 1001 et
782 948 833 1002 in
863 956 1000 1001 terra
1034 956 1345 1015 potestatem
1373 948 1671 1013 concessit,
1702 962 1827 1015 pro-

250 1041 367 1109 prio
396 1055 517 1094 esse
543 1041 807 1109 privatum
841 1041 1050 1105 oﬂicio;
1079 1040 1120 1093 si
1152 1040 1218 1094 de
1254 1041 1605 1094 smcularihus
1636 1041 1826 1094 laieis-

249 1144 352 1200 que
382 1129 578 1198 fuerit,
620 1144 651 1185 a
703 1131 1111 1201 participatione
1159 1131 1400 1197 corporis
1449 1142 1501 1185 et
1541 1131 1820 1199 sanguinis

1927 599 2197 652 quousque
2248 582 2489 637 videlicet
2522 582 2660 651 quod
2713 590 2915 636 temere
2959 584 3285 651 perpetravit
3308 584 3488 646 humi.-

1929 674 2055 729 liter
2080 676 2333 743 corrigat,
2360 683 2413 729 et
2441 673 2507 726 de
2534 687 2757 727 excessu
2784 672 3164 741 paenitudinem
3188 685 3357 745 gerat.
3384 676 3501 731 Dat.

1931 784 1963 823 χ
1991 767 2219 821 Kalend.
2245 765 2508 830 Januarii,
2532 765 2917 833 imperantibus
2949 766 3204 834 piissimis
3228 766 3507 838 Augustis,

1933 855 2287 909 Constantino
2319 855 2520 922 majore
2544 853 2868 924 imperatore
2897 870 3038 909 anno
3073 872 3206 922 xxii,
3235 864 3355 925 post
3386 861 3508 913 c'on-

1934 948 2161 1001 sulatum
2188 945 2307 1015 ejus
2336 962 2476 1002 anno
2497 987 2511 1001 .
2534 985 2548 1000 .
2576 986 2593 1003 .
2615 986 2630 1001 .
2661 984 2677 1001 .
2708 947 2799 1002 sed
2855 956 2923 1001 et'
2951 948 3196 1003 lleracllo
3225 958 3387 1018 atque
3414 949 3510 1002 Ti-

1938 1039 2085 1092 bcrio
2117 1040 2270 1092 novis
2314 1040 2585 1110 Augustis,
2626 1038 2742 1109 ejus
2772 1038 3050 1106 fratribus,
3082 1053 3222 1094 anno
3249 1052 3397 1105 ινιιι,
3428 1039 3508 1093 in-

1933 1129 2166 1185 dictione
2194 1130 2446 1184 secunda.

1439 1423 1607 1468 ANNO
1654 1421 1888 1468 DOMINI
1916 1421 2276 1472 DCLXXVIII.

1443 1586 1970 1797 DON
1978 1585 2284 1803 US

1036 1924 1824 2056 PONTIFEX
1912 1920 2719 2056 ROMANUS.

1228 2224 1554 2297 ΝΟΤΙΤΙΛ
1607 2224 2039 2297 HISTORICA
2086 2228 2163 2289 ΙΝ
2211 2228 2513 2290 DONUM.

1432 2372 1522 2430 (Ex
1554 2372 1726 2433 Bansi,
1757 2372 1904 2435 ampl.
1925 2370 2068 2422 Cone.
2094 2369 2319 2430 Collect.)

327 2596 353 2627 ι
384 2587 562 2642 Donus
586 2625 600 2647 .
650 2584 868 2641 natione
914 2584 1185 2651 Romanus
1210 2624 1227 2651 ,
1276 2601 1339 2643 ex
1375 2595 1526 2655 patre
1553 2586 1825 2651 Mauricio,
1866 2587 1908 2646 Β
1935 2587 2180 2641 ecclesiae
2203 2585 2394 2652 praesul
2419 2584 2636 2639 nomine
2661 2584 2954 2653 lieparatus
2981 2599 3012 2639 e
3040 2582 3286 2653 vestigio,
3316 2590 3371 2636 ut
3401 2582 3512 2637 Deo

254 2680 287 2725 ι
311 2677 446 2734 sedit
468 2690 666 2730 annum
695 2690 857 2729 unum
879 2718 893 2742 ,
947 2689 1157 2729 menses
1182 2677 1447 2744 quinque,
1482 2679 1595 2731 dies
1624 2676 1834 2732 decem.

256 2767 355 2823 llic
404 2768 598 2823 atrium
643 2765 784 2822 beati
817 2764 957 2820 Petri
1000 2766 1227 2837 apostoli
1271 2769 1551 2836 superius,
1581 2768 1721 2839 quod
1757 2777 1842 2824 est

263 2866 392 2916 ante
419 2857 703 2913 ecclesiam
743 2856 916 2929 [quod
964 2858 1241 2925 paradisus
1278 2860 1503 2931 dicitur]
1551 2861 1605 2915 in
1632 2860 1844 2931 quadri—

257 2950 525 3021 porticum
555 2949 762 3017 magnis
805 2949 1160 3004 marmoribus
1189 2950 1411 3016 stravit,
1455 2950 1548 3005 sed
1586 2960 1640 3005 et
1667 2951 1842 3007 eccle-

262 3043 398 3097 siam
430 3040 797 3109 apostolorum
831 3041 984 3094 sitam
1019 3040 1097 3092 via
1128 3039 1399 3104 Ostiensi,
1429 3050 1484 3095 ut
1514 3040 1719 3108 decuit,
1753 3056 1843 3097 re-

257 3131 521 3188 stauravit
555 3141 719 3202 atque
744 3130 1030 3187 dedicavit.
1074 3131 1311 3201 Itemque
1336 3131 1621 3187 ecclesiam
1646 3144 1844 3187 saneta:

264 3222 574 3291 Euphemie
633 3220 857 3290 positam
902 3222 985 3276 via
1051 3223 1216 3289 Appia
1258 3223 1507 3279 similiter
1554 3224 1841 3279 dedicavit.

260 3312 481 3371 Clerum
512 3329 723 3384 quoque
752 3314 977 3369 diversis
1006 3314 1284 3369 ordinibus
1312 3324 1367 3368 et
1399 3317 1688 3377 honoribus
1723 3333 1837 3377 am-

260 3405 468 3476 pliavit.
514 3405 610 3461 Hic
660 3406 856 3475 reperit
902 3405 954 3460 in
1006 3406 1136 3459 urbe
1183 3406 1373 3475 Roma,
1420 3407 1475 3467 in
1519 3409 1845 3468 monasterio

256 3495 403 3567 quod
431 3497 731 3566 appella'ur
759 3495 1097 3560 Boetianum,
1125 3496 1528 3562 Nestorianitas,
1554 3500 1844 3561 monachos

261 3590 451 3663 Syros,
477 3607 613 3659 quos
659 3606 754 3660 per
785 3590 996 3646 diversa
1041 3594 1365 3648 monasteria
1403 3593 1604 3649 divisit.
1658 3595 1711 3648 In
1741 3611 1844 3662 quo

261 3668 520 3750 praedicto
565 3683 894 3737 monasterio
945 3683 1238 3737 monachos
1284 3683 1554 3739 Romanos
1593 3685 1841 3741 instituit.

262 3770 430 3837 Hujus
463 3772 796 3839 temporibus
825 3772 1053 3826 ecclesia
1087 3772 1475 3840 Ravennatum,
1533 3791 1651 3843 qum
1691 3790 1749 3830 se
1778 3777 1844 3831 ab

260 3862 497 3916 Ecclesia
531 3860 767 3916 Romana
813 3872 1187 3932 segregaverat
1233 3878 1393 3918 causa
1435 3865 1839 3934 :tulocepltalim,

1945 2677 2168 2747 placuit,
2202 2676 2363 2731 vitam
2394 2677 2585 2731 finivit.
2627 2676 2726 2731 llic
2753 2677 2876 2731 dum
2899 2685 3041 2733 esset
3068 2678 3268 2731 electus
3292 2691 3386 2744 per
3409 2679 3520 2731 Au-

1942 2768 2079 2837 gusti
2127 2781 2388 2834 mensem,
2425 2776 2448 2807 ε
2481 2769 2731 2837 apparuit
2771 2768 2924 2823 stella
2977 2782 3007 2822 a
3057 2776 3206 2835 parte
3232 2766 3465 2821 Orientis
3491 2782 3518 2818 a

1945 2861 2066 2930 galli
2094 2870 2253 2915 cantu
2284 2875 2453 2929 usque
2482 2876 2637 2915 mane
2679 2876 2773 2928 per
2795 2874 3007 2916 menses
3037 2869 3167 2925 tres,
3202 2859 3356 2928 cujus
3384 2858 3520 2913 radii

1945 2956 2141 3009 caelum
2174 2955 2543 3024 penetrabant.
2584 2953 2637 3007 In
2667 2953 2818 3023 cujus
2834 2953 3038 3008 visione
3064 2952 3329 3023 surgentis
3361 2950 3516 3019 (Cod.

1947 3043 2103 3109 Luc.,
2155 3042 2471 3116 surgentes]
2517 3060 2704 3099 omnes
2745 3043 3032 3114 provincia:
3062 3052 3117 3099 et
3145 3052 3332 3112 gentes
3359 3040 3523 3097 mira-

1948 3136 2168 3202 bantur,
2211 3150 2331 3205 qua:
2354 3145 2475 3206 post
2521 3134 2816 3210 [quidnam
2849 3148 2968 3190 esse
3011 3129 3200 3204 possit]
3242 3135 3295 3188 in
3325 3139 3521 3188 semet-

1946 3226 2116 3291 ipsam
2172 3240 2385 3281 reversa
2415 3225 2700 3294 disparuit.
2746 3225 2848 3280 Pro
2874 3241 2978 3296 quo
3011 3224 3244 3295 capitulo
3271 3230 3326 3279 et
3349 3222 3521 3278 maxi-

1948 3330 2037 3378 mo
2067 3314 2227 3387 [ϐοά.
2266 3314 2421 3380 ινδ..
2454 3316 2682 3369 maxima
2702 3314 2725 3388 Ῑ
2748 3331 2889 3370 mors
2911 3329 2938 3366 a
2964 3326 3112 3384 parte
3138 3314 3374 3370 Orientis
3395 3314 3524 3368 sub-

1944 3417 2128 3462 secuta
2157 3416 2239 3461 est
2269 3406 2429 3481 [Post
2473 3422 2590 3461 eam
2641 3406 3023 3475 apparitionem
3057 3406 3290 3459 maxima
3316 3419 3462 3458 mors
3487 3418 3517 3459 a

1947 3506 2100 3565 parte
2126 3496 2366 3551 Orientis
2395 3497 2677 3550 subsecuta
2724 3495 2858 3567 est].
2914 3495 3060 3550 Fecit
3094 3504 3271 3549 autem
3304 3495 3521 3550 ordina-

1949 3591 2148 3645 tionem
2176 3607 2357 3657 unam,
2406 3595 2748 3660 presbyteros
2780 3591 2989 3659 decem,
3016 3591 3272 3644 diaconos
3310 3603 3364 3651 v,
3414 3586 3522 3655 epi-

1943 3696 2137 3751 scopos
2171 3698 2263 3751 per
2286 3683 2493 3737 diversa
2543 3683 2658 3737 loca
2692 3697 2913 3736 numero
2947 3698 3062 3737 sev.
3110 3682 3208 3747 Qui
3242 3682 3402 3733 etiam
3431 3695 3521 3735 se-

1947 3774 2126 3841 pttltlls
2166 3784 2247 3829 est
2295 3777 2358 3828 ad
2406 3777 2616 3832 beatum
2669 3776 2879 3830 Petrum
2927 3776 3221 3843 aposmlttm
3247 3775 3349 3828 sub
3371 3774 3458 3828 die
3487 3788 3523 3828 tt

1945 3864 2095 3938 [Cud.
2137 3864 2283 3932 Lena,
2315 3866 2385 3939 tv]
2454 3867 2573 3922 ldus
2602 3868 2816 3936 Aprilis,
2848 3879 2900 3922 et
2930 3867 3162 3923 cessavit
3183 3866 3523 3936 episcopatus

259 3953 440 4009 denuo
470 3966 530 4009 se
556 3952 796 4023 pristina:
818 3954 932 4008 sedi
960 3954 1267 4023 apostolica:
1296 3954 1621 4025 subjugavit.
1674 3955 1840 4028 Cujus
1866 3945 1913 4009 C
1945 3973 2154 4011 menses
2185 3958 2340 4024 duos,
2364 3960 2478 4014 dies
2508 3976 2597 4014 xv.

250 4152 253 4157 »
332 4119 360 4148 ⁸
401 4109 598 4181 Bonus.
633 4111 831 4175 Donus,
853 4126 1010 4181 quem
1035 4112 1122 4167 alii
1149 4111 1441 4175 Domuum,
1465 4111 1555 4166 alii
1585 4111 1837 4168 Domitio-

261 4196 410 4248 pem,
431 4181 518 4251 alii
546 4180 749 4235 Conum
778 4180 890 4238 sive
918 4185 1191 4237 Cimonem
1223 4184 1509 4251 appellant,
1534 4197 1676 4236 anno
1700 4183 1830 4250 676,

261 4251 391 4319 ipsis
421 4250 668 4307 Kalendis
700 4252 1013 4307 Novembris
1037 4293 1051 4314 .
1101 4250 1312 4308 creatus
1351 4263 1434 4307 est
1463 4254 1697 4321 pontifex
1735 4255 1836 4311 lio-

261 4337 495 4375 tnanus:
544 4323 682 4390 quod
728 4338 848 4375 cum
913 4323 1193 4377 Theodoro
1235 4325 1835 4392 Constantinopolin

256 4392 405 4449 sedis
459 4393 708 4461 episcopo
739 4392 1095 4448 Monothelitm
1128 4394 1479 4460 innotuisset,
1522 4395 1838 4451 intermissis

261 4478 397 4526 quas
423 4461 492 4515 de
535 4465 615 4515 sui
662 4464 997 4517 ordinatione
1035 4464 1099 4517 ad
1137 4481 1256 4518 eum
1288 4465 1567 4530 scripsisse
1609 4465 1838 4520 debebat

265 4533 462 4587 litteris
486 4534 850 4602 synodalibus,
884 4534 1025 4587 misit
1053 4534 1315 4588 duntaxat
1343 4536 1623 4601 epistolam
1656 4536 1834 4589 horta.

262 4604 456 4656 toriam
493 4618 595 4671 qua
636 4605 911 4671 petebatur
943 4612 1000 4655 ut
1042 4605 1251 4657 tandem
1294 4606 1578 4673 aliquando
1619 4620 1840 4659 concur-

262 4673 348 4725 dia
380 4674 516 4727 inter
543 4675 855 4729 orientalem
894 4682 949 4727 et
974 4674 1356 4727 occidentalem
1391 4676 1686 4727 Ecclesium
1712 4690 1839 4727 Snu-

261 4742 482 4799 ciretur.
517 4742 737 4798 Constat
763 4760 827 4799 es
861 4745 1084 4811 epistola
1109 4743 1443 4797 Constantini
1472 4744 1835 4812 imperatoris,

262 4828 425 4877 quam
456 4815 566 4880 ipse
593 4815 657 4871 ad
688 4814 888 4867 Donum
923 4816 1233 4872 transmisit.
1273 4813 1409 4880 Quid
1440 4814 1504 4867 ad
1541 4828 1633 4868 eas
1664 4817 1840 4882 ponti-

263 4884 350 4937 πει
380 4883 733 4949 rescripserit,
761 4885 1054 4949 ignoratur.

343 4952 453 5006 lloc
482 4961 718 5019 tempore
743 4954 1128 5007 Constantinus
1154 4952 1673 5020 imperatur-bellicis
1693 4953 1837 5008 curis

266 5021 497 5093 solutus,
534 5014 665 5092 pace
692 5038 812 5077 cum
860 5026 1141 5079 Saracenis
1167 5014 1457 5093 composita
1486 5064 1503 5090 ,
1551 5025 1617 5076 ad
1657 5038 1839 5090 pacem
1876 5014 1922 5073 D

266 5092 527 5148 Ecclesia:
554 5094 935 5165 restituendam
961 5103 1131 5165 totum
1160 5092 1397 5152 animum
1426 5095 1654 5165 adjecit;
1689 5095 1845 5149 resti-

265 5170 452 5234 terunt
484 5164 945 5234 Monothelitarum
972 5164 1208 5234 signiferi
1232 5165 1546 5219 Theodorus
1573 5165 1843 5218 Constan-

264 5233 656 5303 tinopulitanus
685 5244 739 5288 et
764 5235 1026 5289 Macarius
1059 5234 1421 5290 Antiochcnus
1452 5235 1686 5303 episcopi
1710 5277 1725 5299 ,
1753 5235 1843 5302 qui

265 5317 388 5357 cum
421 5300 779 5357 Romanorum
830 5306 1137 5370 pontiﬁcum
1173 5307 1419 5360 acerrimi
1455 5300 1714 5358 hostes'et
1743 5300 1842 5357 ad-

266 5374 490 5445 versarii
514 5384 711 5441 essent,
729 5376 895 5429 invito
926 5378 1268 5445 itnperatOre,
1297 5386 1504 5432 retento
1529 5376 1697 5431 solius
1730 5375 1841 5445 llu-

267 5444 405 5510 φοι-ἥ
453 5445 703 5512 nomine,
750 5447 900 5515 quasi
950 5444 1141 5502 iscum
1186 5446 1547 5503 Mouotheiitis
1592 5444 1841 5510 senserit,

1955 4117 2199 4172 Vitaliain
2232 4117 2561 4186 aliorumque
2588 4117 2891 4187 pontiﬁcum
2919 4115 3277 4170 Romanorum
3302 4118 3523 4173 nomina

1949 4192 2030 4252 (ut
2060 4189 2239 4243 videre
2265 4198 2347 4243 est
2372 4197 2474 4241 act.
2516 4190 2549 4242 8
2581 4199 2745 4245 sextae
2776 4189 3036 4255 synodi)e
3060 4188 3227 4241 sacris
3257 4189 3525 4257 diptychis

1950 4259 2303 4313 abstulerunt.
2346 4260 2463 4323 Quo
2509 4259 2653 4322 facto.
2695 4262 2981 4326 imperator
3016 4259 3360 4313 vehementer
3397 4274 3526 4312 exa—

1948 4331 2170 4397 gitatus,
2198 4330 2535 4383 Theodorum
2560 4332 2868 4397 episcopatu
2892 4328 3156 4395 deposuit,
3174 4330 3328 4395 eique
3352 4326 3525 4385 Geor-

1950 4402 2094 4469 gium
2127 4402 2412 4470 quemdam
2444 4402 2784 4466 subrogavit;
2813 4408 2971 4467 atque
2992 4402 3054 4449 ad
3073 4397 3523 4470 reconciliandam

1949 4467 2233 4537 utramque
2266 4470 2559 4525 Ecclesiam
2591 4471 2903 4524 orientalem
2935 4478 2988 4521 et
3022 4467 3426 4537 occidentalem,
3457 4467 3524 4521 ad

1950 4536 2158 4592 Donum
2206 4554 2393 4607 papam
2427 4578 2441 4601 ,
2490 4554 2720 4596 sacram.
2747 4554 2865 4605 qua!
2895 4548 3065 4607 exstat
3110 4537 3261 4590 initio
3297 4536 3526 4607 actionis

1950 4621 2118 4663 sextae
2164 4605 2375 4678 sjnodi,
2431 4608 2761 4673 imperialem
2810 4607 2898 4660 ille
2926 4605 3138 4678 quidem
3178 4605 3402 4678 direxit,
3431 4607 3525 4661 sed

1944 4692 2064 4732 cum
2095 4675 2207 4732 vita
2231 4680 2442 4731 functus
2465 4688 2629 4737 esset.
2657 4688 2940 4743 antequam
2966 4675 3187 4730 [lernam
3212 4677 3519 4744 all'erretur,

1945 4750 2208 4818 Agathoni
2239 4751 2445 4803 reddita
2467 4748 2584 4802 fuit.
2617 4749 2743 4803 Ssv.
2772 4748 2887 4802 llis.

2017 4816 2043 4855 δ
2087 4820 2234 4874 Sedit
2260 4835 2451 4872 annum
2480 4834 2660 4882 unum,
2690 4834 2883 4870 menses
2910 4834 2964 4884 v,
2991 4819 3099 4873 dies
3132 4833 3186 4873 ι.
3218 4818 3293 4873 Es
3324 4819 3529 4885 episto-

1945 4888 1993 4944 la
2027 4887 2359 4944 Constantini
2392 4889 2730 4956 imperatoris
2759 4889 2823 4941 ad
2858 4887 3065 4944 Donum
3095 4891 3290 4955 scripta
3319 4889 3530 4959 colligi—

1948 4969 2052 5022 tur,
2079 4959 2252 5029 ipsum
2285 4960 2352 5012 ad
2387 4960 2586 5027 aliquot
2615 4973 2831 5012 menses
2873 4960 3095 5027 amplius
3126 4962 3306 5015 sedem
3335 4973 3528 5027 propa-

1952 5045 2126 5098 gasse.
2158 5046 2279 5084 cum
2313 5031 2608 5098 reperiatur
2637 5030 2755 5083 data
2787 5030 2954 5097 pridie
2982 5030 3101 5083 Idus
3130 5033 3347 5098 Augusti
3385 5044 3530 5082 anno

1955 5098 2079 5154 678.
2109 5101 2239 5170 Quze
2270 5102 2411 5153 enim
2444 5102 2578 5155 ratio
2605 5102 2801 5167 patitur
2828 5111 2883 5153 ut
2914 5109 3032 5169 post
3059 5116 3270 5154 menses
3300 5112 3528 5170 quatuor

1952 5172 2385 5297 ohi’tulsllomani
2426 5172 2687 5241 pontiﬁcis
2726 5170 3101 5242 imperatorem
3149 5170 3321 5223 adhuc
3363 5169 3531 5223 latue-

1952 5254 2053 5297 rtt.
2120 5258 2168 5296 ο.

1951 5254 2060 5299 1⁵1ιῖ
2095 5254 2168 5297 Ιο.

2025 5315 2056 5435 °'
2068 5314 2337 5435 2Aplpnruit
2357 5310 2529 5367 stella.
2558 5311 2634 5369 De
2656 5310 2755 5368 hac
2778 5311 2931 5368 stella
2956 5310 3075 5365 vide
3092 5308 3308 5375 Bedam,
3331 5306 3427 5363 lib.
3451 5320 3528 5377 te,

2038 5408 2039 5411 ‘
2108 5422 2122 5435 .
2178 5399 2225 5435 ll.

1952 5397 2001 5437 c.
2038 5384 2122 5437 12.
2155 5384 2225 5436 In.
