4016 6354
221 351 352 410 ιιιθ

1011 345 1342 402 EPISTULA
1381 343 1584 400 βων.
1623 341 2076 399 ΟΟΝΞΤᾹΝΤΙΝΙ
2118 341 2252 397 IMP.
2293 340 2384 396 AD
2425 339 2685 398 DONUM.

3337 344 3475 402 “50

219 463 319 520 Sed
344 461 465 531 quia
495 459 665 530 magis
691 457 930 528 prazvidit
953 458 1375 512 adhortatoriam
1398 457 1679 527 epistolam
1709 455 1787 508 la-

1907 457 2151 527 γένωνται,
2183 456 2342 515 καθὼς
2374 457 2454 508 καί
2481 457 2547 510 τὰ
2582 454 2667 509 επὶ
2695 461 2793 510 τῶν
2817 453 2916 530 πρό
2953 455 3106 517 αὑτοῦ
3132 465 3478 533 πατριαρχῶν

219 571 338 610 cere
375 553 441 608 ad
487 561 721 605 vestram
769 561 1041 619 paternam
1094 549 1501 612 beatitudinem,
1545 560 1704 614 quam
1737 555 1794 601 et

217 646 451 704 direxit:
483 644 599 712 ejus
643 657 738 712 per
767 644 944 696 omnia
972 641 1247 696 scientiam
1278 640 1437 695 habet
1483 651 1656 693 vestra
1700 654 1794 708 pa-

219 747 366 791 terna
412 735 702 801 beatitudo,
732 743 784 788 et
813 749 919 786 non
951 731 1309 802 praevidimus,
1343 731 1440 800 per
1473 742 1792 802 praesentem

218 839 455 883 nostram
510 829 650 896 piam
700 844 928 894 sacram,
977 828 1043 882 de
1083 827 1386 894 huiusmodi
1438 827 1665 896 epistola
1716 826 1796 882 uti

217 918 570 989 multiloquio.
595 917 698 976 Sed
725 931 1000 988 postquam
1026 919 1225 974 directa
1249 929 1331 972 est
1358 918 1544 973 eadem
1571 917 1793 983 epistola

216 1011 286 1064 ad
318 1021 549 1065 vestram
585 1020 855 1078 paternam
902 1011 1311 1078 beatitudinem,
1353 1010 1796 1078 iuterrogavimus

215 1102 465 1159 eumdem
493 1103 891 1156 sanctissimum
920 1112 974 1157 et
1004 1102 1369 1155 beatissimum
1413 1101 1791 1170 patriarcham,

215 1199 272 1246 et
308 1190 593 1245 Macarium
629 1193 1022 1247 sanctissimum
1064 1200 1117 1248 et
1159 1193 1521 1246 beatissimum
1574 1191 1798 1259 patriar-

216 1281 372 1335 cham
403 1284 626 1337 civitatis
672 1283 1088 1353 TheOpulitanre,
1119 1299 1360 1353 quasnam
1403 1292 1545 1337 esset
1574 1281 1800 1336 difﬁcul-

218 1379 301 1427 tas
343 1388 459 1440 quae
504 1385 815 1441 pervenerat
859 1374 996 1429 inter
1041 1383 1268 1428 vestram
1315 1383 1586 1444 paternam
1635 1374 1800 1428 beati-

221 1464 462 1518 tudinem
492 1479 586 1518 seu
616 1474 847 1519 vestram
891 1465 1235 1532 apostolicam
1285 1468 1585 1539 sedemhet
1631 1466 1798 1534 ipsos,

218 1553 344 1611 olim
395 1556 643 1609 tnnnihus
688 1556 934 1624 expletis,
963 1571 1294 1626 quacunque
1333 1566 1454 1610 sunt
1500 1555 1567 1610 de
1614 1556 1802 1610 imma-

218 1644 394 1700 culata
428 1653 607 1699 nostra
652 1655 705 1700 et
751 1647 1167 1701 iucmnmutabili
1198 1645 1623 1701 Christianormn
1675 1645 1799 1709 fide,

221 1745 326 1789 tam
362 1751 456 1804 per
477 1737 770 1790 doctrinam
799 1748 1104 1791 sanctorum
1130 1738 1511 1806 apostolorum,
1538 1748 1801 1804 quamque

1893 549 2175 622 γεγόνασιν·
2198 547 2301 604 ἀλλ’
2317 545 2398 603 ὅτι
2425 548 2614 619 μᾶλλον
2639 546 2833 603 συνεῖδε
2857 558 3202 626 προτρεπτικῇ
3232 552 3475 628 ἐπιστολῇ

1896 643 2194 720 χρήσασθαι
2214 643 2345 716 πρὸς
2374 647 2463 700 τήν
2491 643 2738 716 ὑμετέραν
2765 647 3014 714 πατρικὴν
3033 629 3217 716 μακαρ¹
3236 643 3480 706 λτηταῶν

1893 754 2006 791 τινα
2051 737 2138 789 καί
2164 731 2382 798 ἔστειλε,
2425 736 2508 787 καί
2541 736 2734 794 ταύτης
2762 735 2811 786 ἰν
2840 731 3026 790 εἰδήσει
3054 735 3258 793 πάντως
3284 736 3477 807 γέγονεν

1896 827 1926 883 ἡ
1961 825 2188 896 ὑμετέρα
2215 818 2433 898 πατρική
2479 824 2810 895 μακαριότης⁶
2842 827 2929 878 καί
2973 827 3033 878 οῦ
3077 822 3366 894 συνείδομεν
3396 821 3481 880 διὰ

1895 923 1988 976 τῆς
2014 917 2284 986 παρούσης
2305 918 2442 987 ἡμῶν
2473 915 2716 975 εὐσεϐοῦς
2748 915 2942 988 σάκρας
2973 917 3093 986 περὶ
3120 922 3212 974 τῆς
3238 915 3481 976 τοιαύτης

1897 1007 2164 1067 ἐπιστολῆς
2194 1007 2462 1080 πολυλογία
2491 1008 2810 1081 χρήσασθαι.
2838 1007 2974 1063 Μετά
3001 1001 3088 1060 οὖν
3115 1006 3172 1061 τὸ
3195 1010 3286 1065 την
3307 1006 3483 1062 τοιαύ-

1895 1121 1986 1159 την
2023 1099 2291 1156 ἐπιστολήν
2341 1100 2583 1156 σταλῆναι
2625 1099 2752 1171 πρὸς
2793 1103 2883 1156 τὴν
2933 1098 3184 1172 ὑμετέραν
3231 1100 3481 1171 πατρικήν

1899 1190 2268 1266 μακαριότητα,
2297 1195 2630 1266 ἠρωτήσαμεν
2657 1189 2739 1243 τόν
2783 1209 2837 1244 τε
2879 1190 3031 1251 αὐτὸν
3077 1188 3359 1260 ἁγιώτατον
3401 1190 3485 1244 καί

1898 1285 2283 1356 μακαριώτατον
2325 1282 2689 1357 πατριάρχην,
2724 1284 2805 1334 καὶ
2849 1283 3100 1354 Μακάριον
3133 1288 3223 1339 τῆς
3252 1288 3484 1342 Θεουπο·

1897 1374 2046 1428 λιτῶν
2083 1374 2295 1439 πόλεως,
2339 1376 2417 1434 τίς
2445 1375 2473 1431 ἡ
2513 1371 2798 1444 δυσχέρεια
2837 1373 2867 1432 ἡ
2900 1371 3245 1445 προϐαίνουσα
3291 1372 3484 1442 μεταξύ

1899 1473 1993 1528 τῆς
2041 1465 2292 1539 ὑμετέρας
2342 1470 2594 1537 πατρικῆς
2643 1461 3028 1536 μακαριότητος,
3059 1460 3214 1532 ἤγουν
3240 1466 3329 1514 τοῦ
3378 1457 3484 1515 καθ’

1901 1558 2038 1625 ὑμᾶς
2068 1554 2403 1610 ἀποστολικοῦ
2429 1554 2632 1626 θρόνου,
2658 1555 2738 1606 καί
2771 1553 2954 1606 αὐτῶν
2984 1549 3079 1609 ἤδη
3121 1551 3486 1620 τετελεσμένων

1901 1651 2102 1705 πάντων
2133 1646 2288 1704 ὄντων
2325 1650 2444 1723 περί
2474 1655 2566 1706 τῆς
2596 1649 2872 1716 ἀμωμήτου
2922 1647 3060 1716 ἡμῶν
3097 1647 3178 1697 καί
3216 1645 3489 1715 άπαρασα-

1900 1741 2082 1796 λεύτου
2106 1748 2205 1794 τῶν
2225 1746 2534 1814 Χριστιανῶν
2559 1739 2774 1798 πίστεως
2806 1735 2887 1791 διὰ
2914 1745 3002 1795 τῆς
3033 1734 3361 1795 διδασκαλίας
3389 1742 3490 1802 τῶν

221 1841 316 1904 per
362 1826 708 1881 diffinitioncs
740 1837 1044 1882 sanctarum
1090 1831 1326 1898 quinque
1370 1827 1716 1898 synodorum,
1747 1835 1803 1880 et

1909 1834 2062 1908 ἁγίων
2092 1832 2386 1888 ἀποστόλων
2407 1869 2424 1894 ,
2456 1829 2538 1884 διά
2566 1849 2619 1886 τε
2650 1837 2747 1884 τῶν
2775 1829 3010 1881 ἐκθέσεων
3037 1835 3137 1882 τῶν
3164 1826 3317 1900 ἁγίων
3342 1828 3486 1882 πέντε

221 1919 523 1974 doctrinam
578 1930 882 1976 sanctorum
931 1935 993 1974 ac
1052 1920 1401 1988 probabilium
1460 1917 1705 1983 Patrum,
1749 1927 1804 1974 et

220 2010 478 2063 omnibus
509 2010 802 2064 lia-resibus
844 2010 952 2080 jam
989 2009 1337 2066 manifesmtis
1363 2021 1519 2081 atque
1551 2013 1803 2066 condem-

219 2103 362 2159 natis
389 2113 444 2156 et
473 2103 617 2158 nullo
644 2103 895 2172 deinceps
929 2115 1237 2158 remanente
1278 2104 1436 2157 modo
1483 2117 1589 2171 quo
1637 2100 1805 2172 possit

219 2195 426 2250 divisio
465 2207 554 2248 aut
588 2195 830 2248 ‘schisma
864 2205 1062 2250 sancta:
1108 2209 1159 2249 et
1209 2195 1564 2252 immacolata:
1609 2204 1803 2248 nostra:

220 2285 344 2352 ﬁdei
392 2284 579 2338 inferri
607 2301 620 2336 :
648 2284 1020 2339 satisfecerunt
1054 2284 1208 2338 nobis
1237 2285 1398 2339 iidem
1432 2285 1528 2354 ipsi
1577 2283 1805 2337 sanctis—

218 2377 345 2441 simi
399 2377 738 2446 patriarchas,
776 2378 914 2442 quod
949 2381 1106 2430 verba
1156 2377 1398 2447 qntedam
1433 2375 1684 2430 novitatis
1727 2376 1804 2428 in-

220 2469 478 2536 tramissa
525 2477 666 2532 sunt,
700 2467 962 2536 aliquibus
1007 2469 1218 2538 quide.u
1265 2484 1327 2520 ex
1380 2467 1645 2538 imperitia
1692 2459 1805 2520 hinc

219 2558 709 2624 introduceutilms,
740 2559 1004 2626 aliquibus
1050 2575 1177 2611 Vero
1227 2559 1514 2626 ineongrue
1559 2566 1804 2612 scrutan-

217 2649 366 2706 tibus
397 2647 955 2716 incomprehensibilia
985 2664 1145 2718 opera
1179 2649 1272 2704 Dei
1301 2667 1314 2702 :
1345 2662 1398 2704 et
1429 2650 1574 2716 quia,
1605 2665 1668 2703 ex
1700 2663 1803 2716 quo

219 2744 343 2799 iure
375 2742 532 2796 verba
562 2744 760 2797 moveri
789 2753 1064 2810 coeperunt
1089 2753 1143 2797 et
1172 2759 1337 2812 usque
1369 2743 1625 2796 hactenus
1656 2749 1804 2794 utra-

218 2849 327 2902 que
375 2833 531 2886 sedes
577 2833 713 2886 inter
743 2850 798 2887 sc
830 2834 1048 2887 minime
1095 2842 1483 2897 convenerunt,
1520 2842 1578 2886 ut
1627 2831 1805 2901 inqui-

220 2938 407 2990 {cutes
465 2925 675 2980 sibimet
727 2927 1094 2980 satisfacerent
1149 2942 1242 2995 pro
1286 2925 1530 2979 veritate.
1578 2924 1804 2992 Pr0pter

221 3019 363 3081 viles
395 3018 552 3086 igitur
584 3019 952 3090 inquisitiones
996 3035 1101 3078 non
1146 3017 1215 3070 sit
1257 3017 1456 3070 inﬁnita
1505 3012 1799 3084 contentio,

224 3124 295 3163 ne
326 3109 480 3161 nobis
511 3109 768 3162 insultent
797 3110 980 3178 pagani
1009 3117 1062 3161 et
1090 3107 1342 3171 haeretici,
1374 3123 1544 3179 neque
1571 3108 1622 3160 in
1654 3106 1807 3161 nobis

221 3213 604 3268 usquequaque
671 3201 842 3252 locum
902 3200 1164 3266 accipiant
1223 3201 1427 3253 semina
1488 3197 1801 3252 adversarii.
1836 3174 1883 3236 (ἶ

221 3289 438 3345 Cadens
467 3305 692 3359 namque
719 3290 786 3342 ab
816 3291 1046 3343 humano
1091 3305 1306 3358 genere,
1335 3289 1474 3364 quod
1507 3291 1552 3343 ei
1601 3289 1805 3344 servic-

223 3386 340 3449 bat,
370 3391 426 3436 et
455 3384 706 3436 confusus
762 3399 855 3451 per
903 3385 1289 3452 apparitionem
1341 3382 1548 3437 Domini
1597 3384 1805 3450 nostri,

222 3483 510 3544 propterea
542 3489 647 3527 non
692 3475 913 3543 quiescit
961 3476 1074 3530 haec
1099 3477 1162 3527 ad
1195 3490 1346 3528 suam
1377 3475 1798 3530 Consolationem

223 3569 429 3625 facere.
463 3567 564 3622 Sed
615 3583 704 3634 per
733 3569 954 3636 gratiam
987 3568 1193 3622 Domini
1227 3571 1394 3621 nostri
1426 3566 1551 3621 Jesu
1583 3565 1804 3634 Christi,

223 3658 339 3712 vcri
373 3659 463 3712 Dei
518 3664 717 3726 nostri,
746 3662 906 3713 etiam
941 3660 992 3712 in
1027 3660 1106 3712 his
1157 3661 1509 3716 ennfundatnr
1556 3674 1646 3724 per
1696 3668 1809 3712 stu-

225 3753 377 3807 dium
405 3761 600 3805 vestra:
633 3763 866 3820 paternae
897 3751 1251 3815 beatitudinis,
1277 3763 1324 3806 et
1350 3751 1639 3804 secundmn
1663 3747 1806 3819 quod

223 3844 488 3910 Scriptum
529 3851 610 3896 est
656 3843 1046 3909 deponentihus
1091 3843 1243 3894 nobis
1291 3857 1503 3893 onmem
1553 3842 1722 3894 zelum
1754 3851 1808 3894 et

223 3951 446 3990 omnem
496 3935 892 3988 contentionem
927 3949 1245 4002 omnemque
1295 3933 1568 3998 invidiam,
1601 3931 1809 3987 veritati

223 4040 632 4082 concurramus.
672 4025 875 4079 Veritas
899 4025 1038 4079 enim
1071 4025 1176 4076 Deo
1206 4026 1365 4076 chara
1397 4034 1511 4087 est;
1540 4033 1590 4075 et
1619 4037 1810 4086 secun-

224 4117 354 4172 dum
412 4116 619 4169 Dunini
677 4130 890 4181 vocem,
943 4117 1241 4184 quicunque
1297 4113 1522 4167 voluerit
1568 4115 1803 4166 omnium

225 4209 437 4280 primus
463 4223 603 4271 esse,
633 4207 702 4261 sit
729 4208 963 4261 oumimn
1015 4207 1257 4260 minister
1303 4205 1520 4276 (Matth.
1552 4212 1707 4273 xm).
1746 4205 1810 4258 Et

226 4306 424 4358 iterum
456 4302 652 4354 dictum
679 4312 760 4355 est
784 4318 798 4353 :
825 4300 887 4353 lu
914 4300 1008 4352 Itoc
1036 4311 1333 4372 cognoscent
1365 4315 1536 4352 omnes
1566 4299 1685 4368 quia
1713 4299 1808 4352 mei

159 4428 166 4432 ο
224 4397 347 4458 estis
403 4395 677 4464 discipuli,
724 4395 768 4447 εί
815 4394 1137 4446 dilectionem
1191 4391 1468 4445 habueritis
1527 4392 1808 4444 adinviecm

225 4487 428 4556 (Joan.
458 4494 610 4556 xm).
664 4487 947 4556 Postquam
997 4487 1156 4555 igitur
1205 4495 1413 4554 tempus
1461 4499 1566 4538 non
1618 4483 1806 4550 recipit

226 4580 521 4651 perfectam
543 4577 1006 4647 congregationem
1033 4577 1168 4641 lieri,
1195 4577 1538 4628 adhortamur
1565 4585 1796 4628 vestram

228 4681 507 4739 paternam
531 4667 906 4722 beatitudinem
937 4682 1028 4735 per
1053 4674 1367 4735 praisentem
1401 4674 1634 4717 nostram
1669 4663 1806 4730 piam

225 4777 460 4825 Sacram,
491 4761 716 4830 dirigere
763 4761 904 4814 viros
937 4759 1091 4812 utiles
1136 4772 1200 4811 ac
1245 4757 1530 4821 modestos,
1567 4755 1804 4808 notitiam

227 4853 492 4908 habentes
522 4849 684 4905 totius
704 4866 732 4904 a
758 4851 866 4905 Deo
896 4851 1164 4918 inspirata:
1187 4848 1462 4912 doctrinm,
1487 4858 1536 4900 et
1565 4845 1803 4914 peritiam

225 4941 751 5010 irreprehensibilem
785 4941 1042 4995 habentes
1068 4940 1394 5007 dogmatum,
1430 4938 1644 4992 indutos
1675 4953 1798 5007 per—

227 5049 416 5090 Sonam
451 5041 638 5088 vestra:
685 5032 990 5100 apostolicae
1020 5031 1182 5095 sedis,
1212 5031 1430 5098 ejusque
1461 5027 1670 5083 concilii
1715 5029 1807 5083 de-

229 5127 466 5185 ferentes
493 5137 544 5181 et
573 5126 736 5180 libros
759 5128 843 5196 qui
866 5135 1110 5196 oportent
1129 5124 1350 5193 proferri
1370 5143 1380 5176 :
1398 5135 1449 5178 et
1470 5139 1678 5177 onlnem
1711 5140 1821 5180 an»

227 5218 531 5280 ctoritatem
565 5219 848 5284 habentes;
874 5228 1132 5288 quatenus
1155 5218 1532 5272 convenientes
1559 5232 1677 5271 cum
1720 5214 1806 5270 hic

231 5308 773 5377 posito.s:mctissiino
802 5325 863 5363 ac
905 5309 1211 5362 beatissimo
1252 5309 1572 5378 patriarcha,
1601 5319 1653 5361 et
1700 5307 1806 5360 Ma-

229 5398 382 5456 cario
429 5399 769 5454 sanctissimo
808 5399 1103 5468 patriarcha
1131 5399 1529 5468 Theopolitana:
1556 5399 1802 5465 civitatis,

234 5500 634 5559 perscrutentnr
659 5507 776 5544 cum
806 5491 948 5545 omni
989 5493 1392 5545 mansuetudine
1420 5501 1474 5545 et
1519 5490 1824 5556 modestia;

233 5592 288 5640 et
340 5598 432 5650 per
477 5585 698 5650 gratiam
748 5584 916 5637 sancti
961 5582 1188 5652 Spiritus
1234 5584 1439 5638 veritati
1483 5583 1725 5637 insistere
1757 5587 1811 5635 et

233 5675 561 5741 consentire,
594 5674 939 5730 munitionem
973 5676 1286 5730 habentibus
1315 5675 1392 5730 eis
1433 5677 1522 5744 qui
1572 5674 1674 5728 huc
1716 5672 1811 5726 ad-

236 5767 477 5842 venerim
503 5785 567 5822 ex
601 5776 748 5837 parte
788 5766 928 5834 sedis
963 5775 1174 5833 vestrae,
1217 5782 1308 5837 per
1339 5775 1654 5838 pra-sentem
1703 5781 1803 5821 no-

1906 1924 2147 1989 συνόδων,
2181 1927 2263 1976 καί
2290 1931 2380 1983 τῆς
2411 1919 2738 1982 διδασκαλίας
2768 1928 2865 1975 τῶν
2903 1919 3056 1989 ἁγίων
3102 1920 3338 1996 ἐκκρίτων
3385 1929 3488 1975 ﬂat.

1905 2019 2082 2088 τέρων,
2112 2018 2195 2070 καὶ
2221 2021 2400 2068 πασῶν
2427 2020 2524 2066 τῶν
2551 2013 2792 2084 ατρέσεων
2821 2009 2915 2069 ἤδη
2955 2013 3040 2065 καὶ
3080 2011 3492 2083 τηλαυγηθεισῶυ

1907 2111 1991 2162 καὶ
2018 2108 2441 2182 καταργηθεισῶν,
2468 2107 2549 2158 καί
2577 2105 2755 2176 μηκέτι
2784 2103 2988 2157 ὑπεῖναι
3017 2101 3202 2168 τρόπον
3229 2100 3493 2173 δυνάμενον

1906 2197 2296 2272 παρασπασμόν
2324 2195 2354 2254 ἡ
2381 2197 2591 2268 σχίσμα
2636 2202 2698 2267 τῇ
2747 2192 2868 2268 ἁγίᾳ
2915 2196 3001 2246 καί
3050 2194 3309 2265 ἀμωμήτῳ
3354 2195 3493 2264 ἡμῶν

1907 2296 2242 2366 περιποιῆσαι
2284 2287 2485 2342 πίστει’
2541 2288 2623 2340 καί
2666 2285 3045 2358 ἀπελογήσαντο
3094 2288 3210 2356 ἡμῖν
3256 2285 3300 2340 οἱ
3351 2287 3496 2339 αὐτοί

1907 2379 2184 2454 ἁγιώτατοι
2228 2377 2564 2455 πατριάρχαι
2590 2417 2604 2439 ,
2647 2381 2714 2436 ὡς
2758 2378 2961 2449 ῥηματά
3005 2399 3115 2432 τινα
3161 2385 3497 2448 καινοφωνιῶν

1908 2473 2254 2542 εἰσήχθησαν,
2287 2476 2431 2524 τινῶν
2457 2473 2546 2541 μέν
2578 2469 2626 2538 ἐξ
2660 2465 2946 2526 ἀνειδησίας
2991 2473 3159 2522 ταῦτα
3199 2467 3498 2538 είσαγαγόνέ

1907 2589 2029 2630 των,
2059 2566 2242 2638 ἐτέρων
2272 2563 2325 2618 δέ
2362 2557 2508 2637 παρά
2550 2563 2608 2616 τὸ
2638 2570 2890 2634 προσῆκον
2935 2561 3400 2634 ἐπεξεργαζομένων
3430 2561 3498 2615 τά

1907 2659 2246 2716 ἀκατάληπτα
2289 2655 2412 2732 ἔργα
2459 2661 2550 2712 τοῦ
2598 2659 2744 2708 Θεοῦ’
2775 2657 2857 2706 καί
2891 2651 2970 2708 ὅτι
3005 2649 3162 2723 ἀρόὗ
3205 2659 3370 2707 ταῦτα
3407 2651 3498 2726 ἧρ-

1908 2753 2058 2814 ξαντο
2105 2748 2341 2804 κινεῖσθαι
2389 2748 2456 2801 τὰ
2503 2746 2708 2818 ῥήματα
2761 2747 2840 2798 καί
2891 2746 3052 2816 μέχρι
3106 2749 3196 2796 τοῦ
3246 2743 3498 2818 παρόντες

1907 2840 2202 2898 συνέλευσις
2239 2838 2422 2906 μεταξύ
2450 2843 2550 2890 τῶν
2578 2833 2670 2889 δύο
2699 2834 2885 2906 θρόνων
2915 2835 2970 2888 οῦ
2993 2835 3220 2905 γέγονεν,
3244 2834 3324 2886 ἵνα
3352 2835 3498 2895 ἐκζη-

1909 2940 2136 2994 τοῦντες,
2163 2930 2506 3004 πληροῖνορίαν
2543 2930 2742 2988 ἑαυτοῖς
2791 2928 3096 2998 εἰσαγάγωσι
3123 2935 3212 2986 τῆς
3241 2926 3493 2986 ἀληθείας.

1910 3025 2000 3077 Διά
2051 3016 2139 3076 οὖν
2185 3021 2359 3094 οἰκτρά
2404 3021 2710 3089 ζητήματα,
2759 3021 2828 3087 μή
2882 3017 3102 3088 γενέσθω
3154 3016 3422 3076 ἀτέλεστος
3466 3017 3497 3074 ἡ

1912 3116 2218 3192 ἒρεσχελία,
2247 3119 2315 3187 μή
2362 3116 2689 3189 ἐπιχαρῶσιν
2731 3112 2850 3180 ἡμῖν
2891 3110 2937 3163 οἱ
2963 3105 3190 3168 ’Ἓλληνες
3221 3111 3306 3162 καί
3349 3109 3394 3160 οἱ
3421 3107 3497 3162 αἶ-

1912 3211 2118 3288 ρετικοί’
2149 3213 2217 3279 μή
2244 3207 2442 3261 λάϐωσι
2474 3207 2654 3278 χώραν
2677 3204 2772 3263 ἕως
2800 3209 2888 3257 τοῦ
2917 3203 3100 3262 παντὸς
3131 3205 3194 3255 τά
3223 3202 3498 3274 σπέρματα

1912 3307 2004 3357 τοῦ
2032 3302 2254 3354 ἱναντίου
2287 3303 2358 3358 εἰς
2399 3299 2552 3369 ἡμᾶς.
2602 3297 2859 3349 Ἐκπεσών
2889 3296 2988 3368 γάρ
3018 3295 3072 3346 ἐκ
3099 3301 3190 3352 τῆς
3235 3292 3498 3367 ἀνθρωπό-

1910 3411 2058 3451 τητος
2103 3397 2194 3449 τῆς
2256 3388 2607 3459 λατρευοῦσης
2652 3387 2825 3457 αὐτῷ,
2870 3389 2953 3438 καί
3002 3385 3395 3454 καταισχυνθεὶς
3433 3393 3496 3459 τῇ

1911 3483 2170 3555 ἕπιφανείᾳ
2213 3485 2302 3534 τοῦ
2345 3484 2475 3532 Θεοῦ
2523 3480 2680 3546 ἡμῶν,
2709 3477 2758 3528 ἐν
2806 3476 2970 3542 τούτῳ
3015 3471 3130 3551 ἄρτι
3176 3475 3230 3526 οὐ
3276 3476 3497 3528 παύεται

1909 3577 2079 3634 ταῦτα
2105 3574 2234 3644 πρὸς
2262 3571 2585 3644 παραμυθίαν
2617 3568 2799 3621 ἑαυτοῦ
2843 3573 2997 3620 ποιῶν
3023 3606 3037 3632 ,
3071 3565 3194 3619 άλλά
3220 3573 3281 3638 τῇ
3313 3567 3496 3638 χάριτι

1911 3670 2000 3721 τοῦ
2045 3666 2224 3734 κυρίου
2271 3663 2408 3729 ἡμῶν
2449 3657 2608 3716 Ἰησοῦ
2658 3663 2881 3730 Χριστοῦ
2926 3662 3023 3710 τοῦ
3083 3657 3315 3712 ἀληθινοῦ
3365 3662 3495 3710 Θεοῦ

1913 3759 2072 3827 ἡμῶν,
2115 3759 2199 3809 καὶ
2230 3756 2279 3807 ἓν
2306 3756 2506 3812 το·2τοις
2537 3748 2876 3825 κατῃσχύνθη
2913 3748 2996 3804 διά
3025 3759 3115 3810 τῆς
3145 3748 3374 3810 σπουδῆς
3404 3758 3496 3810 τῆς

1910 3851 2160 3920 ὑμετέρας
2187 3855 2436 3921 πατρικῆς
2466 3844 2858 3918 μακαριότητος,
2880 3845 2962 3896 καί
2984 3844 3112 3897 κατά
3132 3845 3189 3897 τὶ
3216 3843 3493 3919 εἰρημένον.

1912 3943 2282 4011 ἀποτιθεμένων
2325 3941 2460 4011 ἡμῶν
2507 3940 2672 3992 πάντα
2709 3937 2852 4000 ζήλου
2894 3938 2976 3989 καί
3013 3940 3185 3989 πᾶσαν
3229 3932 3371 4008 ἔριδα
3411 3935 3497 3987 καί

1912 4041 2080 4092 πάντα
2109 4034 2278 4107 φθόνον
2324 4039 2384 4105 τῇ
2417 4031 2618 4104 ἀληθείᾳ
2656 4026 3042 4102 συνδράμωμενα·
3092 4028 3120 4084 ἠ
3163 4026 3260 4101 γάρ
3297 4025 3498 4083 ἀλήθεια

1912 4127 2208 4201 ἠγαπημένη
2235 4125 2344 4178 ἐστὶ
2368 4129 2438 4192 τῷ
2466 4129 2591 4193 Θεῷ·
2620 4122 2696 4175 καί
2725 4120 2854 4173 κατὰ
2879 4124 2965 4176 τήν
2991 4124 3080 4172 τοῦ
3112 4121 3289 4193 κυρίου
3312 4121 3495 4188 φωνὴν,

1912 4218 2050 4279 ὅστις
2079 4218 2204 4271 θέλει
2231 4218 2432 4271 πάντων
2460 4220 2664 4288 πρῶτος
2692 4206 2830 4272 εἶναι,
2864 4207 2996 4264 ἴστω
3022 4211 3221 4263 πάντων
3248 4207 3492 4267 διάκονος.

1913 4316 2003 4366 Καί
2027 4310 2177 4366 πάλιν
2209 4307 2421 4385 ε”ρηται’
2437 4304 2584 4360 (Ὀτι
2609 4305 2654 4356 ἓν
2676 4297 2838 4374 τούτῳ
2851 4304 3148 4374 γνώσονται,
3167 4297 3243 4352 ὅτι
3269 4301 3374 4367 ἐμοὶ
3395 4321 3498 4368 μα⁴

1912 4408 2056 4465 θηταί
2093 4407 2230 4465 ἔστε,
2265 4405 2316 4456 ἐν
2341 4409 2413 4470 τῷ
2446 4402 2647 4470 ἀγαπᾷν
2850 4395 3108 4452 ἀλληλους.
3136 4411 3152 4442 1
3179 4391 3332 4446 ἰὶπάν
3356 4385 3438 4444 οὖν
3467 4389 3493 4446 ὃ

1917 4493 2104 4566 χρόνος
2156 4493 2247 4546 οὐκ
2293 4489 2590 4558 ἐπιδέχεται
2631 4487 2822 4539 τελείαν
2865 4485 3184 4558 συνάθροισιν
3223 4483 3491 4554 γενέσθαι⁹

1914 4585 2270 4657 προτρέπομεν
2317 4586 2406 4638 τὴν
2445 4580 2689 4653 ὑμετέραν
2730 4579 2976 4650 πατρικὴν
3020 4574 3368 4643 μακαριότητα
3413 4573 3494 4631 διὰ

1915 4682 2005 4732 τῆς
2046 4673 2309 4746 παρούσης
2351 4673 2488 4741 ἡμῶν
2531 4667 2772 4726 εῦσεῖῗοῦς
2821 4667 3017 4738 σάκρας
3067 4665 3255 4720 στεῖλαι
3303 4663 3494 4739 ἄνδρας

1916 4765 2206 4838 χρησίμους
2248 4782 2302 4816 τε
2352 4763 2432 4813 καὶ
2479 4760 2714 4817 ἐπιεικεῖς
2743 4799 2754 4819 ,
2803 4755 2991 4813 ε’ῗδησιν
3049 4755 3274 4828 ἔχοντας
3321 4761 3493 4822 πάσης

1913 4855 2246 4907 θεοπνεύστου
2292 4859 2505 4926 γραφῆς,
2533 4854 2614 4902 καί
2661 4855 2836 4922 πεῖραν
2873 4848 3204 4908 ἀνεπίληπτον
3251 4855 3494 4923 κεκτημέ·

1912 4968 2028 5006 νους
2081 4945 2372 5015 δογμάτων,
2419 4941 2766 5012 ἐνδεδυμέιους
2816 4944 2872 4997 τὸ
2921 4945 3197 5018 πρόσωπον
3242 4950 3332 5000 τοῦ
3383 4945 3494 4999 καθ’

1916 5038 2050 5107 ὑμᾶς
2083 5035 2414 5092 ἀποστολικοῦ
2455 5034 2624 5107 θρόνιυ
2673 5036 2755 5086 καὶ
2796 5042 2885 5094 τῆς
2917 5033 3133 5089 συνόδου
3163 5036 3314 5089 αὐτοῦ
3340 5075 3353 5098 ,
3381 5035 3491 5090 ἐπι-

1915 5130 2208 5204 φερομένους
2247 5130 2330 5180 καί
2361 5129 2450 5184 τάς
2488 5125 2690 5197 βίίῗλους
2737 5124 2796 5185 ἀς
2842 5123 2948 5180 δέον
2995 5127 3103 5180 ἔστί
3141 5129 3488 5202 προαχθῆναι,

1913 5223 2000 5274 καί
2030 5224 2201 5274 πᾶσαν
2247 5218 2500 5272 αὐθεντίαν
2546 5213 2806 5286 ἔχοντας,
2851 5219 2980 5291 πρὸς
3022 5218 3079 5270 τὸ
3109 5216 3492 5288 εὑρισκομένους

1911 5315 2043 5383 μετά
2090 5322 2188 5367 τῶν
2228 5311 2469 5376 ἐνταῦθα,
2499 5318 2588 5365 τοῦ
2637 5310 2920 5383 ἁγιωτάτου
2973 5314 3058 5364 καί
3097 5307 3489 5384 μακαριωτάτου

1913 5409 2265 5481 πατριάρχου,
2298 5408 2383 5456 καί
2412 5408 2680 5478 Μακαρίου
2715 5410 2804 5457 τοῦ
2841 5401 3126 5474 ἁγιωτάτου
3161 5404 3488 5481 πατριάρχου

1913 5496 2270 5559 Θεουπόλεως,
2321 5497 2649 5571 ἀνερευνῆσαι
2692 5497 2822 5566 μετά
2868 5495 3036 5554 πάσης
3080 5495 3366 5569 πρᾳότητος
3407 5499 3491 5554 και

1911 5588 2203 5648 ἐπιεικείας,
2233 5589 2314 5639 καί
2354 5594 2414 5658 τῇ
2446 5588 2626 5660 χάριτι
2656 5590 2744 5638 τοῦ
2777 5583 2920 5654 ἁγίου
2964 5593 3248 5652 magno;
3274 5595 3335 5656 τῇ
3374 5587 3490 5647 ἀλη-

1907 5678 2014 5750 θείᾳ
2059 5678 2326 5735 ἐπιστῆναί
2374 5697 2426 5730 τε
2474 5680 2554 5730 καί
2599 5677 2878 5736 πεισθήναι,
2915 5675 2972 5730 τὸ
3011 5674 3228 5746 ἀσφαλές
3266 5677 3491 5747 ἐχόντων

1911 5777 2010 5834 τῶν
2054 5769 2536 5841 καταλαμϐανόντων
2565 5771 2617 5823 ὲκ
2642 5769 2824 5841 μέρους
2852 5776 2936 5824 τοῦ
2969 5768 3070 5825 καθ’
3091 5769 3225 5841 ὑμᾶς
3260 5771 3486 5827 ἀποστο-

3239 5959 3262 5982 Ο
