4016 6354
224 351 372 424 mf

1505 369 1779 424 NOTITIA
1824 367 2211 425 lilSTORlC.-\.

3356 363 3494 420 “58

219 479 382 549 regali
434 479 608 543 cuitu,
664 479 930 534 residente
977 491 1098 534 cum
1152 477 1501 534 Constantino
1555 482 1792 549 Augusto
1822 482 1871 544 Δ
1899 496 2226 548 processum.
2263 477 2386 532 ΙΙ.εο
2421 478 2585 546 prima
2611 477 2725 548 ejus
2756 475 2906 531 ruina
2936 458 3056 543 fuit,
3085 476 3230 532 dte"I
3258 458 3319 531 i3
3343 493 3494 534 men-

219 571 448 640 Georgio
493 571 790 638 patriarcha
837 569 1428 639 Constantinopolitano
1469 586 1531 625 ac
1577 571 1806 626 M-cario

220 662 556 724 Antiocheuo
605 663 839 732 suscepti
893 673 1017 718 sunt
1052 663 1212 716 .missi
1266 665 1409 717 sedis
1458 665 1803 731 apostolicm,

217 751 412 807 deinde
438 751 812 820 metropolitae,
841 751 924 806 vL-l
950 752 1182 820 episeopi
1214 753 1548 806 orientalium
1579 755 1804 822 partium

219 858 443 897 numero
485 852 696 897 centum
734 843 1136 912 quinquztginta.
1177 844 1273 911 Qui
1316 845 1465 912 proni
1498 845 1803 909 adorantes,

218 933 459 989 residere
488 950 582 988 eos
628 934 880 1003 praecepit
931 948 1030 986 una
1081 949 1202 988 cum
1255 935 1470 988 nostris.
1521 934 1646 988 Post
1694 937 1808 988 haec

221 1017 498 1096 "patricii,
544 1027 744 1098 ltypati,
773 1042 1067 1098 omnesque
1105 1029 1135 1091 1‘
1183 1027 1361 1098 inclyti
1393 1011 1565 1081 introi.
1588 1039 1730 1094 runt,
1757 1037 1810 1082 et

219 1108 393 1169 habita
431 1115 777 1185 inquisitione
826 1115 894 1169 ab
949 1119 1064 1184 ejus
1108 1125 1128 1156 ³
1174 1109 1406 1185 pietate,
1445 1116 1597 1186 cujus
1646 1119 1810 1188 partis

215 1198 438 1261 deberet
469 1208 708 1262 ostensio
749 1206 1052 1275 approbari.
1104 1207 1286 1276 Legati
1327 1209 1470 1262 sedis
1501 1207 1808 1277 apostolicae

217 1297 474 1354 dixerunt
506 1318 518 1353 ε
555 1299 864 1368 Opportuna
896 1298 1095 1354 vetitas
1131 1310 1185 1354 et
1217 1301 1348 1353 ratio
1382 1301 1582 1368 exigit,
1644 1310 1699 1354 ttt
1725 1297 1745 1330 ⁸
1779 1315 1808 1354 a

216 1397 368 1460 parte
395 1405 584 1445 eorum
615 1392 703 1460 qui
738 1407 895 1444 uuam
923 1390 1250 1444 voluntatem
1283 1397 1337 1443 et
1363 1393 1724 1460 opetalionunt
1759 1393 1809 1445 in

216 1483 444 1538 Domino
469 1479 596 1539 JCSu
629 1483 841 1537 Christo
866 1493 1112 1537 asserunt
1143 1482 1452 1550 apostolicae
1505 1482 1648 1536 sedis
1670 1481 1690 1512 ⁸
1715 1498 1812 1536 ex-

215 1557 436 1645 ponere.
490 1573 588 1642 Qui
637 1574 936 1640 audientes,
971 1573 1072 1626 lteti
1105 1573 1301 1638 effecti,
1349 1583 1561 1642 paratos
1591 1590 1649 1627 se
1691 1587 1810 1629 esse

211 1666 488 1724 dixerunt.
540 1669 604 1722 Et
641 1676 860 1735 accepta
907 1667 1116 1721 lieentia
1148 1682 1209 1721 ea
1244 1665 1373 1719 hora
1404 1681 1529 1720 suos
1561 1668 1808 1720 intranti-

213 1769 406 1815 serunt
436 1759 603 1815 libros
629 1799 645 1826 ,
676 1760 698 1790 ⁸
729 1767 782 1814 et
811 1763 982 1814 tomos
1013 1760 1274 1822 diversos,
1304 1768 1358 1812 et
1387 1757 1644 1829 synodos,
1677 1773 1808 1828 quas

1909 574 1983 626 sis
2035 571 2335 636 Februarii,
2385 570 2679 624 auxiliante
2725 570 2878 624 beato
2921 567 3079 623 Petro
3122 569 3385 647 apostolo,
3434 577 3494 624 ut

1910 666 2147 719 verit..tis
2194 667 2366 717 lumen
2418 659 2735 731 appareret,
2795 659 3102 715 intromissa
3147 668 3272 713 sunt
3314 671 3496 714 coram

1911 761 2117 831 synodo
2153 759 2533 814 venerabilium
2571 758 2782 812 Patrum
2815 756 2955 809 dicta
2989 753 3209 809 Joannis
3236 753 3498 826 Constan-

1913 851 2268 920 tinopolitani,
2325 848 2547 919 Cyt-illi,
2605 846 2909 912 Athanasii,
2965 845 3181 912 Basilii,
3233 843 3497 914 Gregorii,

1913 943 1972 996 Di
1999 942 2170 1014 tuysii,
2221 943 2435 1006 ililarii,
2489 939 2792 1003 Ambrosii,
2843 935 3162 1008 Augustini,
3205 945 3259 991 et
3308 935 3500 990 Leonis

1913 1034 2102 1088 "duas
2132 1032 2401 1088 naturales
2425 1031 2742 1094 voluntates,
2773 1040 2821 1085 ct
2851 1028 3190 1097 operationes
3218 1029 3268 1082 in
3286 1024 3501 1082 Christo

1911 1119 2226 1193 dicentium,
2260 1126 2322 1178 ad
2351 1124 2764 1179 διιιὶειίιειίοιιθηι
2799 1121 3050 1191 principis
3085 1121 3168 1175 vel
3196 1119 3407 1192 synodi.
3492 1139 3499 1147 ·

1985 1223 2009 1251 ⁸³
2047 1219 2302 1289 Sequenti
2333 1218 2418 1272 die
2449 1216 2500 1272 in
2531 1217 2719 1271 eodem
2760 1214 3052 1270 secretario
3090 1213 3359 1269 residente
3401 1225 3498 1281 sy-

1914 1311 2058 1367 nodo
2098 1324 2201 1365 una
2241 1325 2360 1364 cum
2401 1308 2663 1379 principe,
2705 1305 2961 1378 synodica
3000 1303 3322 1360 sanctissimi
3358 1307 3498 1374 Aga-

1915 1405 2092 1459 thonis
2130 1418 2280 1474 papte
2319 1402 2514 1457 reiecta
2554 1411 2664 1467 est,
2715 1409 2767 1456 cl
2803 1403 2868 1454 ad
2908 1399 3114 1468 singula
3152 1398 3502 1468 comprobata

1916 1488 2188 1550 Patrum“
2211 1494 2348 1548 dicta
2382 1494 2612 1556 inserta,
2649 1493 2698 1546 in
2725 1507 2825 1561 qua
2855 1491 3110 1562 synodica
3143 1489 3375 1560 episcopi
3408 1503 3502 1544 oc-

1912 1589 2191 1644 cidentalis
2213 1587 2377 1657 partis
2407 1587 2835 1654 subscripserunt
2863 1585 3145 1640 numero"
3174 1592 3387 1640 centum
3418 1584 3502 1638 vi-

1911 1680 2340 1751 ginti'quiuque.
2372 1677 2612 1748 Cumque
2653 1686 2774 1749 post
2813 1679 2926 1732 hate
2954 1678 3267 1733 adhortatus
3296 1689 3376 1733 e~t
3406 1689 3504 1733 nec

1851 1809 1886 1862 λ
1913 1773 2170 1828 dicendus
2202 1772 2462 1826 Macarius
2502 1789 2528 1824 a
2569 1781 2748 1826 sancta
2795 1769 3023 1862 synodo,
3057 1771 3134 1825 vel
3167 1757 3324 1842 apio
3356 1772 3504 1839 prin-

214 1854 561 1926 ialsaverant.
584 1851 713 1906 Nam
744 1868 850 1905 non
881 1867 972 1920 per
1001 1851 1272 1905 veritatem
1302 1867 1359 1905 se
1385 1867 1639 1919 superare
1675 1851 1694 1882 ⁷
1731 1851 1807 1905 tti-

1915 1868 2049 1936 cipe,
2083 1865 2335 1934 omnique
2373 1874 2562 1919 senatu
2605 1872 2661 1916 ttt
2698 1843 3037 1934 protiteretitr
3069 1877 3224 1916 unam
3255 1873 3345 1916 aut
3370 1863 3503 1918 duas

213 1929 486 2013 tebautur,
521 1947 542 1978 ⁸
568 1946 660 2001 sed
694 1959 786 2015 per
816 1945 1114 2006 mendacia,
1164 1956 1219 1999 et
1245 1945 1452 1999 diversa
1482 1953 1806 2013 commenta,

210 2054 330 2108 quae
383 2038 438 2092 in
484 2036 504 2067 ⁹
543 2036 694 2091 lihris
737 2037 848 2089 suis
893 2034 989 2105 ipsi
1031 2035 1377 2102 addiderant,
1420 2044 1472 2090 et
1515 2036 1811 2104 relegentes

215 2143 310 2197 per
353 2129 584 2198 singula,
617 2129 810 2195 reperti
853 2139 978 2182 sunt
1016 2127 1300 2182 mendaces
1341 2144 1496 2183 unam
1537 2131 1809 2197 operatio-

211 2236 336 2275 nem
369 2231 423 2275 et
456 2222 804 2284 voluntatem,
843 2219 884 2251 ¹⁰
913 2221 1152 2294 dicentes
1181 2236 1196 2274 :
1229 2230 1283 2273 et
1316 2221 1366 2272 in
1395 2220 1577 2287 quinta
1604 2221 1811 2291 synodo

209 2312 497 2380 epistolam
531 2310 707 2383 Vigilii
749 2327 895 2382 papa:
927 2310 992 2365 ad
1023 2309 1268 2364 Menttatn
1302 2312 1688 2380 patriarcltatn,
1725 2321 1811 2367 at-

209 2417 313 2481 que
357 2401 594 2456 libellum
634 2402 870 2472 ejusdem
906 2402 1105 2456 Menam
1145 2403 1196 2456 in
1237 2404 1678 2472 quaternionihus
1711 2421 1811 2458 no-

215 2497 357 2574 viter
385 2494 604 2560 additis,
638 2495 990 2563 falsaverunt,
1036 2511 1192 2550 unam
1225 2496 1550 2552 voluntatem
1591 2504 1647 2553 et
1684 2514 1813 2568 ope-

212 2589 484 2643 rationem
529 2586 802 2651 dicentes,
842 2587 982 2656 quod
1023 2603 1201 2642 coram
1242 2587 1481 2657 principe
1519 2600 1573 2644 et
1605 2592 1811 2662 synodo

215 2677 254 2709 “
279 2679 499 2734 claruit.
531 2680 647 2733 Alia
673 2679 758 2734 die
785 2679 1057 2734 catholica:
1087 2679 1208 2735 fidei
1233 2681 1483 2736 defensor
1515 2683 1631 2752 pius
1663 2685 1810 2752 prin-

205 2776 343 2847 ceps
381 2769 436 2824 in
475 2772 767 2826 secretario
797 2770 840 2803 ¹³
871 2772 1147 2837 residens,
1191 2774 1535 2843 inquisitione
1575 2776 1641 2830 de
1681 2776 1811 2846 ipsis

209 2857 502 2914 Codicibus
529 2860 688 2925 facta,
718 2861 788 2915 ita
817 2863 1016 2931 reperit
1043 2865 1168 2916 t'alsa
1197 2865 1400 2918 naviter
1422 2866 1597 2920 addita
1623 2865 1807 2924 fuisse.

281 2954 387 3009 Die
415 2953 461 2988 ¹⁸
489 2954 802 3010 duodecima
845 2959 1043 3010 mensis
1074 2956 1116 2986 ”
1157 2957 1496 3024 Decembris,
1541 2960 1811 3017 residente

208 3044 426 3116 synodo
463 3060 583 3099 cum
623 3046 740 3115 ejus
782 3049 996 3117 pietate,
1037 3049 1270 3117 suscepti
1309 3060 1434 3104 sunt
1473 3050 1620 3107 missi
1662 3054 1809 3110 sedis

205 3136 554 3204 apostolicm,
593 3139 947 3208 et,pra:cepit
984 3154 1074 3192 eos
1117 3140 1159 3170 ³⁸
1199 3140 1250 3193 itt
1291 3143 1497 3210 synodo
1536 3145 1804 3211 residere;

207 3239 605 3298 praesentantes
645 3230 822 3284 locum
859 3233 1180 3287 sanctissimi
1221 3249 1283 3290 ac
1332 3235 1622 3291 beatissimi
1664 3240 1802 3306 Aga-

205 3319 392 3376 thonis
443 3337 616 3391 papa}.
668 3324 872 3388 Quibus
911 3324 1109 3378 dictum
1149 3337 1230 3380 εει
1283 3335 1342 3380 ut
1382 3343 1572 3383 omnes
1615 3327 1800 3392 libros,

202 3427 347 3483 quos
375 3415 576 3468 scirent
596 3415 660 3468 ad
684 3430 898 3469 causam
928 3415 1048 3470 iidci
1079 3417 1364 3485 pertinere,
1391 3433 1571 3473 coram
1597 3421 1804 3488 synodo

202 3505 542 3560 adducerent
575 3523 588 3558 :
623 3507 763 3575 quod
803 3517 855 3561 et
895 3506 1087 3560 factum
1128 3516 1229 3562 est.
1266 3508 1332 3562 Et
1364 3522 1548 3563 vocato
1574 3509 1804 3580 Gertrgio

203 3595 440 3650 diacono
479 3609 533 3651 et
562 3597 977 3668 citartOphylacc
1021 3599 1277 3656 Ecclesia:
1316 3600 1804 3671 C0ttstautin0poli-

204 3675 371 3752 farm,
404 3699 729 3756 praeor-ptum
759 3699 840 3744 est
872 3691 919 3745 ei
953 3703 1002 3744 ιιι
1030 3689 1182 3761 juxta
1210 3708 1395 3748 eorum
1429 3695 1668 3748 notitiam
1698 3693 1803 3750 Cod

201 3778 358 3835 dices
384 3795 451 3835 ex
493 3769 813 3836 bibliotheca
855 3783 1109 3839 Ecclesia:
1136 3785 1200 3838 ad
1231 3787 1464 3841 medium
1497 3787 1542 3819 “
1573 3788 1803 3842 deduce—

202 3881 323 3939 ret,
366 3883 422 3927 et
458 3873 582 3927 dum
633 3875 843 3930 adducti
891 3887 1088 3944 essent,
1144 3885 1196 3930 et
1245 3879 1627 3950 relegerentur,
1676 3880 1804 3934 utri‘

202 3977 310 4044 que
342 3962 390 3993 ¹⁷
425 3964 628 4018 similes
668 3969 863 4034 reperti
904 3979 1062 4035 sunt,
1105 3970 1236 4024 duas
1278 3983 1528 4035 naturas,
1567 3973 1804 4041 duasque

203 4059 544 4124 voluntates,
586 4071 642 4114 et
677 4063 1014 4130 operationes
1056 4064 1106 4117 in
1159 4065 1383 4129 Domino
1421 4065 1548 4119 Jesu
1589 4066 1804 4121 Christo

205 4151 494 4206 habentes.
548 4153 616 4206 Et
659 4154 913 4209 confusus
955 4157 1212 4211 Macarius
1249 4173 1430 4212 coram
1480 4159 1684 4228 synodo
1725 4160 1805 4212 in-

203 4241 401 4300 ventus
430 4255 512 4301 est
541 4249 788 4302 mendax.
820 4247 971 4302 Tunc
1005 4250 1279 4304 interdixit
1311 4251 1373 4317 pit
1397 4261 1474 4304 tas
1502 4251 1806 4320 Augustalis

201 4334 442 4407 Georgio
483 4339 818 4404 patriarchae,
843 4351 897 4393 ut
922 4342 1144 4396 minime
1182 4341 1234 4395 in
1270 4342 1505 4396 Ecclesia
1545 4358 1638 4395 sua
1679 4357 1804 4396 sus-

1914 1957 2156 2012 contitcri
2189 1957 2510 2024 voluntates,
2546 1955 2626 2010 vel
2669 1957 3030 2024 operationes,
3071 1954 3160 2026 qui
3200 1955 3505 2011 nullatenus

1912 2053 2143 2118 audivit,
2177 2051 2269 2104 sed
2314 2051 2486 2120 potius
2526 2065 2695 2120 neque
2724 2065 2879 2103 unam
2902 2091 2916 2114 ,
2947 2063 3117 2118 neque
3149 2047 3281 2104 duas
3314 2048 3366 2104 in
3399 2050 3506 2103 sal-

1915 2154 2100 2196 vatore
2148 2143 2330 2198 dicere
2382 2142 2565 2195 voluit.
2622 2142 2822 2196 Deinde
2870 2140 3087 2209 protulit
3134 2142 3405 2210 piissimus
3453 2149 3508 2197 et

1913 2237 2284 2292 serenissitnus
2326 2238 2574 2306 princeps
2619 2244 2820 2289 tomum
2861 2237 2924 2289 ad
2966 2234 3344 2304 relegentlum,
3380 2235 3425 2267 δ’
3454 2235 3507 2311 it!

1914 2344 2070 2399 quem
2114 2343 2308 2382 vanum
2353 2328 2662 2382 haereticum
2711 2327 2902 2394 dogma
2954 2327 3167 2381 Macarii
3220 2337 3334 2381 erat
3378 2342 3508 2380 eou-

1911 2422 2210 2488 scriptum,
2259 2429 2310 2475 et
2359 2419 2476 2488 ejus
2525 2433 2684 2472 manu
2730 2415 3121 2487 subscriptum,
3171 2417 3509 2487 apertissime

1913 2525 2073 2565 uuam
2107 2513 2429 2565 voluntatem
2470 2509 2780 2564 in'Dutniuo
2811 2507 3152 2564 aftirntautis.
3194 2509 3305 2564 Sub
3341 2509 3508 2578 ipsius

1912 2606 2238 2672 scrtptiottc,
2281 2612 2334 2659 et
2366 2603 2638 2658 Theodori
2676 2601 3096 2672 expatriarchm,
3142 2604 3322 2674 utique
3354 2601 3510 2674 juxta

1912 2711 2033 2750 eum
2079 2705 2318 2750 tenorem
2363 2695 2432 2748 ibi
2484 2688 2807 2764 subscriptio
2853 2704 2990 2749 erat.
3037 2695 3101 2747 Et
3151 2695 3509 2764 interrogatus

1913 2788 2176 2858 Gedrgius
2207 2783 2530 2857 patriarcha,
2561 2802 2606 2842 SI
2637 2802 2754 2842 eam
2791 2787 2946 2840 iidem
2978 2801 3134 2857 quam
3167 2787 3324 2842 docet
3352 2788 3510 2843 sedes

1911 2879 2208 2950 apostolica
2240 2877 2286 2909 ³³
2317 2879 2660 2946 amplectitur
2685 2878 2834 2946 juxta
2859 2877 3177 2946 scripturam
3218 2878 3508 2934 venerandi

1913 2971 2208 3042 Agathonis
2249 2984 2397 3038 papa:
2432 2984 2527 3023 seu
2555 2974 2862 3024 sanctorum
2899 2985 2964 3024 ac
2994 2970 3374 3025 venerabilium
3409 2971 3509 3025 Pa-

1913 3070 2074 3115 trum.
2116 3061 2215 3127 Qui
2247 3063 2521 3128 reSpondit
2552 3058 2693 3130 quod
2719 3070 2936 3129 accepta
2976 3059 3190 3116 lirentia
3216 3059 3262 3092 "
3285 3063 3338 3115 iu
3369 3060 3507 3115 scri-

1915 3154 2101 3223 ptiune
2131 3169 2249 3222 quae
2280 3161 2580 3221 opportuna
2620 3160 2774 3204 erant
2813 3153 3179 3222 responderet.
3223 3152 3290 3207 Et
3328 3152 3380 3208 in
3423 3153 3506 3210 his

1911 3243 2225 3300 recedentes
2265 3242 2352 3298 die
2395 3242 2456 3297 17
2501 3241 2704 3295 mt-nsis
2745 3239 3053 3308 Februarii,
3097 3242 3184 3297 die
3225 3243 3502 3301 Dominico

1911 3339 2050 3393 intra
2081 3338 2354 3391 oraculum
2386 3336 2557 3390 sancti
2603 3335 2743 3390 Petri
2769 3336 2906 3390 intra
2934 3336 3186 3405 palatium
3215 3337 3264 3367 ⁸⁸
3293 3345 3504 3394 astante

1910 3430 1957 3462 "
1977 3430 2525 3501 syncleto,simulque
2542 3436 2595 3483 et
2623 3428 2946 3498 patriarcha,
2977 3428 3177 3498 legatos
3203 3429 3348 3482 sedis
3378 3444 3508 3498 apo-

1908 3525 2112 3580 stolica:
2141 3524 2188 3555 ³⁷
2217 3525 2483 3590 suscepit,
2529 3519 2576 3554 ³⁸
2616 3522 2862 3591 relegens
2903 3523 3298 3590 suggestionem
3346 3524 3506 3580 aliam

1912 3630 2009 3686 pro
2040 3631 2227 3670 eorum
2255 3617 2299 3649 '9
2329 3613 2794 3669 commendatione
2821 3627 2852 3666 a
2881 3611 3226 3668 sanctissimo
3255 3628 3388 3683 papa
3420 3615 3506 3668 di-

1907 3717 2129 3764 rectam.
2177 3707 2278 3776 Qui
2317 3707 2579 3776 Georgius
2620 3709 2990 3761 sanctissimus
3035 3705 3333 3775 patriarcha
3383 3722 3510 3776 pros

1907 3801 2082 3854 fessus
2126 3810 2210 3854 est
2255 3815 2320 3854 eo
2361 3799 2446 3854 die
2495 3800 2545 3852 in
2593 3798 2806 3868 scriptis
2836 3798 2969 3851 duas
3011 3807 3224 3852 naturas
3267 3798 3508 3869 duasque

1907 3896 2208 3946 voluntates
2234 3901 2289 3946 et,
2322 3892 2661 3958 operatioucs
2695 3893 2742 3943 itt
2779 3890 3003 3944 Domino
3043 3889 3166 3944 Jesu
3191 3888 3414 3944 Christo
3445 3904 3507 3946 se

1909 3985 2134 4042 Credere
2165 3995 2220 4038 et
2250 3985 2576 4053 praedicare,
2610 3984 2749 4038 sicut
2777 3984 2933 4037 sedes
2966 3983 3259 4050 apostolica
3288 3982 3457 4036 credit
3489 3999 3502 4036 :

1909 4077 2369 4132 anathematizans
2397 4092 2491 4130 ens
2519 4077 2606 4144 qui
2653 4089 2811 4129 unam
2852 4085 3133 4138 naturam,
3178 4074 3417 4127 voluntat
3453 4089 3506 4130 In

1909 4179 1964 4224 et
1993 4171 2353 4239 operatimtem
2387 4171 2435 4221 itt
2467 4168 2688 4221 Domino
2717 4167 2843 4222 Jesn
2873 4165 3086 4220 Christo
3118 4167 3322 4220 dicunt.

1985 4264 2081 4318 Die
2127 4261 2377 4332 vigesima
2423 4264 2604 4330 quinta
2657 4263 2858 4316 mensis
2907 4260 3183 4315 Februarii
3237 4261 3505 4316 residente

1910 4354 2119 4424 synodo
2147 4369 2248 4407 una
2276 4369 2396 4408 cum
2431 4353 2516 4421 pio
2551 4355 2788 4421 pr‘ucipe
2817 4354 3081 4420 simulque
3111 4364 3165 4404 et
3205 4351 3316 4418 lega
3345 4351 3389 4403 is
3416 4365 3502 4405 see

200 4427 409 4496 eiperet
440 4427 762 4499 Macer-ium,
792 4432 876 4486 vel
907 4433 1024 4502 ejus
1070 4433 1344 4502 homines,
1379 4432 1702 4488 interdieeus
1753 4433 1803 4486 ei

1913 4451 1996 4503 dis
2026 4447 2354 4518 apostolicae,
2402 4447 2688 4501 Maearium
2719 4447 2905 4500 adesse
2927 4445 3222 4514 jusserunt.
3272 4443 3337 4497 Et
3375 4442 3500 4497 data

1399 4585 1827 4641 °VARIANTES
1869 4579 2271 4655 LECTIONES.

221 4727 230 4732 -
276 4699 293 4730 ι
325 4686 436 4749 AL,
473 4683 683 4755 patricii
710 4687 944 4756 quinque
971 4698 1265 4754 omnesque
1296 4683 1481 4756 inclyti
1514 4698 1636 4737 cum
1682 4681 1828 4735 omni
1854 4677 2150 4756 _si‘uditico.
2187 4704 2252 4756 —.-
2283 4675 2301 4706 ⁸
2333 4674 2460 4727 Cod.
2512 4671 2667 4740 Lua,
2700 4671 3008 4756 sch‘litift.
3056 4668 3238 4756 habita
3283 4669 3504 4756 inquisi-

201 4741 350 4818 tione
373 4741 441 4811 ab
465 4741 604 4823 ejus,
636 4741 742 4811 etc:
772 4741 892 4797 -’⁸
920 4758 1026 4819 AL,
1060 4741 1226 4820 parte.
1256 4781 1325 4794 —-
1348 4754 1369 4784 ⁸
1390 4741 1502 4821 AL,
1528 4765 1832 4823 aperte.e-
1853 4751 1872 4781 ⁵
1899 4750 2006 4814 AL,
2040 4745 2326 4823 auctoritas
2353 4741 2760 4823 expuuntur.
2779 4744 2798 4773 ⁸
2980 4741 3130 4807 ινα,
3154 4744 3204 4823 i_u
3227 4752 3404 4823 tomos
3423 4745 3505 4823 di-

202 4812 411 4886 uersos.
454 4812 526 4868 -;
561 4812 726 4888 τἈι..
773 4812 1214 4885 aestimaverunt;
1239 4824 1368 4880 Cod.
1415 4812 1578 4889 Lu'c.,'
1602 4812 2062 4877 existimaverunt.
2104 4847 2174 4858 ——
2208 4812 2230 4847 ⁸
2257 4817 2382 4889 Cod.
2423 4817 2550 4889 Luc.
2573 4827 2632 4889 _ct
2665 4815 2772 4876 AL,
2805 4815 2906 4889 nisi
2938 4830 3051 4882 per.
3073 4813 3316 4889 —__°__Al.,
3353 4813 3500 4889 libris

201 4881 458 4961 7-i—
487 4898 531 4929 ¹⁰
561 4899 671 4961 AL,
704 4881 756 4952 in
776 4881 1011 4953 Domino
1039 4897 1166 4953 Jesu
1195 4881 1406 4950 Christo
1433 4881 1574 4950 esse:
1594 4922 1662 4932 —-
1683 4894 1724 4924 ιι
1757 4891 1884 4943 Cod.
1922 4889 2073 4953 Lua,
2107 4888 2321 4956 placuit.
2357 4887 2486 4961 -—_-_‘_‘
2517 4886 2625 4961 AL,
2662 4886 2974 4961 pratsidens.
3010 4914 3076 4924 —
3109 4883 3150 4914 ¹³
3181 4881 3495 4961 συάηιιιᾳ,

1307 4946 1644 5021 Νὸνέιιιιίιλίε.
1671 4961 1789 5003 -¹³
1837 4965 1944 5026 AL,
1973 4946 2227 5030 synodus.
2260 4986 2327 4996 —
2359 4957 2404 4992 ¹⁶
2427 4946 2553 5030 Cod.
2585 4946 2737 5023 Lu'c.,
2767 4958 3283 5030 deducerentnra—g
3315 4958 3355 4988 ιτ
3386 4946 3494 5030 41.;

200 5023 474 5098 “rissimi
505 5023 723 5109 reperti.
743 5023 870 5081 -¹⁸Ῠ
894 5041 1000 5102 AL,
1035 5023 1133 5104 i4;
1169 5023 1298 5092 Cod.
1330 5037 1477 5109 Lua,
1515 5037 1604 5090 11.
1631 5034 1897 5109 —‘°_Al.,
1925 5023 2385 5109 dttas_ttatttras_et
2419 5028 2739 5109 voluntates.
2773 5023 3033 5107 -ίδᾼίη
3076 5027 3236 5108 uictis
3262 5029 3498 5081 insertis.

201 5097 331 5156 44³³
363 5110 493 5165 Cod.
527 5097 655 5165 bitt.
685 5097 736 5164 et
761 5113 866 5176 AL,
895 5097 1018 5165 cxx.
1049 5097 1184 5149 -’²²
1202 5109 1328 5162 Cod.
1363 5097 1513 5174 ικέη
1544 5122 1643 5160 una
1673 5115 1729 5160 et
1761 5097 2017 5176 haeretica
2039 5103 2285 5176 dogmata
2310 5098 2521 5153 Macarii
2553 5109 2708 5176 erant
2738 5100 3066 5176 conscripta,
3106 5109 3158 5151 et
3188 5097 3302 5176 ejus
3335 5113 3495 5176 manu

200 5183 529 5250 subscripta.
563 5183 673 5246 AL,
703 5181 758 5235 in
783 5170 889 5252 quo
917 5195 1018 5235 una
1051 5181 1298 5235 volunt-as
1327 5190 1384 5232 et
1418 5170 1669 5252 bte'retica
1701 5172 2191 5252 dogmata__ltl:tearii
2222 5181 2376 5225 erant
2395 5174 2721 5252 eonscripta,
2743 5183 2796 5240 et
2824 5173 3128 5252 ejuitnanu
3155 5170 3492 5252 subscripta,

203 5237 261 5310 ii
275 5237 639 5320 apertissime
660 5237 828 5308 'unan't
855 5253 1186 5307 voluntatem
1209 5254 1268 5305 in
1304 5252 1529 5303 Domino
1566 5237 1909 5320 altirmaittia.
1935 5247 2082 5320 ,Post
2121 5246 2305 5320 ipstus.
2324 5237 2779 5320 subscriptiitneut
2814 5252 2868 5296 et
2897 5240 3188 5320 Theodori.
3216 5267 3280 5276 —
3311 5237 3355 5275 ’³
3385 5239 3495 5301 AL,

205 5310 624 5387 ampieCIeretur
647 5321 798 5392 juxta
823 5323 1048 5391 scripta.
1077 5352 1145 5362 —
1183 5321 1229 5354 "
1263 5322 1368 5380 AL.
1399 5321 1450 5374 iu
1483 5322 1706 5392 scripto.
1727 5318 1854 5392 -τη
1880 5319 1984 5377 AL,
2016 5310 2547 5392 astaittes_Attgttstt_ts
2581 5313 2736 5392 simul
2767 5324 2820 5366 et
2851 5313 3150 5380 patriarcha
3178 5310 3400 5377 legatos.
3423 5337 3496 5349 —

208 5382 379 5461 "AL,
409 5382 667 5450 svnc'eilo:
698 5423 771 5436 —
796 5403 839 5434 ⁸⁷
869 5382 978 5460 Διὶ,
1007 5400 1382 5454 suscepetuat.
1409 5419 1480 5432 —
1508 5394 1551 5425 ’⁸
1581 5382 1694 5455 AL,
1723 5382 2046 5458 relegantes:
2067 5415 2135 5425 --
2163 5385 2205 5416 ’θ
2233 5385 2340 5451 AL,
2371 5382 2837 5440 cuttdemttatione.

1457 5473 1780 5563 sEveutxt
1822 5503 1977 5559 BIN“
2022 5501 2254 5557 sum.

206 5624 505 5679 absolutam
557 5624 720 5679 fuisse
771 5622 994 5688 scribit;
1047 5621 1286 5676 actiones
1355 5635 1484 5674 vero
1542 5617 1692 5683 illae,
1754 5616 1805 5670 in

207 5696 399 5764 quibus
451 5693 716 5750 Honorius
761 5693 957 5748 dicitur
1004 5708 1126 5747 esse
1162 5692 1797 5764 condemnatus,_c:ete-

209 5759 387 5834 ra-que
416 5773 720 5833 sequentes,
751 5779 932 5822 mense
963 5764 1200 5834 Augusto
1227 5772 1281 5820 et
1324 5760 1624 5834 Septembri
1657 5759 1800 5816 cele-

207 5834 371 5891 bratx
408 5840 758 5908 reperiuntur.

1992 5623 2017 5650 ⁸
2049 5613 2304 5682 Sequente
2332 5614 2415 5668 die
2435 5615 2487 5666 in
2515 5613 2688 5668 eodem
2715 5619 2984 5665 secretario
3011 5608 3259 5682 residente
3280 5613 3493 5676 synodo.

1911 5695 2016 5740 etc.
2077 5680 2198 5739 llaec
2242 5702 2361 5752 qua:
2405 5697 2700 5755 sequuntur
2744 5697 2908 5748 usque
2953 5682 3016 5755 ad
3065 5680 3218 5755 Vitium
3273 5683 3446 5755 locum
3479 5727 3492 5738 .

1914 5756 2175 5810 Macarius
2213 5771 2328 5809 vero
2376 5753 2496 5810 cuni
2538 5754 2662 5821 suis,
2690 5765 2818 5819 etc.,
2854 5753 2990 5823 apud
3049 5754 3176 5806 Acta
3225 5753 3490 5822 synodali;

1912 5828 2300 5884 desiderantur.
