4016 6354
475 319 606 376 1159

1492 317 1549 374 S.
1590 318 1870 374 AGATllO
1912 315 2239 372 ROMANUS
2281 314 2645 370 PONTIFEX.

3600 319 3742 374 H60

471 453 497 488 ιι
529 433 762 504 principe
792 432 1000 489 licentia
1033 441 1088 485 ut
1118 448 1174 487 se
1215 432 1231 464 ⁸
1273 439 1449 501 partes
1475 430 1592 500 quis
1635 432 1684 484 in
1714 444 1847 499 quas
1881 431 2037 485 vellet
2067 432 2114 488 Α
2142 429 2308 483 cturis
2347 428 2589 482 ecclesia:
2627 429 2648 460 ο
2691 426 2888 493 figuras
2917 441 3101 482 eorum
3125 469 3139 496 ,
3171 437 3263 482 aut
3305 427 3356 484 in
3387 427 3616 495 foribus,
3649 430 3742 486 ubi

470 526 749 589 divideret,
801 523 1058 592 Georgius
1107 523 1402 591 patriarcha
1447 522 1606 590 regia:
1650 520 1879 575 civitatis
1926 535 2046 575 cum

471 618 580 670 suis
624 617 673 670 in
719 622 897 684 partes
945 612 1357 668 ortliodoxorum
1405 613 1568 677 stetit,
1618 600 1877 666 Macarius
1920 627 2049 666 vero

472 723 588 761 cum
623 707 731 761 suis
763 708 814 760 in
857 716 1002 771 parte
1041 705 1139 758 ulla
1187 703 1580 757 hereticorum.
1627 702 1695 754 Et
1726 702 2049 756 deducentes

473 796 538 850 ad
569 796 797 850 medium
841 793 1224 863 professionem
1257 791 1466 859 Georgii
1509 791 1820 859 patriarcha:
1843 833 1857 859 ,
1892 803 2050 861 quam

476 888 702 955 fecerat,
759 891 779 921 ’
818 899 1061 956 porrecta
1105 895 1185 940 est
1230 884 1452 953 principi
1498 892 1552 938 et
1600 885 1789 939 reiecta
1836 894 1936 938 est.
1989 885 2052 937 lit

475 980 828 1041 commonitus
873 978 1264 1048 suprascriptus
1312 976 1591 1042 Macarius,
1638 976 1762 1044 quid
1809 977 2051 1040 sentiret,

476 1070 558 1123 vel
589 1069 859 1132 crederet,
906 1069 1175 1136 respondit
1216 1083 1273 1122 sc
1315 1067 1336 1098 ³
1387 1069 1438 1121 in
1485 1082 1545 1122 ea
1596 1067 1846 1135 perﬁdia,
1895 1081 2050 1134 quam

474 1171 599 1216 ante
648 1171 1012 1230 proposuerat,
1065 1159 1373 1229 perdurare,
1423 1169 1474 1212 et
1521 1158 1820 1211 nullatenus
1864 1157 2051 1210 ortho-

475 1255 626 1308 doxa:
658 1255 773 1309 lidei
805 1255 1168 1322 acquiescere.
1205 1254 1276 1306 Ea
1309 1251 1436 1307 liora
1469 1263 1650 1306 sancta
1680 1255 1914 1322 synodus
1951 1243 2052 1306 una

475 1360 592 1399 cum
623 1345 855 1412 principe
880 1343 993 1410 ejus
1020 1344 1254 1396 orarium
1279 1343 1472 1395 auferri
1499 1335 1817 1411 jusserunt‘
1851 1359 1878 1393 a
1916 1333 2056 1397 collo

475 1434 590 1504 ejus
620 1443 673 1488 et
701 1434 954 1489 exsiliens
985 1421 1208 1487 Basilius
1244 1434 1523 1502 episcopus
1552 1431 1820 1486 Cretensis
1866 1432 2052 1488 Eccle-

477 1527 588 1590 siae,
624 1525 738 1594 ejus
766 1527 1000 1579 orarium
1029 1513 1276 1589 abstulit;
1310 1536 1362 1579 et
1392 1525 1903 1578 anathematiaantes
1935 1541 2055 1592 pro-

472 1617 714 1684 iecerunt
754 1634 874 1672 eum
907 1617 1034 1672 foris
1074 1617 1364 1686 synodum,
1411 1617 1674 1684 simulque
1713 1627 1762 1670 et
1809 1617 2056 1671 thronum

478 1709 616 1779 ejus.
647 1711 974 1778 Stephanum
1007 1721 1182 1764 autem
1211 1709 1527 1778 discipulum
1556 1707 1672 1778 ejus
1701 1708 1998 1763 certicibus
2027 1714 2055 1761 a

2149 519 2234 572 ubi
2278 533 2398 572 esse
2439 528 2686 586 poterant
2727 517 3056 585 auferentes,
3102 519 3154 573 id
3195 528 3297 584 est,
3344 519 3502 591 Cyri,
3545 523 3746 589 Sergli,

2149 609 2316 674 Pauli,
2357 608 2566 678 l’yrrui,
2604 607 2765 672 Petri,
2805 625 2897 675 per
2922 613 3056 679 quos
3085 621 3241 665 error
3267 611 3579 666 orthodoxa:
3611 599 3744 668 ﬁdei

2149 715 2316 769 usque
2349 715 2488 754 nunc
2525 686 2567 729 ί⁰
2608 700 2904 768 pullulat-it.
2951 701 3118 754 Tanta
3148 703 3324 756 autem
3358 704 3526 772 gratia
3556 704 3746 757 divina

2149 789 2533 858 omnipotentis
2560 803 2812 842 concessa
2841 797 2922 843 est
2951 791 3126 843 missis
3155 789 3299 845 sedis
3324 791 3653 860 apostolicae,
3682 802 3749 846 ut

2149 879 2214 934 ad
2248 871 2486 934 lrctitiam
2522 875 2733 948 populi,
2769 880 2850 933 vel
2881 878 3055 934 sancti
3096 880 3339 948 concilii,
3371 880 3460 950 qui
3505 881 3557 935 in
3599 884 3749 950 regia

2152 973 2283 1025 urbe
2319 981 2474 1028 erant
2515 962 2751 1026 Joannes
2781 971 3064 1040 episcopus
3101 971 3415 1027 Porluensis
3446 973 3485 1003 “
3514 957 3752 1027 domini-

2151 1080 2334 1119 corum
2366 1052 2452 1119 die
2481 1074 2788 1118 octavorum
2825 1063 3038 1131 paschae
3077 1063 3129 1119 in
3169 1065 3397 1118 ecclesia
3434 1062 3605 1118 beatas
3646 1063 3753 1119 Set

2153 1155 2290 1225 phia:
2321 1155 2514 1209 missas
2559 1153 2795 1222 publicas
2836 1154 3022 1208 Latine
3051 1155 3351 1209 celebraret
3378 1169 3558 1209 coram
3599 1154 3752 1223 prino'

2154 1252 2274 1316 cipe
2305 1259 2356 1302 et
2389 1247 2712 1315 patriarcha,
2746 1237 2803 1299 ul
2833 1261 3021 1300 omnes
3049 1244 3369 1301 unanimiter
3397 1247 3447 1300 in
3479 1246 3662 1301 laudes
3694 1249 3754 1301 et

2157 1338 2406 1392 vietorias
2461 1337 2826 1406 piissimorum
2876 1338 3259 1404 imperatorum
3307 1353 3372 1393 eo
3418 1339 3502 1392 die
3548 1337 3756 1393 Latinis

2155 1429 2377 1483 vocibus
2407 1430 2786 1483 acclamarent.
2815 1428 2910 1482 llic
2933 1428 3169 1499 suscepit
3192 1429 3420 1484 divalem
3450 1429 3756 1499 jussionem

2159 1521 2451 1574 secundum
2483 1535 2634 1575 suam
2673 1521 3119 1590 postulationem,
3167 1523 3222 1575 ut
3259 1522 3556 1591 suggessit;
3604 1534 3626 1562 ε
3658 1537 3758 1591 per

2158 1629 2315 1682 quam
2352 1603 2396 1644 "
2427 1614 2660 1667 revelata
2692 1625 2773 1668 est
2803 1612 3070 1682 quantitas
3091 1654 3106 1677 ,
3144 1627 3260 1682 qua:
3295 1607 3604 1668 solita'erat
3637 1613 3758 1668 dari

2163 1717 2260 1770 pro
2291 1701 2628 1756 ordinatione
2661 1697 2928 1770 pontiﬁcis
2961 1701 3225 1755 facienda.
3257 1702 3346 1755 Sic
3375 1712 3585 1770 tamen,
3619 1713 3676 1756 ut
3709 1699 3759 1758 sl

476 1814 656 1855 sancta
697 1802 901 1870 synodo
941 1801 1117 1857 clerici
1159 1800 1380 1856 Romani
1411 1799 1684 1868 ejicientes
1720 1801 2058 1869 expulerunt,
2097 1788 2140 1847 Β
2167 1791 2449 1860 contigerit
2487 1798 2607 1861 post
2644 1791 2760 1861 ejus
2792 1792 3071 1846 transitum
3103 1780 3415 1846 electionem
3457 1792 3600 1858 ﬁeri,
3646 1808 3759 1849 ιιι-ιι

480 1893 553 1948 Ea
584 1894 710 1948 hora
752 1901 912 1947 tanta:
948 1885 1064 1948 tela:
1106 1901 1416 1949 aranearum
1450 1894 1751 1962 nigerrima:
1795 1895 1846 1946 in
1888 1895 2063 1950 medio

479 1976 660 2054 populi
689 1979 1034 2050 ceciderunt,
1066 1992 1122 2037 ut
1153 1996 1340 2038 omnes
1370 1981 1689 2037 mirarentur
1726 1997 1788 2038 ac
1823 1980 2066 2039 dicerent

478 2075 619 2146 quod
665 2074 851 2129 sordes
895 2075 1156 2129 haaresum
1188 2073 1424 2142 expulsa:
1465 2078 1610 2128 sunt.
1659 2073 1724 2128 Et
1767 2061 1876 2129 Deo
1917 2066 2065 2129 auxi-

479 2165 643 2220 liante
680 2166 839 2219 unita:
867 2176 989 2220 sunt
1018 2173 1215 2219 sancta:
1249 2165 1341 2219 Dei
1383 2157 1655 2220 Ecclesia.
1700 2161 1756 2219 In
1788 2164 1905 2220 loco
1935 2181 2064 2220 vero

479 2251 691 2312 Macarii
720 2256 992 2311 ordinatus
1021 2268 1103 2311 est
1147 2257 1168 2287 ⁵
1208 2256 1509 2326 Stephanus
1550 2257 1714 2309 abbas
1753 2256 2064 2312 monasterii

478 2336 620 2417 quod
645 2347 942 2417 appellatur
974 2346 996 2376 ⁸
1033 2345 1187 2416 Bajas
1208 2346 1397 2400 insula:
1421 2344 1741 2411 Siciliensis,
1763 2346 2064 2417 patriarcha

483 2431 737 2493 Ecclesia:
766 2438 1134 2494 Antiochena.
1181 2437 1443 2492 Macarius
1473 2452 1601 2492 vero
1629 2452 1749 2492 cum
1779 2437 1890 2493 suis
1918 2453 2067 2491 ama-

483 2529 717 2594 toribus,
749 2529 801 2583 id
833 2540 946 2596 est,
979 2530 1274 2599 Stephano,
1309 2531 1594 2583 Anastasio
1625 2529 2064 2599 espresbytcris,

480 2628 533 2674 et
565 2620 788 2675 Leontio
814 2621 1129 2684 exdiacono,
1159 2620 1531 2692 Polychronio,
1568 2620 1867 2690 Epiphanio
1903 2622 1922 2651 ⁷
1969 2636 2066 2675 ex-

481 2712 839 2782 presbyteris;
889 2721 941 2767 et
985 2712 1202 2767 inclusis
1245 2721 1267 2748 ⁸
1310 2710 1333 2742 ⁸
1363 2713 1414 2766 in
1447 2710 1635 2766 exsilio
1679 2711 1730 2766 in
1776 2709 2068 2765 Romanam

482 2802 667 2855 dlrecti
699 2811 820 2856 sunt
846 2801 1136 2858 civitatem.
1164 2800 1187 2838 δ
1219 2801 1418 2856 Deinde
1446 2802 1776 2855 abstulerunt
1805 2801 1872 2856 de
1899 2802 2072 2872 dipty-

481 2889 596 2946 chls
636 2893 980 2949 ecclesiarum
1022 2892 1232 2948 numina
1274 2892 1728 2962 patriarcharum;
1775 2892 1858 2946 rel
1889 2891 1955 2946 de
1990 2893 2070 2960 pi-

2162 1881 2354 1936 debeat
2382 1881 2617 1936 ordinari
2648 1883 2735 1950 qui
2767 1883 2968 1938 electus
3009 1881 3204 1950 fuerit,
3247 1881 3348 1938 nisi
3391 1884 3537 1953 prius
3562 1884 3760 1939 decree

2164 1976 2276 2026 thm
2306 1972 2556 2042 generale
2601 1973 2972 2029 introducatur
3011 1973 3064 2028 in
3097 1974 3295 2046 regiam
3327 1976 3512 2030 urbem
3557 1990 3760 2030 secun-

2161 2055 2288 2118 dum
2341 2060 2614 2134 antiquam
2669 2064 3152 2131 consuetudinem,
3207 2074 3262 2120 et
3305 2076 3426 2120 cum
3476 2065 3521 2096 "
3567 2072 3760 2121 eorum

2160 2147 2520 2221 conscientia,
2559 2155 2614 2211 et
2651 2155 2896 2224 iussione
2925 2154 3118 2212 debeat
3143 2152 3413 2212 ordinatio
3443 2158 3758 2228 provenire.

2168 2248 2265 2304 llic
2295 2240 2336 2279 “
2363 2247 2562 2302 dimisit
2593 2248 2738 2302 Omni
2767 2247 2914 2302 clero
2945 2263 3126 2318 rogant
3169 2263 3326 2303 unam
3349 2287 3364 2315 ,
3408 2259 3462 2304 et
3489 2251 3554 2302 ad
3603 2241 3764 2303 lumi-

2168 2340 2316 2394 naria
2346 2338 2735 2408 apostolorum,
2762 2346 2816 2392 ct
2840 2352 3039 2392 sancta:
3069 2338 3247 2393 Maria:
3272 2338 3339 2394 ad
3370 2337 3638 2406 Praesepe,
3668 2355 3760 2392 so-

2168 2430 2306 2485 lidos
2335 2432 2441 2483 duo
2471 2429 2615 2484 mille
2645 2429 2687 2460 ¹⁸
2717 2439 2951 2494 centum,
2985 2438 3038 2483 et
3081 2428 3450 2499 quadraginta.
3483 2429 3634 2485 Fecit
3663 2441 3761 2481 and

2169 2527 2274 2574 tem
2303 2519 2692 2575 ordinationem
2735 2535 2917 2584 unam,
2967 2521 3307 2591 presbyteros
3336 2521 3544 2588 dedero,
3575 2520 3763 2574 diacoa

2171 2626 2268 2666 nos
2301 2623 2428 2676 tres,
2461 2611 2742 2680 episcopos
2775 2625 2868 2680 per
2897 2609 3107 2665 diversa
3153 2612 3268 2666 loca
3313 2627 3533 2666 numero
3573 2611 3762 2665 decem

2171 2713 2225 2758 et
2252 2713 2394 2759 octo.
2429 2703 2527 2770 Qui
2561 2703 2718 2758 etiam
2752 2702 2991 2772 sepultus
3019 2711 3099 2758 est
3133 2704 3270 2773 apud
3304 2703 3513 2758 beatum
3543 2701 3763 2758 Petrum

2171 2795 2469 2866 apoStolnm
2518 2796 2618 2849 sub
2663 2795 2749 2849 die
2792 2809 2847 2847 tv
2897 2795 3015 2848 ldus
3059 2793 3318 2858 Januarii,
3363 2803 3416 2848 et
3458 2797 3486 2840 ἃ
3532 2782 3762 2849 cessaiil

2173 2891 2515 2960 episcopatus
2542 2903 2739 2942 annum
2772 2893 2956 2952 tinum,
2986 2902 3198 2944 menses
3229 2899 3320 2955 ut,
3354 2886 3470 2942 dies
3501 2902 3551 2940 vi

1700 3025 2096 3083 VARIANTES
2136 3011 2543 3084 LECTIO‘NE'S.

552 3124 660 3162 —'
688 3121 794 3186 AL,
822 3121 873 3174 in
902 3130 1102 3189 partem
1133 3136 1292 3193 quam
1316 3120 1405 3193 qui
1436 3121 1612 3176 Vellet.
1643 3150 1715 3193 -έ
1743 3121 1988 3193 ’_Al.,_et
2033 3129 2408 3193 porrexerunt.
2436 3135 2506 3193 -έ
2536 3120 2560 3193 ξ
2586 3118 2713 3193 AL,_
2741 3119 2795 3174 in
2834 3120 3042 3175 eadem.
3069 3132 3141 3193 -τέ-
3168 3119 3190 3150 δ
3219 3117 3345 3193 Cod.
3378 3107 3530 3193 Lac”
3563 3131 3592 3171 a
3621 3117 3766 3193 collo

484 3193 598 3262 ejus
638 3194 797 3247 deest.
852 3221 922 3232 —
961 3193 981 3222 ⁸
1011 3189 1557 3262 ΑιηἿΙιθυιιιιιιιιίιις.
1600 3221 1670 3232 -
1700 3191 1720 3221 ⁸
1749 3191 1877 3244 Cod.
1913 3189 2063 3256 Luc.,
2113 3191 2318 3256 Pasias.
2366 3221 2433 3230 -—
2472 3192 2491 3221 ⁷
2522 3190 2650 3244 Cod.
2686 3189 2839 3256 ιυτ..
2871 3191 3172 3262 Anastasio.
3196 3218 3286 3262 _—
3323 3189 3492 3262 ξΑιε,
3538 3190 3668 3262 trusi
3710 3190 3764 3262 in

487 3265 757 3317 exsilium.
813 3291 886 3303 —
941 3265 962 3294 ’
991 3263 1118 3316 Cod.
1147 3263 1298 3329 Lua,
1331 3265 1526 3328 ﬁguras
1553 3277 1736 3315 eorum
1769 3264 1924 3316 deest.

1971 3293 2043 3304 —
2075 3262 2118 3292 ¹⁰
2147 3263 2253 3327 AL,
2288 3262 2658 3329 pullulaverat.
2710 3291 2776 3301 —-—
2806 3270 2844 3301 ιι
2877 3263 2985 3323 AL,
3009 3259 3278 3313 dominico
3303 3260 3390 3313 die
3444 3259 3657 3311 Pascha:
3709 3260 3761 3312 in

484 3335 729 3388 ecclesia.
751 3361 822 3372 —
842 3335 884 3372 ι’
905 3332 1034 3387 Cod.
1065 3333 1216 3400 Lua,
1246 3333 1518 3400 revelata;
1547 3333 1654 3398 AL,
1684 3335 1935 3403 relegata.
1959 3362 2029 3372 —
2053 3331 2096 3363 ¹³
2118 3333 2228 3399 AL,
2251 3333 2368 3402 ejus
2389 3333 2749 3401 imperatoria.
2778 3348 2846 3375 έ-
2872 3331 2915 3361 ¹⁸
2937 3333 3047 3397 AL,
3071 3329 3270 3386 divisit.
3293 3345 3365 3371 έδ-
3385 3330 3430 3361 ¹⁸
3451 3330 3579 3383 Cod.
3608 3329 3762 3396 Luc),

483 3405 658 3472 21:11.,
681 3419 800 3459 cu.

1744 3515 2065 3574 SEVERINI
2107 3515 2262 3570 BlNll
2305 3514 2533 3572 NOTAE.

557 3643 584 3672 ι
643 3627 702 3687 ιιι
752 3631 928 3708 exsilio
979 3630 1030 3684 in
1086 3627 1373 3708 Iloinanam
1427 3629 1762 3708 directisnnt
1800 3630 2069 3708 cii‘itatem.
2103 3629 2149 3692 C
2179 3627 2426 3708 mntionis
2453 3627 2744 3708 antiqhitus
2771 3644 2864 3708 per
2889 3625 3514 3708 tyraniiidem'nsurpato,
3540 3614 3766 3698 iniquis-

489 3705 646 3758 Errat
680 3703 1024 3764 Anastasius;
1059 3717 1163 3755 non
1213 3703 1353 3754 enim
1382 3702 1444 3755 ad
1477 3701 1848 3762 exsulandum,
1878 3701 1969 3752 sed
2004 3700 2068 3751 ad

494 3774 923 3844 prosequendum
964 3787 1122 3839 quam
1169 3772 1596 3844 interposuerunt
1637 3770 2066 3840 appellationem,

492 3842 560 3897 ab
587 3842 901 3912 imperatore
934 3844 1152 3895 Romam
1178 3842 1402 3910 ablegati
1432 3842 1664 3908 fuerunt,
1697 3851 1749 3894 ut
1777 3850 1978 3894 constat
2004 3855 2069 3893 ex

492 3916 713 3982 epistola
742 3912 1074 3967 Constantini
1117 3912 1455 3978 imperatoris
1484 3913 1548 3965 ad
1591 3914 1820 3966 Leonem
1854 3927 2066 3979 papam,

490 3995 607 4053 quae
638 3993 807 4038 exstat
852 3989 900 4036 in
943 3985 1044 4035 line
1082 3983 1306 4036 actionis
1346 3983 1413 4037 18
1452 3983 1701 4036 Actorum
1752 3983 1959 4035 concilii
1998 3996 2067 4053 vt.

492 4052 710 4109 Accedit
738 4054 875 4122 quod
901 4054 1099 4105 nullum
1129 4059 1305 4106 etstet
1327 4055 1626 4120 exemplum
1645 4068 1748 4119 quo
1768 4052 2067 4120 relegandis

493 4124 758 4247 lfuaereticis
781 4138 875 4193 pio
905 4123 1020 4176 loco
1049 4122 1220 4176 exsilii
1244 4124 1369 4176 urbs
1400 4123 1566 4177 Roma
1598 4138 1826 4192 unquam
1855 4125 2067 4178 decreta

519 4205 672 4247 uertt.

519 4197 672 4248 uerit.

562 4272 590 4311 ιι
619 4265 809 4318 Deinde
838 4263 1148 4317 abstulerunt
1179 4262 1230 4314 in
1263 4262 1535 4333 diptychis,
1565 4272 1668 4316 etc.
1696 4262 1818 4316 llzcc
1843 4271 1960 4329 post
1989 4263 2069 4315 la-

489 4345 598 4389 tam
640 4337 952 4389 sententiam
984 4335 1341 4387 damnationis
1399 4337 1448 4385 iit
1496 4333 1864 4388 Monotlielttas
1903 4334 2073 4386 contio

489 4409 629 4477 gisse
659 4408 903 4460 videntur
932 4407 1138 4477 actione
1171 4405 1230 4457 17
1265 4404 1343 4457 vel
1380 4403 1466 4455 18.

565 4492 584 4515 ε
625 4477 722 4530 Per
762 4491 912 4544 quam
956 4475 1172 4527 revelata
1207 4486 1275 4528 est
1321 4478 1599 4541 quantitas,
1639 4490 1750 4542 qme
1787 4472 1937 4526 solita
1960 4483 2068 4526 erat

489 4549 623 4601 dari.
649 4543 937 4602 Gothorum
972 4560 1121 4613 reges
1156 4546 1333 4599 Ariani
1363 4553 1418 4598 et
1448 4550 1589 4613 impii
1626 4561 1714 4610 per
1734 4543 2069 4613 tyrannidem

489 4623 877 4673 constituerant
921 4616 1147 4683 primum
1181 4632 1245 4669 ne
1288 4617 1404 4682 quis
1434 4619 1769 4669 ordinaretur
1800 4615 2070 4668 Romanus

494 4691 793 4758 cpi-copiis,
824 4690 909 4755 qui
939 4702 1040 4738 non
1067 4697 1186 4738 ante
1212 4688 1388 4738 habito
1415 4700 1676 4758 coosensu
1707 4688 1848 4758 regis
1869 4694 2068 4758 certam

495 4754 732 4827 pecunia:
764 4754 1024 4810 summam
1056 4767 1107 4809 et
1139 4758 1480 4824 quantitatem
1510 4757 1776 4808 solvisset.
1812 4754 2067 4827 Eamdctn

492 4825 804 4898 ieusionem
827 4831 1171 4895 imperatores
1192 4828 1420 4880 Orientis
1455 4837 1570 4893 post
1610 4835 1824 4878 exactos
1864 4825 2069 4898 Gotho-

491 4895 610 4952 rum
661 4911 812 4966 reges
865 4898 995 4951 solvi
1053 4900 1371 4964 petiverunt,
1423 4906 1478 4949 ut
1524 4905 1732 4950 constat
1759 4910 1824 4949 ex
1854 4895 2070 4962 querela

494 4968 661 5023 sancti
693 4967 970 5036 Gregorii,
1021 4966 1120 5020 hac
1162 4969 1229 5020 de
1255 4983 1313 5029 re
1341 4967 1656 5034 gravissime
1702 4967 1752 5018 in
1793 4979 2068 5036 commen-

494 5039 643 5093 tariis
674 5051 724 5092 tv
753 5035 940 5108 psalmi
971 5039 1154 5108 poenit.
1187 5038 1582 5105 conquerentis,
1642 5037 1780 5108 quod
1821 5035 2070 5108 nimirum

494 5109 593 5163 sibi
622 5107 852 5179 legitime
872 5110 937 5162 ad
966 5107 1322 5178 pootiﬁcatum
1345 5119 1531 5179 vocato
1557 5115 1610 5160 et
1638 5107 1809 5179 electo
1841 5107 2075 5179 muneris

493 5184 572 5232 sui
601 5175 926 5234 futictioncm
950 5175 1054 5233 non
1081 5179 1223 5244 prius
1248 5179 1464 5246 exsequi
1495 5176 1726 5240 licuerit,
1759 5191 1915 5245 quam
1950 5175 2073 5228 data

493 5253 714 5317 pecunia
741 5251 880 5303 illam
913 5251 977 5303 ah
1002 5247 1407 5316 imperatoribus
1450 5248 1780 5301 redemisset.
1813 5246 2077 5300 Constan-

495 5323 634 5376 tinus
690 5335 814 5376 vero
871 5321 1161 5391 imperator
1188 5318 1274 5385 IV,
1307 5327 1511 5373 retento
1540 5317 1850 5387 adhucjure
1879 5318 2078 5372 conﬁr-

2170 3705 2357 3768 simam
2389 3701 2622 3768 peetinix
2649 3699 2975 3754 exactionem
3007 3699 3254 3753 abolevit.

2242 3767 2270 3806 ἀ
2322 3768 2548 3823 Cessavit
2601 3771 2919 3840 episcopatus
2967 3773 3077 3840 ejus
3131 3784 3326 3840 antrum
3355 3784 3538 3840 unum,
3569 3785 3767 3824 menses

2171 3849 2386 3910 septem,
2417 3842 2525 3893 dies
2575 3857 2628 3892 τ’.
2684 3839 3014 3894 Sententiam
3055 3839 3316 3894 Anastasii
3355 3839 3425 3893 de
3458 3841 3768 3907 interregno

2173 3913 2315 3967 sedis
2354 3910 2638 3981 pontiﬁcia:
2691 3912 2972 3965 conﬁrmat
3017 3926 3183 3964 canon
3230 3910 3494 3981 secandus
3544 3912 3762 3966 rolici'ii

2172 3983 2415 4039 Toletani
2472 3996 2577 4045 xiv,
2631 3991 2695 4035 ex
2739 3997 2847 4048 quo
2876 3989 3018 4047 patet
3047 3983 3279 4034 Leonem
3314 3980 3350 4033 ll
3389 3986 3762 4036 sttCCessore'm

2173 4052 2466 4124 Agathonis
2492 4067 2645 4116 anno,
2678 4066 2791 4124 qqu
2812 4053 3131 4124 celebratum
3161 4061 3242 4106 est
3265 4050 3546 4124 allegatum
3574 4053 3760 4124 conci-

2174 4121 2301 4178 nam
2357 4123 2714 4186 Toletanum,
2767 4121 2869 4175 684
2899 4157 2915 4182 ,
2965 4123 3136 4176 adhuc
3186 4122 3525 4188 superstitem
3571 4123 3760 4178 fuisse.

2173 4197 2348 4261 Quare
2370 4207 2489 4244 cum
2515 4193 2749 4245 omnium
2773 4195 3034 4246 sententia
3054 4194 3159 4246 Leo
3183 4207 3284 4244 non
3307 4192 3402 4244 nisi
3429 4205 3458 4243 ι
3484 4193 3758 4244 mensibus

2175 4260 2226 4318 et
2257 4263 2637 4331 septemdecim
2687 4261 2872 4315 diebus
2918 4264 3279 4327 pootiﬁcatuui
3322 4260 3629 4322 obtinuerit,
3668 4277 3764 4314 ne-

2171 4330 2378 4387 cessum
2403 4343 2484 4385 est
2509 4332 2780 4386 afﬁrmare
2800 4333 2866 4385 ab
2889 4333 3034 4385 obitu
3059 4332 3347 4400 Agathonis
3376 4343 3542 4397 usque
3567 4330 3629 4383 ad
3657 4332 3763 4384 inii-

2174 4405 2302 4458 tiutn
2366 4402 2604 4470 ejusdem
2668 4403 2861 4456 Leonis
2914 4402 3045 4456 tanti
3095 4404 3345 4470 temporis
3398 4401 3760 4468 interregnum

2173 4466 2569 4528 intercurrisse.
2595 4472 2808 4526 Interim
2838 4473 3087 4525 defuncto
3127 4466 3354 4540 Georgio
3379 4466 3762 4524 Οοιιειςιιῐιίιιο-

2198 4546 2432 4609 ιοιιιειιιο,
2462 4543 2776 4596 Theodorus
2824 4543 3113 4611 syncellus,
3174 4543 3277 4596 ﬁde
3311 4540 3610 4611 orthodoxa
3669 4557 3765 4607 per

2198 4562 2432 4609 totuano,
2477 4562 2776 4596 tueooorus
2824 4562 3113 4611 synceuus,
3174 4562 3277 4596 nue
3311 4562 3610 4594 ortnouoxa
3669 4562 3762 4607 per

2175 4562 2410 4668 iraudem
2441 4611 2703 4678 simulata,
2728 4614 3040 4680 subrogatus
3061 4623 3142 4668 est
3162 4613 3213 4668 iit
3237 4611 3363 4665 sede
3378 4610 3762 4665 Constantino—

2174 4685 2428 4754 politana,
2459 4698 2487 4735 a
2513 4699 2612 4751 qua
2643 4692 2794 4737 antea
2819 4683 3056 4752 dejectus
3087 4685 3277 4754 fuerat.
3332 4681 3405 4735 De
3434 4680 3535 4754 hoc
3563 4680 3764 4754 firmis:

2173 4750 2322 4809 Simis
2351 4750 2671 4820 conjecturis
2698 4750 3192 4818 asseritBaronlus,
3251 4765 3392 4805 anno
3434 4750 3564 4813 682,
3614 4751 3764 4820 quod

2177 4827 2502 4892 persuaserit
2524 4824 2828 4892 imperatori
2846 4825 3129 4887 catholico,
3159 4833 3216 4877 ut
3237 4823 3440 4890 legatos
3457 4821 3614 4874 sedis
3637 4837 3767 4891 apo-

2176 4895 2380 4948 stolicae
2405 4910 2506 4946 non
2537 4895 2683 4959 prius
2713 4893 3009 4948 dimitteret
3036 4909 3190 4961 quam
3218 4893 3400 4947 Bonna:
3427 4906 3596 4945 novus
3622 4909 3761 4958 pono

2181 4965 2306 5019 tite:
2337 4965 2542 5017 electus
2572 4971 2749 5028 esset;
2781 4964 3028 5032 quodque
3058 4965 3145 5018 ille
3182 4965 3382 5017 interea
3422 4961 3610 5016 dolose
3639 4978 3765 5030 pro-

2183 5035 2451 5091 curaverit
2511 5034 2799 5099 interregni
2867 5035 3294 5104 prorOgntIOnem
3325 5068 3341 5099 ,
3389 5032 3577 5104 donec
3638 5042 3763 5086 acta

2184 5105 2458 5175 synodalia
2503 5102 2963 5169 consecutns,’ea
3016 5102 3295 5170 antequam
3337 5102 3766 5175 ederenturpro

2186 5172 2404 5230 libidine
2434 5176 2822 5228 intervertisset
2849 5184 2902 5228 et
2929 5175 3275 5241 corrupisset,
3301 5181 3462 5241 atque
3482 5187 3548 5227 ex
3573 5172 3682 5226 illis
3704 5189 3765 5228 se

2185 5261 2215 5302 e
2242 5259 2460 5299 numero
2499 5244 2870 5298 damnatorum
2903 5246 3270 5298 haereticorum
3299 5243 3618 5311 exemisset;
3665 5258 3768 5298 no-

2185 5331 2411 5388 menque
2443 5315 2663 5372 llonorii
2691 5329 2789 5372 suo
2811 5315 3185 5372 substituisset.
