4016 6354
259 331 398 387 “69

1688 325 2066 385 Li'ISTULzE.

3394 320 3530 378 H70

257 446 488 501 Petrus:
523 450 613 516 qui
663 456 723 500 et
763 446 1063 516 spirituales
1113 463 1244 502 oves
1296 446 1549 502 Ecclesia
1598 447 1664 500 ab
1713 447 1826 514 ipso

1942 448 2336 519 προπετείωμαυ
2375 445 2456 504 ὅτι
2483 446 2511 505 ἦ
2541 445 2595 502 ἔκ
2627 453 2752 503 Θεοῦ
2781 445 3072 519 δωρηθείσα·
3096 447 3215 518 ὑμῖν
3239 466 3372 509 νικη,
3401 448 3529 514 ἡμε-

259 538 637 607 Iledemptore-
662 541 922 603 ominum,
954 551 1100 594 terna
1125 540 1589 595 commendatione
1623 554 1839 608 pascen-

255 631 353 683 das
379 631 650 698 suscepit;
680 631 836 701 cujus
866 634 1142 688 annitente
1175 634 1445 702 przesidio,
1481 634 1594 688 hzrc
1619 642 1838 701 aposto-

256 718 356 774 iica
388 718 509 790 ejus
539 722 778 776 Ecclesia
805 739 1073 792 nunquam
1099 739 1127 778 a
1157 728 1240 779 via
1262 726 1504 780 veritatis
1535 725 1586 780 in
1607 724 1839 793 qualibet

255 811 459 865 erroris
487 820 639 880 parte
666 811 872 866 deﬂexa
908 822 1013 878 est,
1043 814 1194 884 Cujus
1220 817 1618 881 auctoritatem,
1652 823 1840 885 utpote

252 904 622 970 apostolorum
652 906 888 960 omnium
916 905 1188 976 principis,
1213 905 1428 975 semper
1454 909 1629 962 omnis
1657 907 1840 963 catho-

256 996 356 1050 lica
389 996 588 1051 Christi
629 997 890 1064 Ecclesia,
938 1007 994 1052 et
1039 999 1368 1054 universales
1394 998 1582 1070 synodi
1614 997 1840 1053 ﬁdeliter

253 1088 690 1155 amplectentes,
741 1089 798 1142 in
841 1090 1050 1144 cunctis
1101 1101 1300 1146 secutas
1349 1101 1497 1158 sunt,
1547 1105 1841 1158 omnesque

253 1181 593 1236 venerabiles
623 1181 828 1241 ,Patres
871 1183 1218 1251 apostolicam
1249 1185 1363 1253 ejus
1393 1183 1694 1238 doctrinam
1723 1197 1838 1236 am-

253 1274 421 1345 plexi,
457 1290 554 1344 per
594 1291 752 1344 quam
807 1285 861 1332 et
908 1277 1289 1346 probatissima
1344 1277 1596 1333 Eccle-ia:
1641 1276 1839 1332 Christi

255 1365 544 1420 luminaria
589 1367 948 1424 claruerunt:
991 1378 1049 1423 et
1097 1369 1266 1424 sancti
1323 1371 1540 1440 quidem
1590 1369 1838 1424 doetores

255 1457 545 1513 orthodoxi
611 1458 850 1516 venerati
915 1467 1076 1529 atque
1138 1460 1306 1515 secuti
1369 1469 1536 1525 sunt,
1603 1459 1838 1515 heretici

254 1558 438 1603 autem
484 1549 634 1606 falsis
680 1550 1148 1606 criminationibus
1175 1552 1672 1621 acderogationum
1703 1551 1842 1607 odiis

255 1639 510 1696 insecuti.
541 1641 668 1698 llaec
705 1652 789 1698 est
825 1644 1189 1712 apostolorum
1220 1644 1420 1700 Christi
1453 1645 1575 1698 viva
1601 1645 1837 1709 traditio,

249 1746 414 1798 quam
461 1732 656 1800 ubique
697 1731 816 1804 ejus
845 1743 991 1790 tenet
1019 1735 1280 1800 Ecclesia,
1311 1751 1431 1806 qua:
1464 1737 1733 1806 prazcipue
1759 1737 1840 1791 di-

248 1822 467 1894 ligenda
515 1835 676 1896 atque
726 1827 982 1894 fovenda,
1033 1836 1089 1883 et
1128 1805 1831 1898 ﬁducialiteripraidicanda
1875 1805 1916 1864 Β

249 1924 360 1982 est,
392 1931 513 1984 qua:
544 1931 640 1984 per
669 1917 957 1974 veridicum
999 1917 1392 1975 confessionem
1433 1920 1542 1976 Deo
1567 1921 1836 1986 conciliat,

249 2022 372 2074 qua:
400 2017 454 2062 et
483 2007 700 2063 Christo
745 2010 969 2064 Domino
1004 2013 1480 2067 commendabilem
1524 2013 1680 2078 facit,
1724 2029 1842 2082 qua:

249 2101 564 2157 cleuientia:
591 2112 788 2158 vestrae
819 2102 1186 2159 Christianum
1214 2115 1501 2161 conservat
1534 2107 1838 2174 imperium,

248 2206 376 2261 qua:
400 2207 430 2244 a
453 2192 578 2249 caeli
615 2193 844 2249 Domino
873 2195 1046 2264 largas
1073 2195 1322 2250 victorias
1363 2206 1553 2253 vestrte
1591 2196 1843 2266 piissima:

248 2282 556 2339 fortitudini
579 2285 808 2352 confert,
857 2301 973 2357 qua:
999 2289 1282 2343 comitatur
1312 2290 1362 2342 in
1407 2289 1639 2358 prmliis,
1671 2300 1725 2343 et
1744 2303 1838 2344 ex.-

249 2386 454 2445 pugnat
484 2377 779 2443 adversos;
831 2394 948 2448 qua:
993 2389 1224 2436 vestrum
1270 2396 1299 2434 a
1347 2380 1456 2436 Deo
1496 2391 1843 2451 propagatum

247 2467 538 2537 imperium
587 2470 781 2540 ubique
832 2479 888 2525 ut
934 2487 1117 2529 murus
1147 2471 1570 2544 inexpugnabilis
1605 2484 1844 2545 protegat

251 2563 582 2636 [protegit],
611 2582 729 2634 quae
761 2575 1024 2623 terrorem
1054 2569 1107 2623 in
1138 2572 1435 2626 contrarias
1465 2569 1710 2627 nationes
1738 2573 1841 2626 im-

247 2655 450 2720 mittat,
473 2663 530 2710 et
557 2655 836 2711 ira-divina
865 2659 1135 2726 percellat,
1161 2673 1279 2728 qua:
1307 2667 1362 2714 et
1390 2657 1442 2713 in
1469 2660 1622 2715 bellis
1653 2661 1841 2716 trium-

249 2747 450 2817 phales
497 2748 701 2816 palmas
749 2750 818 2804 de
859 2751 1094 2806 hosrium
1135 2752 1436 2822 dejectione
1478 2763 1640 2825 atque
1665 2755 1840 2825 subje-

249 2839 440 2894 ctione
469 2838 683 2894 cwlitus
709 2841 928 2908 tribuat,
959 2854 1012 2900 et
1035 2843 1084 2897 in
1110 2858 1237 2912 pace
1257 2859 1506 2900 securum
1533 2854 1588 2901 et
1615 2846 1840 2902 hilarem

250 2938 495 2984 vestrum
525 2928 897 2988 ﬁdelissimum
932 2935 1283 3004 principatum
1312 2951 1526 3008 semper
1552 2938 1841 2995 custodiat.

252 3019 386 3075 nec
417 3031 502 3076 est
529 3021 672 3077 enim
703 3039 845 3080 verae
871 3026 990 3082 fidei
1008 3029 1208 3097 rrgula,
1230 3045 1390 3099 quam
1411 3040 1466 3086 et
1483 3031 1532 3085 in
1549 3034 1840 3101 proSperis,

1944 541 2065 613 τέρα
2112 540 2339 616 σωτηρία
2380 539 2514 603 ἔστί,
2565 541 2768 596 καὶτῆς
2819 537 3070 611 ὑμετέρας
3125 535 3458 608 γαληνότητος
3500 539 3532 594 ἡ

1943 633 2184 704 εὐτυχία,
2239 633 2461 706 ἡμετέρα
2513 628 2796 706 εὐφροσύνη
2844 630 2974 684 ἐστί’
3027 629 3241 687 καὶτῆς
3283 628 3529 702 ὑμετέρας

1942 727 2226 800 πρᾳότητος
2268 727 2299 784 ἡ
2343 726 2530 802 fiam,
2691 723 2913 798 ἡμετέρᾳ
2963 721 3266 795 σμικρότητι
3320 721 3531 788 εὐθυμία

1942 818 2077 872 ἐστί.
2133 821 2232 872 Καὶ
2276 819 2404 872 κατὰ
2449 823 2598 873 τοῦτο
2643 818 2774 887 μετά
2824 814 3256 887 συντετριμμένης
3297 810 3528 884 καρδίας,

1942 915 2028 965 καί
2055 920 2161 972 τοῖς
2185 918 2276 970 τῆς
2301 909 2522 971 διανοίας
2554 909 2915 986 προχεομένοις
2941 904 3167 980 δάκρυσι
3191 904 3528 978 προσπίπτων

1943 1001 2189 1063 δυσωπῶ,
2231 1003 2450 1057 ἐκτεῖναι
2493 990 2842 1064 καταξῗῶσατε
2873 1004 2966 1058 την
2991 997 3335 1072 φιλάνθρωπον
3367 992 3529 1058 δεξιάν

1943 1099 2006 1166 τῇ
2080 1091 2387 1164 ἀποστολικῇ
2447 1088 2778 1164 διδασκαλίᾳ,
2819 1086 3062 1145 ἦντιναό
3123 1085 3372 1158 συνεργός
3432 1090 3530 1137 τῶν

1945 1183 2164 1237 εὑσεϐῶν
2199 1183 2337 1253 ὑμῶν
2365 1177 2575 1252 μόχθων
2599 1221 2615 1248 ,
2647 1179 2672 1236 ό
2701 1180 2954 1250 μακάριος
2983 1177 3162 1250 Πέτρος
3188 1174 3214 1232 ό
3243 1173 3553 1253 ἀπόστολος,

1943 1273 2323 1350 παραδέδωκεν·
2357 1276 2456 1346 οὐχ
2493 1275 2580 1328 ἵνα
2614 1273 2916 1345 συγκλεισθῇ
2945 1271 3044 1326 ὑπὸ
3071 1269 3155 1326 τόν
3183 1265 3378 1340 μόδιον,
3407 1266 3531 1320 ἀλλά

1943 1369 2222 1439 σάλπιγγος
2266 1366 2614 1441 λαμπρότερον
2659 1367 2708 1418 ὲν
2741 1363 2841 1433 ὅλῳ
2869 1359 2942 1434 τῷ
2981 1363 3160 1433 κόσμῳ
3203 1360 3532 1436 κηρυχθήσε-

1943 1478 2048 1517 ταιε
2097 1459 2182 1516 ὅτι
2217 1462 2430 1518 auaros
2469 1460 2651 1519 ἀληθὴς
2695 1457 2944 1528 ὁμολογία,
2976 1457 3079 1510 άπὸ
3115 1459 3209 1510 τοῦ
3250 1452 3445 1525 Πατρός
3475 1454 3531 1507 ix

1943 1559 2043 1608 τῶν
2064 1552 2286 1626 οὐρανῶν
2315 1549 2655 1620 ἀπεκαλύφθηο
2687 1544 2745 1607 ἧς
2775 1547 2932 1602 ἕνεκεν
2961 1545 3060 1601 ἀπὸ
3088 1551 3178 1600 τοῦ
3211 1545 3398 1619 Κυρίου
3425 1547 3526 1595 τῶν

1945 1641 2067 1699 ὅλων
2113 1643 2353 1716 μακάριος
2396 1637 2518 1696 εἶναι
2555 1642 2805 1711 ἀπεφάνθη
2861 1638 2888 1694 ὁ
2933 1639 3116 1715 Πέτρος
3142 1652 3156 1666 ⁸
3206 1634 3260 1697 ὃς
3307 1638 3392 1690 ναί
3433 1637 3528 1688 τοῦ

1943 1738 2226 1806 ποιμαίνειν
2253 1735 2318 1789 τά
2343 1734 2663 1804 πνευματικά
2707 1731 2943 1806 πρόϐατα
2987 1737 3078 1790 τῆς
3113 1727 3407 1787 Ἐκκλησίας
3435 1726 3528 1781 ἀπ’

1945 1831 2100 1884 αὑτοῦ
2130 1823 2222 1883 τοῦ
2253 1833 2531 1904 Λυτρωτοῦ
2571 1832 2670 1881 τῶν
2710 1823 2916 1880 πάντων
2959 1831 3022 1896 τῇ
3063 1824 3210 1897 τρίτῃ
3253 1821 3528 1894 παραθέσει

1944 1923 2188 1988 ἐδέξατο⁶
2233 1919 2428 1978 οὗτινος
2495 1919 2848 1978 ἐπινεύσαντος
2914 1924 2977 1991 τῇ
3029 1916 3266 1988 βοηθείᾳ,
3322 1911 3452 1970 αῦτη
3496 1913 3528 1970 ἦ

1943 2008 2453 2072 ἀποστολική·αὒτοῦ
2500 2009 2768 2069 Ἐκκλησία
2785 2049 2800 2070 .
2828 2008 2922 2062 καὶ
2940 2007 2991 2062 αί
3020 2006 3275 2060 καθολικαί
3323 1997 3528 2058 σύνοδοι

1943 2112 2140 2165 πιστῶς
2186 2101 2658 2178 περιπτυσσόμεναι
2678 2143 2692 2166 ,
2738 2102 2788 2155 ἐν
2829 2104 2988 2154 πᾶσιν
3026 2093 3393 2157 ἠκολούθησαν,
3439 2093 3528 2146 καί

1943 2202 2128 2259 πάντες
2174 2201 2219 2252 ei
2271 2197 2544 2268 σεϐάσμιοι
2586 2197 2802 2268 Πατέρες
2842 2198 2932 2252 την
2981 2189 3320 2246 ἀποστολικην
3366 2185 3524 2239 αὑτοῦ

1944 2291 2305 2348 ἐπεσπάσαντο
2353 2288 2369 2360 Ῐ
2397 2287 2504 2340 Pro
2534 2279 2943 2352 έπησπάσαντο]
2991 2279 3317 2337 διδασκαλίαν
3336 2317 3352 2345 ,
3383 2275 3445 2332 δι’
3470 2272 3530 2336 ἧς

1944 2386 2024 2437 καί
2049 2379 2465 2452 δεδοκιμασμ’νοι
2493 2386 2584 2438 τῆς
2624 2377 2922 2435 ἰίκκλησίας
2957 2371 3044 2430 τοὺ
3075 2383 3298 2445 Χριστου
3328 2375 3532 2441 φωστῆ-

1943 2495 2030 2550 ρες
2077 2471 2328 2544 ἔλαμψαν,
2389 2474 2480 2527 Καὶ
2529 2470 2574 2524 oi
2614 2471 2704 2541 μέν
2750 2466 2884 2538 ἅγιοι
2933 2464 3228 2521 διδάσκαλοι
3274 2458 3529 2534 ὀρθόδοξοι

1945 2568 2297 2625 ἐσεϐάσθησαν
2325 2569 2410 2620 καί
2452 2565 2811 2624 ἠκολούθησαν·
2840 2559 2886 2615 οἱ
2915 2557 2968 2616 δέ
2997 2558 3242 2633 αἱρετικοὶ
3265 2561 3371 2613 τοῖς
3410 2553 3532 2608 πλαο

1945 2667 2087 2719 στοῖς
2132 2658 2407 2732 ἐγκλήμασι
2471 2659 2554 2710 καί
2600 2659 2802 2728 μίσεσιν
2836 2653 3147 2729 ἀφαιρέσεων
3189 2647 3526 2710 ἐπηκολούθη-

1948 2771 2066 2804 σαν.
2097 2747 2232 2808 Λῦτη
2276 2748 2474 2804 ἐστίνιή
2519 2751 2619 2800 τῶν
2664 2743 2959 2799 ἀποστόλων
3003 2745 3093 2796 τοῦ
3139 2743 3359 2815 Χριστοῦ
3389 2741 3529 2800 ζῶσα

1945 2839 2249 2916 παράδοσις,
2276 2841 2332 2899 ἦν
2357 2860 2472 2895 τινα
2509 2839 2674 2912 μέχρι
2699 2842 2790 2892 τοῦ
2827 2833 3076 2909 παρόντος
3105 2832 3134 2890 ἦ
3161 2833 3316 2886 αὑτοῦ
3350 2835 3530 2902 κρατεῖ

1943 2931 2231 2997 Ἐκκλησία,
2263 2934 2375 2992 ἥτις
2420 2931 2683 3006 ἐξαιρέτως
2724 2929 3050 3001 ἀγαπωμένη,
3099 2927 3180 2978 καί
3223 2922 3526 2992 θαλπομένη,

1947 3027 2031 3079 καί
2066 3024 2512 3101 παρρητιαστικῶς
2555 3021 2894 3096 κηρυχθεῑσα“
2939 3021 3049 3078 ἥτις
3077 3015 3160 3072 διὰ
3189 3024 3281 3076 τῆς
3317 3013 3532 3072 ἀληθοῦς

251 3121 311 3166 et
347 3112 401 3166 in
438 3115 681 3171 adversis
703 3117 954 3173 vivaciter
979 3120 1145 3175 tenuit
1176 3137 1238 3175 ac
1266 3122 1505 3179 defendit
1535 3125 1648 3179 lucc
1678 3125 1839 3194 spiri-

1947 3115 2214 3188 ὁμολογίας
2249 3121 2321 3187 τῷ
2361 3121 2470 3188 Θεῷ
2510 3112 2874 3167 καταλλάσσει’
2921 3111 3029 3169 ἥτις
3055 3115 3129 3180 τῷ
3159 3107 3383 3176 Δεσπότη
3409 3113 3531 3180 Χρι-

2032 3205 2057 3215 ·³
2280 3207 2318 3222 ,Α
2444 3221 2452 3222 κ
2493 3207 2512 3220 η
2669 3212 2687 3221 ο
2782 3205 2794 3220 9
2867 3203 2896 3222 Ω
2929 3204 2939 3218 ν
3043 3201 3055 3220 ί
3117 3209 3139 3218 ο
3238 3201 3249 3216 ⁸
3283 3209 3321 3222 ν
3342 3220 3350 3222 .
3390 3221 3413 3222 κ
3453 3220 3494 3222 γη

253 3204 381 3259 talis
410 3215 582 3261 mater
621 3209 785 3264 vesui
819 3211 1242 3280 tranquillissimi
1285 3214 1516 3285 imperii,
1551 3217 1841 3286 apostolica

251 3296 464 3353 Christi
496 3297 918 3370 Ecclesiaaqua:
951 3317 1045 3372 per
1076 3303 1166 3358 Dei
1201 3307 1584 3375 omnipotentis
1617 3309 1843 3378 gratiam

250 3403 296 3442 ο
327 3388 546 3444 tramite
593 3391 914 3460 apostolica:-
948 3393 1249 3450 traditiouis
1303 3412 1572 3468 nunquam
1637 3413 1846 3455 errasse

252 3482 596 3550 probabitur,
634 3499 733 3540 nec
764 3485 1030 3542 luereticis
1051 3489 1380 3547 novitatibus
1407 3491 1694 3562 depravata
1722 3509 1845 3551 suc-

251 3572 467 3638 cubuit,
497 3573 593 3630 sed
621 3585 677 3630 ut
719 3576 787 3630 ab
815 3579 1050 3634 exordio
1069 3580 1187 3636 fidei
1225 3581 1573 3652 Christiana»,
1610 3587 1847 3658 percepit

252 3661 327 3715 ob
347 3664 663 3720 auctoribus
693 3667 812 3722 suis
844 3670 1212 3736 apostolorum
1256 3670 1454 3728 Christi
1494 3676 1839 3746 principibus,

252 3750 467 3808 illibata
487 3754 594 3811 ﬁne
618 3764 772 3810 tenus
797 3769 1106 3827 permanet,
1129 3763 1423 3820 secundum
1449 3765 1614 3835 ipsius
1637 3767 1845 3822 Domini

254 3843 565 3901 Salvatoris
606 3847 844 3904 divinam
895 3851 1374 3926 pollicitationem,
1422 3873 1578 3928 quam
1624 3874 1841 3916 suorum

252 3935 648 4004 discipulorum
676 3939 898 4010 principi
934 3943 986 3997 in
1016 3947 1184 4000 sacris
1211 3946 1512 4017 Evangeliis
1553 3948 1692 4005 fatus
1721 3961 1803 4006 est
1827 3970 1839 4005 :

255 4021 433 4090 Petre,
463 4026 635 4096 Petre,
665 4031 932 4101 inquiens,
957 4050 1072 4089 ecce
1101 4036 1266 4092 Satan
1295 4041 1532 4108 expetivit
1566 4051 1620 4095 ut
1641 4043 1841 4098 cribra-

251 4130 329 4172 εει
353 4134 462 4187 vos,
491 4121 622 4175 sicut
646 4124 734 4194 qui
757 4124 947 4180 cribrat
972 4128 1230 4192 triticum;
1252 4147 1343 4202 ego
1371 4142 1538 4186 autem
1561 4149 1653 4201 pro
1679 4144 1726 4188 te
1753 4151 1842 4190 ro-

251 4209 395 4278 gavi,
437 4220 619 4266 utnon
645 4213 850 4280 deﬁciat
877 4215 1006 4282 ﬁdes
1048 4229 1154 4272 tua.
1214 4218 1281 4272 Et
1323 4233 1379 4275 ιιι
1406 4223 1684 4292 aliquando
1719 4241 1844 4281 cono

251 4315 429 4356 versus
454 4342 470 4368 ,
494 4305 743 4373 conﬁrma
768 4310 952 4376 fratres
991 4321 1104 4363 mos
1142 4309 1296 4384 (Luc.
1325 4314 1484 4385 xxii).
1527 4315 1843 4374 Consideret

252 4394 440 4463 itaque
463 4406 639 4452 vestra
673 4400 960 4467 tranquilla
985 4403 1284 4470 clcmi-ttlia,
1312 4410 1560 4474 quoniam
1587 4411 1842 4468 Dominus

1950 3205 2060 3282 στῷ
2098 3207 2454 3282 παρατίθεται’
2480 3207 2590 3265 ἥτις
2627 3212 2717 3264 τῆς
2748 3203 3004 3264 εὐσεϐείας
3030 3201 3173 3272 ὑμῶν
3199 3201 3256 3256 τὸ
3283 3209 3525 3274 Χριστια-

1946 3302 2219 3356 νικώτατον
2247 3296 2573 3370 διαφυλάττει
2611 3299 2818 3371 κράτος⁹
2863 3297 2973 3354 ἥτις
3003 3293 3105 3348 ἀπὸ
3148 3299 3240 3349 τοῦ
3268 3291 3526 3346 Δεσπότου

1945 3400 2034 3450 τοῦ
2069 3395 2288 3468 ούρανοῦ
2331 3389 2560 3462 δαψιλεῖς
2602 3393 2746 3450 νίκας
2783 3396 2847 3461 τῇ
2887 3385 3096 3462 ἀνδρείᾳ
3139 3395 3230 3447 τῆς
3276 3385 3529 3458 ὑμετέρας

1945 3483 2209 3544 εὐσεϐείας
2237 3481 2550 3553 συνεισάγει”
2585 3481 2696 3540 ἥτις
2740 3475 3002 3532 συνοδεύει
3041 3477 3089 3529 έν
3123 3482 3230 3535 τοῖς
3267 3469 3526 3544 ποῗύμοις,

1943 3577 2024 3628 καί
2058 3573 2323 3646 ἐκπολεμεί
2356 3573 2474 3631 τοὺς
2520 3568 2796 3634 ἐναντίους,
2826 3569 2887 3624 τὸ
2915 3567 3162 3641 ὑμέτερον
3189 3565 3530 3638 θεοκατόρθω-

1943 3688 2027 3722 τον
2067 3667 2252 3738 κράτος
2296 3668 2572 3735 πανταχοῦ
2612 3664 2681 3724 ὡς
2723 3661 3125 3732 ἀκαταμάχητον
3163 3665 3342 3728 τεῖχος
3383 3674 3530 3730 περι-

1944 3759 2138 3814 σκέπει”
2163 3759 2275 3818 ἥτις
2294 3757 2447 3831 φόϐον
2469 3764 2574 3815 τοῖς
2595 3757 2832 3815 ἐναντίοις
2853 3751 3040 3807 ἔθνεσιν
3062 3750 3294 3821 ἐμϐάλλει
3308 3747 3416 3821 [ιη
3441 3747 3527 3817 ἔμο

1947 3848 2162 3919 canor],
2195 3851 2280 3904 καί
2305 3857 2366 3923 τῇ
2396 3849 2501 3923 θείᾳ
2533 3847 2656 3923 ὀργῇ
2681 3851 2982 3922 τιμωρεῖται
3002 3841 3066 3916 IL
3094 3881 3109 3908 ,
3133 3837 3527 3916 τιμωρήσαιτο1⁹

1944 3945 2055 4002 ἥτις
2078 3947 2163 3998 καὶ
2193 3944 2241 3997 έν
2269 3943 2502 4013 πολέμοις
2531 3943 2596 3996 τά
2621 3949 2712 4002 τῆς
2735 3943 2872 4002 νίκης
2903 3938 3126 4012 βραϐεῖα
3165 3940 3285 4014 περί
3312 3944 3403 3997 τῆς
3426 3941 3527 3992 τῶν

1943 4035 2196 4106 πολεμίων
2242 4042 2596 4109 καταστροφῆς
2644 4035 2727 4088 καί
2767 4032 3030 4104 ὑποταγῆς
3065 4028 3174 4101 [ἵσ.
3213 4031 3300 4084 ἐπί
3324 4036 3386 4102 τῇ
3427 4036 3528 4084 τῶν

1942 4125 2192 4195 πολεμίων
2214 4133 2562 4200 καταστροφῇ,
2577 4127 2655 4179 καί
2675 4120 2944 4199 ὑποταγῇ]
2964 4123 3216 4198 οὐρανόθεν
3232 4124 3524 4196 παράσχοι·

1944 4218 2029 4271 καί
2053 4217 2100 4269 ἐν
2125 4219 2294 4292 εἰρήνῃ
2321 4219 2407 4270 καί
2435 4216 2690 4292 ἱλαρότητι
2718 4216 2982 4293 ἀμέριμνον
3021 4219 3111 4274 τὴν
3140 4216 3385 4293 ὑμετέραν
3403 4214 3527 4272 ἀλη-

1944 4312 2042 4372 θῶς
2073 4312 2385 4369 πιστοτάτην
2427 4310 2684 4381 βασιλείαν
2715 4308 3018 4381 διαφυλάξοι.
3050 4307 3184 4365 Αὕτη
3217 4305 3268 4362 δὲ
3298 4309 3410 4361 ἔστι
3436 4313 3528 4368 τῆς

1945 4403 2156 4463 ἀληθοῦς
2182 4405 2406 4462 πίστεως
2435 4401 2461 4457 ό
2487 4415 2666 4456 κρίνων’
2710 4403 2770 4458 ἦν
2807 4422 2920 4456 τινα
2958 4403 3038 4453 καί
3074 4401 3124 4452 έν
3151 4406 3262 4457 τοῖς
3303 4399 3529 4469 εὐτυχήο

253 4493 310 4538 et
339 4484 590 4542 Salvator
615 4489 876 4556 omnium,
909 4493 1064 4560 cujus
1093 4492 1224 4549 fides
1257 4505 1356 4562 est,
1385 4500 1473 4566 qui
1507 4498 1663 4556 fidem
1695 4499 1835 4556 Petri

1945 4519 2094 4567 μασι,
2120 4500 2202 4551 καί
2228 4496 2276 4549 έν
2303 4503 2414 4556 τοῖς
2451 4495 2691 4553 ἐναντίοις
2729 4495 2926 4568 θερμῶς
2967 4493 3211 4566 έκράτησε
3243 4493 3324 4544 καί
3365 4487 3523 4554 ἐξεδί-

254 4591 364 4631 ειοη
411 4579 741 4636 defecturam
799 4583 1084 4652 promisit,
1121 4589 1437 4645 continuare
1483 4605 1604 4645 eum
1645 4594 1838 4650 fratres

251 4683 386 4725 suos
443 4671 741 4739 admonuit,
789 4676 936 4744 quod
987 4679 1307 4747 apostolicos
1361 4682 1672 4749 pontiﬁces,
1705 4699 1838 4738 meae

251 4759 564 4831 exiguitatis
606 4765 1062 4834 praedecessores,
1111 4769 1446 4824 confidenter
1474 4771 1676 4827 fecisse
1697 4788 1839 4826 sem-

254 4867 373 4920 per,
425 4854 636 4908 cunctis
683 4866 766 4910 est
815 4859 1123 4926 cognitum:
1187 4873 1418 4928 quorum
1467 4871 1521 4916 et
1577 4863 1837 4932 pusillitas

253 4960 417 5013 uzea,
473 4946 596 5001 licet
646 4949 816 5018 impar
862 4959 918 5006 et
963 4951 1212 5020 minima,
1258 4968 1354 5023 pro
1383 4965 1633 5023 suscepto
1662 4965 1836 5011 tanien

251 5035 437 5090 divina
465 5037 1137 5111 dignatione-ministerio,
1197 5044 1487 5115 pedisequa
1532 5048 1681 5117 cupit
1723 5050 1840 5104 exi-

250 5137 421 5182 stere.
470 5129 560 5184 Vae
589 5132 732 5186 enim
771 5134 900 5188 mihi
930 5135 1050 5200 erit,
1097 5136 1141 5190 si
1170 5137 1447 5192 veritatem
1475 5138 1684 5194 Domini
1709 5141 1834 5203 mei,

249 5233 416 5287 quam
450 5219 525 5275 illi
546 5221 832 5280 sinceriter
857 5225 1234 5295 praedicarunt,
1267 5229 1560 5297 praedicare
1587 5231 1838 5300 neglex&

250 5327 335 5366 ro.
377 5312 474 5368 Va:
505 5317 632 5372 mihi
657 5319 782 5386 erit,
811 5319 1096 5376 si-siientio
1124 5331 1308 5377 texero
1332 5325 1608 5380 veritatem
1632 5369 1647 5393 ,
1677 5340 1836 5392 quam

247 5421 477 5480 erogare
498 5413 872 5469 nummulariis
895 5415 1078 5482 jussus
1099 5428 1241 5479 sum,
1275 5415 1325 5469 id
1349 5425 1451 5482 est,
1477 5416 1836 5472 ChriSIianum

250 5502 508 5567 populum
536 5504 788 5560 imbuere
816 5515 872 5562 et
899 5505 1116 5562 doceret
1175 5507 1318 5575 Quid
1359 5509 1531 5565 dicam
1577 5511 1628 5562 in
1670 5508 1836 5577 ipsius

249 5589 450 5645 Christi
485 5593 664 5649 futuro
710 5599 986 5666 examine,
1040 5599 1088 5654 si
1121 5601 1207 5654 hic
1236 5600 1408 5669 (quod
1443 5601 1605 5670 absit)
1646 5601 1838 5669 praedi-

249 5697 375 5736 care
405 5682 526 5753 ejus
557 5699 869 5743 sermonum
907 5692 1183 5746 veritatem
1218 5693 1554 5748 confundor?
1598 5693 1736 5761 Quid
1768 5694 1838 5750 de

252 5775 483 5846 nisi-p50,
531 5778 660 5847 quid
707 5780 774 5835 de
822 5783 1126 5838 commissis
1171 5785 1451 5840 animabus
1483 5785 1831 5852 satisfaciam,

1941 4607 2093 4644 me"
2140 4586 2272 4644 αῦτη
2324 4587 2355 4644 ἠ
2405 4587 2721 4654 πνενματική
2766 4587 2933 4656 μήτηρ
2989 4588 3078 4636 τοῦ
3127 4583 3378 4656 ὑμετέρου
3433 4603 3526 4654 γα-

1937 4676 2142 4734 ληναίου
2190 4677 2410 4751 κράτους
2433 4675 2464 4731 ἡ
2492 4672 2799 4731 ἀποστολική
2839 4679 2929 4727 τοῦ
2977 4679 3199 4747 Χριστοῦ
3231 4670 3521 4731 Ἐκκλησία⁶

1939 4771 2047 4828 ἥτις
2075 4761 2161 4822 διὰ
2193 4775 2285 4826 τῆς
2321 4765 2543 4840 χάριτος
2584 4771 2674 4820 τοῦ
2718 4762 3104 4836 παντοδυνάμου
3146 4772 3274 4820 Θεοῦ
3303 4766 3406 4821 άπὸ
3433 4775 3528 4828 τῆς

1939 4858 2055 4914 ὁδοῦ
2091 4867 2182 4918 τῆς
2209 4858 2546 4917 ἀποστολικῆς
2578 4855 2914 4930 παραδόσεως
2947 4855 3182 4914 οὐδέποτε
3219 4857 3525 4917 πλανηθῆναι

1939 4950 2205 5008 δείκνυται⁸
2238 4949 2354 5007 οὕτε
2383 4959 2490 5012 τοῖς
2516 4946 2617 5006 τῶν
2655 4951 2914 5026 αἱρετικῶν
2943 4960 3220 5025 καινισμοῐς
3263 4951 3524 5027 στρεϐλω-

1938 5049 2087 5102 θείσα
2135 5045 2423 5109 ὑπέπεσεν,
2480 5044 2604 5098 ἀλλὰ
2649 5044 2811 5105 καθώς
2859 5041 2914 5098 έκ
2961 5047 3241 5120 προοιμίων
3283 5053 3375 5103 τῆς
3422 5051 3522 5096 τῶν

1939 5144 2253 5213 Χριστιανῶν
2281 5140 2504 5197 πίστεως
2528 5137 2819 5212 παρέλαϐεν
2847 5137 2948 5193 άπὸ
2983 5144 3082 5193 τῶν
3111 5135 3248 5192 ἰδίων
3271 5137 3523 5191 αὐθεντῶν

1938 5237 2040 5284 τῶν
2079 5227 2360 5304 κορυφαίων
2403 5234 2492 5282 τοῦ
2537 5233 2760 5303 Χριστοῦ
2805 5227 3122 5291 ἀποστόλων,
3153 5223 3524 5303 ἀπαράτρωτος

1938 5325 2101 5396 μέχρι
2125 5323 2300 5384 τέλους
2326 5323 2460 5394 μένει
2499 5323 2629 5377 κατὰ
2654 5327 2742 5380 τήν
2766 5327 2856 5377 τοῦ
2889 5322 3065 5396 κυρίου
3101 5321 3260 5374 αὑτοῦ
3294 5326 3386 5375 τοῦ
3413 5329 3520 5374 ιω-

1937 5425 2104 5487 τῆρος
2138 5416 2273 5471 θείαν
2315 5415 2660 5492 παραγγελίαν
2694 5413 2802 5486 [Ιιη
2833 5410 3173 5486 έπαγγελίαν],
3217 5415 3276 5471 ἦν
3319 5409 3393 5483 τῷ
3437 5414 3520 5479 ἐξ·

1939 5508 2095 5582 ἀρχῳ
2140 5516 2240 5565 τῶν
2284 5508 2468 5564 ἑαυτοῦ
2507 5507 2742 5577 μαθητῶν
2770 5508 2820 5558 ἐν
2855 5513 2961 5565 τοῖς
2989 5503 3304 5577 Εὑαγγελίοις
3331 5505 3523 5576 ὡμολό-

1937 5621 2063 5672 γησε
2086 5605 2272 5673 φήσας·
2303 5617 2322 5650 ι
2345 5601 2520 5674 Πέτρε,
2550 5599 2699 5671 Πέτρε
2716 5634 2731 5659 ,
2761 5592 2868 5650 ίδοὺ
2893 5594 3168 5664 ὁίΣατανάς
3193 5598 3406 5659 ἐζήτησε
3428 5601 3522 5650 τοῦ

1939 5695 2166 5748 σινιάσαι
2204 5693 2362 5764 ὑμᾶς,
2394 5694 2462 5752 ὡς
2501 5690 2528 5745 ὁ
2569 5691 2800 5752 σινιάζων
2842 5687 2930 5743 τὸν
2973 5695 3132 5742 σῖτον⁶
3173 5678 3272 5760 ἐγὼ
3312 5685 3366 5742 δέ
3402 5693 3522 5766 περί

1941 5793 2034 5840 σοῦ
2084 5788 2344 5854 ἠρώτησα,
2374 5786 2456 5840 ἵνα
2502 5788 2570 5853 μή
2611 5779 2810 5852 ἃκλείψῃ
2853 5777 2998 5851 [ἄλλ’
3021 5780 3220 5853 ἐκλείπῃ
3243 5779 3261 5853 ]
3286 5784 3315 5840 ἦ
3345 5785 3521 5842 πίστις
