4016 6354
494 328 623 384 ΗΠ

1698 330 1756 384 s.
1796 324 2188 384 AGATllONlS
2228 325 2427 401 rara;

3602 322 3753 380 “73

489 464 607 498 σου.
627 442 793 494 Καὶσύ
811 458 932 496 ποτε
961 439 1273 513 ἕπιστραφὴς
1286 444 1490 516 στήριξε
1512 444 1630 503 τούς
1647 440 1887 511 ἁδελιρούς
1910 461 2023 495 σου.
2042 457 2059 492 ε

2172 436 2297 491 dum
2339 438 2408 491 de
2452 435 2633 491 ofﬁcio
2664 442 2914 503 suscepto
2944 432 3205 490 rationem
3232 432 3525 491 districtam
3557 450 3757 506 exago-

492 538 803 593 Itwrmtoriou
848 536 1018 587 τοίνυν
1040 523 1085 591 ’ἡ
1126 534 1350 607 ύμετέρα
1408 532 1653 603 γαληναία
1705 533 2064 606 φιλανθρωπία,

487 624 691 683 Ἐπειδή
721 624 745 679 ὁ
775 627 951 699 κύριος
995 628 1079 678 καί
1124 629 1293 698 Σωτήρ
1333 627 1559 688 πάντων,
1594 621 1790 685 οὗτινος
1818 627 1848 682 ἡ
1892 626 2068 684 πίστις

490 719 661 780 ὶστίν,
694 714 749 778 ὃς
795 721 888 775 την
938 718 1111 771 πίστιν
1154 718 1333 792 Πέτρου
1376 724 1445 783 μή
1490 715 1711 786 ὶκλεῐψαι
1755 716 2065 783 ὑπέσχετο,

489 812 672 863 τοῦτον
699 809 956 876 ὑπέμνησε
982 810 1104 867 τοὺς
1131 807 1316 861 ἑαυτοῦ
1353 811 1608 881 στηρίζειν
1643 805 1908 878 ἀδελφούν
1940 804 2067 880 ὅπερ

490 902 607 958 τούς
632 900 1001 959 ἁποστολικούς
1022 900 1292 974 ἀρχιερεῖς
1317 905 1407 958 την
1434 901 1552 972 ἐμήν
1580 900 1884 971 ἔλαχιστίαν
1908 919 2068 974 προη·

488 991 799 1061 γησαμίνους
824 988 1268 1060 παρῤησιαστικῶς
1289 992 1367 1045 ἀεί
1387 992 1704 1055 πεποιηκέναι
1731 996 1891 1045 πᾶσιν
1918 992 2071 1061 ἐγνώ-

491 1083 628 1139 σθη·
678 1081 745 1136 ὧν
795 1104 943 1137 τινων
994 1084 1078 1135 καί
1132 1084 1161 1139 ἡ
1208 1085 1299 1154 ίμη
1343 1079 1654 1158 σμικρότης,
1692 1084 1735 1136 εί
1776 1086 1860 1137 καί
1895 1080 2070 1143 ἄνισος

490 1179 578 1230 καί
618 1176 899 1246 ὶλαχίστη,
937 1174 1077 1245 ὅμως
1124 1176 1282 1230 ἕνεκεν
1326 1184 1418 1237 τῆς
1453 1178 1856 1251 προσληφθείσης
1888 1177 1940 1230 ἐκ
1977 1183 2069 1237 τῆς

491 1268 627 1327 θείας
674 1268 836 1339 ῥοπῆς
888 1265 1137 1327 διακονίας
1183 1268 1454 1328 ἀκόλουθος
1502 1269 1739 1341 ἐπιθυμεῖ
1787 1269 2065 1345 ὑπάρχειν.

490 1356 619 1411 Ουαί
662 1360 758 1429 γάρ
798 1361 878 1418 μοί
917 1360 1080 1419 ἔστιν,
1114 1360 1192 1412 ἐὰν
1230 1365 1320 1417 την
1366 1361 1593 1421 ἀλήθειαν
1619 1366 1707 1416 τοῦ
1736 1364 1917 1434 Κυρίου
1946 1381 2069 1433 μου,

488 1450 547 1508 ἦν
575 1451 721 1505 αὐτοὶ
751 1450 1021 1523 εἰλικρινῶς
1069 1452 1326 1525 ἐκήρυξαν,
1373 1452 1609 1521 ἀμελήσω
1657 1454 1890 1525 κηρύξαι.
1947 1453 2070 1506 Οὶαί

488 1562 575 1609 μοι
609 1538 789 1605 ἔσται,
822 1541 905 1599 ἐὰν
943 1549 1111 1611 σιωπῇ
1158 1542 1365 1613 καλύψω
1401 1548 1489 1601 τὴν
1520 1544 1770 1609 ἀλήθειαν,
1805 1546 1862 1605 ἣν
1905 1565 2068 1599 κατοι-

489 1634 731 1691 ϐαλέσθαι
760 1643 869 1693 τοῖς
893 1638 1223 1709 τραπεζίταις
1262 1637 1631 1712 ἐπιτετραμμαι
1649 1676 1664 1701 ,
1689 1638 1924 1691 τουτέστι
1950 1637 2069 1695 τοὺς

486 1727 1007 1799 Χριστιανιιωτάτους
1035 1726 1185 1784 λαοὺς
1213 1734 1363 1796 μυεῖν
1406 1730 1489 1781 καί
1526 1726 1796 1782 διδάσκειν.
1842 1730 1905 1779 Τί
1945 1728 2067 1789 λέξω

2171 531 2275 583 rit?
2300 532 2427 597 Quis
2453 530 2636 599 igitur,
2671 528 3081 583 clementiSsimi
3109 538 3269 608 atque
3296 529 3517 598 piissimi
3546 530 3757 587 domini

2167 635 2219 681 et
2244 625 2339 679 lilii
2383 624 2561 695 (quod
2607 633 2840 679 tremens
2868 633 2922 678 et
2958 632 3332 678 consternatus
3371 623 3559 691 spiritu
3588 623 3752 691 dico)

2168 733 2273 771 non
2324 725 2647 785 provocetur
2695 716 2785 770 illa
2832 714 3131 769 admirabili
3179 712 3584 782 pollicitatione,
3629 730 3755 783 qua:

2170 808 2418 863 lidelibus
2443 806 2764 875 rcpromittit
2789 825 2801 860 :
2840 806 2939 874 Qui
2970 822 3050 859 me
3075 806 3341 875 confessus
3384 804 3538 874 fuerit
3571 818 3754 874 coram

2169 901 2481 965 hominibus,
2508 901 2773 967 inquiens,
2802 898 3084 968 conﬁtebor
3105 907 3152 951 et
3182 913 3274 967 ego
3301 912 3417 951 eum
3447 911 3620 949 coram
3648 894 3754 947 Pu-

2169 1002 2245 1048 tre
2264 1010 2396 1059 meo,
2440 994 2525 1059 qui
2566 994 2619 1046 in
2666 993 2807 1047 artis
2852 1000 2923 1046 est
2963 991 3179 1062 (Matth.
3220 1006 3327 1059 xx;
3361 989 3487 1050 Luc.
3524 989 3657 1059 ut)?
3688 990 3758 1047 Et

2168 1100 2326 1157 quem
2356 1084 2651 1147 inlidelium
2699 1084 2890 1139 saltem
2934 1100 3040 1137 non
3073 1091 3370 1152 perterreat
3396 1084 3486 1137 illa
3517 1083 3757 1139 severis-

2168 1181 2301 1235 sima
2332 1178 2695 1243 comminatio,
2726 1194 2826 1247 qua
2861 1178 3259 1245 indignaturum
3300 1192 3359 1233 se
3400 1187 3753 1247 protestatur,

2169 1280 2222 1325 et
2252 1272 2466 1335 asserit,
2498 1270 2745 1339 inquiens
2771 1288 2781 1322 :
2813 1270 2913 1335 Qui
2934 1285 3010 1321 me
3036 1270 3288 1338 negaverit
3320 1284 3493 1322 coram
3528 1267 3757 1321 homini-

2171 1364 2283 1424 bus,
2315 1368 2509 1433 negabo
2546 1372 2594 1416 et
2618 1378 2708 1431 rgo
2733 1378 2847 1415 eum
2872 1378 3048 1414 coram
3077 1360 3230 1414 Patre
3258 1376 3389 1427 meo,
3424 1362 3509 1428 qui
3534 1361 3585 1413 in
3611 1359 3755 1413 caelis

2170 1454 2283 1507 est?
2314 1452 2467 1508 Unde
2494 1462 2548 1508 et
2580 1453 2767 1506 beatus
2800 1453 2993 1506 Paulus
3022 1453 3293 1520 apostolus
3324 1451 3560 1520 gentium
3601 1466 3759 1503 coin-

2171 1556 2350 1601 monet
2395 1556 2447 1601 et
2474 1544 2636 1601 dicit:
2682 1544 2789 1600 Sed
2837 1546 2951 1599 licet
3001 1562 3115 1611 nos,
3154 1554 3240 1597 aut
3287 1546 3500 1615 angelus
3540 1546 3602 1597 de
3624 1542 3754 1597 malo

2170 1640 2476 1707 evangelizet
2522 1637 2661 1691 vobis
2707 1646 2892 1704 pra'tcr
2928 1637 3065 1703 quod
3108 1635 3559 1706 evatigelimvimus
3588 1635 3751 1700 vobis,

2172 1730 2450 1783 anathema
2474 1729 2559 1781 sit.
2604 1727 2700 1782 Ubi
2750 1728 2925 1795 itaque
2973 1726 3094 1780 talis
3134 1726 3376 1782 imminet
3403 1727 3755 1794 depravanti-

487 1817 538 1870 ἓν
564 1825 624 1887 τῇ
651 1816 897 1889 μελλούσῃ
927 1820 1093 1890 κρίσει
1131 1819 1283 1871 αὐτοῦ
1312 1822 1402 1871 τοῦ
1447 1824 1695 1891 Χριστοῦ,
1724 1819 1805 1872 ἐὰν
1831 1819 2062 1880 ἐνταῦθα,

2172 1821 2304 1887 bus,
2351 1820 2434 1875 vel
2465 1820 2761 1874 tacentibus
2789 1818 3070 1873 veritatem
3111 1833 3265 1886 paena
3304 1820 3572 1889 supplicii,
3612 1834 3755 1888 quo-

428 1920 435 1923 “
486 1906 613 1983 ὅπερ
644 1909 873 1973 ἀπέστω,
913 1908 1125 1983 κηρύξαι
1167 1917 1267 1965 τῶν
1312 1913 1469 1966 αὐτοῦ
1506 1912 1666 1984 λόγων
1704 1918 1794 1971 τήν
1841 1914 2070 1971 ἀληθειαν

485 1999 845 2069 ἐπαισχυνθῶς
875 2002 934 2053 Τί
974 2002 1093 2074 περί
1124 2002 1345 2070 ἐμαυτοῦ
1371 2017 1385 2065 ;
1416 2006 1466 2058 τί
1511 2008 1629 2077 περὶ
1661 2013 1761 2059 τῶν
1795 2003 2072 2076 ἐμπιστευ-

483 2092 663 2145 θεσῶν
688 2113 771 2163 μοι
796 2093 985 2162 ψυχῶν
1013 2094 1420 2165 ἀπολογήσομαι,
1458 2097 1584 2150 ἐπὰν
1615 2100 1734 2171 περὶ
1758 2106 1848 2158 τῆς
1877 2098 2072 2166 mesi-

488 2207 585 2244 σης
616 2187 701 2239 ὑπ’
724 2189 843 2256 ἐμοῦ
872 2187 1181 2263 λειτουργίας
1212 2188 1350 2259 λόγον
1379 2190 1619 2261 σφιγκτόν
1657 2193 1957 2260 ἀπαιτήσῃ;
1984 2193 2072 2251 Τίς

483 2280 680 2342 τοίνυν,
740 2279 1200 2352 φιλανθρωπότατα
1256 2282 1337 2333 καί
1398 2281 1759 2339 εὐσεϐέστατοι
1825 2279 2070 2336 δεσπόται

486 2372 572 2421 καί
617 2370 780 2431 τέκνα,
813 2368 937 2444 ὅπερ
983 2372 1177 2444 τρέμων
1220 2375 1304 2424 καὶ
1352 2376 1662 2441 συμπίπτων
1700 2369 1773 2441 τῷ
1817 2373 2070 2442 πνεύματι

484 2461 635 2531 λέγω,
658 2466 726 2532 μὴ
766 2463 1140 2533 προκατέῖηται
1171 2463 1347 2524 ἐκεῖνα.
1382 2462 1513 2533 ἅπερ
1540 2464 1811 2533 θαυμαστῇ
1837 2462 2071 2531 ὑποσχέ-

488 2572 570 2606 σει
599 2560 702 2611 τοῖς
746 2560 943 2612 πιστοῖς
972 2554 1301 2625 ἐπηγγείλατο
1324 2559 1507 2625 φήσας·
1547 2570 1568 2606 ε
1589 2551 1768 2614 Ὅστίς
1792 2542 1851 2625 με
1894 2555 2069 2624 ὁμολο-

486 2648 633 2713 γήσει
662 2640 943 2717 ἔμπροσθεν
969 2652 1066 2699 τῶν
1097 2647 1397 2717 ἀνθρώπων,
1430 2645 1726 2717 ὁμολογήσω
1755 2648 1892 2717 κᾲγὼ
1922 2646 2070 2700 αὐτὸν

488 2733 774 2807 ἔμπροσθεν
818 2741 907 2789 τοῦ
945 2734 1135 2807 Πατρός
1162 2755 1258 2805 μου
1284 2742 1373 2790 τοῦ
1403 2737 1452 2790 ἐν
1493 2744 1601 2796 τοῖς
1632 2734 1896 2809 οὓρανοῖςς
1930 2754 1949 2786 ι
1981 2738 2069 2790 Καὶ

483 2824 599 2879 τίνα
661 2832 762 2879 τῶν
812 2827 1043 2881 ἀπίστων
1095 2831 1164 2897 μὴ
1218 2827 1473 2901 ἐκφοϐήση
1522 2828 1679 2885 εκείνη
1729 2829 1758 2885 ἡ
1809 2828 2068 2902 ἀπότομος

484 2913 687 2975 ἀπειλή,
718 2917 827 2974 ἥτις
868 2918 1252 2986 ἀγανακτοῦντα
1283 2916 1436 2971 mare»
1463 2919 1951 2993 προσμαρτύριται,
1982 2920 2069 2971 καί

482 3001 859 3061 διαϐεϐαιοῦται
885 3008 1169 3077 φάσκουσαν
1216 3025 1233 3057 ι
1260 3004 1437 3069 Ὀστίς
1472 3028 1531 3075 με
1555 3010 1831 3084 ἀρνήσεται
1872 3008 2068 3084 ἔμπρο-

484 3092 603 3155 σθεν
633 3100 731 3146 τῶν
758 3095 1049 3167 ἀνθρώπων,
1081 3098 1365 3169 ἀρνήσομαι
1392 3100 1543 3153 αὐτὸν
1573 3102 1713 3172 κᾲγὼ
1742 3102 1949 3154 ἐνώπιον
1972 3105 2065 3153 τοῦ

2174 1912 2331 1967 modo
2374 1928 2479 1966 non
2524 1922 2606 1967 est
2645 1911 2890 1981 fugienda
2921 1912 2987 1965 de
3019 1911 3139 1965 lldei
3181 1912 3471 1966 Dominicae
3520 1914 3750 1967 veritate

2171 2003 2499 2058 subtractiol
2545 2001 2697 2057 Unde
2736 2011 2791 2056 et
2825 2003 3136 2070 aposmlicm
3167 2004 3437 2058 memoria:
3465 2018 3597 2057 mere
3625 2018 3752 2071 par-

2175 2094 2358 2148 vitatis
2390 2092 2817 2163 prardecessores
2837 2135 2852 2157 ,
2883 2093 3165 2147 dominicis
3195 2093 3449 2148 doctrinis
3478 2095 3749 2159 instructi,

2170 2199 2232 2240 ex
2257 2200 2362 2251 quo
2389 2186 2677 2239 novitatem
2709 2184 3011 2239 ltmreticam
3048 2185 3098 2238 in
3130 2183 3323 2237 Christi
3350 2185 3749 2241 immacolatam

2172 2274 2461 2331 Ecclesiam
2525 2274 3132 2345 Constantinopolitana:
3182 2274 3436 2329 Ecclesiae
3490 2277 3753 2341 prmsules

2170 2368 2511 2423 introducere
2543 2370 2896 2435 conabantur,
2948 2384 3218 2436 nunquam
3264 2369 3620 2436 neglexerunt
3647 2382 3749 2421 eos

2171 2460 2371 2515 hortari
2401 2503 2414 2523 ,
2468 2470 2629 2529 atque
2674 2460 3009 2516 obsecrando
3050 2476 3420 2527 commonere,
3455 2472 3509 2515 ut
3538 2477 3567 2515 a
3601 2462 3751 2529 pravi

2168 2550 2432 2619 dogmatis
2470 2550 2723 2605 haeretico
2767 2566 2987 2617 errore,
3037 2551 3226 2606 saltem
3261 2553 3489 2608 tacendo
3516 2553 3749 2608 desiste-

2173 2651 2315 2706 rent,
2347 2658 2412 2697 ne
2442 2658 2505 2697 ex
2537 2643 2639 2699 hic
2666 2645 2943 2699 cxordinm
2961 2645 3166 2700 dissidii
3192 2646 3245 2699 itt
3262 2648 3461 2700 unitate
3488 2646 3747 2699 Ecclesia:

2170 2732 2435 2800 lacerent,
2484 2750 2640 2787 unam
2674 2734 2994 2790 voluntatem
3020 2776 3036 2801 ,
3083 2750 3348 2804 unamque
3376 2736 3748 2803 Operatiunem

2167 2827 2393 2883 duarum
2423 2836 2730 2882 naturarum
2763 2837 3069 2884 asserentes
3091 2827 3143 2882 in
3176 2843 3279 2881 uno
3311 2828 3533 2882 Domino
3556 2838 3747 2883 nostro

2165 2919 2291 2974 Jesu
2321 2919 2575 2973 Christo:
2616 2918 2758 2987 quod
2807 2918 2991 2974 Ariani
3033 2928 3089 2974 et
3138 2920 3544 2987 Apollinarium,
3581 2920 3749 2990 Euty-

2166 3010 2445 3066 chianistze
2469 3048 2483 3074 ,
2521 3009 2883 3073 Timotlteani,
2938 3011 3192 3080 Acephali
3219 3052 3235 3077 ,
3275 3011 3631 3065 'l‘heodosiani
3688 3020 3745 3065 et

2167 3100 2467 3165 Gaianitm,
2513 3110 2565 3155 et
2612 3101 2787 3161 omnis
2834 3100 3053 3155 omnino
3094 3100 3372 3155 haereticus
3416 3101 3586 3165 furor,
3630 3102 3747 3153 sive

483 3184 677 3256 Πατρός
706 3205 803 3255 μου
835 3192 925 3239 τοῦ
952 3188 1002 3241 ἐν
1028 3188 1253 3263 οὐρανοῖς
1279 3206 1324 3251 ς»
1341 3188 1481 3244 Ὀθεν
1502 3195 1585 3245 καί
1608 3190 1631 3245 ὁ
1654 3194 1897 3264 μακάριος
1925 3198 2062 3245 Παῦ-

2167 3192 2634 3256 coulundcutium,
2664 3207 2761 3249 seu
2791 3193 3141 3247 dividentium
3174 3192 3559 3246 lncarnationis
3591 3191 3747 3245 Chri-

484 3271 567 3332 λος
614 3272 638 3327 ὁ
678 3277 963 3337 ἀπόστολος
1012 3287 1113 3333 τῶν
1170 3281 1314 3333 ἐθνῶν
1362 3282 1733 3355 ὑπομιμνήσκει
1779 3288 1858 3338 καί
1909 3285 2057 3356 λέγει’

491 3384 513 3421 ε
532 3368 659 3422 Ἀλλ’
682 3372 725 3423 εἰ
765 3375 844 3424 καὶ
888 3378 1027 3443 ἡμεῖς
1055 3371 1084 3430 ἦ
1112 3369 1317 3445 ἅγγελος
1346 3376 1395 3437 ἐξ
1438 3376 1646 3447 ούρανοῦ
1677 3376 2063 3448 εὐαγγελίσηται

482 3461 626 3530 ὑμῖν,
649 3461 771 3534 παρ’
790 3459 814 3514 ὁ
835 3464 1270 3535 tornum-ima
1290 3466 1432 3535 ύμῖν,
1456 3466 1672 3535 ἀνάθεμα
1700 3464 1856 3520 ἴστω.
1871 3464 2060 3521 »Ὀπου

483 3555 698 3612 τοιαύτη
748 3554 801 3607 in.
815 3556 992 3609 iuet-:21
1038 3561 1184 3614 ποινὴ
1220 3562 1468 3618 κολάσεως
1497 3566 1602 3617 τοῖς
1642 3558 2000 3633 σ’τρεὶλοῦσιν,
2031 3557 2061 3619 ἦ

481 3654 860 3721 παρασιωπῶσι
907 3652 995 3706 την
1036 3648 1303 3715 ἀληθειαν,
1351 3656 1461 3708 πῶς
1511 3652 1597 3703 οὐκ
1637 3648 1755 3703 ἔστι
1793 3653 2004 3720 ᾳευκτέα
2033 3652 2061 3709 ἡ

482 3736 805 3812 ὑπεξαίρεσις
837 3737 938 3790 ἀπὸ
980 3746 1070 3795 τῆς
1096 3738 1325 3798 ἀληθείας
1354 3746 1444 3797 τῆς
1469 3748 1776 3799 Δεσποτικῆς
1808 3748 2059 3804 πίστεωςς

480 3822 623 3881 Ὀθεν
650 3832 733 3882 καὶ
771 3828 816 3880 οί
861 3836 950 3886 τῆς
991 3828 1329 3888 ἀποστολικῆς
1366 3834 1557 3901 μνήμης
1587 3832 1630 3883 οἱ
1659 3834 2065 3906 προηγησάμενοι

482 3927 573 3978 την
630 3923 751 3995 ἐμήν
799 3921 1103 3997 μετριότητα
1167 3928 1277 3981 ταῖς
1332 3922 1660 3982 δεσποτικαῖς
1718 3920 2065 3986 διδασκαλίαις

482 4014 907 4085 κατηρτισμένοι,
958 4013 1129 4075 ἐξὸτου
1178 4015 1491 4082 καινοτομίαν
1548 4015 1801 4089 αἱρετικην
1856 4019 1927 4075 εἰς
1975 4022 2064 4076 τὴν

486 4109 576 4158 τοῦ
622 4110 845 4178 Χριστοῦ
894 4103 1100 4172 ἄμωμον
1148 4104 1439 4162 Ἐκκλησέαν
1490 4106 1535 4159 οἱ
1600 4104 1840 4182 πρόεδροι
1884 4116 1974 4167 τῆς
2016 4111 2064 4163 ἐν

487 4195 997 4250 ιωνσταντινουπόλει
1037 4196 1326 4256 Ἐκκλησίας
1389 4199 1675 4269 εἰσαγαγεῖν
1720 4200 2023 4271 ἐπεχείρουν
2047 4240 2061 4262 ,

487 4283 725 4342 ούδίποτε
775 4286 1026 4345 ἠμέλησαν
1064 4285 1281 4348 τούτους
1328 4287 1732 4364 προτρέψασθαι,
1758 4293 1839 4343 καί
1886 4310 2063 4363 παρα-

487 4373 758 4438 καλοῦντες
806 4383 1116 4447 ὑπομνῆσαι,
1155 4381 1238 4433 ἵνα
1288 4381 1388 4434 ἀπὸ
1434 4387 1524 4435 τοῦ
1574 4381 1761 4453 φαύλου
1816 4380 2065 4453 δόγματος

486 4478 579 4537 τῆς
630 4473 880 4549 αἱρετικῆς
923 4472 1115 4533 πλάνης
1169 4469 1258 4545 κᾷν
1308 4482 1599 4535 σιωπῶντες
1637 4477 2060 4541 ἀποστήσωνται,

488 4569 671 4634 μήπως
713 4565 765 4617 ἐκ
804 4568 989 4629 τούτου
1028 4568 1293 4640 προοίμιον
1319 4564 1683 4640 διαχωρισμοῦ
1722 4567 1771 4629 ἐν
1895 4566 2066 4622 ἕνώσει

488 4666 580 4717 τῆς
626 4658 914 4719 Ἐκκλησίας
960 4662 1258 4721 ποιήσωσιν,
1305 4658 1353 4712 ἓν
1381 4659 1593 4728 θέλημα,
1652 4661 1736 4712 καί
1775 4662 1894 4730 μίαν
1929 4661 2065 4734 ἐνέρ-

487 4770 626 4819 γειαν
654 4757 754 4809 τῶν
798 4749 889 4803 δύο
926 4752 1125 4821 φύσεων
1156 4748 1596 4819 διαϐεϐαιούμενοι
1624 4752 1673 4805 ἓν
1698 4760 1767 4819 τῷ
1798 4752 1869 4806 ίνί
1904 4752 2066 4825 κυρίῳ

490 4841 630 4907 ἡμῶν
675 4838 840 4895 Ἰησοῦ
886 4848 1086 4913 Χριστῷ
1117 4854 1130 4869 '
1186 4838 1315 4915 ὅπερ
1355 4843 1435 4894 καί
1482 4841 1527 4895 οί
1572 4839 1850 4917 ’Δρειανοί,
1897 4846 1979 4897 καί
2021 4845 2066 4897 οί

485 4929 937 5005 Ἀπολλιναρισταί,
961 4935 1043 4986 καὶ
1069 4933 1113 4985 οἱ
1138 4934 1553 5003 Εὐτυχιανισταί.
1580 4938 1658 4987 καὶ
1683 4934 1727 4987 οἱ
1756 4935 2062 5004 Τιμοθεανοί,

487 5025 566 5076 καὶ
607 5024 651 5077 oi
694 5022 970 5092 ’Λκίφαλοι,
1014 5025 1060 5077 οἱ
1107 5022 1450 5089 Θεοδοσίανοὶ,
1493 5026 1574 5079 καί
1602 5024 1646 5078 οἱ
1674 5030 1947 5086 Γαῖανῐται,
1980 5026 2067 5078 καί

485 5120 636 5169 πᾶσα
682 5115 938 5175 παντελῶς
980 5114 1206 5186 ατρετικὴ
1235 5116 1413 5183 μανία,
1444 5115 1475 5170 ἦ
1496 5134 1549 5167 τε
1581 5120 1679 5167 τῶν
1708 5111 2061 5185 συγχεόντων,

487 5209 519 5264 ἦ
537 5227 591 5261 τε
622 5214 720 5261 τῶν
748 5205 1080 5280 διαιρούντων
1104 5206 1162 5263 τὸ
1187 5210 1461 5283 μυστήριον
1490 5213 1577 5266 τῆς
1604 5206 2065 5281 Ἐνανθρωπησεως

486 5305 576 5353 τοῦ
604 5305 829 5373 Χριστοῦ
861 5296 1109 5362 ἐδίδαξαν.
1135 5299 1447 5369 Συγχέοντες
1487 5299 1576 5368 μέν
1596 5306 1685 5356 τῆς
1716 5296 1863 5368 ἁγίας
1890 5296 2063 5350 ἐναν-

483 5395 789 5468 ῦρωπήσεως
831 5394 892 5451 τὸ
943 5398 1237 5466 μυστήριον,
1268 5394 1386 5446 καθό
1431 5400 1521 5454 τῆς
1567 5394 1803 5454 Θεότητος
1844 5397 1926 5448 καί
1973 5402 2061 5455 τῆς

486 5484 865 5559 ἀνθρωπότητος
891 5493 983 5540 τοῦ
1018 5490 1238 5560 Χριστοῦ
1269 5483 1317 5537 ἓν
1336 5486 1504 5544 αὐτῶν
1527 5484 1635 5555 [L.,
1661 5482 1862 5554 aiatait],
1888 5485 2060 5558 ὧσπερ

483 5576 612 5641 ἑνὸς,
668 5577 894 5647 θέλημα,
922 5581 1006 5631 καί
1055 5578 1301 5650 ἐνέργειαν
1352 5581 1680 5648 προσωπικην
1726 5573 1756 5629 ἴ
1760 5596 1875 5645 χειν
1921 5576 2059 5645 φιλο-

483 5674 719 5724 νεικοῦσι.
778 5676 1087 5739 Διαιροῦντες
1133 5666 1186 5721 δὲ
1233 5672 1321 5725 την
1376 5669 1670 5739 ἁχὼριστ.ν
1720 5666 1916 5728 ἕνωσιν,
1967 5668 2059 5725 τὰς

485 5760 575 5815 δζο
625 5763 818 5844 φύσεις,
852 5762 913 5821 ἅς
938 5781 1075 5820 τινας
1129 5761 1213 5815 τὸν
1257 5767 1461 5834 Σωτῆρα
1503 5757 1646 5829 ἔχειν
1699 5759 2056 5833 ἐπιγινώσκου-

2165 3284 2233 3338 sti
2262 3283 2605 3354 mysterium,
2636 3282 2838 3338 docuit.
2878 3282 3274 3338 Conlundentes
3306 3282 3517 3350 quidem
3543 3291 3747 3336 sancta:

2170 3377 2560 3433 lncarnationis
2588 3377 2898 3448 mysterium
2923 3418 2940 3444 ,
2972 3392 3036 3432 eo
3063 3378 3203 3445 quod
3230 3378 3443 3431 deitatis
3477 3387 3529 3431 et
3557 3378 3748 3431 Imma-

2164 3470 2351 3525 nitatis
2389 3470 2588 3525 Christi
2644 3485 2800 3524 unam
2850 3480 3090 3526 naturam
3132 3470 3350 3535 dicant,
3395 3486 3552 3524 unam
3592 3486 3740 3535 enm,

2164 3561 2307 3616 sicut
2338 3564 2518 3627 unius,
2562 3561 2891 3625 voluntatem
2928 3569 2981 3614 et
3009 3561 3371 3628 Operationem
3406 3561 3744 3629 pchunaletn

2164 3655 2366 3710 habere
2397 3655 2752 3711 contendunt.
2789 3653 3099 3708 Dividentes
3124 3663 3301 3708 autem
3329 3653 3743 3722 inseparabilem

2166 3748 2459 3805 Unitionem
2512 3748 2647 3800 duas
2702 3755 2939 3812 naturas,
2988 3759 3120 3814 quas
3163 3744 3495 3798 Salvatorem
3544 3744 3746 3799 habere

2164 3849 2518 3909 cognoscunt,
2552 3854 2654 3892 non
2688 3853 2785 3909 per
2813 3837 3126 3901 unitionem,
3155 3854 3271 3907 qua:
3298 3838 3589 3891 secundum
3617 3838 3746 3891 sub—

2164 3932 2463 3986 sistentiam
2499 3930 2637 3984 facta
2667 3929 3026 3997 cognoscitur,
3079 3931 3307 3984 uninnt:
3356 3930 3450 3983 sed
3491 3930 3743 3998 blasphe-

2165 4032 2394 4087 mantes,
2430 4036 2522 4089 per
2546 4020 2791 4077 allecmm
2819 4020 3123 4084 voluntatis,
3157 4031 3403 4089 tanquam
3445 4021 3582 4075 duas
3612 4024 3746 4077 sub-

2164 4113 2459 4175 sistentias,
2493 4112 2541 4165 id
2594 4121 2675 4166 est
2700 4153 2715 4175 ,
2768 4112 2902 4165 duos
2937 4112 3193 4180 quosdam
3215 4151 3232 4175 ,
3276 4127 3371 4179 per
3393 4114 3738 4167 concordiam

2161 4203 2407 4273 jungunt.
2451 4205 2615 4258 Porro
2644 4205 2937 4273 apostolica
2966 4205 3158 4258 Christi
3185 4205 3424 4259 Ecclesia
3443 4245 3457 4268 ,
3487 4207 3745 4273 spiritalis

2166 4304 2337 4348 mater
2380 4310 2407 4346 a
2451 4294 2560 4355 Deo
2590 4293 2789 4348 fundati
2814 4296 2973 4348 vestri
3006 4294 3241 4363 imperii,
3275 4303 3329 4348 et
3359 4310 3522 4347 unum
3560 4296 3745 4348 Domi-

2167 4400 2289 4438 num
2320 4394 2560 4439 nostrum
2592 4384 2771 4439 Jesnm
2803 4384 3071 4439 Christum
3114 4385 3405 4440 conlitetur
3433 4400 3501 4439 ex
3535 4386 3745 4440 duabus

2167 4487 2218 4535 et
2248 4478 2296 4529 in
2326 4476 2528 4530 duabus
2558 4475 2874 4532 existentem
2922 4476 3123 4530 naturis
3143 4515 3158 4541 ,
3197 4486 3251 4532 et
3280 4475 3413 4531 duas
3441 4478 3558 4545 ejus
3585 4485 3746 4531 natu-

2170 4583 2276 4630 ras,
2308 4567 2537 4620 divinam
2571 4567 2776 4621 scilicet
2805 4577 2858 4621 et
2886 4566 3168 4619 humanam
3192 4609 3207 4630 ,
3258 4568 3418 4621 etiam
3449 4578 3570 4632 post
3595 4566 3745 4621 inse-

2170 4656 2461 4726 parabilem
2486 4656 2780 4711 unitionem
2806 4656 3130 4722 ittconl'usas,
3161 4656 3214 4714 in
3242 4671 3310 4711 co
3334 4671 3457 4712 esse
3481 4657 3743 4724 defendit,

2166 4760 2220 4811 ct
2262 4764 2326 4804 ex
2369 4749 2781 4817 proprietatibus
2822 4748 3150 4803 naturalibus
3182 4763 3617 4819 unamquamque
3648 4750 3745 4804 ha-

2167 4858 2286 4897 rum
2336 4842 2537 4897 Christi
2589 4850 2897 4895 naturarum
2951 4838 3238 4910 perlectam
3281 4855 3404 4896 esse
3443 4842 3742 4911 cognoscit,

2164 4945 2215 4989 et
2242 4933 2497 5003 quidquid
2516 4934 2579 5001 ad
2602 4932 2948 5001 proprietates
2967 4942 3271 5002 naturaruu
3295 4932 3547 4999 pertinet,
3569 4932 3748 5001 dupli-

2164 5031 2244 5096 cia
2270 5009 2445 5082 omnia
2469 5028 2773 5092 conlitetur,
2812 5027 2933 5095 quia
2959 5025 3072 5092 ipse
3100 5025 3240 5078 idem
3274 5023 3534 5078 Dominus
3559 5036 3747 5081 noster

2164 5124 2320 5181 Jesus
2346 5120 2611 5185 Cltristus,
2649 5126 2703 5173 et
2739 5119 2877 5172 Deus
2906 5117 3174 5187 perlectus
3203 5125 3306 5183 est,
3336 5126 3391 5171 et
3423 5118 3587 5170 homo
3615 5132 3739 5186 pere,-

2163 5212 2335 5266 l'ectus
2367 5222 2443 5263 e5t
2467 5250 2482 5275 ,
2530 5219 2585 5263 et
2626 5224 2694 5263 ex
2726 5207 2967 5271 duabus,
3008 5206 3136 5262 etin
3167 5206 3375 5261 duabus
3408 5208 3613 5262 naturis
3641 5224 3656 5260 :
3688 5218 3743 5262 et

2164 5313 2283 5371 post
2304 5300 2673 5356 admirabilem
2704 5300 3123 5355 lncarnationem
3152 5301 3409 5365 existens,
3444 5316 3543 5354 nec
3564 5300 3739 5354 deitas

2160 5394 2277 5463 ejus
2293 5393 2408 5447 sine
2434 5391 2782 5457 humanitate,
2806 5406 2903 5445 nec
2931 5388 3231 5445 humanitas
3256 5388 3372 5458 ejus
3387 5390 3505 5444 sine
3533 5389 3735 5444 deitate

2163 5493 2333 5552 potest
2363 5483 2600 5551 intelligi.
2643 5472 3039 5551 Consequenter
3065 5480 3446 5550 itaque,jnxta
3494 5480 3736 5549 regulam

2159 5585 2357 5630 sancta:
2405 5572 2677 5627 catholicae
2709 5581 2866 5641 atque
2888 5574 3196 5641 apostolica:
3225 5571 3426 5626 Christi
3458 5568 3735 5634 Ecclesim,

2159 5668 2289 5721 duas
2308 5667 2465 5720 etiam
2493 5665 2757 5719 naturales
2774 5666 3067 5719 voluntates
3085 5666 3134 5717 in
3150 5679 3235 5728 eo,
3254 5674 3308 5718 et
3321 5664 3451 5717 duas
3466 5661 3742 5717 naturales

2158 5758 2493 5828 operationes
2522 5772 2639 5813 csse
2668 5757 2951 5812 confitetur
2990 5766 3038 5811 et
3066 5756 3340 5827 praedicat.
3382 5753 3512 5808 Nam
3544 5753 3585 5808 si
3613 5767 3737 5821 per.
