4016 6354
280 251 300 304 l
319 249 420 303 173·

1711 232 2087 290 EPiSTOLIE.

3376 234 3514 290 117i

274 361 512 418 sonalem
548 359 821 428 quisquam
863 355 1117 424 intelligat
1157 351 1484 407 voluntatem
1513 391 1527 413 ,
1575 349 1699 401 dum
1730 358 1873 405 tres:

1974 369 2044 410 ἰν,
2097 349 2223 417 ουχὶ
2274 345 2600 412 καθ’ἴνωσιν,
2655 349 2764 406 ἥτις
2811 347 2919 404 καθ’
2941 347 3229 404 ὑπόστασιν
3281 352 3514 421 γενομένη

275 466 517 522 persona:
544 449 598 504 in
630 450 822 503 sancta
872 447 1131 501 Trinitate
1175 445 1442 508 dicuntur,
1490 455 1707 495 necesse
1734 447 1840 506 est,

275 557 414 602 utet
451 555 558 600 tres
586 544 886 600 voluntates
923 534 1249 611 personales,
1297 548 1351 592 et
1392 548 1499 591 tres
1541 533 1844 604 personales

275 638 616 708 operationes
641 637 658 704 (
685 634 822 704 quod
853 632 1140 688 absurdum
1169 642 1251 686 est
1281 639 1335 685 et
1364 629 1523 683 nimis
1544 621 1842 696 profanum)

276 731 598 786 dicerentur.
631 725 724 783 Sin
753 734 948 787 autem.
977 722 1117 792 quod
1149 721 1269 776 tidei
1297 718 1615 774 Christiana
1648 716 1845 769 veritas

276 821 538 882 continet,
569 817 823 871 naturalis
849 815 1095 869 voluntas
1119 823 1199 868 est
1219 853 1234 876 ,
1269 811 1356 866 ubi
1381 825 1483 864 una
1517 811 1629 862 haec
1661 815 1845 862 natura

276 912 472 966 dicitur
495 916 695 964 sanctas
725 916 779 965 et
801 905 1172 974 inseparabilis
1195 902 1490 966 Trinitatis,
1515 913 1850 966 consequen-

281 1012 362 1056 ter
381 1009 438 1056 et
467 1013 568 1053 una
616 997 872 1065 naturalis
906 995 1175 1060 voluntas,
1217 1003 1270 1048 et
1294 1008 1396 1047 una
1431 988 1685 1046 naturalis
1720 1001 1850 1057 ope-

277 1095 416 1147 ratio
444 1089 781 1160 intelligenda
827 1097 928 1144 est.
991 1087 1089 1142 Ubi
1124 1101 1248 1140 vero
1274 1086 1326 1140 in
1358 1100 1461 1139 una
1489 1096 1714 1153 persona
1741 1081 1846 1134 Do-

277 1182 407 1238 mini
435 1182 601 1237 nostri
630 1181 753 1236 Jesu
784 1177 984 1234 ChriSIi
1009 1177 1318 1234 mediatoris
1343 1176 1436 1231 Dei
1467 1185 1520 1229 et
1547 1172 1849 1236 hominum,

278 1273 413 1328 duas
442 1281 655 1328 naturas
685 1269 759 1341 (id
783 1279 894 1334 est,
933 1268 1166 1323 divinam
1197 1277 1253 1322 et
1279 1267 1586 1335 humanam)
1615 1265 1850 1320 confite-

277 1380 422 1428 mur,
476 1367 528 1418 in
575 1364 765 1434 quibus
812 1371 866 1417 et
907 1370 1027 1430 post
1074 1359 1436 1415 admirabilem
1479 1358 1850 1412 adnnationem

276 1456 563 1522 consistit,
611 1454 747 1509 sicut
772 1454 903 1507 duas
934 1453 1085 1508 unius
1121 1452 1462 1522 ejusdemque
1491 1459 1709 1505 naturas
1731 1489 1746 1515 ,
1780 1450 1852 1503 ita

278 1555 336 1601 et
363 1545 502 1601 duas
527 1546 796 1600 naturales
817 1544 1112 1598 voluntates
1131 1585 1144 1608 ,
1175 1543 1411 1611 duasque
1439 1543 1704 1597 naturales
1729 1557 1854 1610 ope-

279 1636 518 1692 rationes
555 1635 669 1702 ejus
712 1634 1024 1701 regulariter
1052 1633 1385 1689 confitemur.
1440 1632 1507 1688 Ut
1555 1641 1728 1686 autem
1760 1631 1856 1684 ltu-

1943 447 2254 518 γνωρίζεται,
2301 444 2510 497 ἐνοῦσιν·
2561 443 2685 497 ἀλλά
2738 443 3175 513 βλασφημοῦντες,
3211 445 3339 497 κατά
3383 445 3516 514 σχέ-

1945 557 2024 591 σιν
2067 535 2339 603 θελήματος
2383 535 2450 595 ὡς
2497 531 2590 587 δύο
2620 535 2952 593 ὑποστάσεις,
2986 534 3227 588 τουτέστι
3254 531 3347 588 δύο
3376 535 3513 594 τινάς

1945 627 2050 681 καθ’
2069 625 2295 696 ὁμόνοιαν
2366 627 2706 680 συνάπτουσι.
2781 631 3062 700 Τοιγαροῦν
3113 627 3142 682 ἡ
3202 625 3513 684 ἀποστολικὴ

1945 723 2039 774 τοῦ
2066 723 2285 794 Χριστοῦ
2332 717 2594 775 Ἐκκλησία
2629 718 2659 774 ἡ
2701 720 3015 788 πνευματικὴ
3054 719 3218 791 μήτηρ
3264 722 3350 769 τοῦ
3395 725 3518 771 Θεο-

1948 809 2239 878 θεμελιὼτου
2267 809 2405 877 ὑμῶν
2430 807 2647 882 κράτους
2685 810 2772 860 καί
2807 807 2896 861 ἕνα
2939 807 3122 880 Κύριον
3159 808 3295 876 ἡμῶν
3323 804 3516 863 Ἰησοῦν

1948 901 2162 975 Χριστὸν
2216 898 2448 972 ὁμολογεῖ
2487 900 2539 952 ἐκ
2589 897 2700 962 δύο,
2727 901 2810 952 καί
2852 899 2901 952 ἐν
2946 897 3042 954 δύο
3088 899 3392 974 ύπάρχοντα
3430 897 3521 969 φύ-

1950 1013 2086 1058 σεσι,
2116 995 2202 1046 καί
2244 991 2334 1047 δύο
2386 993 2542 1046 αὐτοῦ
2586 993 2682 1052 τὰς
2725 995 2918 1062 ντύσεις,
2957 995 3045 1049 τὴν
3087 992 3217 1044 θείαν
3266 988 3517 1051 δηλονότι,

1951 1087 2037 1139 καὶ
2099 1083 2447 1157 ἀνθρωπίνην,
2501 1085 2586 1137 καί
2640 1087 2770 1152 μετὰ
2830 1087 2917 1140 τὴν
2981 1083 3276 1156 ἀχώριστον
3347 1082 3520 1136 ἕνωσιν

1951 1174 2272 1247 ἁσυγχύτως
2301 1177 2350 1230 ἐν
2385 1176 2524 1245 αύτῷ
2572 1171 2696 1231 εἶναι
2741 1173 2985 1237 διδάσκει,
3025 1179 3104 1228 καὶ
3150 1175 3202 1229 ἐκ
3240 1183 3338 1229 τῶν
3367 1196 3520 1246 φυσι-

1953 1273 2050 1319 κῶν
2097 1265 2354 1324 ἱδιοτήτων
2396 1267 2512 1337 μίαν
2552 1266 2770 1322 ἑκάστην
2813 1267 2976 1320 αὐτῶν
3023 1271 3120 1320 τῶν
3163 1270 3254 1318 τοῦ
3299 1271 3522 1338 Χριστοῦ

3062 1361 3141 1412 καὶ
3192 1355 3286 1413 εἴτι
3340 1357 3522 1417 δήποτε

1955 1453 2124 1507 ἀνήκει
2158 1452 2287 1524 πρὸς
2324 1451 2417 1509 τάς
2458 1448 2704 1510 ἰδιότητας
2748 1457 2847 1505 τῶν
2890 1456 3116 1522 φύσεων,
3162 1452 3325 1505 πάντα
3372 1449 3525 1506 διπλᾶ

1957 1541 2205 1614 ὁμολογεῖ,
2255 1537 2336 1594 ὅτι
2387 1540 2536 1599 αὐτὸς
2585 1537 2610 1593 ὁ
2660 1543 2836 1612 Κύριος
2885 1541 3024 1607 ἡμῶν
3069 1539 3264 1600 Ἰησοῦς
3311 1543 3530 1611 Χριστὸς

1957 1631 2042 1682 καί
2081 1629 2206 1689 Θεὸς
2246 1627 2428 1686 τέλειός
2472 1630 2602 1688 ἐστι.
2634 1630 2712 1681 καί
2753 1624 3006 1700 ἅνθρωπος
3046 1629 3228 1691 τέλειός
3284 1632 3412 1692 ἐστι.
3442 1635 3529 1686 καί

1955 1359 2149 1431 φύσεων
2216 1359 2402 1412 τελείαν
2465 1353 2590 1412 εἶναι
2644 1360 2979 1428 ἐπιγινώσκει,

281 1726 368 1797 ius
438 1727 682 1781 veridicae
731 1725 1078 1780 confessionis
1128 1725 1473 1795 intelligentia
1539 1739 1601 1778 ex
1649 1722 1852 1778 Veteris

1974 1729 2008 1772 κ
2051 1719 2139 1773 δύο
2184 1722 2267 1774 καί
2324 1721 2370 1771 ἐν
2419 1716 2510 1774 δύο
2559 1720 2769 1791 φύσεσι,
2806 1722 2890 1774 καί
2936 1724 3061 1791 μετά
3100 1728 3188 1781 τήν
3237 1724 3530 1791 θαυμαστήν

281 1817 521 1888 Novique
548 1817 872 1872 Testamenti
899 1834 926 1869 ιι
971 1818 1077 1872 Deo
1120 1817 1370 1887 inspirata
1409 1817 1686 1881 doctrina,
1742 1813 1856 1885 pie-

281 1909 414 1963 tatis
467 1916 658 1962 vestra:
709 1908 974 1962 mentibus
1027 1908 1226 1962 clareat
1280 1907 1429 1975 (plus
1491 1909 1630 1960 enim
1675 1917 1727 1962 et
1779 1907 1858 1960 in-

282 1982 717 2066 comparabiliter
759 2007 928 2052 vestra
971 1998 1459 2066 poteritclemeutia
1481 2011 1693 2051 sensum
1730 2012 1852 2051 san-

283 2103 494 2147 ctarum
533 2091 925 2160 Scripturarum
967 2100 1274 2159 penetrare,
1304 2106 1458 2159 quam
1492 2098 1669 2144 nostra
1704 2089 1862 2158 pusil-

286 2184 414 2239 litas
458 2184 636 2238 verbis
672 2183 1023 2238 deﬂuentibus
1069 2183 1412 2252 explanare),
1457 2183 1568 2248 ipse
1613 2182 1864 2236 Dominus

287 2287 478 2329 nosmr
498 2273 652 2329 Jesus
677 2273 920 2329 Christus
946 2315 961 2339 ,
993 2275 1082 2343 qui
1111 2289 1266 2329 verus
1305 2283 1359 2329 et
1404 2274 1667 2343 perfectus
1701 2273 1862 2338 Deus,

291 2378 453 2418 verus
497 2373 550 2419 et
589 2366 848 2434 perlectus
891 2366 1051 2420 homo
1089 2377 1191 2430 est,
1222 2367 1272 2418 in
1295 2369 1459 2420 sacris
1496 2366 1606 2419 suis
1631 2365 1868 2431 Evange-

292 2452 383 2509 liis
428 2463 748 2523 protesmtur
796 2458 847 2509 in
899 2457 1160 2523 aliquibus
1200 2458 1450 2522 humana,
1502 2457 1556 2509 in
1601 2456 1869 2522 aliquibus

295 2543 481 2598 divina
506 2585 523 2610 ,
573 2555 627 2600 et
653 2545 809 2599 simul
841 2555 1063 2614 utraque
1103 2546 1155 2599 in
1185 2546 1301 2600 aliis
1335 2547 1398 2598 de
1425 2561 1482 2599 se
1513 2543 1863 2613 patefaciens,

299 2642 362 2690 ut
387 2648 446 2689 se
475 2648 658 2690 verum
685 2634 850 2690 Deum
878 2677 892 2699 ,
936 2651 1226 2704 verumque
1266 2637 1529 2689 hominem
1558 2636 1776 2690 credere
1808 2650 1868 2690 ac

300 2725 601 2794 praedicare
651 2725 834 2780 ﬁdeles
875 2741 1000 2780 suns
1045 2727 1349 2780 instruetet.
1399 2728 1527 2780 Oiat
1563 2725 1772 2796 quidem
1805 2727 1870 2782 ad

301 2816 518 2872 Patrem
563 2826 619 2870 ut
658 2816 818 2871 homo
844 2859 859 2885 ,
908 2827 967 2871 ut
991 2819 1207 2872 calicem
1237 2818 1497 2886 passionis
1523 2829 1869 2890 transageret,

300 2909 426 2976 quia
470 2907 525 2962 in
571 2922 636 2963 eo
665 2918 862 2969 nostra:
905 2908 1248 2965 humanitatis
1293 2921 1478 2964 natura
1517 2911 1717 2980 absque
1758 2913 1874 2965 solo

303 3013 528 3072 peccato
572 3003 808 3074 perfecta
851 3014 971 3058 est:
1020 3004 1199 3070 Pater,
1247 3004 1513 3074 inquiens,
1553 3004 1594 3060 si
1638 3003 1872 3076 possibile

1955 1807 2350 1884 Ἐνανθρὼπητιν
2388 1811 2674 1883 ύπάρχων,
2726 1809 2842 1866 οὔτε
2883 1814 2912 1870 ἡ
2953 1812 3126 1872 θεότης
3169 1813 3321 1867 αὑτοῦ
3364 1817 3565 1889 χωρὶς”

1956 1909 2048 1959 τῆς
2077 1897 2472 1975 ἀνθρωπὸτητος,
2502 1899 2617 1956 οὔτε
2649 1903 2676 1959 ἡ
2708 1900 3033 1976 ἁνθρωπότης
3059 1905 3216 1958 αὑτοῦ
3247 1909 3412 1979 χωρὶς
3441 1914 3532 1965 τῆς·

1958 1991 2188 2051 θεότητος
2234 1989 2446 2044 δύναται
2504 1993 2742 2046 νοεῖσθαι.
2812 1994 3106 2054 ’Λκολούθονς
3167 1998 3330 2049 τοίνυν
3398 1998 3528 2071 πρὸς

1961 2085 2047 2139 τὸν
2093 2085 2270 2136 κανόνα
2313 2093 2402 2142 τῆς
2454 2083 2601 2156 ἁγίας
2642 2085 2896 2144 καθολεκῆς
2941 2089 3022 2140 καί
3064 2089 3399 2146 ἀποστολικῆς
3443 2094 3532 2142 τοῦ

1962 2180 2182 2246 Χριστοῦ
2218 2171 2511 2234 Ἐκκλησίας
2548 2177 2626 2228 καὶ
2669 2172 2758 2228 δύο
2801 2176 2983 2245 φυσικὰ
3022 2175 3267 2246 θελήματα
3297 2178 3345 2229 ἐν
3375 2178 3534 2245 αὐτῷ,

1966 2270 2048 2320 καί
2099 2265 2189 2322 δύο
2241 2268 2455 2337 φυσικὰς
2499 2267 2743 2339 ἐνεργείας
2772 2261 2897 2320 εἶναι
2943 2265 3189 2335 ὃμολογεῖ,
3218 2269 3301 2319 καί
3348 2268 3534 2339 κηρύτκ

1967 2379 2064 2414 τει.
2097 2359 2214 2412 Ἐὰν
2240 2361 2339 2435 γάρ
2366 2379 2444 2418 τις
2478 2360 2796 2434 προσωπικόν
2832 2362 2986 2429 νοήσῃ
3013 2359 3070 2412 τὸ
3111 2357 3311 2426 θέλημα.
3346 2359 3394 2410 ἐν
3433 2355 3540 2426 ὅσῳ

1971 2451 2087 2518 τρία
2125 2449 2382 2523 πρόσωπα
2423 2451 2472 2502 ἒν
2510 2457 2572 2523 τῇ
2615 2449 2733 2521 avi;
2767 2447 2942 2518 Τριάδι
2987 2449 3230 2520 λέγονται,
3266 2449 3542 2518 ἀναγκαῖόν

1971 2540 2144 2600 ἔστιν,
2183 2539 2266 2592 ἶνα
2311 2542 2395 2592 καί
2436 2541 2552 2611 τρία
2592 2538 2898 2612 προσωπικὰ
2948 2539 3232 2607 θελήματα,
3277 2542 3362 2592 καί
3407 2546 3544 2611 τρεῖς

1970 2632 2293 2701 προσωπικαί
2337 2631 2594 2703 ἐνέργειαι,
2650 2627 2776 2704 ὅπερ
2825 2629 3091 2685 ἀλλόκοτόν
3148 2633 3257 2686 ἐστι
3311 2634 3393 2685 καὶ
3437 2633 3546 2687 λίαν

1974 2721 2204 2794 βέϐηλον,
2235 2720 2610 2790 λεχθήσωνται.
2642 2721 2778 2776 Ἐπεί
2808 2721 2884 2793 [L
2912 2761 2927 2785 ,
2960 2725 3014 2777 Εἰ
3055 2719 3161 2792 δέ].
3200 2722 3325 2797 ὅπερ
3364 2727 3393 2782 ἡ
3426 2725 3544 2782 ἀλή-

1973 2815 2075 2867 θεια
2111 2821 2202 2872 τῆς
2250 2815 2738 2886 Χριστιανικωτάτης
2781 2819 3002 2874 πίστεως
3047 2815 3311 2887 περιέχει,
3342 2814 3543 2886 φυσικὸν

1973 2904 2031 2958 τὸ
2077 2905 2263 2974 θέλημά
2309 2905 2472 2966 ἐστιν,
2505 2902 2631 2958 ὅπου
2681 2906 2771 2976 μία
2819 2905 2968 2976 φύσις
3017 2905 3214 2978 λέγεται
3259 2914 3348 2964 τῆς
3394 2904 3544 2975 ἁγίας

1975 2998 2056 3049 καὶ
2092 2997 2394 3070 ἁχωρίστον
2423 2994 2664 3073 Τρωὶδος,
2695 2995 2969 3057 ἀκολούθως
3000 2999 3080 3049 καί
3122 2995 3182 3055 ἓν,
3216 2997 3425 3069 φυσικὸν
3461 2996 3542 3048 θέ-

303 3103 402 3158 est,
425 3103 648 3148 transeat
673 3111 706 3146 a
727 3109 805 3147 me
825 3096 962 3148 calix
987 3096 1108 3160 iste;
1140 3108 1476 3150 verumtamen
1507 3112 1609 3148 non
1629 3097 1760 3150 sicut
1781 3113 1871 3166 ego

1976 3090 2139 3160 λημα,
2187 3093 2270 3144 καί
2313 3094 2403 3160 μία
2453 3094 2633 3163 φυσιιὴ
2679 3091 2897 3163 ἐνέργεια
2939 3099 3147 3146 νοεῖται.
3195 3089 3360 3144 ’Πνζκα
3401 3089 3453 3145 δὲ
3498 3091 3548 3145 ἐν

303 3183 441 3246 volo,
487 3186 576 3238 sed
603 3186 731 3238 sicut
762 3193 814 3237 tu
856 3186 928 3238 vis
967 3184 1180 3255 (Matth.
1217 3187 1386 3254 xxvi).
1415 3187 1479 3240 Et
1502 3186 1553 3240 in
1583 3188 1690 3240 alio
1712 3188 1828 3241 loco
1860 3207 1872 3240 :

308 3273 435 3330 Non
494 3292 606 3331 mea
655 3277 924 3342 voluntas,
974 3279 1065 3331 sed
1112 3288 1198 3332 tua
1242 3279 1334 3348 ﬁat
1385 3279 1576 3348 (Marc.
1613 3295 1716 3343 xu;
1749 3277 1874 3332 Luc.

314 3366 476 3435 uti).
513 3366 679 3435 Cujus
707 3367 996 3422 testimonii
1021 3382 1234 3423 sensum
1259 3372 1302 3423 si
1327 3383 1357 3423 a
1389 3371 1584 3423 sanctis
1609 3378 1662 3423 et
1690 3371 1877 3438 proha-

312 3454 514 3511 bi-libns
559 3455 804 3513 Patribus
839 3459 1176 3527 esplanatum
1203 3500 1218 3526 ,
1266 3474 1587 3528 cognoscere
1611 3461 1876 3529 cupimus,

311 3557 390 3613 et,
413 3549 538 3617 quid
566 3566 678 3605 mea
723 3552 985 3620 voluntas,
1017 3553 1140 3621 quid
1179 3563 1265 3606 tua
1310 3552 1592 3622 signiticet,
1623 3553 1881 3608 veraciter

314 3637 654 3710 intelligere,
705 3640 892 3696 beatus
935 3643 1253 3702 Ambrosius
1303 3645 1354 3696 in
1382 3643 1616 3697 secundo
1655 3641 1790 3696 libro
1815 3643 1879 3697 ad

312 3728 488 3784 beatae.
527 3731 800 3787 memoriae
832 3731 1139 3787 Gratianum
1171 3739 1464 3804 Augustum
1496 3734 1578 3788 his
1609 3733 1782 3788 verbis
1815 3734 1882 3789 de

317 3814 422 3872 hoc
440 3817 560 3874 loco
580 3833 676 3874 nos
692 3820 983 3890 intelligere
1004 3833 1328 3891 commonet,
1351 3823 1595 3894 inquiens
1617 3840 1629 3877 :
1667 3843 1687 3876 ι
1707 3822 1884 3879 Susci-

316 3908 396 3979 pit
417 3923 546 3980 ergo
567 3913 893 3968 voluntatem
921 3929 1114 3980 meam,
1139 3917 1357 3985 suscipit
1387 3917 1653 3971 tristitiam
1685 3932 1880 3986 meam,

316 4003 653 4060 conﬁdenter
677 4005 942 4061 tristitiam
976 4009 1215 4075 nomino,
1241 4011 1357 4078 quia
1387 4023 1600 4064 crucem
1625 4011 1880 4079 prmdico,

319 4107 440 4151 mea
469 4104 550 4150 est
577 4096 822 4151 voluntas
844 4138 859 4163 ,
903 4113 1060 4168 quam
1103 4113 1252 4154 suam
1284 4100 1448 4165 dixit,
1478 4102 1600 4170 quia
1635 4112 1689 4155 ut
1724 4103 1885 4157 homo

320 4188 557 4256 suscepit
607 4189 874 4244 tristitiam
919 4205 1088 4246 meam
1114 4230 1128 4256 ,
1181 4200 1240 4246 ut
1282 4191 1440 4246 homo
1469 4192 1676 4247 locutus
1697 4201 1801 4258 est,
1834 4202 1888 4248 et

318 4277 445 4334 ideo
471 4280 546 4334 ait
571 4301 583 4334 :
615 4281 758 4349 Non,
809 4283 941 4336 sicut
983 4299 1076 4353 ego
1104 4284 1220 4337 volo
1241 4324 1256 4346 ,
1286 4286 1373 4337 sed
1396 4285 1526 4338 sicut
1552 4295 1605 4338 tu
1633 4285 1725 4339 vis.
1773 4285 1885 4341 Mea

320 4376 409 4423 est
433 4369 644 4426 tristitia
665 4415 680 4441 ,
713 4386 869 4442 quam
896 4388 1014 4429 meo
1042 4375 1274 4442 suscepit
1302 4376 1491 4430 aliectu
1543 4376 1883 4446 (Ambrosius.

1976 3188 2048 3253 τῷ
2094 3182 2165 3235 ἐνὶ
2212 3184 2474 3256 προσώπῳ
2517 3187 2610 3236 τοῦ
2659 3187 2836 3256 Κυρίου
2893 3185 3030 3254 ἡμῶν
3077 3182 3245 3239 Ἰησοῦ
3282 3179 3502 3254 Χριστοῦ
3530 3222 3545 3243 ,

1977 3278 2068 3330 τοῦ
2101 3273 2304 3342 μεσίτου
2350 3269 2480 3327 Θ.οὖ
2527 3274 2608 3326 καί
2646 3272 2917 3343 ἀνθρώπων
2962 3271 3058 3326 δύο.
3097 3274 3287 3343 φύσεις,
3314 3275 3549 3327 τουτέστι

1979 3365 2068 3418 τήν
2109 3361 2242 3413 θείαν
2293 3363 2376 3413 καὶ
2429 3364 2518 3418 τήν
2569 3360 2876 3434 ἀνθρωπίνην
2931 3359 3265 3433 ὁμολογοῦμεν
3291 3400 3308 3423 ,
3362 3363 3413 3414 ἐν
3466 3359 3548 3421 αἷς

1978 3455 2059 3506 καί
2105 3455 2234 3522 μετὰ
2277 3456 2367 3510 τὴν
2401 3453 2696 3522 θαυμαστήν
2737 3453 2912 3509 ἕνωσιν
2945 3454 3197 3528 ὑπάρχει.
3237 3454 3417 3514 Καθὼς
3457 3453 3548 3508 δίο

1980 3550 2075 3598 τοῦ
2126 3544 2231 3604 ἑνὸς
2277 3547 2359 3596 καὶ
2405 3550 2498 3597 τοῦ
2551 3545 2704 3598 αὐτοῦ
2743 3547 2840 3600 τὰς
2891 3547 3085 3613 φύσεις,
3136 3543 3270 3600 οὕτω
3315 3548 3400 3600 καί
3455 3543 3547 3599 δύο

1981 3638 2165 3709 φυσικά
2199 3638 2472 3708 θελήματα,
2502 3638 2586 3690 καί
2625 3634 2715 3692 δύο
2743 3638 2958 3708 φυσικὰς
2988 3638 3140 3692 αὐτοῦ
3175 3639 3269 3697 τάς
3303 3638 3551 3712 ἐνεργείας

2719 3727 2824 3784 ’Ῑνκ
2864 3728 2918 3784 δὲ
2965 3733 3153 3790 ταύτης
3198 3738 3288 3790 τῆς
3340 3731 3548 3788 ἀληθοῦς

1981 3824 2242 3896 ὁμολογίας
2288 3825 2318 3882 ἡ
2359 3822 2528 3882 νόησις
2571 3823 2622 3876 ἐκ
2676 3829 2767 3881 τῆς
2813 3822 3033 3881 παλαιᾶς
3077 3825 3162 3876 καί
3207 3829 3388 3881 Καινῆς
3437 3834 3553 3876 Δια-

1983 3919 2127 3976 θήκης
2156 3918 2186 3974 ἦ
2213 3912 2557 3973 Θεόπνευστος
2589 3912 2891 3968 διδασκαλία
2919 3911 3041 3986 [L.,
3069 3914 3121 3965 ἐκ
3149 3921 3240 3972 τῆς
3279 3914 3330 3966 ὲν
3353 3920 3414 3986 τῇ
3452 3923 3553 3966 Πα-

1983 4008 2100 4078 λαιᾷ
2158 4008 2235 4060 καὶ
2289 4011 2435 4078 Καινῇ
2489 4007 2698 4078 Διαθήκῃ
2763 4005 3110 4060 Θεοπνεύστου
3187 3998 3551 4070 διδασκαλίας]

1981 3739 2246 3792 κακονικῶς
2294 3731 2646 3802 ὁμολογοῦμεν.

1984 4106 2098 4159 ταῖς
2137 4100 2340 4159 ἐννοίαις
2379 4105 2470 4158 τῆς
2509 4100 2756 4175 ὑμετέρας
2796 4097 3058 4157 εὐσεϐείας
3089 4104 3231 4170 potvit?
3268 4096 3416 4150 πλέον
3457 4096 3556 4168 γάρ

1980 4181 2070 4247 ’καί
2133 4193 2454 4270 ἀσυγκρίτως
2510 4193 2540 4250 ἡ
2588 4192 2806 4266 ὑμετέρα
2875 4190 3214 4264 φιλανθρωπία
3281 4186 3558 4245 δυνήσεται

1987 4290 2078 4345 τὴν
2119 4283 2312 4339 ἔννοιαν
2348 4289 2448 4338 τῶν
2489 4283 2642 4354 ἁγίων
2689 4289 2892 4356 Γραφῶν
2945 4278 3398 4353 ἐπεξεργάσασθαι,
3425 4276 3557 4349 ἥπερ

1989 4378 2021 4434 ἡ
2073 4378 2292 4450 ἡμετέρα
2355 4377 2636 4448 σμικρῦτης
2693 4371 2932 4444 ῥευστοῐς
2992 4369 3191 4441 ῥήμασι
3262 4367 3557 4437 σαφηνίσαιο

320 4457 411 4511 lib.
442 4473 501 4522 tt,
547 4473 598 4514 c.
639 4461 694 4526 5,
719 4462 782 4516 de
803 4461 953 4529 Fide,
979 4463 1048 4516 ad
1088 4463 1434 4536 Gratianum).
1459 4486 1476 4517 ι
1529 4467 1668 4520 Ecce
1703 4468 1873 4532 claret1

1995 4469 2144 4526 αὐτὸς
2186 4448 2428 4536 ὁῗιίύριος
2483 4465 2620 4531 ἡμῶν
2674 4459 2873 4519 Ἰησοῦς
2921 4458 3171 4532 Χριστὸς,
3227 4453 3281 4515 ὂς
3340 4453 3559 4514 ἀληθινὸς

322 4550 545 4618 piissimi
589 4551 905 4622 principum,
930 4555 1070 4627 quod
1097 4555 1186 4611 hic
1210 4567 1424 4612 sanctus
1455 4558 1636 4618 Pater,
1671 4561 1888 4612 verbum

323 4639 503 4707 ipsum
535 4643 678 4710 quod
710 4644 961 4700 Dominus
996 4661 1155 4703 orans
1200 4648 1452 4715 protulit:
1490 4646 1610 4700 Non
1634 4650 1766 4714 quod
1799 4664 1890 4716 ego

322 4724 465 4792 volo,
499 4727 564 4780 ad
595 4728 972 4786 humanitatem
996 4731 1114 4800 ejus
1163 4736 1431 4801 pertinere
1461 4733 1764 4802 consignat,
1799 4748 1892 4802 per

323 4830 487 4884 quam
531 4828 583 4872 et
605 4819 844 4890 obediens
884 4824 1178 4878 secundum
1219 4824 1509 4878 doctrinam
1550 4824 1690 4879 beati
1721 4825 1888 4894 Pauli,

324 4908 559 4972 apostoli
587 4913 844 4979 gentium,
876 4912 1071 4968 dicitur
1114 4931 1270 4986 usque
1315 4916 1383 4968 ad
1412 4925 1648 4980 mortem,
1680 4925 1894 4972 mortem

324 5008 499 5052 autem
535 5006 700 5056 crucis
748 5004 970 5074 (Philip.
1010 5007 1096 5075 tt).
1139 5007 1292 5064 Unde
1327 5017 1381 5063 et
1407 5009 1662 5064 obediens
1700 5024 1894 5077 paren—

328 5087 474 5142 tibus
504 5091 780 5146 intimatur
801 5092 952 5164 (an.
981 5097 1061 5162 ll),
1091 5095 1517 5166 quandoquidem
1539 5097 1896 5153 obedientiam

327 5177 452 5248 ejus
498 5182 849 5237 voluntarium
902 5200 1004 5238 non
1058 5188 1346 5241 secundum
1392 5187 1760 5254 divinitatem,
1794 5203 1897 5257 qua

330 5270 571 5324 omnium
598 5273 922 5341 dominatur,
954 5275 1096 5345 piunt
1123 5291 1204 5336 est
1232 5278 1552 5348 intelligere,
1582 5279 1676 5334 sed
1707 5294 1900 5334 secun‘
1982 5283 1990 5290 '

331 5360 462 5414 dum
486 5359 889 5432 humanitatem,
917 5383 1020 5436 qua
1059 5382 1250 5436 sponte
1276 5385 1338 5424 se
1376 5369 1688 5437 parentibus
1717 5370 1901 5425 subdi-

331 5451 436 5507 dit.
504 5455 657 5522 Quod
705 5466 759 5511 et
803 5467 1020 5513 sanctus
1073 5457 1242 5512 Lucas
1284 5461 1607 5529 evangelista
1651 5460 1902 5515 similiter

334 5555 740 5611 commemorat,
790 5549 1034 5603 eumdem
1087 5549 1366 5604 Dominum
1408 5562 1648 5605 nostrum
1719 5550 1899 5606 Jesnm

336 5635 604 5690 Christum
638 5638 926 5693 secundum
972 5639 1352 5696 humanitatem
1387 5652 1668 5698 ornantem
1700 5644 1764 5697 ad
1807 5642 1901 5696 Pa-

1994 4557 2075 4608 καί
2129 4553 2312 4612 τέλειος
2386 4552 2508 4611 Θεὸς
2533 4590 2548 4614 ,
2613 4549 2839 4609 ἀληθινὸς
2896 4549 2984 4600 καὶ
3033 4545 3218 4605 τέλειος
3295 4539 3564 4618 ἅνθρωπός

1993 4647 2154 4706 ἐστιν,
2198 4646 2248 4697 ἑν
2299 4652 2406 4703 τοῖς
2451 4643 2604 4717 ἱεροῖς
2655 4640 2808 4696 αὐτοῦ
2856 4639 3170 4712 Εύαγγελίοις
3223 4637 3564 4714 προσμαρτύ-

1993 4753 2134 4808 ρεται
2169 4731 2219 4787 ἴν
2255 4753 2360 4788 τισι
2400 4732 2463 4785 τά
2499 4732 2808 4805 ἀνθρώπινα,
2838 4728 2889 4785 ἕν
2923 4752 3033 4786 τισι
3072 4732 3138 4786 τά
3182 4730 3314 4794 θεῖα,
3347 4733 3428 4784 καί
3461 4729 3568 4799 ἅμα

1996 4823 2209 4898 ἑκάτερα
2248 4824 2296 4875 ἐν
2326 4821 2490 4883 ἄλλοις
2521 4823 2640 4897 περί
2676 4821 2829 4875 αὐτοῦ
2869 4822 3059 4894 φανερά
3084 4824 3398 4891 ποιούμενος·
3428 4817 3566 4879 ὅπως

2000 4916 2152 4969 αὐτὸν
2205 4915 2358 4972 ἁληθῆ
2409 4914 2527 4968 Θεὸν
2569 4914 2652 4966 καὶ
2694 4911 2850 4971 άληθῆ
2890 4907 3152 4985 ἄνθρωπον
3187 4913 3446 4968 πιστεύειν
3484 4913 3568 4962 καί

2001 5009 2262 5080 κηρύττειν
2319 5009 2439 5068 τούς
2491 5007 2708 5068 πιστούς
2774 5006 2926 5062 αὐτοῦ
2986 5008 3292 5080 καταρτίση.
3349 5006 3568 5078 Προσεύ-

1995 5119 2155 5170 .χεται
2193 5093 2281 5152 οὖν
2309 5099 2434 5172 πρὸς
2469 5097 2554 5152 τὸν
2593 5097 2792 5172 Πατέρα
2827 5099 2896 5158 ὡς
2942 5094 3237 5172 ἄνθρωπος,
3266 5098 3346 5150 ἶνα
3372 5096 3429 5150 τὸ
3471 5115 3569 5150 πο·

2003 5194 2172 5263 τήριον
2215 5194 2306 5245 τοῦ
2357 5189 2548 5248 πάθους
2588 5189 2886 5262 παραγάγῃ,
2929 5185 3006 5243 ὅτι
3049 5191 3097 5242 ἐν
3144 5175 3287 5260 αὐτῷ’
3317 5194 3408 5246 τῆς
3447 5188 3571 5255 ἡμε·

2006 5285 2156 5357 τέρας
2204 5281 2588 5357 ἀνθρωπὸτητος
2624 5283 2654 5339 ἡ
2694 5283 2846 5352 φύσις
2902 5284 3066 5355 χωρίς
3115 5280 3266 5348 μόνης
3316 5278 3572 5352 ἁμαρτίας

2005 5374 2171 5428 τελεία
2213 5373 2342 5428 ἐστί·
2376 5389 2393 5422 ι
2423 5371 2605 5441 Πάτερ,
2635 5372 2856 5442 φάσκων,
2886 5373 2929 5423 εί
2958 5368 3168 5423 δυνατόν
3205 5369 3332 5430 ἔστι,
3381 5368 3571 5440 παρελ-

2004 5464 2126 5518 θέτω
2169 5463 2253 5517 ἀπ’
2270 5464 2391 5531 ἐμοῦ
2433 5464 2489 5516 τὸ
2536 5465 2768 5532 ποτήριον
2817 5465 3000 5514 τοῦτο’
3048 5458 3174 5516 πλήν
3216 5460 3318 5527 οὐχ
3363 5459 3431 5517 ὡς
3475 5459 3572 5527 ἐνθ’

2007 5553 2148 5616 θέλω,
2193 5551 2379 5610 ἀλλ’ὡς
2419 5554 2484 5604 σύ
2531 5552 2702 5610 θέλεις.
2727 5567 2745 5599 ι
2784 5553 2878 5602 Καὶ
2907 5551 2955 5602 ἐν
2983 5545 3133 5620 ἄλλῳ·
3173 5567 3192 5600 t
3229 5555 3312 5606 Μή
3354 5549 3410 5602 τὸ
3458 5550 3571 5617 ἐμὸν

2009 5638 2227 5714 θέλημα,
2278 5644 2394 5697 ἀλλὰ
2465 5644 2518 5698 τὸ
2566 5644 2650 5697 σὸν
2693 5642 2916 5711 γινέσθω.
2957 5661 2972 5694 ι
3012 5641 3238 5703 ὐστινος
3291 5643 3572 5717 μαρτνρὶας
