4016 6354
479 296 618 358 H79

1746 286 1802 340 s.
1851 278 2234 336 AGATIIONIS
2277 239 2477 333 nam:

3592 278 3733 332 “80

479 415 670 487 μορφὴν
706 406 801 465 τὸν
851 407 1003 461 αὐτὸν
1048 410 1138 459 τοῦ
1187 406 1371 479 κυρίου
1424 402 1568 471 λόγον
1622 397 1878 471 ἀρμοδίως
1920 397 2053 465 ἡμᾶς

2181 400 2212 444 :t
2241 394 2290 443 in
2322 394 2501 455 terra,
2553 404 2670 456 qua:
2701 388 2887 455 voluit,
2925 387 3199 443 Dominum
3234 402 3430 458 posse,
3459 396 3514 441 et
3541 389 3735 444 eadem

480 483 673 563 ὐδίδαξε
709 503 853 550 νοεῖν.
892 494 1332 568 Προσεπιτούτοις,
1379 488 1515 548 ὅπως
1556 487 1776 545 εὐσεϐῶς
1821 483 1910 553 [1..
1945 490 2055 541 πῶς

484 591 543 649 ἀν
570 586 818 658 εὐσεϐῶς]
846 586 1095 646 δυνηθῶσι
1126 587 1342 651 νοεῖσθαι
1391 582 1443 633 αἱ
1494 578 1723 651 διάφοροι
1770 578 1853 631 ἐπὶ
1890 576 2056 644 τούτῳ

482 690 584 742 τῶν
607 680 774 755 ῥιγίων
827 683 1034 751 Γραφὼν
1069 675 1343 747 μαρτυρίαι
1368 711 1382 734 ,
1424 669 1456 723 ἆ
1510 691 1619 722 τινα
1663 666 1761 736 [ίι.
1802 667 1856 719 αἷ
1894 662 2058 732 τινες]

482 754 615 827 ποτέ
648 772 737 839 μέν
790 769 842 821 ἐκ
888 774 978 825 τῆς
1014 763 1210 833 φύσεως
1247 770 1338 821 τῆς
1385 760 1789 833 ἀνθρωπὸτητος,
1831 760 1955 811 ποτέ
2006 754 2058 809 δέ

485 862 542 915 in
601 868 687 919 τῆς
740 858 874 917 θείας
930 863 1017 909 τοῦ
1075 855 1180 912 ἑνὸς
1235 854 1320 906 καί
1374 858 1465 907 τοῦ
1506 854 1659 904 αὐτοῦ
1701 853 1879 922 κυρίου
1924 848 2062 916 ἡμῶν

484 946 651 1008 Ἰησοῦ
689 951 910 1020 Χριστοῦ
951 950 1040 998 τοῦ
1081 943 1307 1000 ἀληθινοῦ
1347 936 1473 994 Θεοῦ
1529 942 1609 991 καί
1647 938 1914 1009 ἀνθρώπου
1969 956 2060 987 κα-

487 1041 881 1100 τασκευάζονται
907 1030 1300 1107 [rapula/avrai];
1328 1034 1409 1084 καί
1441 1029 1523 1085 ὅτε
1542 1030 1647 1098 [ἐπὶ
1672 1035 1761 1083 τοῦ
1784 1020 2061 1102 παρόντος]

488 1132 578 1203 μὶν
604 1132 633 1187 ἦ
651 1135 821 1199 Γραφὴ
850 1124 1163 1197 μνημονεύει·
1188 1143 1205 1175 ι
1237 1126 1397 1179 Πάντα
1426 1122 1526 1177 ὅσα
1551 1122 1784 1180 ἠθέλησεν
1814 1119 1838 1173 ὁ
1869 1121 2060 1193 κύριος,

488 1220 718 1275 εποίησεν
750 1219 796 1270 ἐν
818 1225 887 1289 τῷ
912 1218 1102 1290 οὐρανῷ
1123 1219 1209 1269 καί
1229 1216 1273 1269 ἐν
1301 1223 1361 1288 τῇ
1388 1222 1501 1287 γῇ.»
1522 1214 1809 1271 Ὡσαύτως·
1834 1208 2061 1282 εὨσπερ

488 1308 515 1365 ὃ
555 1315 720 1383 Πατήρ
762 1308 940 1380 ἐγείρει
977 1310 1096 1366 τούς
1140 1310 1344 1380 νεκροὺς
1388 1309 1469 1358 καὶ
1518 1309 1768 1368 ζωοποιεῖ,
1813 1304 1944 1357 οἷτω
1982 1306 2066 1356 καὶ

488 1402 515 1456 ὁ
542 1403 651 1463 Υἱὸς
690 1400 776 1461 οῦς
805 1402 948 1465 θέλει,
982 1405 1262 1464 ζωοποιεῖ.»
1286 1402 1370 1451 Καὶ
1396 1395 1467 1467 τῷ
1487 1398 1535 1451 λε
1563 1398 1828 1470 πρῷ).ἐγει’
1866 1412 1883 1445 ι
1906 1396 2063 1459 Θέλω,

489 1494 865 1567 καθαρίσθητι.»
904 1495 1012 1545 Καὶ·
1049 1508 1066 1540 ε
1093 1489 1261 1549 Οὐδείς
1299 1489 1509 1544 δύναται
1528 1496 1706 1561 γνῶναι
1742 1491 1826 1543 τὸν
1851 1489 2062 1561 Πατέρα,

491 1588 537 1639 εί
591 1590 661 1654 μή
709 1584 734 1639 ὁ
773 1585 902 1644 Υἱὸς,
944 1588 1027 1638 καί
1057 1580 1095 1655 ᾧ
1132 1605 1226 1637 τινι
1275 1583 1398 1636 θέλει
1445 1580 1470 1634 ὁ
1514 1583 1629 1641 Υἱὸς
1668 1579 2008 1648 ἀποκαλύψαι.
2043 1597 2061 1630 s

491 1671 761 1731 Ὡσαύτως
802 1674 914 1728 τινὰ
954 1676 1186 1746 περὶτοῦ
1231 1672 1543 1743 ἀνθρωπίνου
1588 1672 1742 1723 αὐτοῦ
1791 1669 2069 1727 θελήματος

2156 484 2344 537 iterum
2396 484 2667 536 voluntate
2698 482 2750 535 in
2797 480 2956 535 domo
2986 481 3074 535 vili
3129 482 3396 534 volentem
3430 482 3594 543 latere
3616 496 3735 537 non

2159 588 2335 640 posse,
2364 572 2654 626 secundum
2700 570 2998 637 evangelica
3045 571 3387 625 testimonia?
3437 569 3543 625 Sed
3587 572 3635 625 si
3661 571 3738 624 ad

2158 667 2602 735 d'spensationem
2652 666 2952 719 humanitas
2993 666 3128 733 ejus,
3174 680 3267 731 per
3315 681 3470 732 quam
3519 667 3740 721 humili-

2162 766 2320 811 tatem
2350 766 2584 810 nostram
2616 754 2921 823 assumpsit,
2975 754 3251 822 redigitur,
3279 755 3452 808 omnia
3483 771 3743 823 quacun-

2161 863 2263 916 que
2289 848 2463 901 divina
2494 848 2609 913 ejus
2649 847 2925 915 majestate
2970 847 3175 898 minora
3203 854 3346 910 sunt,
3385 846 3450 899 ad
3492 846 3746 900 humanio

2164 945 2320 992 tatem
2370 937 2531 1003 ipsius
2580 937 2847 1004 pertinere
2876 946 3286 1005 cognoscuntur,
3318 950 3472 1005 quam
3508 919 3749 1003 perfecte

2162 1028 2398 1093 suscepit
2430 1028 2627 1096 absque
2654 1028 2765 1082 ullo
2794 1036 3035 1094 peccato,
3068 1034 3126 1080 ut
3155 1026 3289 1079 hanc
3316 1027 3473 1080 etiam
3506 1024 3750 1091 perfecte

2163 1116 2411 1171 salvaret.
2461 1118 2611 1181 Quod
2637 1117 2777 1170 enim
2809 1117 2876 1170 ab
2903 1130 2968 1170 eo
3014 1130 3120 1171 non
3167 1124 3469 1182 susceptum
3501 1125 3601 1181 est,
3636 1130 3751 1170 nec

2166 1209 2424 1262 salvatmn
2474 1208 2763 1262 secundum
2797 1208 2935 1277 quod
2977 1222 3073 1263 nos
3116 1207 3575 1262 constantissimus
3603 1222 3753 1273 pra-

2165 1299 2370 1354 dicator
2400 1300 2638 1353 veritatis
2671 1296 2959 1365 Gregorius
2986 1297 3349 1354 Nazianzenus
3376 1296 3562 1365 praesul
3590 1294 3756 1348 insti-

2168 1390 2263 1444 tuit
2304 1389 2393 1455 (In
2425 1390 2573 1457 epist.
2609 1388 2630 1441 1
2665 1390 2732 1441 ad
2784 1386 3129 1457 Cledonium).
3163 1388 3342 1453 Itaque
3370 1385 3413 1438 si
3457 1386 3523 1439 ab
3550 1399 3614 1438 eo
3644 1386 3757 1437 hu-

2168 1494 2323 1534 mana
2353 1480 2621 1543 voluntas,
2653 1481 2791 1533 sicut
2819 1487 2873 1533 et
2903 1488 3109 1544 natura,
3156 1486 3399 1544 suscepta
3430 1488 3532 1543 est,
3562 1485 3616 1530 et
3640 1476 3758 1529 sal-

2169 1577 2288 1621 vata
2316 1577 2421 1632 est,
2455 1578 2507 1620 et
2536 1569 2677 1636 quod
2721 1583 2749 1619 a
2780 1579 3088 1637 susceptare
3117 1568 3376 1622 salvatum
3425 1577 3528 1633 est,
3561 1582 3664 1621 non
3699 1568 3760 1622 ei

2171 1669 2379 1728 poterat
2403 1674 2521 1715 esse
2550 1660 2898 1715 contrarium.
2939 1660 3075 1713 Nihil
3106 1660 3248 1717 enim
3295 1659 3395 1719 sibi
3426 1660 3762 1713 contrarium

490 1768 579 1814 τοῦ
652 1761 952 1833 Εὐαγγελίου
1000 1761 1063 1815 τά
1125 1764 1388 1833 μυστήρια
1450 1762 1876 1828 μνημονεύουσιν,
1923 1760 2068 1814 ἡνίκα

2181 1752 2399 1807 Creator
2445 1752 2682 1806 omnium
2729 1752 2984 1818 condidit,
3037 1754 3118 1807 vel
3168 1768 3261 1820 per
3301 1753 3612 1823 mysterium
3665 1752 3764 1803 In-

492 1851 722 1922 λέγουσιν
766 1853 914 1904 αὐτὸν
960 1853 1044 1904 ἐπὶ
1079 1859 1169 1910 τῆς
1208 1851 1459 1909 θαλάσσης
1505 1856 1884 1923 περιπατοῦντα
1920 1849 2072 1905 θέλειν

495 1945 563 2003 ὡς
605 1943 794 2002 ἀληθῶς
831 1940 1090 2015 ἄνθρωπον
1129 1944 1245 2000 τούς
1271 1940 1428 1999 ἰδίους
1458 1943 1697 2017 πειράσαι
1726 1940 1808 2009 [Ιι.
1848 1938 2071 2013 περάσα]

497 2032 743 2102 μαθητάς.
795 2034 882 2083 Καὶ
920 2033 968 2084 ἐν
1006 2039 1077 2102 τῷ
1117 2029 1418 2104 διέρχεσθαι
1456 2031 1609 2083 αὐτὸν
1647 2028 1731 2083 ὂιά
1769 2037 1859 2088 τῆς
1928 2030 2074 2082 Γαλι-

494 2120 642 2178 λαίας
694 2123 822 2189 μετά
850 2127 947 2173 τῶν
987 2123 1231 2190 μαθητῶν,
1275 2121 1358 2173 οὐκ
1402 2120 1583 2180 ἢθελεν,
1611 2120 1692 2172 ἶνα
1728 2140 1805 2177 τις
1838 2127 1957 2191 γνῷ.
1987 2121 2076 2173 ιιαί

503 2214 572 2271 ὡς
601 2207 859 2285 ἅνθρωπος
897 2211 1044 2281 λέγει’
1094 2227 1111 2259 ι
1151 2208 1289 2279 Ἐμὸν
1328 2210 1510 2282 βρῶμά
1537 2210 1692 2271 ἔστιν,
1733 2210 1817 2263 ἶνα
1854 2216 1981 2263 ποιῶ
2019 2209 2075 2263 τὸ

501 2302 691 2372 θέλημα
743 2309 835 2355 τοῦ
898 2300 1193 2371 πέμψαντος
1239 2322 1322 2370 με.
1380 2305 1469 2354 Καὶ
1530 2303 1618 2355 οὐκ
1671 2302 1802 2359 ἤθελε
1851 2299 1934 2355 διὰ
1986 2310 2076 2361 της

501 2390 757 2451 Ἰουδαίας
793 2400 1161 2466 περιπατῆσαι,
1206 2390 1287 2445 ὅτι
1323 2393 1524 2454 ἐζήτουν
1572 2393 1717 2445 αὐτὸν
1765 2391 1810 2443 οί
1845 2388 2078 2445 Ἰουδαῖοι

510 2484 826 2536 ἀποκτεῖναι.
845 2501 860 2530 ι
883 2484 981 2534 Καί
1018 2482 1186 2535 πάλιν*
1214 2480 1477 2556 «Ἐγερθεὶς
1500 2480 1637 2539 ἦλθεν
1663 2486 1734 2540 εἰς
1762 2482 1829 2536 τά
1868 2481 2079 2555 μεθόρια

506 2573 693 2647 Τύρου,
733 2573 814 2625 καί
852 2571 1079 2627 εἰσελθὼν
1119 2573 1182 2633 εἷς
1225 2567 1354 2627 οἷκον
1399 2574 1489 2627 οὐκ
1534 2572 1669 2631 ἢθελέ
1724 2592 1831 2627 τινα
1875 2579 2077 2644 γνῶναι,

508 2667 593 2717 καί
640 2665 731 2717 οὐκ
776 2662 988 2723 ἠδυνήθη
1038 2664 1227 2717 λαθεῖν.
1254 2682 1270 2714 s
1302 2669 1376 2721 Μή
1410 2660 1494 2717 οῦν
1524 2662 1679 2723 αὐτὸς
1716 2662 1741 2718 ὁ
1776 2662 2078 2736 δημιουργὸς

508 2760 608 2808 τῶν
637 2757 837 2808 πάντων
866 2758 947 2807 καὶ
981 2755 1259 2830 λυτρωτής.
1283 2759 1401 2827 περὶ
1422 2754 1475 2809 οὐ
1499 2755 1711 2829 εἴρηταν
1747 2774 1764 2806 ι
1791 2756 1957 2812 Πάντα
1984 2756 2080 2812 ὅσα

507 2844 745 2902 ἠθέλησεν
790 2843 815 2898 ὁ
860 2846 1053 2919 κύριος,
1095 2846 1326 2903 εποίησεν
1373 2848 1423 2900 ἐν
1460 2843 1531 2918 τῷ
1576 2846 1770 2922 οτλρανῷ
1808 2852 1891 2902 καί
1934 2851 1981 2901 ἔν
2018 2856 2080 2921 τῇ

514 2941 601 3005 γῇ,
628 2952 646 2983 ι
692 2929 887 2994 οὗτινος
908 2936 965 2991 τὸ
995 2935 1141 2989 θέλειν
1169 2936 1319 2991 τοῦτό
1347 2939 1479 2992 ἐστιν
1526 2936 1649 3013 ὅπερ
1697 2937 1907 2994 δύναται
1935 2937 2081 3013 ὶόπερ

511 3026 570 3078 τὸ
616 3022 898 3093 δύνασθαι]⁶
964 3022 1159 3086 οὗτινος
1209 3035 1282 3099 τῷ
1327 3030 1539 3098 νεύματι
1575 3030 1627 3082 αἰ
1665 3031 1893 3103 οὐράνιαι
1936 3028 2081 3084 δυνα-

512 3133 624 3184 μεις
665 3116 757 3166 σύν
796 3113 932 3184 φόϐῳ
967 3114 1285 3189 λατρεύουσι,
1320 3117 1482 3171 λαθεῖν
1526 3120 1610 3172 ἰπὶ
1655 3128 1746 3191 γῆς
1794 3120 1941 3172 θέλων
1993 3123 2081 3173 οὐκ

512 3201 808 3268 ἠδυνήθηςὸ
846 3206 975 3260 κατά
1012 3212 1099 3265 τὴν
1138 3209 1272 3262 θείαν
1318 3210 1674 3281 μεγαλωσύνην
1710 3214 1758 3274 ἐξ
1786 3210 1949 3266 ἀϊδίου
1988 3215 2081 3266 σύν

516 3300 589 3362 τῷ
631 3298 779 3371 Πατρί
815 3296 862 3347 ἐν
907 3304 1008 3355 τοῖς
1046 3300 1279 3373 οὐρανοῖς
1329 3302 1632 3374 ἀποιὸρήτως
1682 3301 1975 3367 δεσπόζων,
2002 3306 2084 3358 καί

514 3382 567 3436 ἐν
609 3391 669 3456 τῇ
708 3388 849 3459 χειρὶ
897 3388 1051 3441 αὐτοῦ
1090 3391 1156 3443 τά
1201 3391 1398 3462 πέρατα
1439 3400 1529 3452 τῆς
1574 3388 1692 3462 άῆκ
1742 3396 1785 3447 εἰ
1820 3400 1889 3464 μή
1935 3401 2083 3451 τοῦτο

513 3474 641 3547 πρὸς
678 3476 735 3529 τὸ
772 3479 1073 3551 ἀνθρώπινον
1123 3482 1273 3534 αὐτοῦ
1303 3483 1505 3553 θέλημα,
1540 3482 1664 3557 ὅπερ
1718 3493 1965 3558 χρονικῶς
1993 3509 2084 3541 λα·-

512 3565 727 3626 τηξίωσε
799 3566 1122 3642 προσλαϐείν,
1187 3570 1547 3645 ἐπαναδοθείξΜ
1589 3573 1721 3647 [Ida-1p
1784 3570 1869 3629 οὐν
1927 3576 2083 3649 πλάνῃ

511 3653 854 3721 ἓγκεκύλισται
903 3655 928 3711 ὁ
978 3660 1042 3713 τά
1093 3667 1307 3716 τοιαῦτα
1354 3668 1421 3732 μὴ
1474 3660 1768 3735 διακρίνων,
1812 3665 1891 3718 ἵνα
1946 3662 2081 3738 εἴπῃ,

513 3744 585 3798 ἑνί
631 3749 714 3800 καί
754 3755 826 3818 τῷ
871 3749 1003 3819 αὐτῷ
1053 3751 1291 3819 θελήματι
1344 3755 1426 3806 καί
1481 3754 1651 3808 πάντα
1692 3756 1740 3807 ἐν
1781 3761 1852 3826 τῷ
1890 3758 2083 3829 οὐρανῷ

513 3838 598 3890 καί
650 3838 700 3891 ἐν
743 3847 804 3911 τῇ
855 3848 953 3914 γῇ,
1002 3840 1131 3917 ἅπερ
1176 3845 1407 3912 ἠθέλησε,
1456 3845 1543 3900 τὸν
1592 3847 1763 3921 Κύριον
1814 3845 2081 3914 δύνασθαι,

513 3930 597 3980 καὶ
645 3924 716 3997 τῷ
767 3928 906 4002 αὐτῷ
955 3934 1101 3987 πάλιν
1151 3933 1389 4004 θελήματι
1438 3935 1487 3989 ἐν
1532 3934 1651 4007 οἴκῳ
1702 3937 1891 3992 εὐτελεῖ
1930 3939 2086 3992 θέλον-

513 4034 581 4068 τα
645 4014 806 4069 λαθεῖν
855 4022 921 4087 μὴ
975 4016 1215 4076 δύνασθαι
1264 4024 1395 4077 κατά
1442 4026 1535 4085 τὰς
1590 4026 1913 4098 εὐαγγελικάς
1956 4049 2087 4102 μαρ·

517 4107 734 4177 sepiae;
773 4102 995 4160 ’Δλλὲάν
1040 4110 1166 4184 πρὸς
1221 4116 1310 4169 τήν
1362 4116 1633 4187 οἰκονομίαν
1689 4123 1779 4176 τῆς
1833 4117 2087 4189 ἀνθρωπό-

514 4213 668 4253 τητος
717 4196 894 4258 αὐτοῦ,
926 4198 1034 4250 καθ’
1055 4200 1111 4257 ἣν
1157 4203 1214 4255 τὸ
1267 4204 1498 4257 ταπεινὸν
1558 4207 1694 4274 ἡμῶν
1748 4207 2084 4277 προσέλαϐεν,

514 4281 757 4359 ἀποδοθῇ,
810 4288 977 4342 πάντα
1024 4285 1091 4344 τοὶ
1153 4299 1243 4351 τῆς
1309 4295 1442 4354 θείας
1500 4296 1656 4349 αὐτοῦ
1728 4297 2087 4368 μεγαλωσύνης

2106 3073 2155 3136 C

2172 1842 2497 1898 carnationis
2527 1844 2835 1911 assumpsit.
2888 1843 2951 1897 Et
2984 1842 3317 1914 bymnidicus
3364 1842 3523 1897 David
3568 1856 3768 1911 perso-

2174 1949 2296 1988 nam
2348 1932 2558 1986 Domini
2604 1932 2772 1986 nostri
2819 1932 2944 1987 Jesu
2989 1932 3184 1987 Christi
3234 1934 3287 1987 in
3334 1932 3556 1987 Psalmis
3585 1933 3765 1984 intro-

2175 2024 2401 2089 ducens,
2422 2024 2723 2093 pronuntiat
2747 2041 2762 2079 :
2799 2025 2863 2079 Ut
2884 2026 3071 2094 faciant
3092 2026 3397 2079 voluntatem
3424 2036 3581 2089 tuam,
3614 2024 3764 2078 Deus

2176 2130 2315 2167 meus
2352 2114 2486 2166 volui
2540 2112 2713 2183 (Psal.
2747 2115 2952 2181 xxxix).
2987 2113 3259 2182 Itemque:
3307 2114 3611 2168 Voluntarie
3661 2130 3761 2167 sa-

2175 2203 2412 2271 criﬁcabo
2435 2203 2524 2255 tibi
2548 2202 2721 2271 (Psal.
2751 2204 2890 2273 Litt).
2916 2202 3161 2272 Nunquid
3184 2204 3477 2256 secundum
3500 2202 3761 2256 deitatem

2177 2292 2277 2348 alia
2305 2302 2387 2347 est
2419 2292 2661 2346 voluntas
2692 2293 2886 2357 Patris,
2912 2309 3069 2362 quam
3094 2292 3209 2347 Filii
3237 2290 3469 2364 [Filius],
3500 2302 3586 2345 aut
3611 2293 3763 2346 aliud

2178 2383 2291 2438 vult
2323 2383 2506 2447 Filius,
2540 2400 2696 2451 quant
2740 2384 2939 2438 Pater?
2968 2383 3024 2437 Si
3068 2384 3224 2452 igitur
3253 2399 3414 2438 unum
3465 2383 3668 2444 volunt,
3701 2392 3765 2437 et

2179 2474 2318 2528 nulla
2348 2484 2431 2529 est
2478 2475 2528 2528 in
2562 2486 2747 2528 sancta
2798 2475 3059 2529 Triuitate
3104 2472 3404 2529 differentia
3441 2474 3758 2535 voluntatis,

2176 2571 2445 2643 quomodo
2490 2571 2880 2642 intelligendum
2926 2580 3007 2627 est
3043 2571 3183 2643 quod
3234 2569 3493 2642 Propheta
3537 2569 3604 2628 de
3633 2569 3759 2643 ejus

2182 2681 2404 2736 persona
2435 2675 2694 2723 testatur:
2746 2665 2811 2720 Ut
2840 2667 3027 2735 faciam
3057 2665 3368 2719 voluntatem
3410 2673 3567 2727 tuam,
3617 2664 3762 2719 Deus

2181 2757 2504 2819 meus,volui
2553 2754 2724 2825 (Psal.
2772 2756 2985 2824 χχιιι),
3026 2756 3124 2810 nisi
3157 2756 3383 2810 ﬁdeliter
3432 2754 3763 2823 intelligatur

2181 2846 2249 2899 de
2294 2844 2635 2901 immaculata
2680 2846 2796 2916 ejus
2828 2847 3167 2902 humanitatis
3208 2847 3480 2900 voluntate
3508 2846 3711 2901 dixisse
3734 2846 3760 2899 2

2186 2935 2335 2990 Unde
2361 2945 2415 2991 et
2443 2937 2682 3004 sequitur
2709 2954 2721 2989 :
2768 2937 2950 3007 Legem
2993 2946 3131 2991 tuam
3159 2939 3213 2991 in
3240 2937 3405 2990 medio
3440 2938 3607 2991 cordis
3635 2940 3763 2993 mei.

2186 3029 2368 3083 Nullus
2397 3029 2539 3083 enim
2586 3037 2667 3085 est
2696 3029 2785 3097 qui
2817 3031 3050 3099 ambigat
3078 3031 3217 3099 quod
3257 3029 3395 3084 idem
3440 3030 3672 3099 psalmus
3704 3030 3763 3084 in

2186 3134 2410 3189 persima
2440 3119 2637 3173 ChriSti
2665 3134 2694 3172 a
2735 3120 2999 3188 Propheta
3041 3120 3356 3187 prtedicatus
3382 3129 3483 3176 est.
3519 3120 3670 3187 Quod
3702 3129 3766 3175 et

2183 3211 2455 3279 apostolus
2478 3211 2669 3265 Paulus
2692 3210 2744 3264 in
2772 3211 3005 3281 Epistula
3028 3212 3091 3266 ad
3115 3212 3502 3282 Pbilippenses,
3529 3212 3571 3265 si
3595 3211 3763 3266 [idem

2184 3305 2391 3373 plenam
2414 3304 2690 3373 quisquam
2708 3303 2984 3359 intendere
3003 3304 3146 3369 velit,
3162 3304 3459 3371 annuntiat,
3480 3306 3545 3358 de
3565 3303 3765 3358 eodem

2186 3393 2410 3449 Domino
2436 3403 2618 3449 nostro
2662 3393 2784 3448 Jesu
2814 3393 3025 3449 Christo
3062 3394 3139 3448 sic
3188 3395 3464 3463 inquiens:
3514 3394 3611 3459 Qui
3640 3409 3764 3446 cum

2181 3486 2234 3538 in
2263 3485 2433 3555 [arma
2457 3483 2553 3537 Dei
2579 3495 2730 3553 esset,
2763 3501 2864 3538 non
2894 3486 3129 3555 rapinam
3160 3484 3437 3537 arbitratus
3477 3496 3547 3538 est
3574 3501 3682 3538 esse
3711 3502 3771 3539 se

2182 3575 2427 3643 aqualem
2476 3572 2645 3639 Deos;
2690 3578 2778 3629 sed
2819 3576 3143 3642 semetipsum
3192 3576 3491 3636 exinanivit,
3534 3575 3762 3643 formam

2184 3665 2311 3716 servi
2355 3665 2632 3732 accipiens,
2680 3666 2731 3718 in
2772 3665 3158 3719 similitudinem
3202 3665 3461 3719 hominum
3501 3667 3684 3737 fartus,
3720 3676 3770 3719 et

2184 3749 2359 3803 habitu
2378 3755 2609 3805 inventus
2635 3763 2690 3805 ut
2707 3754 2855 3807 homo
2876 3771 2893 3819 ;
2922 3754 3207 3808 humiliavit
3228 3756 3575 3824 semetipsum,
3599 3756 3769 3821 {actas

2185 3841 2419 3897 obediens
2445 3860 2602 3913 usque
2630 3844 2699 3898 ad
2727 3856 2962 3912 mortem,
2995 3856 3202 3899 mortem
3230 3856 3393 3899 autem
3418 3848 3599 3900 crucis.
3628 3847 3771 3901 Ecce

2186 3931 2271 3985 hic
2315 3932 2623 3988 verissimus
2668 3949 2865 4004 praeco,
2918 3946 2971 4015 et
3020 3936 3310 3991 formarum
3362 3938 3437 4005 (id
3468 3946 3569 4000 est,
3612 3947 3769 3990 natu-

2187 4028 2392 4090 rarum)
2439 4021 2641 4078 Christi
2687 4024 3039 4081 differentiam
3068 4027 3247 4093 docet,
3295 4036 3350 4083 et
3397 4028 3765 4083 obedientiam

2185 4127 2355 4182 usque
2376 4114 2442 4168 ad
2466 4127 2690 4171 mortem
2725 4120 2968 4171 humana:
2993 4119 3175 4172 fornae
3199 4118 3487 4187 prudenter
3506 4120 3763 4187 assignat.

2185 4202 2315 4257 Nam
2342 4206 2461 4274 quis
2486 4206 2537 4259 in
2566 4216 2767 4261 tantum
2784 4222 2812 4261 a
2832 4208 2948 4263 luce
2966 4209 3200 4264 veritatis
3220 4209 3495 4275 abscessit,
3516 4220 3570 4264 ut
3586 4224 3770 4264 secun-

2186 4294 2309 4349 dum
2340 4296 2642 4353 divinitatis
2667 4315 2778 4355 sua:
2801 4302 3124 4355 voluntatem
3150 4309 3436 4370 praesumat
3462 4301 3640 4356 dicere
3664 4302 3769 4356 Do-

515 4373 844 4446 ἠλαττωμένα
901 4380 1028 4453 πρὸς
1077 4386 1165 4440 τήν
1246 4384 1610 4459 ἀνθρωπότητα
1666 4385 1825 4441 αὐτοῦ
1891 4390 2079 4447 ἀνήκειν

658 4463 699 4483 'b
901 4468 917 4483 ιι
1054 4469 1071 4483 ε
1116 4473 1125 4483 s
1383 4475 1408 4483 ,ι
1467 4475 1491 4483 ρ.
1677 4478 1684 4483 .
1928 4477 1939 4483 -

2192 4386 2391 4441 minum
2425 4399 2667 4443 nostrum
2698 4389 2881 4445 Jesum
2910 4389 3177 4447 Christum
3210 4392 3353 4448 Patri
3378 4392 3646 4456 obedisse,
3679 4393 3767 4446 cui

515 4463 840 4536 γνωρίζεται,
890 4468 948 4526 ἣν
999 4469 1196 4531 τελείως
1229 4475 1514 4547 προσέλαϐε
1547 4478 1713 4551 χωρίς
1747 4498 1882 4537 τινος
1920 4477 2089 4557 ἀμαρ-

515 4554 651 4621 τίας,
688 4556 771 4610 ἵνα
829 4556 1027 4617 ταύτην
1082 4565 1169 4616 καί
1233 4565 1433 4625 τελείως
1490 4569 1655 4639 σώσῃ.
1710 4569 1775 4623 Τὸ
1820 4572 1916 4640 γὰρ
1969 4554 2093 4646 παρ’

516 4643 675 4697 αὐτοῦ
734 4652 803 4717 μή
859 4650 1165 4722 προσληφθέν
1222 4653 1337 4708 οὐδὲ
1396 4658 1646 4721 σώζεται,
1688 4662 1846 4720 καθὼς
1893 4643 2092 4733 ἡμᾶςνὸ

521 4736 827 4822 συστατικὸς
857 4747 947 4797 τῆς
986 4741 1211 4803 ἀληθείας
1250 4745 1403 4816 κῆρυξ
1443 4747 1717 4822 Γρηγόριος
1755 4746 1780 4801 ὁ
1817 4753 2093 4814 Ναζιανζοῦ

520 4821 769 4897 πρόεδρος
816 4827 1076 4898 ἐφωδίασε.
1120 4840 1387 4909 τοιγαροῦν
1433 4838 1503 4895 εἰς
1560 4821 1619 4890 τὸ
1656 4838 1952 4909 παράὐτοῦ
2010 4843 2095 4895 ἀν-

519 4909 762 4981 θρὼπινον
818 4912 935 4983 [[u,
978 4921 1023 4971 εἰ
1060 4920 1180 4991 παρ’
1204 4923 1356 4976 αὐτοῦ
1394 4924 1450 4979 τὸ
1487 4923 1831 5000 ἀνθρώπινον]
1870 4929 2090 4996 θέλημα,

521 4999 682 5092 καθὼς
717 5002 748 5058 ἠ
801 5003 973 5075 φύσις,
1041 5010 1395 5083 προσελήφθη,
1461 5017 1539 5066 καὶ
1578 4999 1795 5079 femen,
1836 5020 1922 5069 καί
1971 5017 2094 5092 ὅπερ

522 5084 667 5164 παρά
711 5098 802 5146 τοῦ
858 5098 1274 5171 προσλαϐομένου
1329 5103 1515 5171 ἐσώθη,
1565 5107 1654 5159 οὐκ
1700 5104 1915 5166 ἠδύνατο
1972 5104 2097 5164 εἶναι

519 5179 657 5252 αὐτῷ
706 5181 813 5235 ἕναν
830 5186 941 5239 βίον.
972 5186 1127 5242 Οὐδέν
1161 5191 1256 5265 γὰρ
1298 5191 1511 5247 ἐναντίον
1550 5192 1711 5264 ἑαυτῷ
1740 5194 1764 5248 ὁ
1792 5198 2097 5273 Δημιουργός

519 5277 618 5324 τῶν
659 5270 785 5327 ὅλων
823 5273 1055 5344 ἔκτισεν,
1105 5280 1135 5340 ἢ
1174 5280 1258 5337 διά
1316 5291 1405 5338 τοῦ
1451 5290 1733 5363 μυστηρίου
1796 5298 1887 5349 τῆς
1922 5292 2098 5344 Ἐναν-

518 5363 827 5436 θρωπήσεως
894 5373 1197 5444 προσέλαϐε.
1257 5380 1342 5430 Καὶ
1403 5376 1427 5430 ὁ
1494 5378 1765 5451 ψαλμῳδός
1829 5381 1982 5436 Δαϐίδ
2039 5384 2097 5436 τὸ

520 5455 798 5526 πρόσωπον
861 5467 950 5514 τοῦ
989 5467 1169 5538 κυρίου
1208 5467 1345 5534 ἡμῶν
1390 5468 1560 5524 Ἰησοῦ
1597 5471 1644 5521 ἐν
1682 5470 1905 5539 Ψαλμοῖς
1955 5474 2098 5527 είσά-

520 5564 622 5614 ’νων
670 5552 967 5621 προμηνῦει’
1016 5571 1033 5604 ε
1056 5561 1154 5609 Τοῦ
1196 5568 1408 5616 ποιῆσαι
1443 5558 1500 5611 τὸ
1538 5558 1727 5629 θέλημά
1763 5583 1879 5626 σου,
1920 5561 2099 5625 ὁΘεὸς

524 5658 643 5708 μου,
676 5642 1294 5708 ἠϐουλήθην.ε⁶Ωο-αὐτως’
1320 5650 1621 5711 «Ἑκουσίως
1646 5652 1784 5707 θύσω
1808 5673 1942 5708 σοι.»
1969 5660 2098 5715 Μήτι

2192 4485 2275 4531 est
2318 4479 2542 4546 aequalis
2582 4481 2633 4535 in
2673 4482 2941 4548 omnibus,
2972 4492 3027 4538 et
3073 4483 3174 4539 hoc
3202 4484 3312 4537 vult
3344 4485 3393 4537 in
3443 4483 3691 4539 omnibus
3714 4493 3769 4537 et

2193 4570 2307 4638 ipse
2333 4571 2476 4639 quod
2506 4572 2708 4628 Pater?
2734 4583 2828 4628 aut
2848 4579 2966 4644 quis
2990 4590 3093 4629 non
3124 4574 3381 4642 intelligat
3408 4574 3764 4629 obedientiam

2197 4662 2445 4717 humana:
2476 4664 2643 4735 magis
2691 4675 2996 4735 competere
3026 4666 3300 4731 voluntati,
3334 4668 3384 4720 in
3430 4681 3531 4736 qua
3564 4667 3763 4721 nullum

2196 4752 2379 4808 habuit
2422 4757 2640 4811 omnino
2687 4768 2981 4826 peccatum.
3033 4757 3140 4812 Nec
3185 4759 3454 4811 diceretur
3505 4757 3762 4812 obediens

2196 4858 2362 4912 usque
2393 4846 2459 4900 ad
2514 4858 2762 4914 mortem,
2811 4850 2910 4904 nisi
2961 4853 3243 4905 humanam
3274 4850 3326 4903 in
3365 4864 3427 4904 se
3474 4849 3765 4917 susciperet

2198 4934 2548 5001 voluntatem,
2602 4939 2741 4991 sicut
2782 4941 3013 4992 animam
3064 4939 3399 5003 rationalem,
3446 4953 3766 5008 carnemque

2197 5037 2316 5076 cum
2349 5025 2595 5079 omnibus
2625 5027 2735 5080 suis
2768 5028 3178 5095 proprietatibus
3208 5026 3528 5081 humanatus
3567 5042 3763 5080 as5um~

2200 5114 2321 5181 psit.
2361 5113 2651 5181 Prseterea,
2696 5127 2753 5171 ut
2795 5118 2994 5172 clareat
3023 5128 3213 5173 vestra:
3254 5117 3504 5186 piissimae
3535 5115 3761 5185 benigni:

2198 5206 2292 5258 tati
2325 5206 2465 5273 quod
2498 5207 2757 5263 naturalis
2803 5219 2885 5264 est
2913 5210 3145 5264 humana
3172 5209 3441 5273 voluntas,
3471 5216 3527 5261 et
3556 5208 3644 5276 qui
3674 5222 3759 5258 vo-

2199 5292 2456 5349 luntatem
2490 5296 2772 5352 humanam
2802 5300 2855 5353 in
2902 5299 3116 5354 Christo
3143 5300 3392 5370 abnegat,
3422 5297 3625 5367 absque
3654 5296 3761 5350 solo

2200 5396 2437 5452 peccato,
2465 5402 2586 5441 eum
2617 5403 2714 5443 nec
2745 5389 2940 5444 habere
2989 5390 3275 5444 humanam
3319 5390 3552 5463 animam
3592 5378 3756 5441 conli-

2201 5482 2343 5529 tetur
2371 5518 2386 5542 ,
2444 5478 2685 5532 veritatis
2735 5480 3179 5545 prudentissimus
3227 5479 3546 5549 pradicator
3583 5480 3758 5532 beatus

2202 5564 2524 5633 Augustinus
2548 5567 2599 5620 in
2622 5568 2810 5636 quinto
2833 5570 3101 5625 volumine
3126 5570 3496 5638 disputationis
3518 5570 3759 5627 adversus

2202 5655 2461 5713 lulianum
2519 5660 2921 5730 Pelagiavtistam
2981 5661 3139 5734 (Cap.
3187 5662 3290 5729 4η,
3334 5662 3402 5716 42
3456 5672 3503 5716 et
3565 5661 3755 5731 Mil-lt
