  <div class='ocr_page' id='page_1' title='image "/cluster/home/n/w/nwhite01/storage/ocr_20150623/87/hvd.32044015469471/611.png"; bbox 0 0 4016 6354; ppageno 0'>
   <div class='ocr_carea' id='block_1_1' title="bbox 480 372 3749 460">
    <p class='ocr_par' dir='ltr' id='par_1_1' title="bbox 480 372 3749 460">
     <span class='ocr_line' id='line_1_1' title="bbox 480 372 3749 460; baseline 0.009 -33"><span class='ocrx_word' id='word_1_1' title='bbox 480 372 613 429; x_wconf 75' lang='grc'><strong>1187</strong></span> <span class='ocrx_word' id='word_1_2' title='bbox 1720 390 1777 442; x_wconf 80' lang='lat'><strong>8.</strong></span> <span class='ocrx_word' id='word_1_3' title='bbox 1823 381 2212 448; x_wconf 69' lang='lat' dir='ltr'><strong>ACATHONIS</strong></span> <span class='ocrx_word' id='word_1_4' title='bbox 2253 391 2454 449; x_wconf 66' lang='lat' dir='ltr'><strong>PAI’AE</strong></span> <span class='ocrx_word' id='word_1_5' title='bbox 3602 394 3749 460; x_wconf 78' lang='grc'><strong>1188</strong></span> 
     </span>
    </p>
   </div>
   <div class='ocr_carea' id='block_1_2' title="bbox 473 484 2059 583">
    <p class='ocr_par' dir='ltr' id='par_1_2' title="bbox 473 484 2052 573">
     <span class='ocr_line' id='line_1_2' title="bbox 473 484 2052 573; baseline 0.007 -25"><span class='ocrx_word' id='word_1_6' title='bbox 473 484 731 566; x_wconf 62' lang='grc' dir='ltr'>γινομένην</span> <span class='ocrx_word' id='word_1_7' title='bbox 784 500 895 555; x_wconf 81' lang='grc' dir='ltr'>τοῖς</span> <span class='ocrx_word' id='word_1_8' title='bbox 942 494 1226 570; x_wconf 73' lang='grc' dir='ltr'>ἂνθρῶτῖιοις</span> <span class='ocrx_word' id='word_1_9' title='bbox 1276 501 1580 573; x_wconf 66' lang='grc' dir='ltr'>εὐεργεσίαν,</span> <span class='ocrx_word' id='word_1_10' title='bbox 1633 501 1785 555; x_wconf 77' lang='grc' dir='ltr'>θέλων</span> <span class='ocrx_word' id='word_1_11' title='bbox 1836 504 1927 572; x_wconf 70' lang='grc' dir='ltr'>μὲν</span> <span class='ocrx_word' id='word_1_12' title='bbox 1968 501 2052 559; x_wconf 83' lang='grc' dir='ltr'><strong>διά</strong></span> 
     </span>
    </p>
   </div>
   <div class='ocr_carea' id='block_1_3' title="bbox 2165 484 3751 583">
    <p class='ocr_par' dir='ltr' id='par_1_3' title="bbox 2165 502 3751 583">
     <span class='ocr_line' id='line_1_3' title="bbox 2165 502 3751 583; baseline 0.011 -27"><span class='ocrx_word' id='word_1_13' title='bbox 2165 502 2314 558; x_wconf 75' lang='lat' dir='ltr'><strong>fiebat</strong></span> <span class='ocrx_word' id='word_1_14' title='bbox 2343 506 2682 577; x_wconf 84' lang='lat' dir='ltr'><strong>hominibus,</strong></span> <span class='ocrx_word' id='word_1_15' title='bbox 2723 510 2911 567; x_wconf 78' lang='lat' dir='ltr'><strong>Volens</strong></span> <span class='ocrx_word' id='word_1_16' title='bbox 2948 511 3159 582; x_wconf 80' lang='lat' dir='ltr'><strong>quidem</strong></span> <span class='ocrx_word' id='word_1_17' title='bbox 3192 526 3287 582; x_wconf 84' lang='lat' dir='ltr'><strong>per</strong></span> <span class='ocrx_word' id='word_1_18' title='bbox 3324 512 3590 583; x_wconf 87' lang='lat' dir='ltr'><strong>animam,</strong></span> <span class='ocrx_word' id='word_1_19' title='bbox 3627 527 3751 574; x_wconf 81' lang='lat' dir='ltr'><strong>tan-</strong></span> 
     </span>
    </p>
   </div>
   <div class='ocr_carea' id='block_1_4' title="bbox 470 583 2056 669">
    <p class='ocr_par' dir='ltr' id='par_1_4' title="bbox 470 583 1769 661">
     <span class='ocr_line' id='line_1_4' title="bbox 470 583 1769 661; baseline 0.012 -28"><span class='ocrx_word' id='word_1_20' title='bbox 470 592 563 644; x_wconf 76' lang='grc' dir='ltr'>τῆς</span> <span class='ocrx_word' id='word_1_21' title='bbox 590 583 795 655; x_wconf 70' lang='grc' dir='ltr'>ψυχῆς,</span> <span class='ocrx_word' id='word_1_22' title='bbox 844 585 1132 659; x_wconf 78' lang='grc' dir='ltr'><strong>ἁπτόμενος</strong></span> <span class='ocrx_word' id='word_1_23' title='bbox 1158 588 1210 643; x_wconf 82' lang='grc' dir='ltr'><strong>δὲ</strong></span> <span class='ocrx_word' id='word_1_24' title='bbox 1257 588 1339 645; x_wconf 86' lang='grc' dir='ltr'><strong>διά</strong></span> <span class='ocrx_word' id='word_1_25' title='bbox 1366 597 1458 645; x_wconf 85' lang='grc' dir='ltr'>τοῦ</span> <span class='ocrx_word' id='word_1_26' title='bbox 1508 594 1769 661; x_wconf 70' lang='grc' dir='ltr'>σώματοςῖ</span> 
     </span>
    </p>
   </div>
   <div class='ocr_carea' id='block_1_5' title="bbox 1294 583 2880 669">
    <p class='ocr_par' dir='ltr' id='par_1_5' title="bbox 1294 592 2880 669">
     <span class='ocr_line' id='line_1_5' title="bbox 1294 592 2880 669; baseline 0.008 -26"><span class='ocrx_word' id='word_1_27' title='bbox 1294 592 1339 644; x_wconf 75' lang='grc' dir='ltr'>ιὰ</span> <span class='ocrx_word' id='word_1_28' title='bbox 1366 597 1458 645; x_wconf 85' lang='grc' dir='ltr'>τοῦ</span> <span class='ocrx_word' id='word_1_29' title='bbox 1508 594 1769 661; x_wconf 79' lang='grc' dir='ltr'>σώματος;</span> <span class='ocrx_word' id='word_1_30' title='bbox 2155 607 2288 662; x_wconf 69' lang='lat' dir='ltr'><strong>gens</strong></span> <span class='ocrx_word' id='word_1_31' title='bbox 2315 606 2493 650; x_wconf 87' lang='lat' dir='ltr'><strong>autem</strong></span> <span class='ocrx_word' id='word_1_32' title='bbox 2519 613 2613 665; x_wconf 88' lang='lat' dir='ltr'><strong>per</strong></span> <span class='ocrx_word' id='word_1_33' title='bbox 2642 602 2880 669; x_wconf 78' lang='lat' dir='ltr'><strong>corpus?</strong></span> 
     </span>
    </p>
   </div>
   <div class='ocr_carea' id='block_1_6' title="bbox 541 677 2127 761">
    <p class='ocr_par' dir='ltr' id='par_1_6' title="bbox 541 677 1983 761">
     <span class='ocr_line' id='line_1_6' title="bbox 541 677 1983 761; baseline 0.01 -34"><span class='ocrx_word' id='word_1_34' title='bbox 541 681 640 728; x_wconf 83' lang='grc' dir='ltr'><strong>Τοῦ</strong></span> <span class='ocrx_word' id='word_1_35' title='bbox 673 677 829 730; x_wconf 78' lang='grc' dir='ltr'>αὐτοῦ</span> <span class='ocrx_word' id='word_1_36' title='bbox 872 677 927 731; x_wconf 80' lang='grc' dir='ltr'>ὶκ</span> <span class='ocrx_word' id='word_1_37' title='bbox 969 684 1061 733; x_wconf 72' lang='grc' dir='ltr'>τοῦ</span> <span class='ocrx_word' id='word_1_38' title='bbox 1090 681 1287 751; x_wconf 80' lang='grc' dir='ltr'>βιϐλίου</span> <span class='ocrx_word' id='word_1_39' title='bbox 1324 688 1413 735; x_wconf 79' lang='grc' dir='ltr'>τοῦ</span> <span class='ocrx_word' id='word_1_40' title='bbox 1445 685 1575 736; x_wconf 85' lang='grc' dir='ltr'><strong>κατά</strong></span> <span class='ocrx_word' id='word_1_41' title='bbox 1614 681 1983 761; x_wconf 83' lang='grc' dir='ltr'>’Δπολιναρίου.</span> 
     </span>
    </p>
   </div>
   <div class='ocr_carea' id='block_1_7' title="bbox 1905 677 3491 761">
    <p class='ocr_par' dir='ltr' id='par_1_7' title="bbox 1905 684 3491 760">
     <span class='ocr_line' id='line_1_7' title="bbox 1905 684 3491 760; baseline 0.007 -22"><span class='ocrx_word' id='word_1_42' title='bbox 1905 706 1983 743; x_wconf 86' lang='grc' dir='ltr'>ου.</span> <span class='ocrx_word' id='word_1_43' title='bbox 2403 684 2652 755; x_wconf 78' lang='lat' dir='ltr'><strong>Ejusdem</strong></span> <span class='ocrx_word' id='word_1_44' title='bbox 2681 692 2744 743; x_wconf 86' lang='lat' dir='ltr'><strong>de</strong></span> <span class='ocrx_word' id='word_1_45' title='bbox 2767 692 2894 745; x_wconf 78' lang='lat' dir='ltr'><strong>libro</strong></span> <span class='ocrx_word' id='word_1_46' title='bbox 2926 701 3102 745; x_wconf 88' lang='lat' dir='ltr'><strong>contra</strong></span> <span class='ocrx_word' id='word_1_47' title='bbox 3127 692 3491 760; x_wconf 75' lang='lat' dir='ltr'><strong>Apollinarem.</strong></span> 
     </span>
    </p>
   </div>
   <div class='ocr_carea' id='block_1_8' title="bbox 539 762 2125 845">
    <p class='ocr_par' dir='ltr' id='par_1_8' title="bbox 539 762 2055 845">
     <span class='ocr_line' id='line_1_8' title="bbox 539 762 2055 845; baseline 0.008 -28"><span class='ocrx_word' id='word_1_48' title='bbox 539 772 641 823; x_wconf 75' lang='grc' dir='ltr'>Τῆς</span> <span class='ocrx_word' id='word_1_49' title='bbox 683 762 737 819; x_wconf 80' lang='grc' dir='ltr'><strong>δέ</strong></span> <span class='ocrx_word' id='word_1_50' title='bbox 765 767 1009 828; x_wconf 75' lang='grc' dir='ltr'><strong>τοιαύτης</strong></span> <span class='ocrx_word' id='word_1_51' title='bbox 1050 770 1178 822; x_wconf 87' lang='grc' dir='ltr'><strong>κατά</strong></span> <span class='ocrx_word' id='word_1_52' title='bbox 1222 770 1305 823; x_wconf 82' lang='grc' dir='ltr'>τὸν</span> <span class='ocrx_word' id='word_1_53' title='bbox 1342 771 1483 843; x_wconf 79' lang='grc' dir='ltr'>λόγον</span> <span class='ocrx_word' id='word_1_54' title='bbox 1508 773 1803 843; x_wconf 72' lang='grc' dir='ltr'><strong>ἀμηχανίας</strong></span> <span class='ocrx_word' id='word_1_55' title='bbox 1840 779 1930 845; x_wconf 90' lang='grc' dir='ltr'><strong>μία</strong></span> <span class='ocrx_word' id='word_1_56' title='bbox 1970 776 2055 845; x_wconf 77' lang='grc' dir='ltr'><strong>γέ-</strong></span> 
     </span>
    </p>
   </div>
   <div class='ocr_carea' id='block_1_9' title="bbox 2163 762 3749 845">
    <p class='ocr_par' dir='ltr' id='par_1_9' title="bbox 2227 774 3749 845">
     <span class='ocr_line' id='line_1_9' title="bbox 2227 774 3749 845; baseline 0.011 -15"><span class='ocrx_word' id='word_1_57' title='bbox 2227 774 2542 845; x_wconf 89' lang='lat' dir='ltr'><strong>llojusmodi</strong></span> <span class='ocrx_word' id='word_1_58' title='bbox 2586 788 2763 836; x_wconf 89' lang='lat' dir='ltr'><strong>autem</strong></span> <span class='ocrx_word' id='word_1_59' title='bbox 2813 784 3081 838; x_wconf 80' lang='lat' dir='ltr'><strong>sermonis</strong></span> <span class='ocrx_word' id='word_1_60' title='bbox 3130 786 3449 842; x_wconf 71' lang='lat' dir='ltr'><strong>haesitationi</strong></span> <span class='ocrx_word' id='word_1_61' title='bbox 3498 804 3601 843; x_wconf 83' lang='lat' dir='ltr'><strong>una</strong></span> <span class='ocrx_word' id='word_1_62' title='bbox 3641 792 3749 845; x_wconf 82' lang='lat' dir='ltr'><strong>erit</strong></span> 
     </span>
    </p>
   </div>
   <div class='ocr_carea' id='block_1_10' title="bbox 468 849 2054 946">
    <p class='ocr_par' dir='ltr' id='par_1_10' title="bbox 468 849 2050 937">
     <span class='ocr_line' id='line_1_10' title="bbox 468 849 2050 937; baseline 0.01 -31"><span class='ocrx_word' id='word_1_63' title='bbox 468 871 604 907; x_wconf 87' lang='grc' dir='ltr'>νοιτο</span> <span class='ocrx_word' id='word_1_64' title='bbox 633 849 694 908; x_wconf 84' lang='grc' dir='ltr'><strong>ἂν</strong></span> <span class='ocrx_word' id='word_1_65' title='bbox 717 858 1031 932; x_wconf 84' lang='grc' dir='ltr'>παραμυθία,</span> <span class='ocrx_word' id='word_1_66' title='bbox 1059 860 1088 915; x_wconf 82' lang='grc' dir='ltr'>ἡ</span> <span class='ocrx_word' id='word_1_67' title='bbox 1132 858 1312 921; x_wconf 72' lang='grc' dir='ltr'>ἀληθής</span> <span class='ocrx_word' id='word_1_68' title='bbox 1352 869 1444 916; x_wconf 83' lang='grc' dir='ltr'>τοῦ</span> <span class='ocrx_word' id='word_1_69' title='bbox 1476 870 1762 936; x_wconf 71' lang='grc' dir='ltr'><strong>μυστηρίου</strong></span> <span class='ocrx_word' id='word_1_70' title='bbox 1793 865 2050 937; x_wconf 81' lang='grc' dir='ltr'>ὁμολογία·</span> 
     </span>
    </p>
   </div>
   <div class='ocr_carea' id='block_1_11' title="bbox 2162 849 3748 946">
    <p class='ocr_par' dir='ltr' id='par_1_11' title="bbox 2162 868 3748 946">
     <span class='ocr_line' id='line_1_11' title="bbox 2162 868 3748 946; baseline 0.009 -26"><span class='ocrx_word' id='word_1_71' title='bbox 2162 868 2477 937; x_wconf 83' lang='lat' dir='ltr'><strong>consolatio,</strong></span> <span class='ocrx_word' id='word_1_72' title='bbox 2508 885 2633 925; x_wconf 87' lang='lat' dir='ltr'><strong>vera</strong></span> <span class='ocrx_word' id='word_1_73' title='bbox 2666 874 2907 943; x_wconf 88' lang='lat' dir='ltr'><strong>mysterii</strong></span> <span class='ocrx_word' id='word_1_74' title='bbox 2938 874 3211 930; x_wconf 76' lang='lat' dir='ltr'><strong>confessio</strong></span> <span class='ocrx_word' id='word_1_75' title='bbox 3240 893 3253 930; x_wconf 93' lang='lat'><strong>:</strong></span> <span class='ocrx_word' id='word_1_76' title='bbox 3283 879 3531 946; x_wconf 89' lang='lat' dir='ltr'><strong>quoniam</strong></span> <span class='ocrx_word' id='word_1_77' title='bbox 3555 879 3748 935; x_wconf 61' lang='lat' dir='ltr'><strong>fornti:</strong></span> 
     </span>
    </p>
   </div>
   <div class='ocr_carea' id='block_1_12' title="bbox 473 943 2059 1039">
    <p class='ocr_par' dir='ltr' id='par_1_12' title="bbox 473 943 2056 1031">
     <span class='ocr_line' id='line_1_12' title="bbox 473 943 2056 1031; baseline 0.011 -33"><span class='ocrx_word' id='word_1_78' title='bbox 473 943 555 998; x_wconf 76' lang='grc' dir='ltr'>ὅτι</span> <span class='ocrx_word' id='word_1_79' title='bbox 581 946 640 1000; x_wconf 90' lang='lat'><strong>16</strong></span> <span class='ocrx_word' id='word_1_80' title='bbox 669 950 759 1019; x_wconf 71' lang='grc' dir='ltr'>μὲν</span> <span class='ocrx_word' id='word_1_81' title='bbox 812 946 997 1018; x_wconf 82' lang='grc' dir='ltr'>δειλιᾷν</span> <span class='ocrx_word' id='word_1_82' title='bbox 1043 951 1169 1023; x_wconf 83' lang='grc' dir='ltr'>πρὸς</span> <span class='ocrx_word' id='word_1_83' title='bbox 1216 952 1275 1005; x_wconf 89' lang='lat'><strong>16</strong></span> <span class='ocrx_word' id='word_1_84' title='bbox 1302 955 1465 1013; x_wconf 78' lang='grc' dir='ltr'>πάθος</span> <span class='ocrx_word' id='word_1_85' title='bbox 1507 964 1598 1015; x_wconf 78' lang='grc' dir='ltr'>τῆς</span> <span class='ocrx_word' id='word_1_86' title='bbox 1646 959 1954 1031; x_wconf 68' lang='grc' dir='ltr'><strong>ἀνθρωπίνης</strong></span> <span class='ocrx_word' id='word_1_87' title='bbox 1994 961 2056 1015; x_wconf 78' lang='grc' dir='ltr'>ἀ·</span> 
     </span>
    </p>
   </div>
   <div class='ocr_carea' id='block_1_13' title="bbox 2157 943 3743 1039">
    <p class='ocr_par' dir='ltr' id='par_1_13' title="bbox 2157 943 3743 1039">
     <span class='ocr_line' id='line_1_13' title="bbox 2157 943 3743 1039; baseline 0.009 -29"><span class='ocrx_word' id='word_1_88' title='bbox 2157 956 2281 1012; x_wconf 86' lang='lat' dir='ltr'><strong>dare</strong></span> <span class='ocrx_word' id='word_1_89' title='bbox 2308 959 2523 1029; x_wconf 85' lang='lat' dir='ltr'><strong>quidem</strong></span> <span class='ocrx_word' id='word_1_90' title='bbox 2573 962 2624 1016; x_wconf 89' lang='lat' dir='ltr'><strong>in</strong></span> <span class='ocrx_word' id='word_1_91' title='bbox 2674 965 2954 1033; x_wconf 81' lang='lat' dir='ltr'><strong>passione,</strong></span> <span class='ocrx_word' id='word_1_92' title='bbox 2988 967 3236 1021; x_wconf 73' lang='lat' dir='ltr'><strong>humana:</strong></span> <span class='ocrx_word' id='word_1_93' title='bbox 3284 943 3583 1038; x_wconf 77' lang='lat' dir='ltr'><strong>tragilitatis</strong></span> <span class='ocrx_word' id='word_1_94' title='bbox 3626 981 3743 1039; x_wconf 69' lang='lat' dir='ltr'><strong>est,</strong></span> 
     </span>
    </p>
   </div>
   <div class='ocr_carea' id='block_1_14' title="bbox 469 1038 2055 1130">
    <p class='ocr_par' dir='ltr' id='par_1_14' title="bbox 469 1038 2052 1123">
     <span class='ocr_line' id='line_1_14' title="bbox 469 1038 2052 1123; baseline 0.01 -34"><span class='ocrx_word' id='word_1_95' title='bbox 469 1038 691 1096; x_wconf 83' lang='grc' dir='ltr'>σθενείας</span> <span class='ocrx_word' id='word_1_96' title='bbox 735 1039 866 1102; x_wconf 81' lang='grc' dir='ltr'>ἐστι,</span> <span class='ocrx_word' id='word_1_97' title='bbox 910 1042 1072 1100; x_wconf 79' lang='grc' dir='ltr'>καθώς</span> <span class='ocrx_word' id='word_1_98' title='bbox 1120 1064 1243 1113; x_wconf 74' lang='grc' dir='ltr'>φησι</span> <span class='ocrx_word' id='word_1_99' title='bbox 1286 1046 1373 1097; x_wconf 79' lang='grc' dir='ltr'><strong>καί</strong></span> <span class='ocrx_word' id='word_1_100' title='bbox 1418 1044 1443 1099; x_wconf 93' lang='grc' dir='ltr'><strong>ό</strong></span> <span class='ocrx_word' id='word_1_101' title='bbox 1496 1048 1694 1123; x_wconf 74' lang='grc' dir='ltr'>Κύριος,</span> <span class='ocrx_word' id='word_1_102' title='bbox 1742 1051 1801 1103; x_wconf 88' lang='grc' dir='ltr'><strong>τό</strong></span> <span class='ocrx_word' id='word_1_103' title='bbox 1852 1056 2052 1121; x_wconf 81' lang='grc' dir='ltr'>πνεῦμα</span> 
     </span>
    </p>
   </div>
   <div class='ocr_carea' id='block_1_15' title="bbox 2162 1038 3748 1130">
    <p class='ocr_par' dir='ltr' id='par_1_15' title="bbox 2162 1038 3748 1130">
     <span class='ocr_line' id='line_1_15' title="bbox 2162 1038 3748 1130; baseline 0.011 -29"><span class='ocrx_word' id='word_1_104' title='bbox 2162 1050 2299 1116; x_wconf 80' lang='lat' dir='ltr'><strong>iuxta</strong></span> <span class='ocrx_word' id='word_1_105' title='bbox 2350 1053 2491 1121; x_wconf 90' lang='lat' dir='ltr'><strong>quod</strong></span> <span class='ocrx_word' id='word_1_106' title='bbox 2540 1052 2800 1109; x_wconf 87' lang='lat' dir='ltr'><strong>Dominus</strong></span> <span class='ocrx_word' id='word_1_107' title='bbox 2829 1057 2938 1123; x_wconf 91' lang='lat' dir='ltr'><strong>ait,</strong></span> <span class='ocrx_word' id='word_1_108' title='bbox 2973 1058 3218 1127; x_wconf 80' lang='lat' dir='ltr'><strong>spiritum</strong></span> <span class='ocrx_word' id='word_1_109' title='bbox 3268 1068 3571 1130; x_wconf 85' lang='lat' dir='ltr'><strong>promptum</strong></span> <span class='ocrx_word' id='word_1_110' title='bbox 3619 1038 3748 1120; x_wconf 77' lang='lat' dir='ltr'><strong>esse</strong></span> 
     </span>
    </p>
   </div>
   <div class='ocr_carea' id='block_1_16' title="bbox 467 1125 2053 1221">
    <p class='ocr_par' dir='ltr' id='par_1_16' title="bbox 467 1125 2053 1211">
     <span class='ocr_line' id='line_1_16' title="bbox 467 1125 2053 1211; baseline 0.01 -31"><span class='ocrx_word' id='word_1_111' title='bbox 467 1128 726 1200; x_wconf 74' lang='grc' dir='ltr'><strong>πρόθυμον</strong></span> <span class='ocrx_word' id='word_1_112' title='bbox 776 1125 902 1184; x_wconf 80' lang='grc' dir='ltr'>εἶναι</span> <span class='ocrx_word' id='word_1_113' title='bbox 959 1131 1133 1204; x_wconf 80' lang='grc' dir='ltr'>λέγων,</span> <span class='ocrx_word' id='word_1_114' title='bbox 1184 1135 1367 1193; x_wconf 80' lang='grc' dir='ltr'>ἀσθενῆ</span> <span class='ocrx_word' id='word_1_115' title='bbox 1422 1135 1474 1191; x_wconf 83' lang='grc' dir='ltr'><strong>δέ</strong></span> <span class='ocrx_word' id='word_1_116' title='bbox 1528 1143 1617 1197; x_wconf 69' lang='grc' dir='ltr'>τήν</span> <span class='ocrx_word' id='word_1_117' title='bbox 1668 1141 1856 1211; x_wconf 78' lang='grc' dir='ltr'>σάρκα.</span> <span class='ocrx_word' id='word_1_118' title='bbox 1890 1142 1955 1195; x_wconf 83' lang='lat' dir='ltr'>T6</span> <span class='ocrx_word' id='word_1_119' title='bbox 1999 1141 2053 1196; x_wconf 83' lang='grc' dir='ltr'><strong>δέ</strong></span> 
     </span>
    </p>
   </div>
   <div class='ocr_carea' id='block_1_17' title="bbox 2160 1125 3746 1221">
    <p class='ocr_par' dir='ltr' id='par_1_17' title="bbox 2160 1125 3746 1221">
     <span class='ocr_line' id='line_1_17' title="bbox 2160 1125 3746 1221; baseline 0.007 -27"><span class='ocrx_word' id='word_1_120' title='bbox 2160 1141 2356 1208; x_wconf 85' lang='lat' dir='ltr'><strong>dicens,</strong></span> <span class='ocrx_word' id='word_1_121' title='bbox 2382 1158 2596 1199; x_wconf 89' lang='lat' dir='ltr'><strong>carnem</strong></span> <span class='ocrx_word' id='word_1_122' title='bbox 2621 1156 2797 1201; x_wconf 90' lang='lat' dir='ltr'><strong>autem</strong></span> <span class='ocrx_word' id='word_1_123' title='bbox 2826 1125 3093 1204; x_wconf 72' lang='lat' dir='ltr'><strong>inﬁrmam</strong></span> <span class='ocrx_word' id='word_1_124' title='bbox 3118 1125 3333 1221; x_wconf 67' lang='grc' dir='ltr'>(ΜαιιἸι.</span> <span class='ocrx_word' id='word_1_125' title='bbox 3365 1125 3544 1217; x_wconf 51' lang='grc' dir='ltr'><strong>υνυς</strong></span> <span class='ocrx_word' id='word_1_126' title='bbox 3569 1157 3746 1209; x_wconf 85' lang='lat' dir='ltr'><strong>susci-</strong></span> 
     </span>
    </p>
   </div>
   <div class='ocr_carea' id='block_1_18' title="bbox 466 1216 2052 1308">
    <p class='ocr_par' dir='ltr' id='par_1_18' title="bbox 466 1216 2052 1294">
     <span class='ocr_line' id='line_1_18' title="bbox 466 1216 2052 1294; baseline 0.01 -23"><span class='ocrx_word' id='word_1_127' title='bbox 466 1216 805 1290; x_wconf 77' lang='grc' dir='ltr'>ἀναδίχεσθαι</span> <span class='ocrx_word' id='word_1_128' title='bbox 848 1222 904 1275; x_wconf 82' lang='grc' dir='ltr'>τὸ</span> <span class='ocrx_word' id='word_1_129' title='bbox 934 1220 985 1285; x_wconf 85' lang='grc' dir='ltr'>ἐξ</span> <span class='ocrx_word' id='word_1_130' title='bbox 1013 1227 1285 1294; x_wconf 74' lang='grc' dir='ltr'><strong>οἰκονομίας</strong></span> <span class='ocrx_word' id='word_1_131' title='bbox 1313 1226 1495 1293; x_wconf 75' lang='grc' dir='ltr'>πάθος,</span> <span class='ocrx_word' id='word_1_132' title='bbox 1526 1238 1617 1289; x_wconf 84' lang='grc' dir='ltr'>τῆς</span> <span class='ocrx_word' id='word_1_133' title='bbox 1646 1231 1780 1290; x_wconf 72' lang='grc' dir='ltr'>θείας</span> <span class='ocrx_word' id='word_1_134' title='bbox 1810 1232 1923 1287; x_wconf 83' lang='grc' dir='ltr'>ἐστὶ</span> <span class='ocrx_word' id='word_1_135' title='bbox 1966 1236 2052 1287; x_wconf 82' lang='grc' dir='ltr'><strong>καί</strong></span> 
     </span>
    </p>
   </div>
   <div class='ocr_carea' id='block_1_19' title="bbox 2162 1216 3748 1308">
    <p class='ocr_par' dir='ltr' id='par_1_19' title="bbox 2162 1216 3748 1308">
     <span class='ocr_line' id='line_1_19' title="bbox 2162 1216 3748 1308; baseline 0.008 -24"><span class='ocrx_word' id='word_1_136' title='bbox 2162 1246 2283 1300; x_wconf 85' lang='lat' dir='ltr'><strong>pere</strong></span> <span class='ocrx_word' id='word_1_137' title='bbox 2308 1243 2483 1288; x_wconf 86' lang='lat' dir='ltr'><strong>autem</strong></span> <span class='ocrx_word' id='word_1_138' title='bbox 2517 1246 2580 1290; x_wconf 82' lang='lat' dir='ltr'><strong>ex</strong></span> <span class='ocrx_word' id='word_1_139' title='bbox 2613 1236 3019 1306; x_wconf 73' lang='lat' dir='ltr'><strong>dispensatione</strong></span> <span class='ocrx_word' id='word_1_140' title='bbox 3057 1216 3392 1308; x_wconf 78' lang='lat' dir='ltr'><strong>passionem,</strong></span> <span class='ocrx_word' id='word_1_141' title='bbox 3422 1216 3620 1298; x_wconf 63' lang='lat' dir='ltr'><strong>divine</strong></span> <span class='ocrx_word' id='word_1_142' title='bbox 3648 1258 3748 1297; x_wconf 49' lang='lat' dir='ltr'><strong>voé</strong></span> 
     </span>
    </p>
   </div>
   <div class='ocr_carea' id='block_1_20' title="bbox 466 1311 2052 1401">
    <p class='ocr_par' dir='ltr' id='par_1_20' title="bbox 466 1311 2052 1401">
     <span class='ocr_line' id='line_1_20' title="bbox 466 1311 2052 1401; baseline 0.009 -39"><span class='ocrx_word' id='word_1_143' title='bbox 466 1311 651 1401; x_wconf 78' lang='grc' dir='ltr'>βουλῆς</span> <span class='ocrx_word' id='word_1_144' title='bbox 678 1316 755 1401; x_wconf 80' lang='grc' dir='ltr'><strong>καί</strong></span> <span class='ocrx_word' id='word_1_145' title='bbox 786 1311 1066 1386; x_wconf 82' lang='grc' dir='ltr'>δυνάμεως.</span> <span class='ocrx_word' id='word_1_146' title='bbox 1125 1314 1330 1376; x_wconf 80' lang='grc' dir='ltr'>Ἐπειδὴ</span> <span class='ocrx_word' id='word_1_147' title='bbox 1370 1322 1536 1372; x_wconf 78' lang='grc' dir='ltr'>τοίνυν</span> <span class='ocrx_word' id='word_1_148' title='bbox 1590 1318 1707 1375; x_wconf 72' lang='grc' dir='ltr'>ἄλλο</span> <span class='ocrx_word' id='word_1_149' title='bbox 1749 1324 1807 1375; x_wconf 81' lang='grc' dir='ltr'><strong>τό</strong></span> <span class='ocrx_word' id='word_1_150' title='bbox 1861 1324 2052 1399; x_wconf 79' lang='grc' dir='ltr'>ἀνθρὼ-</span> 
     </span>
    </p>
   </div>
   <div class='ocr_carea' id='block_1_21' title="bbox 2159 1311 3745 1401">
    <p class='ocr_par' dir='ltr' id='par_1_21' title="bbox 2159 1320 3745 1401">
     <span class='ocr_line' id='line_1_21' title="bbox 2159 1320 3745 1401; baseline 0.01 -28"><span class='ocrx_word' id='word_1_151' title='bbox 2159 1320 2370 1377; x_wconf 89' lang='lat' dir='ltr'><strong>Iuntatis</strong></span> <span class='ocrx_word' id='word_1_152' title='bbox 2418 1333 2579 1393; x_wconf 83' lang='lat' dir='ltr'><strong>atque</strong></span> <span class='ocrx_word' id='word_1_153' title='bbox 2629 1327 2839 1383; x_wconf 85' lang='lat' dir='ltr'><strong>virtutis</strong></span> <span class='ocrx_word' id='word_1_154' title='bbox 2889 1339 2992 1384; x_wconf 88' lang='lat' dir='ltr'><strong>est.</strong></span> <span class='ocrx_word' id='word_1_155' title='bbox 3047 1330 3311 1397; x_wconf 83' lang='lat' dir='ltr'><strong>Quoniam</strong></span> <span class='ocrx_word' id='word_1_156' title='bbox 3364 1333 3525 1401; x_wconf 72' lang='lat' dir='ltr'><strong>igitur</strong></span> <span class='ocrx_word' id='word_1_157' title='bbox 3572 1336 3745 1389; x_wconf 82' lang='lat' dir='ltr'><strong>altera</strong></span> 
     </span>
    </p>
   </div>
   <div class='ocr_carea' id='block_1_22' title="bbox 464 1400 2050 1496">
    <p class='ocr_par' dir='ltr' id='par_1_22' title="bbox 464 1400 2050 1479">
     <span class='ocr_line' id='line_1_22' title="bbox 464 1400 2050 1479; baseline 0.007 -26"><span class='ocrx_word' id='word_1_158' title='bbox 464 1420 605 1454; x_wconf 71' lang='grc' dir='ltr'>πίνον</span> <span class='ocrx_word' id='word_1_159' title='bbox 630 1400 840 1470; x_wconf 81' lang='grc' dir='ltr'>θέλημα,</span> <span class='ocrx_word' id='word_1_160' title='bbox 864 1405 943 1455; x_wconf 82' lang='grc' dir='ltr'><strong>καί</strong></span> <span class='ocrx_word' id='word_1_161' title='bbox 967 1404 1025 1457; x_wconf 86' lang='grc' dir='ltr'>τὸ</span> <span class='ocrx_word' id='word_1_162' title='bbox 1052 1403 1175 1457; x_wconf 81' lang='grc' dir='ltr'>θεῖον</span> <span class='ocrx_word' id='word_1_163' title='bbox 1204 1402 1339 1470; x_wconf 80' lang='grc' dir='ltr'>ἄλλο,</span> <span class='ocrx_word' id='word_1_164' title='bbox 1372 1409 1633 1479; x_wconf 65' lang='grc' dir='ltr'>φθέγγεται</span> <span class='ocrx_word' id='word_1_165' title='bbox 1657 1412 1766 1478; x_wconf 80' lang='grc' dir='ltr'>μὲν,</span> <span class='ocrx_word' id='word_1_166' title='bbox 1794 1413 1861 1470; x_wconf 86' lang='grc' dir='ltr'>ὡς</span> <span class='ocrx_word' id='word_1_167' title='bbox 1882 1412 1932 1463; x_wconf 84' lang='grc' dir='ltr'><strong>ἐκ</strong></span> <span class='ocrx_word' id='word_1_168' title='bbox 1956 1418 2050 1466; x_wconf 86' lang='grc' dir='ltr'>τοῦ</span> 
     </span>
    </p>
   </div>
   <div class='ocr_carea' id='block_1_23' title="bbox 2158 1400 3744 1496">
    <p class='ocr_par' dir='ltr' id='par_1_23' title="bbox 2158 1400 3744 1496">
     <span class='ocr_line' id='line_1_23' title="bbox 2158 1400 3744 1496; baseline 0.009 -32"><span class='ocrx_word' id='word_1_169' title='bbox 2158 1410 2379 1469; x_wconf 86' lang='lat' dir='ltr'><strong>humana</strong></span> <span class='ocrx_word' id='word_1_170' title='bbox 2411 1417 2661 1473; x_wconf 81' lang='lat' dir='ltr'><strong>voluntas</strong></span> <span class='ocrx_word' id='word_1_171' title='bbox 2691 1426 2746 1474; x_wconf 82' lang='lat' dir='ltr'><strong>et</strong></span> <span class='ocrx_word' id='word_1_172' title='bbox 2777 1420 2956 1475; x_wconf 82' lang='lat' dir='ltr'><strong>divina</strong></span> <span class='ocrx_word' id='word_1_173' title='bbox 2997 1421 3164 1477; x_wconf 88' lang='lat' dir='ltr'><strong>altera</strong></span> <span class='ocrx_word' id='word_1_174' title='bbox 3195 1432 3298 1489; x_wconf 77' lang='lat' dir='ltr'><strong>est,</strong></span> <span class='ocrx_word' id='word_1_175' title='bbox 3344 1400 3581 1493; x_wconf 78' lang='lat' dir='ltr'><strong>loquitur</strong></span> <span class='ocrx_word' id='word_1_176' title='bbox 3618 1426 3744 1496; x_wconf 58' lang='lat' dir='ltr'><strong>quid</strong></span> 
     </span>
    </p>
   </div>
   <div class='ocr_carea' id='block_1_24' title="bbox 464 1494 2050 1585">
    <p class='ocr_par' dir='ltr' id='par_1_24' title="bbox 464 1494 2050 1575">
     <span class='ocr_line' id='line_1_24' title="bbox 464 1494 2050 1575; baseline 0.009 -30"><span class='ocrx_word' id='word_1_177' title='bbox 464 1494 730 1566; x_wconf 82' lang='grc' dir='ltr'>ἀνθρώπου</span> <span class='ocrx_word' id='word_1_178' title='bbox 777 1496 836 1549; x_wconf 89' lang='lat'><strong>16</strong></span> <span class='ocrx_word' id='word_1_179' title='bbox 875 1502 938 1568; x_wconf 77' lang='grc' dir='ltr'><strong>τῇ</strong></span> <span class='ocrx_word' id='word_1_180' title='bbox 990 1497 1221 1571; x_wconf 74' lang='grc' dir='ltr'><strong>ἀσθενείᾳ</strong></span> <span class='ocrx_word' id='word_1_181' title='bbox 1257 1506 1349 1561; x_wconf 82' lang='grc' dir='ltr'>τῆς</span> <span class='ocrx_word' id='word_1_182' title='bbox 1376 1500 1573 1571; x_wconf 67' lang='grc' dir='ltr'>φύσεως</span> <span class='ocrx_word' id='word_1_183' title='bbox 1602 1502 1889 1575; x_wconf 57' lang='grc' dir='ltr'>πρόσφορον</span> <span class='ocrx_word' id='word_1_184' title='bbox 1919 1502 1944 1557; x_wconf 87' lang='grc' dir='ltr'><strong>ό</strong></span> <span class='ocrx_word' id='word_1_185' title='bbox 1986 1504 2050 1559; x_wconf 85' lang='grc' dir='ltr'><strong>τά</strong></span> 
     </span>
    </p>
   </div>
   <div class='ocr_carea' id='block_1_25' title="bbox 2156 1494 3742 1585">
    <p class='ocr_par' dir='ltr' id='par_1_25' title="bbox 2156 1494 3742 1585">
     <span class='ocr_line' id='line_1_25' title="bbox 2156 1494 3742 1585; baseline 0.009 -29"><span class='ocrx_word' id='word_1_186' title='bbox 2156 1503 2269 1557; x_wconf 89' lang='lat' dir='ltr'><strong>dem</strong></span> <span class='ocrx_word' id='word_1_187' title='bbox 2292 1514 2351 1559; x_wconf 91' lang='lat' dir='ltr'><strong>ut</strong></span> <span class='ocrx_word' id='word_1_188' title='bbox 2380 1507 2572 1573; x_wconf 89' lang='lat' dir='ltr'><strong>homo,</strong></span> <span class='ocrx_word' id='word_1_189' title='bbox 2603 1510 2744 1578; x_wconf 92' lang='lat' dir='ltr'><strong>quod</strong></span> <span class='ocrx_word' id='word_1_190' title='bbox 2788 1512 3085 1566; x_wconf 70' lang='lat' dir='ltr'><strong>infirmitati</strong></span> <span class='ocrx_word' id='word_1_191' title='bbox 3132 1513 3310 1567; x_wconf 90' lang='lat' dir='ltr'><strong>carnis</strong></span> <span class='ocrx_word' id='word_1_192' title='bbox 3337 1513 3614 1584; x_wconf 73' lang='lat' dir='ltr'><strong>congruit,</strong></span> <span class='ocrx_word' id='word_1_193' title='bbox 3636 1494 3742 1585; x_wconf 74' lang='lat' dir='ltr'><strong>qui</strong></span> 
     </span>
    </p>
   </div>
   <div class='ocr_carea' id='block_1_26' title="bbox 462 1583 2048 1673">
    <p class='ocr_par' dir='ltr' id='par_1_26' title="bbox 462 1583 2048 1670">
     <span class='ocr_line' id='line_1_26' title="bbox 462 1583 2048 1670; baseline 0.007 -33"><span class='ocrx_word' id='word_1_194' title='bbox 462 1585 684 1659; x_wconf 76' lang='grc' dir='ltr'>ἡμέτερα</span> <span class='ocrx_word' id='word_1_195' title='bbox 728 1583 864 1643; x_wconf 77' lang='grc' dir='ltr'>πάθη</span> <span class='ocrx_word' id='word_1_196' title='bbox 894 1589 1292 1657; x_wconf 79' lang='grc' dir='ltr'>οἰκειωσάμενος’</span> <span class='ocrx_word' id='word_1_197' title='bbox 1341 1591 1518 1664; x_wconf 84' lang='grc' dir='ltr'>ἐπάγει</span> <span class='ocrx_word' id='word_1_198' title='bbox 1571 1591 1624 1647; x_wconf 80' lang='grc' dir='ltr'><strong>δὲ</strong></span> <span class='ocrx_word' id='word_1_199' title='bbox 1673 1599 1763 1652; x_wconf 66' lang='grc' dir='ltr'><strong>τήν</strong></span> <span class='ocrx_word' id='word_1_200' title='bbox 1804 1592 2048 1670; x_wconf 74' lang='grc' dir='ltr'>δευτέραν</span> 
     </span>
    </p>
   </div>
   <div class='ocr_carea' id='block_1_27' title="bbox 2151 1583 3737 1673">
    <p class='ocr_par' dir='ltr' id='par_1_27' title="bbox 2151 1583 3737 1673">
     <span class='ocr_line' id='line_1_27' title="bbox 2151 1583 3737 1673; baseline 0.008 -23"><span class='ocrx_word' id='word_1_201' title='bbox 2151 1606 2360 1653; x_wconf 88' lang='lat' dir='ltr'><strong>nostras</strong></span> <span class='ocrx_word' id='word_1_202' title='bbox 2378 1604 2654 1669; x_wconf 84' lang='lat' dir='ltr'><strong>passiones</strong></span> <span class='ocrx_word' id='word_1_203' title='bbox 2679 1605 2949 1673; x_wconf 82' lang='lat' dir='ltr'><strong>suscepit;</strong></span> <span class='ocrx_word' id='word_1_204' title='bbox 2978 1605 3222 1673; x_wconf 85' lang='lat' dir='ltr'><strong>producit</strong></span> <span class='ocrx_word' id='word_1_205' title='bbox 3242 1616 3417 1662; x_wconf 90' lang='lat' dir='ltr'><strong>autem</strong></span> <span class='ocrx_word' id='word_1_206' title='bbox 3440 1583 3737 1663; x_wconf 73' lang='lat' dir='ltr'><strong>secundam</strong></span> 
     </span>
    </p>
   </div>
   <div class='ocr_carea' id='block_1_28' title="bbox 460 1676 2046 1764">
    <p class='ocr_par' dir='ltr' id='par_1_28' title="bbox 460 1676 2046 1757">
     <span class='ocr_line' id='line_1_28' title="bbox 460 1676 2046 1757; baseline 0.011 -32"><span class='ocrx_word' id='word_1_207' title='bbox 460 1680 646 1743; x_wconf 70' lang='grc' dir='ltr'>φωνήν,</span> <span class='ocrx_word' id='word_1_208' title='bbox 695 1676 755 1730; x_wconf 85' lang='grc' dir='ltr'>τὸ</span> <span class='ocrx_word' id='word_1_209' title='bbox 801 1676 988 1746; x_wconf 70' lang='grc' dir='ltr'>ὑψηλόν</span> <span class='ocrx_word' id='word_1_210' title='bbox 1032 1681 1111 1732; x_wconf 76' lang='grc' dir='ltr'><strong>καί</strong></span> <span class='ocrx_word' id='word_1_211' title='bbox 1153 1684 1439 1754; x_wconf 77' lang='grc' dir='ltr'>Θεοπρεπές</span> <span class='ocrx_word' id='word_1_212' title='bbox 1483 1684 1716 1756; x_wconf 71' lang='grc' dir='ltr'>βούλημα</span> <span class='ocrx_word' id='word_1_213' title='bbox 1769 1689 2046 1757; x_wconf 79' lang='grc' dir='ltr'>κυρωθῆναι</span> 
     </span>
    </p>
   </div>
   <div class='ocr_carea' id='block_1_29' title="bbox 2158 1676 3744 1764">
    <p class='ocr_par' dir='ltr' id='par_1_29' title="bbox 2158 1692 3744 1764">
     <span class='ocr_line' id='line_1_29' title="bbox 2158 1692 3744 1764; baseline 0.008 -24"><span class='ocrx_word' id='word_1_214' title='bbox 2158 1698 2359 1754; x_wconf 74' lang='lat' dir='ltr'><strong>vocem,</strong></span> <span class='ocrx_word' id='word_1_215' title='bbox 2401 1692 2690 1759; x_wconf 75' lang='lat' dir='ltr'><strong>excelsam,</strong></span> <span class='ocrx_word' id='word_1_216' title='bbox 2721 1702 2772 1747; x_wconf 88' lang='lat' dir='ltr'><strong>et</strong></span> <span class='ocrx_word' id='word_1_217' title='bbox 2806 1695 2915 1748; x_wconf 83' lang='lat' dir='ltr'><strong>Deo</strong></span> <span class='ocrx_word' id='word_1_218' title='bbox 2941 1694 3154 1764; x_wconf 81' lang='lat' dir='ltr'><strong>dignam</strong></span> <span class='ocrx_word' id='word_1_219' title='bbox 3186 1696 3514 1751; x_wconf 69' lang='lat' dir='ltr'><strong>voluntatem</strong></span> <span class='ocrx_word' id='word_1_220' title='bbox 3539 1698 3744 1752; x_wconf 73' lang='lat' dir='ltr'><strong>ceniir-</strong></span> 
     </span>
    </p>
   </div>
   <div class='ocr_carea' id='block_1_30' title="bbox 458 1763 2044 1853">
    <p class='ocr_par' dir='ltr' id='par_1_30' title="bbox 458 1763 2044 1847">
     <span class='ocr_line' id='line_1_30' title="bbox 458 1763 2044 1847; baseline 0.01 -32"><span class='ocrx_word' id='word_1_221' title='bbox 458 1763 605 1837; x_wconf 85' lang='grc' dir='ltr'>παρά</span> <span class='ocrx_word' id='word_1_222' title='bbox 630 1763 687 1817; x_wconf 88' lang='grc' dir='ltr'><strong>τό</strong></span> <span class='ocrx_word' id='word_1_223' title='bbox 735 1765 1037 1835; x_wconf 83' lang='grc' dir='ltr'>ἀνθρώπινον</span> <span class='ocrx_word' id='word_1_224' title='bbox 1065 1767 1196 1841; x_wconf 84' lang='grc' dir='ltr'><strong>ύπέρ</strong></span> <span class='ocrx_word' id='word_1_225' title='bbox 1226 1777 1317 1829; x_wconf 72' lang='grc' dir='ltr'>τῆς</span> <span class='ocrx_word' id='word_1_226' title='bbox 1367 1779 1465 1824; x_wconf 85' lang='grc' dir='ltr'>τῶν</span> <span class='ocrx_word' id='word_1_227' title='bbox 1492 1773 1765 1845; x_wconf 56' lang='grc' dir='ltr'>ἀνθρώπων</span> <span class='ocrx_word' id='word_1_228' title='bbox 1792 1778 2044 1847; x_wconf 81' lang='grc' dir='ltr'>σωτηρίας</span> 
     </span>
    </p>
   </div>
   <div class='ocr_carea' id='block_1_31' title="bbox 2150 1763 3736 1853">
    <p class='ocr_par' dir='ltr' id='par_1_31' title="bbox 2151 1763 3736 1853">
     <span class='ocr_line' id='line_1_31' title="bbox 2151 1763 3736 1853; baseline 0.008 -25"><span class='ocrx_word' id='word_1_229' title='bbox 2151 1776 2285 1831; x_wconf 87' lang='lat' dir='ltr'><strong>mari</strong></span> <span class='ocrx_word' id='word_1_230' title='bbox 2316 1778 2490 1846; x_wconf 89' lang='lat' dir='ltr'><strong>potius</strong></span> <span class='ocrx_word' id='word_1_231' title='bbox 2524 1796 2681 1848; x_wconf 87' lang='lat' dir='ltr'><strong>quam</strong></span> <span class='ocrx_word' id='word_1_232' title='bbox 2714 1763 3026 1848; x_wconf 76' lang='lat' dir='ltr'><strong>humanam,</strong></span> <span class='ocrx_word' id='word_1_233' title='bbox 3058 1793 3272 1853; x_wconf 88' lang='lat' dir='ltr'><strong>propter</strong></span> <span class='ocrx_word' id='word_1_234' title='bbox 3298 1786 3527 1839; x_wconf 72' lang='lat' dir='ltr'><strong>salutem</strong></span> <span class='ocrx_word' id='word_1_235' title='bbox 3555 1787 3736 1841; x_wconf 85' lang='lat' dir='ltr'><strong>homi-</strong></span> 
     </span>
    </p>
   </div>
   <div class='ocr_carea' id='block_1_32' title="bbox 460 1844 2046 1949">
    <p class='ocr_par' dir='ltr' id='par_1_32' title="bbox 460 1853 2046 1941">
     <span class='ocr_line' id='line_1_32' title="bbox 460 1853 2046 1941; baseline 0.011 -35"><span class='ocrx_word' id='word_1_236' title='bbox 460 1853 630 1909; x_wconf 82' lang='grc' dir='ltr'>θέλων.</span> <span class='ocrx_word' id='word_1_237' title='bbox 663 1865 717 1907; x_wconf 87' lang='lat' dir='ltr'><strong>&#39;O</strong></span> <span class='ocrx_word' id='word_1_238' title='bbox 745 1856 847 1930; x_wconf 78' lang='grc' dir='ltr'><strong>γάρ</strong></span> <span class='ocrx_word' id='word_1_239' title='bbox 874 1860 1046 1923; x_wconf 83' lang='grc' dir='ltr'>εἰπών,</span> <span class='ocrx_word' id='word_1_240' title='bbox 1085 1876 1103 1909; x_wconf 82' lang='lat' dir='ltr'><strong>t</strong></span> <span class='ocrx_word' id='word_1_241' title='bbox 1135 1864 1219 1918; x_wconf 71' lang='grc' dir='ltr'><strong>Μή</strong></span> <span class='ocrx_word' id='word_1_242' title='bbox 1249 1862 1307 1915; x_wconf 86' lang='grc' dir='ltr'>τὸ</span> <span class='ocrx_word' id='word_1_243' title='bbox 1336 1862 1467 1931; x_wconf 77' lang='grc' dir='ltr'>ἐμὸν,</span> <span class='ocrx_word' id='word_1_244' title='bbox 1487 1881 1504 1913; x_wconf 71' lang='grc' dir='ltr'><strong>ι</strong></span> <span class='ocrx_word' id='word_1_245' title='bbox 1540 1866 1596 1917; x_wconf 86' lang='grc' dir='ltr'><strong>τό</strong></span> <span class='ocrx_word' id='word_1_246' title='bbox 1624 1866 1927 1941; x_wconf 81' lang='grc' dir='ltr'>ἀνθρώπινον</span> <span class='ocrx_word' id='word_1_247' title='bbox 1973 1877 2046 1939; x_wconf 85' lang='grc' dir='ltr'>τῷ</span> 
     </span>
    </p>
   </div>
   <div class='ocr_carea' id='block_1_33' title="bbox 2153 1844 3739 1949">
    <p class='ocr_par' dir='ltr' id='par_1_33' title="bbox 2156 1876 3739 1949">
     <span class='ocr_line' id='line_1_33' title="bbox 2156 1876 3739 1949; baseline 0.006 -22"><span class='ocrx_word' id='word_1_248' title='bbox 2156 1890 2279 1929; x_wconf 90' lang='lat' dir='ltr'><strong>num</strong></span> <span class='ocrx_word' id='word_1_249' title='bbox 2308 1876 2512 1931; x_wconf 90' lang='lat' dir='ltr'><strong>volens.</strong></span> <span class='ocrx_word' id='word_1_250' title='bbox 2547 1876 2647 1944; x_wconf 84' lang='lat' dir='ltr'><strong>Qui</strong></span> <span class='ocrx_word' id='word_1_251' title='bbox 2679 1880 2819 1933; x_wconf 86' lang='lat' dir='ltr'><strong>enim</strong></span> <span class='ocrx_word' id='word_1_252' title='bbox 2851 1880 2985 1933; x_wconf 78' lang='lat' dir='ltr'><strong>dixit</strong></span> <span class='ocrx_word' id='word_1_253' title='bbox 3012 1897 3024 1933; x_wconf 93' lang='lat'>:</span> <span class='ocrx_word' id='word_1_254' title='bbox 3061 1879 3183 1933; x_wconf 84' lang='lat' dir='ltr'><strong>Non</strong></span> <span class='ocrx_word' id='word_1_255' title='bbox 3215 1894 3323 1935; x_wconf 82' lang='lat' dir='ltr'><strong>mea</strong></span> <span class='ocrx_word' id='word_1_256' title='bbox 3348 1881 3602 1949; x_wconf 72' lang='lat' dir='ltr'><strong>uoluntas,</strong></span> <span class='ocrx_word' id='word_1_257' title='bbox 3630 1885 3739 1937; x_wconf 86' lang='lat' dir='ltr'><strong>hu-</strong></span> 
     </span>
    </p>
   </div>
   <div class='ocr_carea' id='block_1_34' title="bbox 460 1943 2046 2037">
    <p class='ocr_par' dir='ltr' id='par_1_34' title="bbox 460 1943 2046 2030">
     <span class='ocr_line' id='line_1_34' title="bbox 460 1943 2046 2030; baseline 0.01 -32"><span class='ocrx_word' id='word_1_258' title='bbox 460 1944 589 2017; x_wconf 78' lang='grc' dir='ltr'>λόγῳ</span> <span class='ocrx_word' id='word_1_259' title='bbox 616 1943 855 2017; x_wconf 79' lang='grc' dir='ltr'>ἐσήμανε.</span> <span class='ocrx_word' id='word_1_260' title='bbox 884 1950 1121 2025; x_wconf 72' lang='grc' dir='ltr'>Προσθείς</span> <span class='ocrx_word' id='word_1_261' title='bbox 1145 1950 1220 2014; x_wconf 81' lang='grc' dir='ltr'>δὲ,</span> <span class='ocrx_word' id='word_1_262' title='bbox 1248 1969 1267 2003; x_wconf 76' lang='grc' dir='ltr'><strong>ε</strong></span> <span class='ocrx_word' id='word_1_263' title='bbox 1298 1955 1365 2007; x_wconf 88' lang='lat' dir='ltr'>T6</span> <span class='ocrx_word' id='word_1_264' title='bbox 1396 1955 1539 2019; x_wconf 83' lang='grc' dir='ltr'>σόν,›</span> <span class='ocrx_word' id='word_1_265' title='bbox 1566 1954 1717 2020; x_wconf 74' lang='grc' dir='ltr'>ἔδειξε</span> <span class='ocrx_word' id='word_1_266' title='bbox 1743 1959 1798 2011; x_wconf 88' lang='grc' dir='ltr'>τὸ</span> <span class='ocrx_word' id='word_1_267' title='bbox 1828 1962 2046 2030; x_wconf 70' lang='grc' dir='ltr'>συναφές</span> 
     </span>
    </p>
   </div>
   <div class='ocr_carea' id='block_1_35' title="bbox 2152 1943 3738 2037">
    <p class='ocr_par' dir='ltr' id='par_1_35' title="bbox 2153 1970 3738 2037">
     <span class='ocr_line' id='line_1_35' title="bbox 2153 1970 3738 2037; baseline 0.004 -17"><span class='ocrx_word' id='word_1_268' title='bbox 2153 1980 2365 2021; x_wconf 88' lang='lat' dir='ltr'><strong>manam</strong></span> <span class='ocrx_word' id='word_1_269' title='bbox 2390 1970 2638 2036; x_wconf 64' lang='lat' dir='ltr'><strong>praesenti</strong></span> <span class='ocrx_word' id='word_1_270' title='bbox 2657 1980 2905 2024; x_wconf 84' lang='lat' dir='ltr'><strong>sermone</strong></span> <span class='ocrx_word' id='word_1_271' title='bbox 2926 1970 3162 2037; x_wconf 81' lang='lat' dir='ltr'><strong>signiﬁca</strong></span> <span class='ocrx_word' id='word_1_272' title='bbox 3173 1971 3249 2024; x_wconf 90' lang='lat' dir='ltr'><strong>vit</strong></span> <span class='ocrx_word' id='word_1_273' title='bbox 3268 1987 3283 2024; x_wconf 88' lang='lat'><strong>:</strong></span> <span class='ocrx_word' id='word_1_274' title='bbox 3308 1971 3511 2025; x_wconf 85' lang='lat' dir='ltr'><strong>addens</strong></span> <span class='ocrx_word' id='word_1_275' title='bbox 3531 1982 3738 2036; x_wconf 83' lang='lat' dir='ltr'><strong>autem,</strong></span> 
     </span>
    </p>
   </div>
   <div class='ocr_carea' id='block_1_36' title="bbox 459 2035 2045 2130">
    <p class='ocr_par' dir='ltr' id='par_1_36' title="bbox 459 2035 2045 2121">
     <span class='ocr_line' id='line_1_36' title="bbox 459 2035 2045 2121; baseline 0.012 -34"><span class='ocrx_word' id='word_1_276' title='bbox 459 2042 552 2094; x_wconf 83' lang='grc' dir='ltr'>τῆς</span> <span class='ocrx_word' id='word_1_277' title='bbox 592 2035 776 2091; x_wconf 80' lang='grc' dir='ltr'>ἐαυτοῦ</span> <span class='ocrx_word' id='word_1_278' title='bbox 815 2040 943 2113; x_wconf 65' lang='grc' dir='ltr'>πρός</span> <span class='ocrx_word' id='word_1_279' title='bbox 985 2041 1067 2093; x_wconf 85' lang='grc' dir='ltr'><strong>τόν</strong></span> <span class='ocrx_word' id='word_1_280' title='bbox 1093 2045 1289 2119; x_wconf 83' lang='grc' dir='ltr'>πατέρα</span> <span class='ocrx_word' id='word_1_281' title='bbox 1314 2044 1564 2109; x_wconf 77' lang='grc' dir='ltr'>θεότητος,</span> <span class='ocrx_word' id='word_1_282' title='bbox 1613 2045 1924 2121; x_wconf 76' lang='grc' dir='ltr'>ἧςόύδεμία</span> <span class='ocrx_word' id='word_1_283' title='bbox 1966 2054 2045 2105; x_wconf 87' lang='grc' dir='ltr'>θε-</span> 
     </span>
    </p>
   </div>
   <div class='ocr_carea' id='block_1_37' title="bbox 2154 2035 3740 2130">
    <p class='ocr_par' dir='ltr' id='par_1_37' title="bbox 2154 2035 3740 2130">
     <span class='ocr_line' id='line_1_37' title="bbox 2154 2035 3740 2130; baseline 0.004 -18"><span class='ocrx_word' id='word_1_284' title='bbox 2154 2069 2317 2128; x_wconf 86' lang='lat' dir='ltr'><strong>tuam,</strong></span> <span class='ocrx_word' id='word_1_285' title='bbox 2343 2035 2579 2115; x_wconf 83' lang='lat' dir='ltr'><strong>ostendit</strong></span> <span class='ocrx_word' id='word_1_286' title='bbox 2608 2068 2632 2095; x_wconf 75' lang='grc'>⁸</span> <span class='ocrx_word' id='word_1_287' title='bbox 2662 2035 3054 2130; x_wconf 66' lang='lat' dir='ltr'><strong>cegnationein,</strong></span> <span class='ocrx_word' id='word_1_288' title='bbox 3089 2062 3243 2130; x_wconf 89' lang='lat' dir='ltr'><strong>cujus</strong></span> <span class='ocrx_word' id='word_1_289' title='bbox 3271 2062 3564 2118; x_wconf 76' lang='lat' dir='ltr'><strong>divinitatis</strong></span> <span class='ocrx_word' id='word_1_290' title='bbox 3591 2035 3740 2119; x_wconf 72' lang='lat' dir='ltr'><strong>nulla</strong></span> 
     </span>
    </p>
   </div>
   <div class='ocr_carea' id='block_1_38' title="bbox 458 2125 2044 2222">
    <p class='ocr_par' dir='ltr' id='par_1_38' title="bbox 458 2125 2044 2215">
     <span class='ocr_line' id='line_1_38' title="bbox 458 2125 2044 2215; baseline 0.013 -36"><span class='ocrx_word' id='word_1_291' title='bbox 458 2125 681 2198; x_wconf 72' lang='grc' dir='ltr'>λήματός</span> <span class='ocrx_word' id='word_1_292' title='bbox 733 2130 845 2185; x_wconf 71' lang='grc' dir='ltr'>ἐστι</span> <span class='ocrx_word' id='word_1_293' title='bbox 883 2130 1098 2206; x_wconf 66' lang='grc' dir='ltr'>διαφορά</span> <span class='ocrx_word' id='word_1_294' title='bbox 1146 2132 1227 2188; x_wconf 75' lang='grc' dir='ltr'><strong>διά</strong></span> <span class='ocrx_word' id='word_1_295' title='bbox 1276 2142 1367 2194; x_wconf 70' lang='grc' dir='ltr'>τήν</span> <span class='ocrx_word' id='word_1_296' title='bbox 1394 2142 1645 2193; x_wconf 76' lang='grc' dir='ltr'>κοινωνίαν</span> <span class='ocrx_word' id='word_1_297' title='bbox 1686 2150 1777 2199; x_wconf 78' lang='grc' dir='ltr'><strong>τῆς</strong></span> <span class='ocrx_word' id='word_1_298' title='bbox 1825 2144 2044 2215; x_wconf 76' lang='grc' dir='ltr'>φύσεως.</span> 
     </span>
    </p>
   </div>
   <div class='ocr_carea' id='block_1_39' title="bbox 1764 2125 3350 2222">
    <p class='ocr_par' dir='ltr' id='par_1_39' title="bbox 1764 2144 3350 2222">
     <span class='ocr_line' id='line_1_39' title="bbox 1764 2144 3350 2222; baseline 0.002 -18"><span class='ocrx_word' id='word_1_299' title='bbox 1764 2162 1777 2199; x_wconf 75' lang='lat' dir='ltr'><strong>r</strong></span> <span class='ocrx_word' id='word_1_300' title='bbox 1825 2144 2045 2215; x_wconf 76' lang='grc' dir='ltr'>φύσεως.</span> <span class='ocrx_word' id='word_1_301' title='bbox 2152 2161 2234 2206; x_wconf 90' lang='lat' dir='ltr'><strong>est</strong></span> <span class='ocrx_word' id='word_1_302' title='bbox 2258 2151 2557 2207; x_wconf 84' lang='lat' dir='ltr'><strong>dill‘erentia</strong></span> <span class='ocrx_word' id='word_1_303' title='bbox 2588 2164 2806 2222; x_wconf 84' lang='lat' dir='ltr'><strong>propter</strong></span> <span class='ocrx_word' id='word_1_304' title='bbox 2832 2153 3091 2208; x_wconf 91' lang='lat' dir='ltr'><strong>unitatem</strong></span> <span class='ocrx_word' id='word_1_305' title='bbox 3124 2163 3350 2207; x_wconf 60' lang='lat' dir='ltr'><strong>naturae.</strong></span> 
     </span>
    </p>
   </div>
   <div class='ocr_carea' id='block_1_40' title="bbox 459 2238 2045 2335">
    <p class='ocr_par' dir='ltr' id='par_1_40' title="bbox 459 2238 2045 2335">
     <span class='ocr_line' id='line_1_40' title="bbox 459 2238 2045 2335; baseline 0.01 -43"><span class='ocrx_word' id='word_1_306' title='bbox 459 2239 770 2335; x_wconf 51' lang='grc' dir='ltr'><strong>Τοῦ-ἁγίουῚ</strong></span> <span class='ocrx_word' id='word_1_307' title='bbox 788 2238 1026 2326; x_wconf 78' lang='grc' dir='ltr'><strong>⁹Ἰωάννου</strong></span> <span class='ocrx_word' id='word_1_308' title='bbox 1058 2244 1339 2326; x_wconf 78' lang='grc' dir='ltr'>ἐπισκόπου</span> <span class='ocrx_word' id='word_1_309' title='bbox 1394 2252 1955 2313; x_wconf 75' lang='grc' dir='ltr'>Κωνσταντινουπόλεως</span> <span class='ocrx_word' id='word_1_310' title='bbox 1998 2254 2045 2308; x_wconf 85' lang='grc' dir='ltr'><strong>ἐκ</strong></span> 
     </span>
    </p>
   </div>
   <div class='ocr_carea' id='block_1_41' title="bbox 2158 2238 3744 2335">
    <p class='ocr_par' dir='ltr' id='par_1_41' title="bbox 2158 2263 3744 2335">
     <span class='ocr_line' id='line_1_41' title="bbox 2158 2263 3744 2335; baseline 0 -14"><span class='ocrx_word' id='word_1_311' title='bbox 2158 2266 2334 2321; x_wconf 89' lang='lat' dir='ltr'><strong>Sancti</strong></span> <span class='ocrx_word' id='word_1_312' title='bbox 2354 2263 2572 2319; x_wconf 85' lang='lat' dir='ltr'><strong>Joannis</strong></span> <span class='ocrx_word' id='word_1_313' title='bbox 2594 2266 2821 2335; x_wconf 80' lang='lat' dir='ltr'><strong>episcOpi</strong></span> <span class='ocrx_word' id='word_1_314' title='bbox 2842 2266 3397 2335; x_wconf 81' lang='lat' dir='ltr'><strong>Constantinopolitani</strong></span> <span class='ocrx_word' id='word_1_315' title='bbox 3415 2283 3481 2321; x_wconf 77' lang='lat' dir='ltr'><strong>ea:</strong></span> <span class='ocrx_word' id='word_1_316' title='bbox 3507 2280 3744 2322; x_wconf 74' lang='lat' dir='ltr'><strong>sermone</strong></span> 
     </span>
    </p>
   </div>
   <div class='ocr_carea' id='block_1_42' title="bbox 529 2310 2115 2405">
    <p class='ocr_par' dir='ltr' id='par_1_42' title="bbox 529 2310 2047 2405">
     <span class='ocr_line' id='line_1_42' title="bbox 529 2310 2047 2405; baseline 0.011 -42"><span class='ocrx_word' id='word_1_317' title='bbox 529 2318 621 2369; x_wconf 78' lang='grc' dir='ltr'>τῆς</span> <span class='ocrx_word' id='word_1_318' title='bbox 640 2310 870 2405; x_wconf 35' lang='grc' dir='ltr'>’ἐμιλὶαςῗ</span> <span class='ocrx_word' id='word_1_319' title='bbox 907 2322 1026 2405; x_wconf 59' lang='grc' dir='ltr'><strong>τῆςν</strong></span> <span class='ocrx_word' id='word_1_320' title='bbox 1055 2318 1183 2400; x_wconf 67' lang='grc' dir='ltr'>πρός</span> <span class='ocrx_word' id='word_1_321' title='bbox 1215 2321 1345 2401; x_wconf 45' lang='grc' dir='ltr'>«τοὺς</span> <span class='ocrx_word' id='word_1_322' title='bbox 1374 2325 1443 2399; x_wconf 76' lang='grc' dir='ltr'>μὴ</span> <span class='ocrx_word' id='word_1_323' title='bbox 1475 2322 1867 2383; x_wconf 68' lang='grc' dir='ltr'>ὑπαντιάσαντας</span> <span class='ocrx_word' id='word_1_324' title='bbox 1894 2326 1946 2378; x_wconf 84' lang='grc' dir='ltr'><strong>ἐν</strong></span> <span class='ocrx_word' id='word_1_325' title='bbox 1986 2334 2047 2397; x_wconf 78' lang='grc' dir='ltr'>τῇ</span> 
     </span>
    </p>
   </div>
   <div class='ocr_carea' id='block_1_43' title="bbox 2158 2310 3744 2405">
    <p class='ocr_par' dir='ltr' id='par_1_43' title="bbox 2222 2310 3744 2405">
     <span class='ocr_line' id='line_1_43' title="bbox 2222 2310 3744 2405; baseline 0.002 -17"><span class='ocrx_word' id='word_1_326' title='bbox 2222 2338 2291 2389; x_wconf 88' lang='lat' dir='ltr'><strong>ad</strong></span> <span class='ocrx_word' id='word_1_327' title='bbox 2331 2353 2413 2390; x_wconf 90' lang='lat' dir='ltr'><strong>eos</strong></span> <span class='ocrx_word' id='word_1_328' title='bbox 2445 2340 2527 2405; x_wconf 85' lang='lat' dir='ltr'><strong>qni</strong></span> <span class='ocrx_word' id='word_1_329' title='bbox 2558 2310 2652 2390; x_wconf 58' lang='lat' dir='ltr'><strong>mir</strong></span> <span class='ocrx_word' id='word_1_330' title='bbox 2672 2310 2853 2391; x_wconf 52' lang='lat' dir='ltr'><strong>mirga:</strong></span> <span class='ocrx_word' id='word_1_331' title='bbox 2894 2354 2994 2392; x_wconf 85' lang='lat' dir='ltr'><strong>non</strong></span> <span class='ocrx_word' id='word_1_332' title='bbox 3036 2310 3359 2392; x_wconf 39' lang='lat' dir='ltr'><strong>occurierunt</strong></span> <span class='ocrx_word' id='word_1_333' title='bbox 3378 2354 3398 2403; x_wconf 89' lang='lat'><strong><em>;</em></strong></span> <span class='ocrx_word' id='word_1_334' title='bbox 3436 2348 3485 2392; x_wconf 83' lang='lat' dir='ltr'><strong>et</strong></span> <span class='ocrx_word' id='word_1_335' title='bbox 3517 2338 3580 2391; x_wconf 84' lang='lat' dir='ltr'><strong>de</strong></span> <span class='ocrx_word' id='word_1_336' title='bbox 3613 2355 3744 2391; x_wconf 82' lang='lat' dir='ltr'><strong>con-</strong></span> 
     </span>
    </p>
   </div>
   <div class='ocr_carea' id='block_1_44' title="bbox 527 2382 2565 2478">
    <p class='ocr_par' dir='ltr' id='par_1_44' title="bbox 527 2382 2565 2478">
     <span class='ocr_line' id='line_1_44' title="bbox 527 2382 2565 2478; baseline 0.009 -45"><span class='ocrx_word' id='word_1_337' title='bbox 527 2382 750 2443; x_wconf 83' lang='grc' dir='ltr'>συνάξει·</span> <span class='ocrx_word' id='word_1_338' title='bbox 790 2385 873 2435; x_wconf 86' lang='grc' dir='ltr'><strong>καί</strong></span> <span class='ocrx_word' id='word_1_339' title='bbox 909 2386 1028 2456; x_wconf 75' lang='grc' dir='ltr'>περὶ</span> <span class='ocrx_word' id='word_1_340' title='bbox 1069 2382 1156 2439; x_wconf 79' lang='grc' dir='ltr'>τόῦ</span> <span class='ocrx_word' id='word_1_341' title='bbox 1208 2382 1501 2459; x_wconf 78' lang='grc' dir='ltr'>ὁμοουσίου.</span> <span class='ocrx_word' id='word_1_342' title='bbox 1848 2382 1853 2383; x_wconf 17' lang='grc' dir='ltr'><strong>ί</strong></span> <span class='ocrx_word' id='word_1_343' title='bbox 2021 2384 2031 2397; x_wconf 75' lang='grc'><strong>’</strong></span> <span class='ocrx_word' id='word_1_344' title='bbox 2086 2444 2101 2472; x_wconf 31' lang='grc' dir='ltr'>’ν</span> <span class='ocrx_word' id='word_1_345' title='bbox 2126 2428 2145 2478; x_wconf 35' lang='grc' dir='ltr'><strong>ι.</strong></span> <span class='ocrx_word' id='word_1_346' title='bbox 2219 2382 2565 2461; x_wconf 37' lang='lat' dir='ltr'><strong>Ignari-Eii;</strong></span> 
     </span>
    </p>
   </div>
   <div class='ocr_carea' id='block_1_45' title="bbox 526 2491 2112 2593">
    <p class='ocr_par' dir='ltr' id='par_1_45' title="bbox 526 2491 2047 2571">
     <span class='ocr_line' id='line_1_45' title="bbox 526 2491 2047 2571; baseline 0.012 -30"><span class='ocrx_word' id='word_1_347' title='bbox 526 2491 584 2541; x_wconf 84' lang='grc' dir='ltr'><strong>Εἰ</strong></span> <span class='ocrx_word' id='word_1_348' title='bbox 622 2492 789 2544; x_wconf 81' lang='grc' dir='ltr'>τοίνυν</span> <span class='ocrx_word' id='word_1_349' title='bbox 817 2494 1008 2568; x_wconf 84' lang='grc' dir='ltr'>Πατρός</span> <span class='ocrx_word' id='word_1_350' title='bbox 1057 2497 1139 2549; x_wconf 81' lang='grc' dir='ltr'><strong>καί</strong></span> <span class='ocrx_word' id='word_1_351' title='bbox 1182 2498 1298 2551; x_wconf 82' lang='grc' dir='ltr'><strong>Υἱοῦ</strong></span> <span class='ocrx_word' id='word_1_352' title='bbox 1342 2501 1434 2569; x_wconf 85' lang='grc' dir='ltr'><strong>μία</strong></span> <span class='ocrx_word' id='word_1_353' title='bbox 1478 2501 1724 2571; x_wconf 77' lang='grc' dir='ltr'>βούλησίς</span> <span class='ocrx_word' id='word_1_354' title='bbox 1753 2504 1883 2568; x_wconf 85' lang='grc' dir='ltr'>ἐστι,</span> <span class='ocrx_word' id='word_1_355' title='bbox 1937 2513 2047 2567; x_wconf 77' lang='grc' dir='ltr'><strong>πῶς</strong></span> 
     </span>
    </p>
   </div>
   <div class='ocr_carea' id='block_1_46' title="bbox 2158 2491 3744 2593">
    <p class='ocr_par' dir='ltr' id='par_1_46' title="bbox 2220 2518 3744 2593">
     <span class='ocr_line' id='line_1_46' title="bbox 2220 2518 3744 2593; baseline 0.002 -19"><span class='ocrx_word' id='word_1_356' title='bbox 2220 2518 2279 2574; x_wconf 89' lang='lat' dir='ltr'><strong>Si</strong></span> <span class='ocrx_word' id='word_1_357' title='bbox 2311 2519 2470 2588; x_wconf 79' lang='lat' dir='ltr'><strong>igitur</strong></span> <span class='ocrx_word' id='word_1_358' title='bbox 2492 2520 2663 2575; x_wconf 82' lang='lat' dir='ltr'><strong>Patris</strong></span> <span class='ocrx_word' id='word_1_359' title='bbox 2688 2531 2741 2575; x_wconf 89' lang='lat' dir='ltr'><strong>et</strong></span> <span class='ocrx_word' id='word_1_360' title='bbox 2766 2521 2885 2576; x_wconf 84' lang='lat' dir='ltr'><strong>Filii</strong></span> <span class='ocrx_word' id='word_1_361' title='bbox 2918 2536 3021 2577; x_wconf 90' lang='lat' dir='ltr'><strong>una</strong></span> <span class='ocrx_word' id='word_1_362' title='bbox 3046 2522 3290 2576; x_wconf 85' lang='lat' dir='ltr'><strong>voluntas</strong></span> <span class='ocrx_word' id='word_1_363' title='bbox 3319 2531 3440 2591; x_wconf 90' lang='lat' dir='ltr'><strong>est,</strong></span> <span class='ocrx_word' id='word_1_364' title='bbox 3466 2523 3744 2593; x_wconf 86' lang='lat' dir='ltr'><strong>quomodo</strong></span> 
     </span>
    </p>
   </div>
   <div class='ocr_carea' id='block_1_47' title="bbox 458 2582 2044 2686">
    <p class='ocr_par' dir='ltr' id='par_1_47' title="bbox 458 2582 2044 2660">
     <span class='ocr_line' id='line_1_47' title="bbox 458 2582 2044 2660; baseline 0.01 -27"><span class='ocrx_word' id='word_1_365' title='bbox 458 2599 605 2651; x_wconf 66' lang='grc' dir='ltr'>φησιν</span> <span class='ocrx_word' id='word_1_366' title='bbox 650 2582 887 2639; x_wconf 84' lang='grc' dir='ltr'>ἐνταῦθα·</span> <span class='ocrx_word' id='word_1_367' title='bbox 921 2602 939 2635; x_wconf 74' lang='grc' dir='ltr'><strong>ι</strong></span> <span class='ocrx_word' id='word_1_368' title='bbox 973 2586 1093 2655; x_wconf 82' lang='grc' dir='ltr'><strong>Οὐχ</strong></span> <span class='ocrx_word' id='word_1_369' title='bbox 1136 2588 1203 2647; x_wconf 86' lang='grc' dir='ltr'>ὡς</span> <span class='ocrx_word' id='word_1_370' title='bbox 1234 2588 1331 2660; x_wconf 80' lang='grc' dir='ltr'>ἐγὼ</span> <span class='ocrx_word' id='word_1_371' title='bbox 1375 2590 1519 2655; x_wconf 79' lang='grc' dir='ltr'>θέλω,</span> <span class='ocrx_word' id='word_1_372' title='bbox 1571 2592 1675 2645; x_wconf 74' lang='grc' dir='ltr'>ἀλλ’</span> <span class='ocrx_word' id='word_1_373' title='bbox 1702 2596 1768 2653; x_wconf 85' lang='grc' dir='ltr'>ὡς</span> <span class='ocrx_word' id='word_1_374' title='bbox 1811 2597 1931 2659; x_wconf 62' lang='grc' dir='ltr'><strong>σύμ</strong></span> <span class='ocrx_word' id='word_1_375' title='bbox 1960 2595 2044 2651; x_wconf 69' lang='grc' dir='ltr'><strong>’Δν</strong></span> 
     </span>
    </p>
   </div>
   <div class='ocr_carea' id='block_1_48' title="bbox 2157 2582 3743 2686">
    <p class='ocr_par' dir='ltr' id='par_1_48' title="bbox 2157 2610 3743 2686">
     <span class='ocr_line' id='line_1_48' title="bbox 2157 2610 3743 2686; baseline 0.002 -22"><span class='ocrx_word' id='word_1_376' title='bbox 2157 2610 2235 2666; x_wconf 89' lang='lat' dir='ltr'><strong>hic</strong></span> <span class='ocrx_word' id='word_1_377' title='bbox 2263 2612 2390 2666; x_wconf 91' lang='lat' dir='ltr'><strong>dicit</strong></span> <span class='ocrx_word' id='word_1_378' title='bbox 2415 2629 2427 2663; x_wconf 91' lang='lat'>:</span> <span class='ocrx_word' id='word_1_379' title='bbox 2466 2610 2826 2667; x_wconf 80' lang='lat' dir='ltr'><strong>Verumtamen</strong></span> <span class='ocrx_word' id='word_1_380' title='bbox 2849 2630 2951 2667; x_wconf 87' lang='lat' dir='ltr'><strong>non</strong></span> <span class='ocrx_word' id='word_1_381' title='bbox 2981 2617 3109 2667; x_wconf 83' lang='lat' dir='ltr'><strong>sicut</strong></span> <span class='ocrx_word' id='word_1_382' title='bbox 3131 2630 3223 2686; x_wconf 87' lang='lat' dir='ltr'><strong>ego</strong></span> <span class='ocrx_word' id='word_1_383' title='bbox 3249 2615 3381 2679; x_wconf 84' lang='lat' dir='ltr'><strong>volo,</strong></span> <span class='ocrx_word' id='word_1_384' title='bbox 3409 2614 3500 2667; x_wconf 86' lang='lat' dir='ltr'><strong>sed</strong></span> <span class='ocrx_word' id='word_1_385' title='bbox 3527 2614 3659 2666; x_wconf 78' lang='lat' dir='ltr'><strong>sicut</strong></span> <span class='ocrx_word' id='word_1_386' title='bbox 3681 2623 3743 2668; x_wconf 79' lang='lat' dir='ltr'><strong>tu</strong></span> 
     </span>
    </p>
   </div>
   <div class='ocr_carea' id='block_1_49' title="bbox 456 2671 2042 2774">
    <p class='ocr_par' dir='ltr' id='par_1_49' title="bbox 456 2671 2042 2774">
     <span class='ocr_line' id='line_1_49' title="bbox 456 2671 2042 2757; baseline 0.012 -37"><span class='ocrx_word' id='word_1_387' title='bbox 456 2671 548 2738; x_wconf 79' lang='grc' dir='ltr'>μέν</span> <span class='ocrx_word' id='word_1_388' title='bbox 579 2672 677 2747; x_wconf 85' lang='grc' dir='ltr'>γὰρ</span> <span class='ocrx_word' id='word_1_389' title='bbox 721 2673 805 2726; x_wconf 77' lang='grc' dir='ltr'><strong>ἐπὶ</strong></span> <span class='ocrx_word' id='word_1_390' title='bbox 853 2682 943 2734; x_wconf 81' lang='grc' dir='ltr'>τῆς</span> <span class='ocrx_word' id='word_1_391' title='bbox 992 2676 1222 2738; x_wconf 79' lang='grc' dir='ltr'>θεότητος</span> <span class='ocrx_word' id='word_1_392' title='bbox 1273 2680 1525 2754; x_wconf 81' lang='grc' dir='ltr'>εἰρημένον</span> <span class='ocrx_word' id='word_1_393' title='bbox 1640 2688 1814 2749; x_wconf 84' lang='grc' dir='ltr'>τοῦτο,</span> <span class='ocrx_word' id='word_1_394' title='bbox 1847 2687 2042 2742; x_wconf 84' lang='grc' dir='ltr'>ἐναντι-</span> 
     </span>
     <span class='ocr_line' id='line_1_50' title="bbox 468 2756 1579 2774; baseline 0 0"><span class='ocrx_word' id='word_1_395' title='bbox 468 2756 507 2774; x_wconf 62' lang='grc' dir='ltr'>,ς</span> <span class='ocrx_word' id='word_1_396' title='bbox 586 2761 594 2774; x_wconf 91' lang='grc'><strong>.</strong></span> <span class='ocrx_word' id='word_1_397' title='bbox 830 2764 838 2774; x_wconf 88' lang='grc'><strong>.</strong></span> <span class='ocrx_word' id='word_1_398' title='bbox 1106 2769 1115 2774; x_wconf 91' lang='grc'><strong>.</strong></span> <span class='ocrx_word' id='word_1_399' title='bbox 1358 2766 1379 2774; x_wconf 62' lang='grc' dir='ltr'>η</span> <span class='ocrx_word' id='word_1_400' title='bbox 1571 2772 1579 2774; x_wconf 78' lang='lat'><strong><em>_</em></strong></span> 
     </span>
    </p>
   </div>
   <div class='ocr_carea' id='block_1_50' title="bbox 2154 2671 3740 2774">
    <p class='ocr_par' dir='ltr' id='par_1_50' title="bbox 2154 2671 3740 2774">
     <span class='ocr_line' id='line_1_51' title="bbox 2154 2671 3740 2774; baseline 0.001 -17"><span class='ocrx_word' id='word_1_401' title='bbox 2154 2703 2223 2757; x_wconf 85' lang='lat' dir='ltr'><strong>vis</strong></span> <span class='ocrx_word' id='word_1_402' title='bbox 2254 2702 2467 2773; x_wconf 73' lang='lat' dir='ltr'><strong>(Matth.</strong></span> <span class='ocrx_word' id='word_1_403' title='bbox 2499 2719 2658 2769; x_wconf 74' lang='lat' dir='ltr'><strong>xsvr;</strong></span> <span class='ocrx_word' id='word_1_404' title='bbox 2693 2705 2818 2757; x_wconf 88' lang='lat' dir='ltr'><strong>Luc.</strong></span> <span class='ocrx_word' id='word_1_405' title='bbox 2850 2706 3005 2774; x_wconf 80' lang='lat' dir='ltr'><strong>xm).</strong></span> <span class='ocrx_word' id='word_1_406' title='bbox 3039 2704 3095 2759; x_wconf 91' lang='lat' dir='ltr'><strong>Si</strong></span> <span class='ocrx_word' id='word_1_407' title='bbox 3142 2671 3283 2760; x_wconf 56' lang='lat' dir='ltr'><strong>enim</strong></span> <span class='ocrx_word' id='word_1_408' title='bbox 3330 2706 3383 2759; x_wconf 92' lang='lat' dir='ltr'><strong>in</strong></span> <span class='ocrx_word' id='word_1_409' title='bbox 3428 2704 3740 2768; x_wconf 73' lang='lat' dir='ltr'><strong>divinitate,</strong></span> 
     </span>
    </p>
   </div>
   <div class='ocr_carea' id='block_1_51' title="bbox 458 2756 2044 2865">
    <p class='ocr_par' dir='ltr' id='par_1_51' title="bbox 458 2756 2044 2865">
     <span class='ocr_line' id='line_1_52' title="bbox 458 2756 2044 2833; baseline 0.011 -22"><span class='ocrx_word' id='word_1_410' title='bbox 458 2756 630 2830; x_wconf 81' lang='grc' dir='ltr'>ολογία</span> <span class='ocrx_word' id='word_1_411' title='bbox 670 2778 747 2822; x_wconf 85' lang='grc' dir='ltr'><strong>τις</strong></span> <span class='ocrx_word' id='word_1_412' title='bbox 788 2764 998 2833; x_wconf 84' lang='grc' dir='ltr'>γίνεται,</span> <span class='ocrx_word' id='word_1_413' title='bbox 1033 2769 1119 2819; x_wconf 85' lang='grc' dir='ltr'><strong>καί</strong></span> <span class='ocrx_word' id='word_1_414' title='bbox 1163 2767 1320 2822; x_wconf 79' lang='grc' dir='ltr'>πολλοὶ</span> <span class='ocrx_word' id='word_1_415' title='bbox 1348 2766 1520 2824; x_wconf 77' lang='grc' dir='ltr'>ἄτοπα</span> <span class='ocrx_word' id='word_1_416' title='bbox 1561 2772 1617 2824; x_wconf 85' lang='grc' dir='ltr'><strong>ἐκ</strong></span> <span class='ocrx_word' id='word_1_417' title='bbox 1660 2774 1845 2826; x_wconf 87' lang='grc' dir='ltr'>τούτου</span> <span class='ocrx_word' id='word_1_418' title='bbox 1892 2778 2044 2831; x_wconf 81' lang='grc' dir='ltr'>τίκτε-</span> 
     </span>
     <span class='ocr_line' id='line_1_53' title="bbox 548 2849 1690 2865; baseline 0 0"><span class='ocrx_word' id='word_1_419' title='bbox 548 2849 987 2865; x_wconf 48' lang='grc' dir='ltr'>......η</span> <span class='ocrx_word' id='word_1_420' title='bbox 1189 2858 1493 2865; x_wconf 63' lang='lat'><strong>_-__</strong></span> 
     </span>
    </p>
   </div>
   <div class='ocr_carea' id='block_1_52' title="bbox 2158 2756 3744 2865">
    <p class='ocr_par' dir='ltr' id='par_1_52' title="bbox 2158 2794 3744 2865">
     <span class='ocr_line' id='line_1_54' title="bbox 2158 2794 3744 2865; baseline 0 -17"><span class='ocrx_word' id='word_1_421' title='bbox 2158 2794 2289 2863; x_wconf 81' lang='lat' dir='ltr'><strong>quod</strong></span> <span class='ocrx_word' id='word_1_422' title='bbox 2320 2794 2517 2849; x_wconf 90' lang='lat' dir='ltr'><strong>dictum</strong></span> <span class='ocrx_word' id='word_1_423' title='bbox 2550 2802 2652 2858; x_wconf 88' lang='lat' dir='ltr'><strong>est,</strong></span> <span class='ocrx_word' id='word_1_424' title='bbox 2684 2795 2752 2848; x_wconf 89' lang='lat' dir='ltr'><strong>sit</strong></span> <span class='ocrx_word' id='word_1_425' title='bbox 2784 2796 2903 2860; x_wconf 84' lang='lat' dir='ltr'><strong>hoc,</strong></span> <span class='ocrx_word' id='word_1_426' title='bbox 2937 2795 3109 2865; x_wconf 83' lang='lat' dir='ltr'><strong>aliqua</strong></span> <span class='ocrx_word' id='word_1_427' title='bbox 3152 2796 3504 2850; x_wconf 82' lang='lat' dir='ltr'><strong>contradictio</strong></span> <span class='ocrx_word' id='word_1_428' title='bbox 3530 2794 3653 2862; x_wconf 89' lang='lat' dir='ltr'><strong>erit,</strong></span> <span class='ocrx_word' id='word_1_429' title='bbox 3684 2801 3744 2850; x_wconf 86' lang='lat' dir='ltr'><strong>et</strong></span> 
     </span>
    </p>
   </div>
   <div class='ocr_carea' id='block_1_53' title="bbox 456 2849 2042 2950">
    <p class='ocr_par' dir='ltr' id='par_1_53' title="bbox 456 2849 2042 2940">
     <span class='ocr_line' id='line_1_55' title="bbox 456 2849 2042 2940; baseline 0.012 -38"><span class='ocrx_word' id='word_1_430' title='bbox 456 2863 559 2904; x_wconf 79' lang='grc' dir='ltr'>ται·</span> <span class='ocrx_word' id='word_1_431' title='bbox 613 2849 672 2904; x_wconf 85' lang='grc' dir='ltr'><strong>ἂν</strong></span> <span class='ocrx_word' id='word_1_432' title='bbox 717 2850 771 2906; x_wconf 79' lang='grc' dir='ltr'><strong>δὲ</strong></span> <span class='ocrx_word' id='word_1_433' title='bbox 800 2854 882 2907; x_wconf 83' lang='grc' dir='ltr'>ἐπί</span> <span class='ocrx_word' id='word_1_434' title='bbox 928 2864 1018 2915; x_wconf 75' lang='grc' dir='ltr'>τῆς</span> <span class='ocrx_word' id='word_1_435' title='bbox 1048 2860 1257 2931; x_wconf 85' lang='grc' dir='ltr'>σαρκός,</span> <span class='ocrx_word' id='word_1_436' title='bbox 1290 2858 1397 2933; x_wconf 72' lang='grc' dir='ltr'><strong>ἔχη</strong></span> <span class='ocrx_word' id='word_1_437' title='bbox 1422 2859 1575 2932; x_wconf 72' lang='grc' dir='ltr'>[ἔχει</span> <span class='ocrx_word' id='word_1_438' title='bbox 1602 2860 1615 2931; x_wconf 69' lang='grc'><strong>1</strong></span> <span class='ocrx_word' id='word_1_439' title='bbox 1642 2864 1782 2937; x_wconf 83' lang='grc' dir='ltr'>λόγον</span> <span class='ocrx_word' id='word_1_440' title='bbox 1820 2867 1885 2920; x_wconf 86' lang='grc' dir='ltr'><strong>τά</strong></span> <span class='ocrx_word' id='word_1_441' title='bbox 1913 2868 2042 2940; x_wconf 79' lang='grc' dir='ltr'>εἰρη·</span> 
     </span>
    </p>
   </div>
   <div class='ocr_carea' id='block_1_54' title="bbox 2148 2849 3734 2950">
    <p class='ocr_par' dir='ltr' id='par_1_54' title="bbox 2148 2885 3734 2950">
     <span class='ocr_line' id='line_1_56' title="bbox 2148 2885 3734 2950; baseline -0.003 -9"><span class='ocrx_word' id='word_1_442' title='bbox 2148 2887 2314 2941; x_wconf 78' lang='lat' dir='ltr'><strong>multa</strong></span> <span class='ocrx_word' id='word_1_443' title='bbox 2353 2885 2582 2940; x_wconf 88' lang='lat' dir='ltr'><strong>absurda</strong></span> <span class='ocrx_word' id='word_1_444' title='bbox 2624 2900 2689 2939; x_wconf 78' lang='lat' dir='ltr'><strong>ex</strong></span> <span class='ocrx_word' id='word_1_445' title='bbox 2724 2900 2788 2939; x_wconf 91' lang='lat' dir='ltr'><strong>eo</strong></span> <span class='ocrx_word' id='word_1_446' title='bbox 2824 2896 3133 2940; x_wconf 83' lang='lat' dir='ltr'><strong>nascuntur.</strong></span> <span class='ocrx_word' id='word_1_447' title='bbox 3157 2886 3210 2942; x_wconf 86' lang='lat' dir='ltr'><strong>Si</strong></span> <span class='ocrx_word' id='word_1_448' title='bbox 3233 2890 3409 2941; x_wconf 87' lang='lat' dir='ltr'><strong>autem</strong></span> <span class='ocrx_word' id='word_1_449' title='bbox 3438 2886 3505 2940; x_wconf 91' lang='lat' dir='ltr'><strong>de</strong></span> <span class='ocrx_word' id='word_1_450' title='bbox 3541 2900 3734 2950; x_wconf 78' lang='lat' dir='ltr'><strong>carne,</strong></span> 
     </span>
    </p>
   </div>
   <div class='ocr_carea' id='block_1_55' title="bbox 458 2944 2044 3046">
    <p class='ocr_par' dir='ltr' id='par_1_55' title="bbox 458 2944 2044 3029">
     <span class='ocr_line' id='line_1_57' title="bbox 458 2944 2044 3029; baseline 0.011 -33"><span class='ocrx_word' id='word_1_451' title='bbox 458 2944 611 3011; x_wconf 84' lang='grc' dir='ltr'>μένα,</span> <span class='ocrx_word' id='word_1_452' title='bbox 642 2950 725 3000; x_wconf 79' lang='grc' dir='ltr'><strong>καί</strong></span> <span class='ocrx_word' id='word_1_453' title='bbox 760 2946 904 3001; x_wconf 86' lang='grc' dir='ltr'>ούδέν</span> <span class='ocrx_word' id='word_1_454' title='bbox 933 2950 1118 3019; x_wconf 69' lang='grc' dir='ltr'>γένοιτ’</span> <span class='ocrx_word' id='word_1_455' title='bbox 1149 2949 1206 3004; x_wconf 76' lang='grc' dir='ltr'>ὗν</span> <span class='ocrx_word' id='word_1_456' title='bbox 1258 2951 1498 3024; x_wconf 78' lang='grc' dir='ltr'>ἔγκλημα.</span> <span class='ocrx_word' id='word_1_457' title='bbox 1535 2957 1606 3008; x_wconf 86' lang='grc' dir='ltr'>Ού</span> <span class='ocrx_word' id='word_1_458' title='bbox 1656 2960 1754 3029; x_wconf 85' lang='grc' dir='ltr'><strong>γάρ</strong></span> <span class='ocrx_word' id='word_1_459' title='bbox 1785 2960 1842 3012; x_wconf 90' lang='lat'><strong>16</strong></span> <span class='ocrx_word' id='word_1_460' title='bbox 1872 2965 1941 3029; x_wconf 79' lang='grc' dir='ltr'>μὴ</span> <span class='ocrx_word' id='word_1_461' title='bbox 1967 2961 2044 3014; x_wconf 81' lang='grc' dir='ltr'><strong>θέ-</strong></span> 
     </span>
    </p>
   </div>
   <div class='ocr_carea' id='block_1_56' title="bbox 2157 2944 3743 3046">
    <p class='ocr_par' dir='ltr' id='par_1_56' title="bbox 2157 2978 3743 3046">
     <span class='ocr_line' id='line_1_58' title="bbox 2157 2978 3743 3046; baseline -0.004 -11"><span class='ocrx_word' id='word_1_462' title='bbox 2157 2982 2347 3036; x_wconf 87' lang='lat' dir='ltr'><strong>habent</strong></span> <span class='ocrx_word' id='word_1_463' title='bbox 2377 2979 2633 3033; x_wconf 85' lang='lat' dir='ltr'><strong>rationem</strong></span> <span class='ocrx_word' id='word_1_464' title='bbox 2688 2995 2807 3046; x_wconf 70' lang='lat' dir='ltr'><strong>qua:</strong></span> <span class='ocrx_word' id='word_1_465' title='bbox 2839 2980 2975 3033; x_wconf 88' lang='lat' dir='ltr'><strong>dicta</strong></span> <span class='ocrx_word' id='word_1_466' title='bbox 3018 2991 3139 3033; x_wconf 87' lang='lat' dir='ltr'><strong>sunt</strong></span> <span class='ocrx_word' id='word_1_467' title='bbox 3164 3020 3180 3045; x_wconf 94' lang='lat'><strong>,</strong></span> <span class='ocrx_word' id='word_1_468' title='bbox 3215 2990 3266 3033; x_wconf 87' lang='lat' dir='ltr'><strong>et</strong></span> <span class='ocrx_word' id='word_1_469' title='bbox 3308 2979 3511 3032; x_wconf 87' lang='lat' dir='ltr'><strong>nullum</strong></span> <span class='ocrx_word' id='word_1_470' title='bbox 3542 2993 3607 3033; x_wconf 80' lang='lat' dir='ltr'><strong>ex</strong></span> <span class='ocrx_word' id='word_1_471' title='bbox 3637 2978 3743 3030; x_wconf 81' lang='lat' dir='ltr'><strong>hoc</strong></span> 
     </span>
    </p>
   </div>
   <div class='ocr_carea' id='block_1_57' title="bbox 456 3031 2042 3135">
    <p class='ocr_par' dir='ltr' id='par_1_57' title="bbox 456 3031 2042 3126">
     <span class='ocr_line' id='line_1_59' title="bbox 456 3031 2042 3126; baseline 0.012 -40"><span class='ocrx_word' id='word_1_472' title='bbox 456 3031 557 3087; x_wconf 82' lang='grc' dir='ltr'>λειν</span> <span class='ocrx_word' id='word_1_473' title='bbox 610 3037 867 3091; x_wconf 79' lang='grc' dir='ltr'>ἀποθανεῖν</span> <span class='ocrx_word' id='word_1_474' title='bbox 911 3045 1000 3097; x_wconf 79' lang='grc' dir='ltr'>τήν</span> <span class='ocrx_word' id='word_1_475' title='bbox 1048 3043 1241 3114; x_wconf 89' lang='grc' dir='ltr'>σάρκα,</span> <span class='ocrx_word' id='word_1_476' title='bbox 1297 3048 1651 3116; x_wconf 69' lang='grc' dir='ltr'>κατάγνωσις-⁸</span> <span class='ocrx_word' id='word_1_477' title='bbox 1700 3046 1900 3120; x_wconf 74' lang='grc' dir='ltr'>φύσεως</span> <span class='ocrx_word' id='word_1_478' title='bbox 1946 3052 2042 3126; x_wconf 84' lang='grc' dir='ltr'><strong>γάρ</strong></span> 
     </span>
    </p>
   </div>
   <div class='ocr_carea' id='block_1_58' title="bbox 2156 3031 3742 3135">
    <p class='ocr_par' dir='ltr' id='par_1_58' title="bbox 2156 3068 3742 3135">
     <span class='ocr_line' id='line_1_60' title="bbox 2156 3068 3742 3135; baseline -0.003 -9"><span class='ocrx_word' id='word_1_479' title='bbox 2156 3071 2249 3126; x_wconf 80' lang='lat' dir='ltr'><strong>erit</strong></span> <span class='ocrx_word' id='word_1_480' title='bbox 2273 3070 2601 3125; x_wconf 87' lang='lat' dir='ltr'><strong>scandalum.</strong></span> <span class='ocrx_word' id='word_1_481' title='bbox 2636 3068 2744 3123; x_wconf 76' lang='lat' dir='ltr'><strong>Nec</strong></span> <span class='ocrx_word' id='word_1_482' title='bbox 2783 3069 2953 3135; x_wconf 88' lang='lat' dir='ltr'><strong>enim,</strong></span> <span class='ocrx_word' id='word_1_483' title='bbox 3002 3070 3144 3123; x_wconf 86' lang='lat' dir='ltr'><strong>nolle</strong></span> <span class='ocrx_word' id='word_1_484' title='bbox 3190 3069 3324 3123; x_wconf 88' lang='lat' dir='ltr'><strong>mori</strong></span> <span class='ocrx_word' id='word_1_485' title='bbox 3357 3083 3574 3122; x_wconf 88' lang='lat' dir='ltr'><strong>carnem</strong></span> <span class='ocrx_word' id='word_1_486' title='bbox 3598 3107 3613 3133; x_wconf 90' lang='lat'><strong>,</strong></span> <span class='ocrx_word' id='word_1_487' title='bbox 3646 3082 3742 3122; x_wconf 60' lang='lat' dir='ltr'><strong>rea</strong></span> 
     </span>
    </p>
   </div>
   <div class='ocr_carea' id='block_1_59' title="bbox 456 3126 2042 3231">
    <p class='ocr_par' dir='ltr' id='par_1_59' title="bbox 456 3126 2042 3222">
     <span class='ocr_line' id='line_1_61' title="bbox 456 3126 2042 3222; baseline 0.011 -40"><span class='ocrx_word' id='word_1_488' title='bbox 456 3126 566 3184; x_wconf 79' lang='grc' dir='ltr'>ἐστι</span> <span class='ocrx_word' id='word_1_489' title='bbox 617 3138 788 3186; x_wconf 77' lang='grc' dir='ltr'>τοῦτο’</span> <span class='ocrx_word' id='word_1_490' title='bbox 829 3134 972 3194; x_wconf 69' lang='grc' dir='ltr'>αὐτὸς</span> <span class='ocrx_word' id='word_1_491' title='bbox 1015 3133 1067 3188; x_wconf 80' lang='grc' dir='ltr'><strong>δὲ</strong></span> <span class='ocrx_word' id='word_1_492' title='bbox 1113 3137 1179 3190; x_wconf 84' lang='grc' dir='ltr'><strong>τά</strong></span> <span class='ocrx_word' id='word_1_493' title='bbox 1234 3147 1325 3197; x_wconf 78' lang='grc' dir='ltr'><strong>τῆς</strong></span> <span class='ocrx_word' id='word_1_494' title='bbox 1376 3142 1574 3210; x_wconf 69' lang='grc' dir='ltr'>φύσεως</span> <span class='ocrx_word' id='word_1_495' title='bbox 1624 3140 1828 3198; x_wconf 66' lang='grc' dir='ltr'>ἀᾶταντα</span> <span class='ocrx_word' id='word_1_496' title='bbox 1877 3150 2042 3222; x_wconf 79' lang='grc' dir='ltr'>χωρὶς</span> 
     </span>
    </p>
   </div>
   <div class='ocr_carea' id='block_1_60' title="bbox 2152 3126 3738 3231">
    <p class='ocr_par' dir='ltr' id='par_1_60' title="bbox 2152 3162 3738 3231">
     <span class='ocr_line' id='line_1_62' title="bbox 2152 3162 3738 3231; baseline -0.002 -15"><span class='ocrx_word' id='word_1_497' title='bbox 2152 3163 2435 3231; x_wconf 85' lang='lat' dir='ltr'><strong>prehensio</strong></span> <span class='ocrx_word' id='word_1_498' title='bbox 2466 3171 2568 3227; x_wconf 87' lang='lat' dir='ltr'><strong>est,</strong></span> <span class='ocrx_word' id='word_1_499' title='bbox 2600 3162 2849 3230; x_wconf 85' lang='lat' dir='ltr'><strong>queniam</strong></span> <span class='ocrx_word' id='word_1_500' title='bbox 2881 3162 2980 3217; x_wconf 90' lang='lat' dir='ltr'><strong>hoc</strong></span> <span class='ocrx_word' id='word_1_501' title='bbox 3011 3174 3212 3214; x_wconf 77' lang='lat' dir='ltr'><strong>natura:</strong></span> <span class='ocrx_word' id='word_1_502' title='bbox 3244 3169 3365 3216; x_wconf 91' lang='lat' dir='ltr'><strong>est:</strong></span> <span class='ocrx_word' id='word_1_503' title='bbox 3399 3162 3512 3230; x_wconf 90' lang='lat' dir='ltr'><strong>ipse</strong></span> <span class='ocrx_word' id='word_1_504' title='bbox 3533 3172 3738 3224; x_wconf 88' lang='lat' dir='ltr'><strong>autem,</strong></span> 
     </span>
    </p>
   </div>
   <div class='ocr_carea' id='block_1_61' title="bbox 455 3220 2041 3323">
    <p class='ocr_par' dir='ltr' id='par_1_61' title="bbox 455 3220 2040 3310">
     <span class='ocr_line' id='line_1_63' title="bbox 455 3220 2040 3310; baseline 0.011 -36"><span class='ocrx_word' id='word_1_505' title='bbox 455 3220 715 3291; x_wconf 81' lang='grc' dir='ltr'>ἁμαρτίας</span> <span class='ocrx_word' id='word_1_506' title='bbox 744 3222 1085 3280; x_wconf 83' lang='grc' dir='ltr'>ἐπιδείκνυται</span> <span class='ocrx_word' id='word_1_507' title='bbox 1117 3231 1201 3281; x_wconf 81' lang='grc' dir='ltr'><strong>καί</strong></span> <span class='ocrx_word' id='word_1_508' title='bbox 1228 3230 1359 3297; x_wconf 79' lang='grc' dir='ltr'>μετὰ</span> <span class='ocrx_word' id='word_1_509' title='bbox 1388 3231 1566 3291; x_wconf 75' lang='grc' dir='ltr'>πολλῆς</span> <span class='ocrx_word' id='word_1_510' title='bbox 1596 3241 1687 3294; x_wconf 78' lang='grc' dir='ltr'>τῆς</span> <span class='ocrx_word' id='word_1_511' title='bbox 1715 3220 2040 3310; x_wconf 76' lang='grc' dir='ltr'>περιουσίας,</span> 
     </span>
    </p>
   </div>
   <div class='ocr_carea' id='block_1_62' title="bbox 2155 3220 3741 3323">
    <p class='ocr_par' dir='ltr' id='par_1_62' title="bbox 2155 3250 3741 3323">
     <span class='ocr_line' id='line_1_64' title="bbox 2155 3250 3741 3323; baseline 0 -18"><span class='ocrx_word' id='word_1_512' title='bbox 2155 3269 2267 3323; x_wconf 68' lang='lat' dir='ltr'><strong>qua:</strong></span> <span class='ocrx_word' id='word_1_513' title='bbox 2299 3263 2502 3307; x_wconf 70' lang='lat' dir='ltr'><strong>natura:</strong></span> <span class='ocrx_word' id='word_1_514' title='bbox 2526 3261 2673 3317; x_wconf 89' lang='lat' dir='ltr'><strong>sunt,</strong></span> <span class='ocrx_word' id='word_1_515' title='bbox 2704 3250 2880 3306; x_wconf 87' lang='lat' dir='ltr'><strong>omnia</strong></span> <span class='ocrx_word' id='word_1_516' title='bbox 2912 3253 3112 3318; x_wconf 85' lang='lat' dir='ltr'><strong>absque</strong></span> <span class='ocrx_word' id='word_1_517' title='bbox 3139 3262 3357 3320; x_wconf 82' lang='lat' dir='ltr'><strong>peccato</strong></span> <span class='ocrx_word' id='word_1_518' title='bbox 3386 3252 3620 3305; x_wconf 87' lang='lat' dir='ltr'><strong>ostendit</strong></span> <span class='ocrx_word' id='word_1_519' title='bbox 3644 3288 3659 3315; x_wconf 88' lang='lat'><strong>,</strong></span> <span class='ocrx_word' id='word_1_520' title='bbox 3685 3260 3741 3305; x_wconf 82' lang='lat' dir='ltr'><strong>et</strong></span> 
     </span>
    </p>
   </div>
   <div class='ocr_carea' id='block_1_63' title="bbox 458 3315 2044 3405">
    <p class='ocr_par' dir='ltr' id='par_1_63' title="bbox 458 3315 2044 3395">
     <span class='ocr_line' id='line_1_65' title="bbox 458 3315 2044 3395; baseline 0.011 -30"><span class='ocrx_word' id='word_1_521' title='bbox 458 3315 589 3369; x_wconf 83' lang='grc' dir='ltr'>ὥστε</span> <span class='ocrx_word' id='word_1_522' title='bbox 639 3316 705 3370; x_wconf 89' lang='grc' dir='ltr'><strong>τά</strong></span> <span class='ocrx_word' id='word_1_523' title='bbox 756 3322 854 3369; x_wconf 84' lang='grc' dir='ltr'>τῶν</span> <span class='ocrx_word' id='word_1_524' title='bbox 902 3319 1160 3393; x_wconf 70' lang='grc' dir='ltr'>αἱρετικῶν</span> <span class='ocrx_word' id='word_1_525' title='bbox 1208 3321 1449 3392; x_wconf 66' lang='grc' dir='ltr'>ἐμφράξαι</span> <span class='ocrx_word' id='word_1_526' title='bbox 1511 3325 1933 3395; x_wconf 70' lang='grc' dir='ltr'>στόματα.”οταν</span> <span class='ocrx_word' id='word_1_527' title='bbox 1960 3325 2044 3383; x_wconf 65' lang='grc' dir='ltr'>οὖν</span> 
     </span>
    </p>
   </div>
   <div class='ocr_carea' id='block_1_64' title="bbox 2153 3315 3739 3405">
    <p class='ocr_par' dir='ltr' id='par_1_64' title="bbox 2153 3341 3739 3405">
     <span class='ocr_line' id='line_1_66' title="bbox 2153 3341 3739 3405; baseline -0.003 -8"><span class='ocrx_word' id='word_1_528' title='bbox 2153 3360 2268 3397; x_wconf 83' lang='lat' dir='ltr'><strong>cum</strong></span> <span class='ocrx_word' id='word_1_529' title='bbox 2295 3344 2461 3398; x_wconf 90' lang='lat' dir='ltr'><strong>multa</strong></span> <span class='ocrx_word' id='word_1_530' title='bbox 2490 3341 2813 3397; x_wconf 87' lang='lat' dir='ltr'><strong>abundantia</strong></span> <span class='ocrx_word' id='word_1_531' title='bbox 2834 3384 2848 3405; x_wconf 86' lang='lat'><strong>,</strong></span> <span class='ocrx_word' id='word_1_532' title='bbox 2882 3352 2938 3395; x_wconf 91' lang='lat' dir='ltr'><strong>ut</strong></span> <span class='ocrx_word' id='word_1_533' title='bbox 2978 3345 3136 3396; x_wconf 87' lang='lat' dir='ltr'><strong>etiam</strong></span> <span class='ocrx_word' id='word_1_534' title='bbox 3167 3342 3542 3396; x_wconf 68' lang='lat' dir='ltr'><strong>hmreticorutn</strong></span> <span class='ocrx_word' id='word_1_535' title='bbox 3574 3342 3739 3395; x_wconf 80' lang='lat' dir='ltr'><strong>obtu-</strong></span> 
     </span>
    </p>
   </div>
   <div class='ocr_carea' id='block_1_65' title="bbox 455 3402 2041 3504">
    <p class='ocr_par' dir='ltr' id='par_1_65' title="bbox 455 3402 2041 3484">
     <span class='ocr_line' id='line_1_67' title="bbox 455 3402 2041 3484; baseline 0.011 -30"><span class='ocrx_word' id='word_1_536' title='bbox 455 3402 591 3477; x_wconf 64' lang='grc' dir='ltr'>λέγτν</span> <span class='ocrx_word' id='word_1_537' title='bbox 626 3402 770 3459; x_wconf 60' lang='grc' dir='ltr'>(οτι</span> <span class='ocrx_word' id='word_1_538' title='bbox 801 3410 843 3458; x_wconf 84' lang='grc' dir='ltr'>εἰ</span> <span class='ocrx_word' id='word_1_539' title='bbox 869 3404 1101 3473; x_wconf 86' lang='grc' dir='ltr'>δυνατόν,</span> <span class='ocrx_word' id='word_1_540' title='bbox 1133 3410 1425 3483; x_wconf 81' lang='grc' dir='ltr'>παρελθέτω</span> <span class='ocrx_word' id='word_1_541' title='bbox 1473 3414 1563 3466; x_wconf 80' lang='grc' dir='ltr'><strong>ἀπ’</strong></span> <span class='ocrx_word' id='word_1_542' title='bbox 1611 3416 1736 3484; x_wconf 79' lang='grc' dir='ltr'>ἐμοῦ</span> <span class='ocrx_word' id='word_1_543' title='bbox 1778 3416 1836 3470; x_wconf 87' lang='grc' dir='ltr'><strong>τό</strong></span> <span class='ocrx_word' id='word_1_544' title='bbox 1882 3422 2041 3477; x_wconf 78' lang='grc' dir='ltr'>ποτή-</span> 
     </span>
    </p>
   </div>
   <div class='ocr_carea' id='block_1_66' title="bbox 2154 3402 3740 3504">
    <p class='ocr_par' dir='ltr' id='par_1_66' title="bbox 2154 3434 3740 3504">
     <span class='ocr_line' id='line_1_68' title="bbox 2154 3434 3740 3504; baseline -0.003 -14"><span class='ocrx_word' id='word_1_545' title='bbox 2154 3448 2227 3490; x_wconf 90' lang='lat' dir='ltr'><strong>ret</strong></span> <span class='ocrx_word' id='word_1_546' title='bbox 2254 3451 2367 3489; x_wconf 89' lang='lat' dir='ltr'><strong>ora.</strong></span> <span class='ocrx_word' id='word_1_547' title='bbox 2400 3435 2622 3503; x_wconf 86' lang='lat' dir='ltr'><strong>Quando</strong></span> <span class='ocrx_word' id='word_1_548' title='bbox 2645 3450 2771 3504; x_wconf 80' lang='lat' dir='ltr'><strong>ergo</strong></span> <span class='ocrx_word' id='word_1_549' title='bbox 2799 3435 2965 3487; x_wconf 86' lang='lat' dir='ltr'><strong>dicit:</strong></span> <span class='ocrx_word' id='word_1_550' title='bbox 3000 3434 3063 3488; x_wconf 86' lang='lat' dir='ltr'><strong>Si</strong></span> <span class='ocrx_word' id='word_1_551' title='bbox 3093 3443 3255 3501; x_wconf 81' lang='lat' dir='ltr'><strong>potest</strong></span> <span class='ocrx_word' id='word_1_552' title='bbox 3274 3435 3389 3502; x_wconf 80' lang='lat' dir='ltr'><strong>ﬁeri</strong></span> <span class='ocrx_word' id='word_1_553' title='bbox 3409 3471 3424 3498; x_wconf 95' lang='lat'><strong>,</strong></span> <span class='ocrx_word' id='word_1_554' title='bbox 3456 3441 3680 3485; x_wconf 72' lang='lat' dir='ltr'><strong>transeat</strong></span> <span class='ocrx_word' id='word_1_555' title='bbox 3706 3446 3740 3486; x_wconf 81' lang='grc' dir='ltr'><strong>α</strong></span> 
     </span>
    </p>
   </div>
   <div class='ocr_carea' id='block_1_67' title="bbox 457 3499 2043 3595">
    <p class='ocr_par' dir='ltr' id='par_1_67' title="bbox 457 3499 2043 3595">
     <span class='ocr_line' id='line_1_69' title="bbox 457 3499 2043 3573; baseline 0.009 -25"><span class='ocrx_word' id='word_1_556' title='bbox 457 3513 566 3566; x_wconf 88' lang='grc' dir='ltr'>ριον</span> <span class='ocrx_word' id='word_1_557' title='bbox 594 3500 801 3562; x_wconf 79' lang='grc' dir='ltr'>τοῦτο,›</span> <span class='ocrx_word' id='word_1_558' title='bbox 831 3499 933 3550; x_wconf 87' lang='grc' dir='ltr'>καί·</span> <span class='ocrx_word' id='word_1_559' title='bbox 965 3514 983 3548; x_wconf 82' lang='lat' dir='ltr'><strong>t</strong></span> <span class='ocrx_word' id='word_1_560' title='bbox 1017 3500 1135 3569; x_wconf 78' lang='grc' dir='ltr'><strong>οὐχ</strong></span> <span class='ocrx_word' id='word_1_561' title='bbox 1163 3502 1230 3559; x_wconf 81' lang='grc' dir='ltr'>ὡς</span> <span class='ocrx_word' id='word_1_562' title='bbox 1262 3502 1357 3573; x_wconf 83' lang='grc' dir='ltr'>ἐγὼ</span> <span class='ocrx_word' id='word_1_563' title='bbox 1385 3503 1525 3568; x_wconf 71' lang='grc' dir='ltr'>θέλω,</span> <span class='ocrx_word' id='word_1_564' title='bbox 1554 3504 1653 3556; x_wconf 66' lang='grc' dir='ltr'>ἀλλ’</span> <span class='ocrx_word' id='word_1_565' title='bbox 1681 3507 1747 3564; x_wconf 86' lang='grc' dir='ltr'>ὡς</span> <span class='ocrx_word' id='word_1_566' title='bbox 1796 3509 1882 3560; x_wconf 78' lang='grc' dir='ltr'>σύ·</span> <span class='ocrx_word' id='word_1_567' title='bbox 1917 3524 1934 3557; x_wconf 74' lang='grc' dir='ltr'><strong>ι</strong></span> <span class='ocrx_word' id='word_1_568' title='bbox 1967 3510 2043 3561; x_wconf 78' lang='grc' dir='ltr'><strong>οὐ·</strong></span> 
     </span>
     <span class='ocr_line' id='line_1_70' title="bbox 461 3578 1343 3595; baseline 0 0"><span class='ocrx_word' id='word_1_569' title='bbox 461 3578 508 3595; x_wconf 85' lang='grc'>..</span> <span class='ocrx_word' id='word_1_570' title='bbox 587 3583 608 3595; x_wconf 95' lang='grc'><strong>.</strong></span> <span class='ocrx_word' id='word_1_571' title='bbox 805 3584 827 3595; x_wconf 78' lang='grc'>..</span> <span class='ocrx_word' id='word_1_572' title='bbox 864 3588 872 3595; x_wconf 90' lang='grc'><strong>.</strong></span> <span class='ocrx_word' id='word_1_573' title='bbox 1248 3590 1257 3595; x_wconf 87' lang='grc'><strong>.</strong></span> <span class='ocrx_word' id='word_1_574' title='bbox 1324 3590 1343 3595; x_wconf 89' lang='lat'>_</span> 
     </span>
    </p>
   </div>
   <div class='ocr_carea' id='block_1_68' title="bbox 2152 3499 3738 3595">
    <p class='ocr_par' dir='ltr' id='par_1_68' title="bbox 2152 3523 3738 3595">
     <span class='ocr_line' id='line_1_71' title="bbox 2152 3523 3738 3595; baseline -0.003 -17"><span class='ocrx_word' id='word_1_575' title='bbox 2152 3541 2228 3578; x_wconf 87' lang='lat' dir='ltr'><strong>me.</strong></span> <span class='ocrx_word' id='word_1_576' title='bbox 2264 3528 2397 3579; x_wconf 76' lang='lat' dir='ltr'><strong>calix</strong></span> <span class='ocrx_word' id='word_1_577' title='bbox 2447 3528 2560 3591; x_wconf 81' lang='lat' dir='ltr'><strong>iste,</strong></span> <span class='ocrx_word' id='word_1_578' title='bbox 2616 3534 2669 3579; x_wconf 78' lang='lat' dir='ltr'><strong>et</strong></span> <span class='ocrx_word' id='word_1_579' title='bbox 2698 3542 2710 3578; x_wconf 89' lang='lat'>:</span> <span class='ocrx_word' id='word_1_580' title='bbox 2743 3523 2865 3577; x_wconf 83' lang='lat' dir='ltr'><strong>Non</strong></span> <span class='ocrx_word' id='word_1_581' title='bbox 2902 3526 3032 3578; x_wconf 84' lang='lat' dir='ltr'><strong>sicut</strong></span> <span class='ocrx_word' id='word_1_582' title='bbox 3069 3541 3160 3595; x_wconf 85' lang='lat' dir='ltr'><strong>ego</strong></span> <span class='ocrx_word' id='word_1_583' title='bbox 3189 3527 3334 3588; x_wconf 78' lang='lat' dir='ltr'><strong>volo,</strong></span> <span class='ocrx_word' id='word_1_584' title='bbox 3367 3526 3455 3576; x_wconf 85' lang='lat' dir='ltr'><strong>sed</strong></span> <span class='ocrx_word' id='word_1_585' title='bbox 3498 3523 3625 3575; x_wconf 83' lang='lat' dir='ltr'><strong>sicut</strong></span> <span class='ocrx_word' id='word_1_586' title='bbox 3653 3534 3738 3589; x_wconf 72' lang='lat' dir='ltr'><strong>tu,</strong></span> 
     </span>
    </p>
   </div>
   <div class='ocr_carea' id='block_1_69' title="bbox 456 3578 2042 3683">
    <p class='ocr_par' dir='ltr' id='par_1_69' title="bbox 456 3578 2042 3671">
     <span class='ocr_line' id='line_1_72' title="bbox 456 3578 2042 3671; baseline 0.011 -37"><span class='ocrx_word' id='word_1_587' title='bbox 456 3578 539 3637; x_wconf 84' lang='grc' dir='ltr'><strong>δέν</strong></span> <span class='ocrx_word' id='word_1_588' title='bbox 583 3583 753 3657; x_wconf 79' lang='grc' dir='ltr'>ἕτερον</span> <span class='ocrx_word' id='word_1_589' title='bbox 800 3584 1068 3651; x_wconf 85' lang='grc' dir='ltr'>δείκνυσιν,</span> <span class='ocrx_word' id='word_1_590' title='bbox 1101 3588 1203 3643; x_wconf 72' lang='grc' dir='ltr'>ἀλλ’</span> <span class='ocrx_word' id='word_1_591' title='bbox 1232 3590 1262 3649; x_wconf 77' lang='grc' dir='ltr'><strong><em>ἦ</em></strong></span> <span class='ocrx_word' id='word_1_592' title='bbox 1314 3590 1395 3647; x_wconf 85' lang='grc' dir='ltr'>ὄτι</span> <span class='ocrx_word' id='word_1_593' title='bbox 1422 3594 1586 3663; x_wconf 87' lang='grc' dir='ltr'>σάρκα</span> <span class='ocrx_word' id='word_1_594' title='bbox 1629 3595 1821 3655; x_wconf 85' lang='grc' dir='ltr'>ἀληθῶς</span> <span class='ocrx_word' id='word_1_595' title='bbox 1848 3599 2042 3671; x_wconf 74' lang='grc' dir='ltr'>περιϐέ-</span> 
     </span>
    </p>
   </div>
   <div class='ocr_carea' id='block_1_70' title="bbox 2150 3578 3736 3683">
    <p class='ocr_par' dir='ltr' id='par_1_70' title="bbox 2150 3614 3736 3683">
     <span class='ocr_line' id='line_1_73' title="bbox 2150 3614 3736 3683; baseline 0 -14"><span class='ocrx_word' id='word_1_596' title='bbox 2150 3616 2277 3669; x_wconf 85' lang='lat' dir='ltr'><strong>nihil</strong></span> <span class='ocrx_word' id='word_1_597' title='bbox 2304 3616 2443 3669; x_wconf 86' lang='lat' dir='ltr'><strong>aliud</strong></span> <span class='ocrx_word' id='word_1_598' title='bbox 2465 3616 2717 3681; x_wconf 78' lang='lat' dir='ltr'><strong>ostendit,</strong></span> <span class='ocrx_word' id='word_1_599' title='bbox 2748 3616 2846 3669; x_wconf 79' lang='lat' dir='ltr'><strong>nisi</strong></span> <span class='ocrx_word' id='word_1_600' title='bbox 2869 3616 2989 3683; x_wconf 80' lang='lat' dir='ltr'><strong>quia</strong></span> <span class='ocrx_word' id='word_1_601' title='bbox 3020 3632 3231 3670; x_wconf 84' lang='lat' dir='ltr'><strong>carnem</strong></span> <span class='ocrx_word' id='word_1_602' title='bbox 3256 3630 3382 3669; x_wconf 84' lang='lat' dir='ltr'><strong>vere</strong></span> <span class='ocrx_word' id='word_1_603' title='bbox 3407 3614 3619 3667; x_wconf 88' lang='lat' dir='ltr'><strong>indutus</strong></span> <span class='ocrx_word' id='word_1_604' title='bbox 3645 3624 3736 3669; x_wconf 81' lang='lat' dir='ltr'><strong>est</strong></span> 
     </span>
    </p>
   </div>
   <div class='ocr_carea' id='block_1_71' title="bbox 458 3671 2044 3772">
    <p class='ocr_par' dir='ltr' id='par_1_71' title="bbox 458 3671 2042 3757">
     <span class='ocr_line' id='line_1_74' title="bbox 458 3671 2042 3757; baseline 0.011 -31"><span class='ocrx_word' id='word_1_605' title='bbox 458 3671 634 3731; x_wconf 77' lang='grc' dir='ltr'>ϐληται</span> <span class='ocrx_word' id='word_1_606' title='bbox 663 3675 968 3748; x_wconf 75' lang='grc' dir='ltr'>φοϐουμένην</span> <span class='ocrx_word' id='word_1_607' title='bbox 1008 3681 1239 3736; x_wconf 86' lang='grc' dir='ltr'>θάνατον’</span> <span class='ocrx_word' id='word_1_608' title='bbox 1278 3683 1332 3737; x_wconf 90' lang='lat'><strong>16</strong></span> <span class='ocrx_word' id='word_1_609' title='bbox 1369 3685 1468 3753; x_wconf 81' lang='grc' dir='ltr'><strong>γάρ</strong></span> <span class='ocrx_word' id='word_1_610' title='bbox 1510 3686 1773 3757; x_wconf 68' lang='grc' dir='ltr'>φοϐεῖσθαι</span> <span class='ocrx_word' id='word_1_611' title='bbox 1812 3690 2042 3751; x_wconf 83' lang='grc' dir='ltr'>θάνατον,</span> 
     </span>
    </p>
   </div>
   <div class='ocr_carea' id='block_1_72' title="bbox 2150 3671 3736 3772">
    <p class='ocr_par' dir='ltr' id='par_1_72' title="bbox 2150 3692 3736 3772">
     <span class='ocr_line' id='line_1_75' title="bbox 2150 3692 3736 3772; baseline -0.001 -12"><span class='ocrx_word' id='word_1_612' title='bbox 2150 3707 2419 3760; x_wconf 87' lang='lat' dir='ltr'><strong>timentem</strong></span> <span class='ocrx_word' id='word_1_613' title='bbox 2451 3720 2710 3771; x_wconf 85' lang='lat' dir='ltr'><strong>mortem;</strong></span> <span class='ocrx_word' id='word_1_614' title='bbox 2748 3692 2972 3761; x_wconf 82' lang='lat' dir='ltr'><strong>mortem</strong></span> <span class='ocrx_word' id='word_1_615' title='bbox 2998 3707 3138 3761; x_wconf 85' lang='lat' dir='ltr'><strong>enim</strong></span> <span class='ocrx_word' id='word_1_616' title='bbox 3173 3708 3361 3760; x_wconf 86' lang='lat' dir='ltr'><strong>timere</strong></span> <span class='ocrx_word' id='word_1_617' title='bbox 3385 3748 3398 3772; x_wconf 90' lang='lat'><strong>,</strong></span> <span class='ocrx_word' id='word_1_618' title='bbox 3431 3715 3486 3760; x_wconf 86' lang='lat' dir='ltr'><strong>et</strong></span> <span class='ocrx_word' id='word_1_619' title='bbox 3520 3706 3736 3759; x_wconf 80' lang='lat' dir='ltr'><strong>dubita-</strong></span> 
     </span>
    </p>
   </div>
   <div class='ocr_carea' id='block_1_73' title="bbox 456 3763 2042 3863">
    <p class='ocr_par' dir='ltr' id='par_1_73' title="bbox 456 3763 1737 3842">
     <span class='ocr_line' id='line_1_76' title="bbox 456 3763 1737 3842; baseline 0.012 -27"><span class='ocrx_word' id='word_1_620' title='bbox 456 3765 541 3816; x_wconf 79' lang='grc' dir='ltr'><strong>καί</strong></span> <span class='ocrx_word' id='word_1_621' title='bbox 570 3763 897 3831; x_wconf 78' lang='grc' dir='ltr'>ἀναδύεσθαι,</span> <span class='ocrx_word' id='word_1_622' title='bbox 952 3773 1037 3822; x_wconf 80' lang='grc' dir='ltr'>καὶ</span> <span class='ocrx_word' id='word_1_623' title='bbox 1079 3773 1294 3842; x_wconf 80' lang='grc' dir='ltr'>ἀγωνιᾷν</span> <span class='ocrx_word' id='word_1_624' title='bbox 1341 3775 1530 3836; x_wconf 77' lang='grc' dir='ltr'>ἐκείνης</span> <span class='ocrx_word' id='word_1_625' title='bbox 1579 3780 1737 3834; x_wconf 82' lang='grc' dir='ltr'>ἐστίν.</span> 
     </span>
    </p>
   </div>
   <div class='ocr_carea' id='block_1_74' title="bbox 1278 3763 2864 3863">
    <p class='ocr_par' dir='ltr' id='par_1_74' title="bbox 1278 3775 2864 3863">
     <span class='ocr_line' id='line_1_77' title="bbox 1278 3775 2864 3863; baseline 0.015 -38"><span class='ocrx_word' id='word_1_626' title='bbox 1278 3794 1294 3825; x_wconf 76' lang='grc' dir='ltr'><strong>ν</strong></span> <span class='ocrx_word' id='word_1_627' title='bbox 1341 3775 1530 3836; x_wconf 77' lang='grc' dir='ltr'>ἐκείνης</span> <span class='ocrx_word' id='word_1_628' title='bbox 1579 3780 1737 3834; x_wconf 85' lang='grc' dir='ltr'>ἐστίν.</span> <span class='ocrx_word' id='word_1_629' title='bbox 2147 3811 2226 3863; x_wconf 82' lang='lat' dir='ltr'><strong>re,</strong></span> <span class='ocrx_word' id='word_1_630' title='bbox 2265 3808 2316 3850; x_wconf 90' lang='lat' dir='ltr'><strong>et</strong></span> <span class='ocrx_word' id='word_1_631' title='bbox 2350 3797 2577 3863; x_wconf 78' lang='lat' dir='ltr'><strong>attxiati,</strong></span> <span class='ocrx_word' id='word_1_632' title='bbox 2614 3796 2752 3849; x_wconf 88' lang='lat' dir='ltr'><strong>illius</strong></span> <span class='ocrx_word' id='word_1_633' title='bbox 2784 3804 2864 3851; x_wconf 87' lang='lat' dir='ltr'><strong>est</strong></span> 
     </span>
    </p>
   </div>
   <div class='ocr_carea' id='block_1_75' title="bbox 452 3872 2038 3968">
    <p class='ocr_par' dir='ltr' id='par_1_75' title="bbox 452 3872 2038 3968">
     <span class='ocr_line' id='line_1_78' title="bbox 452 3872 2038 3968; baseline 0.015 -43"><span class='ocrx_word' id='word_1_634' title='bbox 452 3879 551 3927; x_wconf 82' lang='grc' dir='ltr'><strong>Τοῦ</strong></span> <span class='ocrx_word' id='word_1_635' title='bbox 606 3872 752 3946; x_wconf 85' lang='grc' dir='ltr'>ἀγίσυ</span> <span class='ocrx_word' id='word_1_636' title='bbox 817 3877 1055 3951; x_wconf 70' lang='grc' dir='ltr'>κυρίλλου</span> <span class='ocrx_word' id='word_1_637' title='bbox 1112 3882 1390 3937; x_wconf 82' lang='grc' dir='ltr'>ἐπισκόπου</span> <span class='ocrx_word' id='word_1_638' title='bbox 1434 3886 1805 3968; x_wconf 78' lang='grc' dir='ltr'>’Δλεξανδρείας</span> <span class='ocrx_word' id='word_1_639' title='bbox 1854 3895 1904 3948; x_wconf 81' lang='grc' dir='ltr'><strong>ἐκ</strong></span> <span class='ocrx_word' id='word_1_640' title='bbox 1940 3902 2038 3949; x_wconf 83' lang='grc' dir='ltr'>τῶν</span> 
     </span>
    </p>
   </div>
   <div class='ocr_carea' id='block_1_76' title="bbox 2144 3872 3730 3968">
    <p class='ocr_par' dir='ltr' id='par_1_76' title="bbox 2146 3881 3730 3956">
     <span class='ocr_line' id='line_1_79' title="bbox 2146 3881 3730 3956; baseline -0.002 -14"><span class='ocrx_word' id='word_1_641' title='bbox 2146 3881 2327 3942; x_wconf 79' lang='lat' dir='ltr'><strong>Sancti</strong></span> <span class='ocrx_word' id='word_1_642' title='bbox 2359 3887 2536 3955; x_wconf 82' lang='lat' dir='ltr'><strong>Cyrilli</strong></span> <span class='ocrx_word' id='word_1_643' title='bbox 2564 3888 2789 3956; x_wconf 80' lang='lat' dir='ltr'><strong>episcopi</strong></span> <span class='ocrx_word' id='word_1_644' title='bbox 2830 3886 3184 3952; x_wconf 66' lang='lat' dir='ltr'><strong>Alexandriae,</strong></span> <span class='ocrx_word' id='word_1_645' title='bbox 3230 3885 3293 3939; x_wconf 82' lang='lat' dir='ltr'><strong>de</strong></span> <span class='ocrx_word' id='word_1_646' title='bbox 3333 3885 3461 3939; x_wconf 83' lang='lat' dir='ltr'><strong>libro</strong></span> <span class='ocrx_word' id='word_1_647' title='bbox 3493 3882 3730 3939; x_wconf 79' lang='lat' dir='ltr'><strong>Thesau-</strong></span> 
     </span>
    </p>
   </div>
   <div class='ocr_carea' id='block_1_77' title="bbox 1125 3959 2711 4028">
    <p class='ocr_par' dir='ltr' id='par_1_77' title="bbox 1125 3959 1676 4028">
     <span class='ocr_line' id='line_1_80' title="bbox 1125 3959 1676 4028; baseline 0.011 -23"><span class='ocrx_word' id='word_1_648' title='bbox 1125 3959 1430 4028; x_wconf 82' lang='grc' dir='ltr'>Θησαυρῶν.</span> <span class='ocrx_word' id='word_1_649' title='bbox 1666 3959 1676 3968; x_wconf 82' lang='grc'><em>’</em></span> 
     </span>
    </p>
   </div>
   <div class='ocr_carea' id='block_1_78' title="bbox 1438 3959 3024 4028">
    <p class='ocr_par' dir='ltr' id='par_1_78' title="bbox 1666 3959 3024 4009">
     <span class='ocr_line' id='line_1_81' title="bbox 1666 3959 3024 4009; baseline 0.007 -10"><span class='ocrx_word' id='word_1_650' title='bbox 1666 3959 1676 3968; x_wconf 88' lang='grc'><strong><em>“</em></strong></span> <span class='ocrx_word' id='word_1_651' title='bbox 2833 3971 3024 4009; x_wconf 82' lang='lat' dir='ltr'><strong>rorant.</strong></span> 
     </span>
    </p>
   </div>
   <div class='ocr_carea' id='block_1_79' title="bbox 525 4026 2111 4124">
    <p class='ocr_par' dir='ltr' id='par_1_79' title="bbox 525 4026 2041 4124">
     <span class='ocr_line' id='line_1_82' title="bbox 525 4026 2041 4124; baseline 0.015 -40"><span class='ocrx_word' id='word_1_652' title='bbox 525 4026 684 4087; x_wconf 85' lang='grc' dir='ltr'>Ὀταν</span> <span class='ocrx_word' id='word_1_653' title='bbox 728 4030 819 4087; x_wconf 67' lang='grc' dir='ltr'>οὖν</span> <span class='ocrx_word' id='word_1_654' title='bbox 848 4038 1073 4107; x_wconf 76' lang='grc' dir='ltr'>φαίνηται</span> <span class='ocrx_word' id='word_1_655' title='bbox 1120 4039 1311 4097; x_wconf 84' lang='grc' dir='ltr'>δειλιῶν</span> <span class='ocrx_word' id='word_1_656' title='bbox 1351 4047 1433 4098; x_wconf 86' lang='grc' dir='ltr'><strong>τόν</strong></span> <span class='ocrx_word' id='word_1_657' title='bbox 1475 4048 1687 4103; x_wconf 88' lang='grc' dir='ltr'>θάνατον</span> <span class='ocrx_word' id='word_1_658' title='bbox 1733 4055 1815 4104; x_wconf 82' lang='grc' dir='ltr'>καὶ</span> <span class='ocrx_word' id='word_1_659' title='bbox 1867 4052 2041 4124; x_wconf 81' lang='grc' dir='ltr'>λέγων’</span> 
     </span>
    </p>
   </div>
   <div class='ocr_carea' id='block_1_80' title="bbox 2143 4026 3729 4124">
    <p class='ocr_par' dir='ltr' id='par_1_80' title="bbox 2214 4045 3729 4121">
     <span class='ocr_line' id='line_1_83' title="bbox 2214 4045 3729 4121; baseline -0.003 -19"><span class='ocrx_word' id='word_1_660' title='bbox 2214 4046 2357 4121; x_wconf 89' lang='lat' dir='ltr'><strong>(Lib.</strong></span> <span class='ocrx_word' id='word_1_661' title='bbox 2382 4063 2434 4113; x_wconf 71' lang='grc' dir='ltr'><strong>κ,</strong></span> <span class='ocrx_word' id='word_1_662' title='bbox 2465 4062 2512 4102; x_wconf 91' lang='lat' dir='ltr'><strong>c.</strong></span> <span class='ocrx_word' id='word_1_663' title='bbox 2546 4046 2623 4119; x_wconf 83' lang='lat'><strong>&#39;5).</strong></span> <span class='ocrx_word' id='word_1_664' title='bbox 2655 4045 2881 4113; x_wconf 86' lang='lat' dir='ltr'><strong>Quando</strong></span> <span class='ocrx_word' id='word_1_665' title='bbox 2912 4046 3120 4099; x_wconf 88' lang='lat' dir='ltr'><strong>videtur</strong></span> <span class='ocrx_word' id='word_1_666' title='bbox 3150 4045 3342 4100; x_wconf 89' lang='lat' dir='ltr'><strong>timens</strong></span> <span class='ocrx_word' id='word_1_667' title='bbox 3373 4052 3637 4110; x_wconf 91' lang='lat' dir='ltr'><strong>mortem,</strong></span> <span class='ocrx_word' id='word_1_668' title='bbox 3670 4054 3729 4098; x_wconf 86' lang='lat' dir='ltr'><strong>et</strong></span> 
     </span>
    </p>
   </div>
   <div class='ocr_carea' id='block_1_81' title="bbox 463 4123 2049 4215">
    <p class='ocr_par' dir='ltr' id='par_1_81' title="bbox 463 4123 2043 4215">
     <span class='ocr_line' id='line_1_84' title="bbox 463 4123 2043 4215; baseline 0.016 -42"><span class='ocrx_word' id='word_1_669' title='bbox 463 4140 481 4173; x_wconf 78' lang='grc' dir='ltr'><strong>ε</strong></span> <span class='ocrx_word' id='word_1_670' title='bbox 513 4125 567 4176; x_wconf 77' lang='lat' dir='ltr'><strong>Ei</strong></span> <span class='ocrx_word' id='word_1_671' title='bbox 596 4123 832 4190; x_wconf 86' lang='grc' dir='ltr'>δυνατόν,</span> <span class='ocrx_word' id='word_1_672' title='bbox 878 4129 1167 4203; x_wconf 79' lang='grc' dir='ltr'>παρελθέτω</span> <span class='ocrx_word' id='word_1_673' title='bbox 1208 4133 1295 4187; x_wconf 76' lang='grc' dir='ltr'><strong>ἀπ’</strong></span> <span class='ocrx_word' id='word_1_674' title='bbox 1322 4137 1439 4205; x_wconf 78' lang='grc' dir='ltr'>ἐμοῦ</span> <span class='ocrx_word' id='word_1_675' title='bbox 1469 4139 1523 4191; x_wconf 86' lang='grc' dir='ltr'><strong>τό</strong></span> <span class='ocrx_word' id='word_1_676' title='bbox 1552 4145 1809 4215; x_wconf 66' lang='grc' dir='ltr'>ποτήριον,</span> <span class='ocrx_word' id='word_1_677' title='bbox 1848 4160 1864 4192; x_wconf 74' lang='grc' dir='ltr'><strong>ι</strong></span> <span class='ocrx_word' id='word_1_678' title='bbox 1894 4145 2043 4199; x_wconf 81' lang='grc' dir='ltr'>ἐννόει</span> 
     </span>
    </p>
   </div>
   <div class='ocr_carea' id='block_1_82' title="bbox 2141 4123 3727 4215">
    <p class='ocr_par' dir='ltr' id='par_1_82' title="bbox 2144 4137 3727 4209">
     <span class='ocr_line' id='line_1_85' title="bbox 2144 4137 3727 4209; baseline -0.004 -16"><span class='ocrx_word' id='word_1_679' title='bbox 2144 4139 2328 4194; x_wconf 89' lang='lat' dir='ltr'><strong>dicens</strong></span> <span class='ocrx_word' id='word_1_680' title='bbox 2354 4158 2366 4193; x_wconf 90' lang='lat'><strong>:</strong></span> <span class='ocrx_word' id='word_1_681' title='bbox 2397 4140 2458 4197; x_wconf 84' lang='lat' dir='ltr'><strong>Si</strong></span> <span class='ocrx_word' id='word_1_682' title='bbox 2489 4148 2649 4209; x_wconf 82' lang='lat' dir='ltr'><strong>potest</strong></span> <span class='ocrx_word' id='word_1_683' title='bbox 2674 4139 2787 4207; x_wconf 78' lang='lat' dir='ltr'><strong>ﬁeri</strong></span> <span class='ocrx_word' id='word_1_684' title='bbox 2805 4180 2820 4203; x_wconf 89' lang='lat'><strong>,</strong></span> <span class='ocrx_word' id='word_1_685' title='bbox 2852 4145 3079 4192; x_wconf 85' lang='lat' dir='ltr'><strong>transeat</strong></span> <span class='ocrx_word' id='word_1_686' title='bbox 3109 4153 3139 4189; x_wconf 90' lang='lat' dir='ltr'><strong>a</strong></span> <span class='ocrx_word' id='word_1_687' title='bbox 3169 4153 3245 4190; x_wconf 87' lang='lat' dir='ltr'><strong>me</strong></span> <span class='ocrx_word' id='word_1_688' title='bbox 3270 4137 3410 4190; x_wconf 71' lang='lat' dir='ltr'><strong>calix</strong></span> <span class='ocrx_word' id='word_1_689' title='bbox 3439 4137 3555 4203; x_wconf 81' lang='lat' dir='ltr'><strong>iste,</strong></span> <span class='ocrx_word' id='word_1_690' title='bbox 3593 4149 3727 4189; x_wconf 84' lang='lat' dir='ltr'><strong>con-</strong></span> 
     </span>
    </p>
   </div>
   <div class='ocr_carea' id='block_1_83' title="bbox 455 4212 2041 4300">
    <p class='ocr_par' dir='ltr' id='par_1_83' title="bbox 455 4212 2041 4297">
     <span class='ocr_line' id='line_1_86' title="bbox 455 4212 2041 4297; baseline 0.013 -33"><span class='ocrx_word' id='word_1_691' title='bbox 455 4212 606 4265; x_wconf 82' lang='grc' dir='ltr'>πάλιν</span> <span class='ocrx_word' id='word_1_692' title='bbox 664 4213 744 4266; x_wconf 87' lang='grc' dir='ltr'><strong>ότι</strong></span> <span class='ocrx_word' id='word_1_693' title='bbox 804 4212 1040 4270; x_wconf 81' lang='grc' dir='ltr'>δειλιῶσα</span> <span class='ocrx_word' id='word_1_694' title='bbox 1097 4220 1180 4273; x_wconf 82' lang='grc' dir='ltr'><strong>τόν</strong></span> <span class='ocrx_word' id='word_1_695' title='bbox 1230 4222 1441 4276; x_wconf 83' lang='grc' dir='ltr'>θάνατον</span> <span class='ocrx_word' id='word_1_696' title='bbox 1486 4228 1515 4282; x_wconf 80' lang='grc' dir='ltr'>ἡ</span> <span class='ocrx_word' id='word_1_697' title='bbox 1576 4212 1706 4297; x_wconf 77' lang='grc' dir='ltr'>σάρξ</span> <span class='ocrx_word' id='word_1_698' title='bbox 1749 4227 2041 4284; x_wconf 82' lang='grc' dir='ltr'>ἐδιδάσκετο</span> 
     </span>
    </p>
   </div>
   <div class='ocr_carea' id='block_1_84' title="bbox 2141 4212 3727 4300">
    <p class='ocr_par' dir='ltr' id='par_1_84' title="bbox 2144 4231 3727 4300">
     <span class='ocr_line' id='line_1_87' title="bbox 2144 4231 3727 4300; baseline -0.004 -14"><span class='ocrx_word' id='word_1_699' title='bbox 2144 4234 2321 4287; x_wconf 88' lang='lat' dir='ltr'><strong>sidera</strong></span> <span class='ocrx_word' id='word_1_700' title='bbox 2366 4235 2553 4288; x_wconf 79' lang='lat' dir='ltr'><strong>iterum</strong></span> <span class='ocrx_word' id='word_1_701' title='bbox 2610 4232 2859 4300; x_wconf 87' lang='lat' dir='ltr'><strong>quoniam</strong></span> <span class='ocrx_word' id='word_1_702' title='bbox 2932 4231 3221 4284; x_wconf 83' lang='lat' dir='ltr'><strong>formidans</strong></span> <span class='ocrx_word' id='word_1_703' title='bbox 3284 4238 3546 4293; x_wconf 87' lang='lat' dir='ltr'><strong>mortem,</strong></span> <span class='ocrx_word' id='word_1_704' title='bbox 3598 4241 3727 4282; x_wconf 85' lang='lat' dir='ltr'><strong>caro</strong></span> 
     </span>
    </p>
   </div>
   <div class='ocr_carea' id='block_1_85' title="bbox 457 4303 2043 4393">
    <p class='ocr_par' dir='ltr' id='par_1_85' title="bbox 457 4303 2042 4389">
     <span class='ocr_line' id='line_1_88' title="bbox 457 4303 2042 4389; baseline 0.013 -35"><span class='ocrx_word' id='word_1_705' title='bbox 457 4303 735 4375; x_wconf 81' lang='grc' dir='ltr'>φορουμένη</span> <span class='ocrx_word' id='word_1_706' title='bbox 761 4307 904 4377; x_wconf 83' lang='grc' dir='ltr'>παρὰ</span> <span class='ocrx_word' id='word_1_707' title='bbox 932 4313 1020 4361; x_wconf 85' lang='grc' dir='ltr'>τοῦ</span> <span class='ocrx_word' id='word_1_708' title='bbox 1050 4315 1175 4362; x_wconf 77' lang='grc' dir='ltr'>Θεοῦ</span> <span class='ocrx_word' id='word_1_709' title='bbox 1204 4310 1366 4383; x_wconf 89' lang='grc' dir='ltr'>Λόγου</span> <span class='ocrx_word' id='word_1_710' title='bbox 1398 4316 1582 4383; x_wconf 79' lang='grc' dir='ltr'>μηκέτι</span> <span class='ocrx_word' id='word_1_711' title='bbox 1622 4324 1768 4371; x_wconf 80' lang='grc' dir='ltr'>τοῦτο</span> <span class='ocrx_word' id='word_1_712' title='bbox 1791 4321 2042 4389; x_wconf 77' lang='grc' dir='ltr'>πάσχειν⁶</span> 
     </span>
    </p>
   </div>
   <div class='ocr_carea' id='block_1_86' title="bbox 2142 4303 3728 4393">
    <p class='ocr_par' dir='ltr' id='par_1_86' title="bbox 2143 4321 3728 4393">
     <span class='ocr_line' id='line_1_89' title="bbox 2143 4321 3728 4393; baseline -0.003 -15"><span class='ocrx_word' id='word_1_713' title='bbox 2143 4324 2434 4379; x_wconf 86' lang='lat' dir='ltr'><strong>docebatur</strong></span> <span class='ocrx_word' id='word_1_714' title='bbox 2460 4339 2487 4376; x_wconf 87' lang='lat' dir='ltr'><strong>a</strong></span> <span class='ocrx_word' id='word_1_715' title='bbox 2520 4322 2628 4377; x_wconf 86' lang='lat' dir='ltr'><strong>Deo</strong></span> <span class='ocrx_word' id='word_1_716' title='bbox 2654 4322 2827 4377; x_wconf 86' lang='lat' dir='ltr'><strong>Verbo</strong></span> <span class='ocrx_word' id='word_1_717' title='bbox 2853 4331 3078 4393; x_wconf 66' lang='lat' dir='ltr'><strong>gestata,</strong></span> <span class='ocrx_word' id='word_1_718' title='bbox 3113 4323 3210 4374; x_wconf 77' lang='lat' dir='ltr'><strong>hoc</strong></span> <span class='ocrx_word' id='word_1_719' title='bbox 3231 4321 3485 4387; x_wconf 83' lang='lat' dir='ltr'><strong>deinceps</strong></span> <span class='ocrx_word' id='word_1_720' title='bbox 3508 4321 3728 4374; x_wconf 78' lang='lat' dir='ltr'><strong>minime</strong></span> 
     </span>
    </p>
   </div>
   <div class='ocr_carea' id='block_1_87' title="bbox 455 4390 2041 4482">
    <p class='ocr_par' dir='ltr' id='par_1_87' title="bbox 455 4390 2041 4478">
     <span class='ocr_line' id='line_1_90' title="bbox 455 4390 2041 4478; baseline 0.013 -34"><span class='ocrx_word' id='word_1_721' title='bbox 455 4390 619 4464; x_wconf 79' lang='grc' dir='ltr'>Ἔλεγε</span> <span class='ocrx_word' id='word_1_722' title='bbox 641 4394 740 4468; x_wconf 84' lang='grc' dir='ltr'><strong>γάρ</strong></span> <span class='ocrx_word' id='word_1_723' title='bbox 778 4398 907 4467; x_wconf 85' lang='grc' dir='ltr'>πρός</span> <span class='ocrx_word' id='word_1_724' title='bbox 932 4398 1015 4451; x_wconf 88' lang='grc' dir='ltr'><strong>τόν</strong></span> <span class='ocrx_word' id='word_1_725' title='bbox 1042 4402 1253 4475; x_wconf 71' lang='grc' dir='ltr'>Πατέρα*</span> <span class='ocrx_word' id='word_1_726' title='bbox 1289 4420 1306 4452; x_wconf 82' lang='lat' dir='ltr'><strong>t</strong></span> <span class='ocrx_word' id='word_1_727' title='bbox 1327 4406 1440 4474; x_wconf 82' lang='grc' dir='ltr'><strong>Οὐχ</strong></span> <span class='ocrx_word' id='word_1_728' title='bbox 1469 4407 1534 4464; x_wconf 82' lang='grc' dir='ltr'>ὡς</span> <span class='ocrx_word' id='word_1_729' title='bbox 1561 4407 1657 4478; x_wconf 83' lang='grc' dir='ltr'>ἐγώ</span> <span class='ocrx_word' id='word_1_730' title='bbox 1696 4409 1839 4474; x_wconf 77' lang='grc' dir='ltr'>θέλω,</span> <span class='ocrx_word' id='word_1_731' title='bbox 1868 4411 1953 4462; x_wconf 84' lang='grc' dir='ltr'><strong>ἀλλ</strong></span> <span class='ocrx_word' id='word_1_732' title='bbox 1976 4414 2041 4472; x_wconf 86' lang='grc' dir='ltr'>ὡς</span> 
     </span>
    </p>
   </div>
   <div class='ocr_carea' id='block_1_88' title="bbox 2140 4390 3726 4482">
    <p class='ocr_par' dir='ltr' id='par_1_88' title="bbox 2145 4390 3726 4482">
     <span class='ocr_line' id='line_1_91' title="bbox 2145 4390 3726 4482; baseline -0.004 -16"><span class='ocrx_word' id='word_1_733' title='bbox 2145 4415 2272 4482; x_wconf 70' lang='lat' dir='ltr'><strong>pati.</strong></span> <span class='ocrx_word' id='word_1_734' title='bbox 2305 4415 2522 4469; x_wconf 85' lang='lat' dir='ltr'><strong>Dicebat</strong></span> <span class='ocrx_word' id='word_1_735' title='bbox 2561 4416 2702 4469; x_wconf 91' lang='lat' dir='ltr'><strong>enim</strong></span> <span class='ocrx_word' id='word_1_736' title='bbox 2735 4415 2801 4468; x_wconf 87' lang='lat' dir='ltr'><strong>ad</strong></span> <span class='ocrx_word' id='word_1_737' title='bbox 2848 4390 3053 4467; x_wconf 58' lang='lat' dir='ltr'><strong>i’atrem</strong></span> <span class='ocrx_word' id='word_1_738' title='bbox 3083 4431 3094 4465; x_wconf 86' lang='lat'><strong>:</strong></span> <span class='ocrx_word' id='word_1_739' title='bbox 3129 4412 3247 4465; x_wconf 83' lang='lat' dir='ltr'><strong>Non</strong></span> <span class='ocrx_word' id='word_1_740' title='bbox 3290 4412 3416 4464; x_wconf 85' lang='lat' dir='ltr'><strong>sicut</strong></span> <span class='ocrx_word' id='word_1_741' title='bbox 3455 4426 3551 4482; x_wconf 88' lang='lat' dir='ltr'><strong>ego</strong></span> <span class='ocrx_word' id='word_1_742' title='bbox 3578 4408 3726 4475; x_wconf 75' lang='lat' dir='ltr'><strong>volo,</strong></span> 
     </span>
    </p>
   </div>
   <div class='ocr_carea' id='block_1_89' title="bbox 460 4485 2046 4599">
    <p class='ocr_par' dir='ltr' id='par_1_89' title="bbox 460 4485 2038 4599">
     <span class='ocr_line' id='line_1_92' title="bbox 460 4485 2038 4569; baseline 0.013 -33"><span class='ocrx_word' id='word_1_743' title='bbox 460 4485 549 4539; x_wconf 90' lang='grc' dir='ltr'><strong>σύ.</strong></span> <span class='ocrx_word' id='word_1_744' title='bbox 584 4503 603 4535; x_wconf 75' lang='grc' dir='ltr'><strong>ι</strong></span> <span class='ocrx_word' id='word_1_745' title='bbox 633 4487 732 4540; x_wconf 87' lang='grc' dir='ltr'>Ούκ</span> <span class='ocrx_word' id='word_1_746' title='bbox 758 4487 981 4558; x_wconf 72' lang='grc' dir='ltr'>ἐφοϐεῖτο</span> <span class='ocrx_word' id='word_1_747' title='bbox 1004 4492 1093 4559; x_wconf 86' lang='grc' dir='ltr'><strong>μέν</strong></span> <span class='ocrx_word' id='word_1_748' title='bbox 1127 4494 1248 4566; x_wconf 84' lang='grc' dir='ltr'>γὰρ,</span> <span class='ocrx_word' id='word_1_749' title='bbox 1282 4496 1397 4547; x_wconf 83' lang='grc' dir='ltr'>καθὸ</span> <span class='ocrx_word' id='word_1_750' title='bbox 1439 4497 1599 4569; x_wconf 83' lang='grc' dir='ltr'>Λόγος</span> <span class='ocrx_word' id='word_1_751' title='bbox 1640 4499 1748 4552; x_wconf 85' lang='grc' dir='ltr'>ἐστὶ</span> <span class='ocrx_word' id='word_1_752' title='bbox 1783 4504 1865 4554; x_wconf 85' lang='grc' dir='ltr'><strong>καί</strong></span> <span class='ocrx_word' id='word_1_753' title='bbox 1894 4505 2038 4568; x_wconf 79' lang='grc' dir='ltr'>Θεὸς,</span> 
     </span>
     <span class='ocr_line' id='line_1_93' title="bbox 460 4578 1901 4599; baseline 0 0"><span class='ocrx_word' id='word_1_754' title='bbox 460 4578 504 4599; x_wconf 38' lang='lat'><strong>‘_‘</strong></span> <span class='ocrx_word' id='word_1_755' title='bbox 568 4578 621 4599; x_wconf 75' lang='lat' dir='ltr'><strong>Ii’</strong></span> <span class='ocrx_word' id='word_1_756' title='bbox 863 4582 875 4595; x_wconf 53' lang='grc' dir='ltr'>θ</span> <span class='ocrx_word' id='word_1_757' title='bbox 920 4582 931 4595; x_wconf 64' lang='grc'>⁸</span> <span class='ocrx_word' id='word_1_758' title='bbox 1035 4582 1129 4599; x_wconf 57' lang='grc' dir='ltr'><strong>σει»</strong></span> <span class='ocrx_word' id='word_1_759' title='bbox 1187 4586 1198 4599; x_wconf 68' lang='grc' dir='ltr'><strong>ο</strong></span> <span class='ocrx_word' id='word_1_760' title='bbox 1310 4586 1340 4599; x_wconf 50' lang='grc' dir='ltr'>ιλ</span> <span class='ocrx_word' id='word_1_761' title='bbox 1456 4586 1479 4599; x_wconf 64' lang='lat' dir='ltr'><strong>n</strong></span> <span class='ocrx_word' id='word_1_762' title='bbox 1528 4590 1577 4599; x_wconf 71' lang='grc' dir='ltr'>ι..</span> <span class='ocrx_word' id='word_1_763' title='bbox 1779 4598 1784 4599; x_wconf 60' lang='lat'><strong><em>,</em></strong></span> <span class='ocrx_word' id='word_1_764' title='bbox 1891 4596 1901 4599; x_wconf 70' lang='lat'><strong>-</strong></span> 
     </span>
    </p>
   </div>
   <div class='ocr_carea' id='block_1_90' title="bbox 2139 4485 3725 4599">
    <p class='ocr_par' dir='ltr' id='par_1_90' title="bbox 2145 4500 3725 4571">
     <span class='ocr_line' id='line_1_94' title="bbox 2145 4500 3725 4571; baseline -0.003 -14"><span class='ocrx_word' id='word_1_765' title='bbox 2145 4506 2232 4557; x_wconf 85' lang='lat' dir='ltr'><strong>sed</strong></span> <span class='ocrx_word' id='word_1_766' title='bbox 2262 4502 2489 4558; x_wconf 76' lang='lat' dir='ltr'><strong>sicutiu.</strong></span> <span class='ocrx_word' id='word_1_767' title='bbox 2522 4505 2587 4559; x_wconf 82' lang='lat' dir='ltr'><strong>Et</strong></span> <span class='ocrx_word' id='word_1_768' title='bbox 2624 4520 2729 4558; x_wconf 92' lang='lat' dir='ltr'><strong>non</strong></span> <span class='ocrx_word' id='word_1_769' title='bbox 2771 4502 2988 4571; x_wconf 90' lang='lat' dir='ltr'><strong>quidem</strong></span> <span class='ocrx_word' id='word_1_770' title='bbox 3037 4503 3258 4556; x_wconf 88' lang='lat' dir='ltr'><strong>timebat</strong></span> <span class='ocrx_word' id='word_1_771' title='bbox 3301 4500 3414 4569; x_wconf 88' lang='lat' dir='ltr'><strong>ipse</strong></span> <span class='ocrx_word' id='word_1_772' title='bbox 3459 4508 3725 4565; x_wconf 85' lang='lat' dir='ltr'><strong>mortem,</strong></span> 
     </span>
    </p>
   </div>
   <div class='ocr_carea' id='block_1_91' title="bbox 456 4578 2042 4662">
    <p class='ocr_par' dir='ltr' id='par_1_91' title="bbox 456 4578 2040 4662">
     <span class='ocr_line' id='line_1_95' title="bbox 456 4578 2040 4662; baseline 0.012 -32"><span class='ocrx_word' id='word_1_773' title='bbox 456 4578 777 4639; x_wconf 67' lang='grc' dir='ltr'>τόν,θάνατον</span> <span class='ocrx_word' id='word_1_774' title='bbox 818 4582 988 4648; x_wconf 79' lang='grc' dir='ltr'>αὐτὸς,</span> <span class='ocrx_word' id='word_1_775' title='bbox 1023 4582 1129 4636; x_wconf 80' lang='grc' dir='ltr'>ἀλλ’</span> <span class='ocrx_word' id='word_1_776' title='bbox 1155 4586 1226 4645; x_wconf 78' lang='grc' dir='ltr'>εἰς</span> <span class='ocrx_word' id='word_1_777' title='bbox 1266 4586 1405 4647; x_wconf 80' lang='grc' dir='ltr'>τέλος</span> <span class='ocrx_word' id='word_1_778' title='bbox 1451 4586 1690 4662; x_wconf 79' lang='grc' dir='ltr'>διεξάγειν</span> <span class='ocrx_word' id='word_1_779' title='bbox 1730 4598 1818 4650; x_wconf 76' lang='grc' dir='ltr'>τήν</span> <span class='ocrx_word' id='word_1_780' title='bbox 1857 4596 2040 4649; x_wconf 76' lang='grc' dir='ltr'>οἰκονο-</span> 
     </span>
    </p>
   </div>
   <div class='ocr_carea' id='block_1_92' title="bbox 2137 4578 3723 4662">
    <p class='ocr_par' dir='ltr' id='par_1_92' title="bbox 2146 4588 3723 4662">
     <span class='ocr_line' id='line_1_96' title="bbox 2146 4588 3723 4662; baseline -0.003 -16"><span class='ocrx_word' id='word_1_781' title='bbox 2146 4594 2433 4647; x_wconf 71' lang='lat' dir='ltr'><strong>secundum</strong></span> <span class='ocrx_word' id='word_1_782' title='bbox 2480 4593 2618 4662; x_wconf 88' lang='lat' dir='ltr'><strong>quod</strong></span> <span class='ocrx_word' id='word_1_783' title='bbox 2662 4593 2893 4646; x_wconf 81' lang='lat' dir='ltr'><strong>Verbum</strong></span> <span class='ocrx_word' id='word_1_784' title='bbox 2924 4602 3007 4645; x_wconf 90' lang='lat' dir='ltr'><strong>est</strong></span> <span class='ocrx_word' id='word_1_785' title='bbox 3049 4601 3104 4645; x_wconf 92' lang='lat' dir='ltr'><strong>et</strong></span> <span class='ocrx_word' id='word_1_786' title='bbox 3134 4592 3301 4655; x_wconf 87' lang='lat' dir='ltr'><strong>Deus,</strong></span> <span class='ocrx_word' id='word_1_787' title='bbox 3339 4588 3432 4643; x_wconf 84' lang='lat' dir='ltr'><strong>sed</strong></span> <span class='ocrx_word' id='word_1_788' title='bbox 3462 4603 3631 4657; x_wconf 90' lang='lat' dir='ltr'><strong>usque</strong></span> <span class='ocrx_word' id='word_1_789' title='bbox 3653 4588 3723 4642; x_wconf 86' lang='lat' dir='ltr'><strong>ad</strong></span> 
     </span>
    </p>
   </div>
   <div class='ocr_carea' id='block_1_93' title="bbox 457 4670 2043 4756">
    <p class='ocr_par' dir='ltr' id='par_1_93' title="bbox 457 4670 2037 4756">
     <span class='ocr_line' id='line_1_97' title="bbox 457 4670 2037 4756; baseline 0.013 -40"><span class='ocrx_word' id='word_1_790' title='bbox 457 4670 573 4756; x_wconf 72' lang='grc' dir='ltr'>μίαν</span> <span class='ocrx_word' id='word_1_791' title='bbox 612 4673 867 4741; x_wconf 77' lang='grc' dir='ltr'>ἠπείγετο·</span> <span class='ocrx_word' id='word_1_792' title='bbox 918 4678 1068 4725; x_wconf 83' lang='grc' dir='ltr'>τοῦτο</span> <span class='ocrx_word' id='word_1_793' title='bbox 1115 4676 1213 4746; x_wconf 84' lang='grc' dir='ltr'><strong>γάρ</strong></span> <span class='ocrx_word' id='word_1_794' title='bbox 1261 4671 1319 4731; x_wconf 70' lang='grc' dir='ltr'>ἦν</span> <span class='ocrx_word' id='word_1_795' title='bbox 1355 4676 1413 4730; x_wconf 90' lang='grc' dir='ltr'>τὸ</span> <span class='ocrx_word' id='word_1_796' title='bbox 1456 4678 1644 4747; x_wconf 84' lang='grc' dir='ltr'>θέλημα</span> <span class='ocrx_word' id='word_1_797' title='bbox 1687 4687 1779 4734; x_wconf 82' lang='grc' dir='ltr'>τοῦ</span> <span class='ocrx_word' id='word_1_798' title='bbox 1823 4686 2037 4756; x_wconf 85' lang='grc' dir='ltr'>Πατρός.</span> 
     </span>
    </p>
   </div>
   <div class='ocr_carea' id='block_1_94' title="bbox 2138 4670 3724 4756">
    <p class='ocr_par' dir='ltr' id='par_1_94' title="bbox 2144 4681 3724 4753">
     <span class='ocr_line' id='line_1_98' title="bbox 2144 4681 3724 4753; baseline -0.003 -15"><span class='ocrx_word' id='word_1_799' title='bbox 2144 4685 2302 4740; x_wconf 83' lang='lat' dir='ltr'><strong>linem</strong></span> <span class='ocrx_word' id='word_1_800' title='bbox 2350 4685 2802 4753; x_wconf 64' lang='lat' dir='ltr'><strong>disiiensationem</strong></span> <span class='ocrx_word' id='word_1_801' title='bbox 2862 4684 3121 4753; x_wconf 82' lang='lat' dir='ltr'><strong>perlicere</strong></span> <span class='ocrx_word' id='word_1_802' title='bbox 3178 4681 3500 4751; x_wconf 84' lang='lat' dir='ltr'><strong>properabat</strong></span> <span class='ocrx_word' id='word_1_803' title='bbox 3542 4698 3557 4734; x_wconf 90' lang='lat'><strong>:</strong></span> <span class='ocrx_word' id='word_1_804' title='bbox 3610 4682 3724 4734; x_wconf 66' lang='lat' dir='ltr'><strong>hac</strong></span> 
     </span>
    </p>
   </div>
   <div class='ocr_carea' id='block_1_95' title="bbox 454 4746 2040 4846">
    <p class='ocr_par' dir='ltr' id='par_1_95' title="bbox 454 4746 2040 4846">
     <span class='ocr_line' id='line_1_99' title="bbox 454 4746 2040 4846; baseline 0.015 -40"><span class='ocrx_word' id='word_1_805' title='bbox 454 4746 610 4824; x_wconf 72' lang='grc' dir='ltr'>Ἔχει</span> <span class='ocrx_word' id='word_1_806' title='bbox 648 4754 701 4809; x_wconf 79' lang='grc' dir='ltr'><strong>δέ</strong></span> <span class='ocrx_word' id='word_1_807' title='bbox 741 4762 827 4811; x_wconf 87' lang='grc' dir='ltr'><strong>καί</strong></span> <span class='ocrx_word' id='word_1_808' title='bbox 864 4763 921 4813; x_wconf 89' lang='lat'><strong>16</strong></span> <span class='ocrx_word' id='word_1_809' title='bbox 957 4765 1026 4829; x_wconf 76' lang='grc' dir='ltr'>μὴ</span> <span class='ocrx_word' id='word_1_810' title='bbox 1062 4763 1210 4816; x_wconf 80' lang='grc' dir='ltr'>θέλειν</span> <span class='ocrx_word' id='word_1_811' title='bbox 1240 4766 1524 4831; x_wconf 74' lang='grc' dir='ltr'>ἀποθανεῖν,</span> <span class='ocrx_word' id='word_1_812' title='bbox 1567 4768 1649 4823; x_wconf 80' lang='grc' dir='ltr'>διὰ</span> <span class='ocrx_word' id='word_1_813' title='bbox 1688 4774 1744 4825; x_wconf 90' lang='lat'><strong>16</strong></span> <span class='ocrx_word' id='word_1_814' title='bbox 1784 4784 2040 4846; x_wconf 82' lang='grc' dir='ltr'>παραιτεῖ-</span> 
     </span>
    </p>
   </div>
   <div class='ocr_carea' id='block_1_96' title="bbox 2138 4746 3724 4846">
    <p class='ocr_par' dir='ltr' id='par_1_96' title="bbox 2143 4773 3724 4831">
     <span class='ocr_line' id='line_1_100' title="bbox 2143 4773 3724 4831; baseline -0.003 -1"><span class='ocrx_word' id='word_1_815' title='bbox 2143 4776 2286 4831; x_wconf 89' lang='lat' dir='ltr'><strong>enim</strong></span> <span class='ocrx_word' id='word_1_816' title='bbox 2320 4786 2433 4830; x_wconf 88' lang='lat' dir='ltr'><strong>erat</strong></span> <span class='ocrx_word' id='word_1_817' title='bbox 2462 4775 2633 4829; x_wconf 82' lang='lat' dir='ltr'><strong>Patris</strong></span> <span class='ocrx_word' id='word_1_818' title='bbox 2656 4778 2917 4830; x_wconf 83' lang='lat' dir='ltr'><strong>voluntas.</strong></span> <span class='ocrx_word' id='word_1_819' title='bbox 2950 4776 3118 4829; x_wconf 82' lang='lat' dir='ltr'><strong>liabet</strong></span> <span class='ocrx_word' id='word_1_820' title='bbox 3150 4785 3323 4828; x_wconf 86' lang='lat' dir='ltr'><strong>autem</strong></span> <span class='ocrx_word' id='word_1_821' title='bbox 3357 4781 3411 4828; x_wconf 92' lang='lat' dir='ltr'><strong>et</strong></span> <span class='ocrx_word' id='word_1_822' title='bbox 3440 4773 3583 4828; x_wconf 90' lang='lat' dir='ltr'><strong>nolle</strong></span> <span class='ocrx_word' id='word_1_823' title='bbox 3611 4787 3724 4826; x_wconf 88' lang='lat' dir='ltr'><strong>mo-</strong></span> 
     </span>
    </p>
   </div>
   <div class='ocr_carea' id='block_1_97' title="bbox 456 4844 2042 4934">
    <p class='ocr_par' dir='ltr' id='par_1_97' title="bbox 456 4844 2040 4927">
     <span class='ocr_line' id='line_1_101' title="bbox 456 4844 2040 4927; baseline 0.013 -30"><span class='ocrx_word' id='word_1_824' title='bbox 456 4844 577 4897; x_wconf 76' lang='grc' dir='ltr'>σθαι</span> <span class='ocrx_word' id='word_1_825' title='bbox 605 4850 694 4903; x_wconf 75' lang='grc' dir='ltr'>τὴν</span> <span class='ocrx_word' id='word_1_826' title='bbox 723 4848 890 4919; x_wconf 85' lang='grc' dir='ltr'>σάρκα</span> <span class='ocrx_word' id='word_1_827' title='bbox 931 4848 1015 4903; x_wconf 84' lang='grc' dir='ltr'>τὸν</span> <span class='ocrx_word' id='word_1_828' title='bbox 1057 4851 1265 4907; x_wconf 83' lang='grc' dir='ltr'>θάνατον</span> <span class='ocrx_word' id='word_1_829' title='bbox 1287 4865 1529 4927; x_wconf 81' lang='grc' dir='ltr'>φυσικῶς.</span> <span class='ocrx_word' id='word_1_830' title='bbox 1560 4855 1635 4923; x_wconf 75' lang='grc' dir='ltr'><strong>Ἐξ</strong></span> <span class='ocrx_word' id='word_1_831' title='bbox 1664 4858 1729 4913; x_wconf 77' lang='grc' dir='ltr'>ὧν</span> <span class='ocrx_word' id='word_1_832' title='bbox 1775 4844 2040 4920; x_wconf 77' lang='grc' dir='ltr'>ἀληθευου-</span> 
     </span>
    </p>
   </div>
   <div class='ocr_carea' id='block_1_98' title="bbox 2130 4844 3716 4934">
    <p class='ocr_par' dir='ltr' id='par_1_98' title="bbox 2140 4865 3716 4934">
     <span class='ocr_line' id='line_1_102' title="bbox 2140 4865 3716 4934; baseline -0.003 -14"><span class='ocrx_word' id='word_1_833' title='bbox 2140 4867 2208 4931; x_wconf 86' lang='lat' dir='ltr'><strong>ri,</strong></span> <span class='ocrx_word' id='word_1_834' title='bbox 2242 4881 2307 4921; x_wconf 88' lang='lat' dir='ltr'><strong>eo</strong></span> <span class='ocrx_word' id='word_1_835' title='bbox 2333 4866 2473 4934; x_wconf 90' lang='lat' dir='ltr'><strong>quod</strong></span> <span class='ocrx_word' id='word_1_836' title='bbox 2519 4876 2746 4920; x_wconf 89' lang='lat' dir='ltr'><strong>mortem</strong></span> <span class='ocrx_word' id='word_1_837' title='bbox 2788 4882 2912 4920; x_wconf 91' lang='lat' dir='ltr'><strong>caro</strong></span> <span class='ocrx_word' id='word_1_838' title='bbox 2954 4867 3236 4921; x_wconf 84' lang='lat' dir='ltr'><strong>recusabat</strong></span> <span class='ocrx_word' id='word_1_839' title='bbox 3275 4867 3609 4919; x_wconf 85' lang='lat' dir='ltr'><strong>naturaliter.</strong></span> <span class='ocrx_word' id='word_1_840' title='bbox 3642 4865 3716 4917; x_wconf 79' lang='lat' dir='ltr'><strong>Es</strong></span> 
     </span>
    </p>
   </div>
   <div class='ocr_carea' id='block_1_99' title="bbox 456 4940 2042 5026">
    <p class='ocr_par' dir='ltr' id='par_1_99' title="bbox 456 4940 2032 5026">
     <span class='ocr_line' id='line_1_103' title="bbox 456 4940 2032 5026; baseline 0.013 -38"><span class='ocrx_word' id='word_1_841' title='bbox 456 4944 561 4989; x_wconf 85' lang='grc' dir='ltr'>σῶν</span> <span class='ocrx_word' id='word_1_842' title='bbox 600 4945 895 5012; x_wconf 82' lang='grc' dir='ltr'>μαρτυριῶν</span> <span class='ocrx_word' id='word_1_843' title='bbox 939 4940 1307 5011; x_wconf 82' lang='grc' dir='ltr'>ἀποδέδεικται,</span> <span class='ocrx_word' id='word_1_844' title='bbox 1336 4945 1427 5001; x_wconf 70' lang='grc' dir='ltr'>δύο</span> <span class='ocrx_word' id='word_1_845' title='bbox 1471 4951 1521 5003; x_wconf 87' lang='grc' dir='ltr'><strong>ἐν</strong></span> <span class='ocrx_word' id='word_1_846' title='bbox 1544 4950 1614 5003; x_wconf 82' lang='grc' dir='ltr'>ἐνὶ</span> <span class='ocrx_word' id='word_1_847' title='bbox 1665 4956 1741 5006; x_wconf 76' lang='grc' dir='ltr'><strong>καί</strong></span> <span class='ocrx_word' id='word_1_848' title='bbox 1783 4962 1854 5023; x_wconf 82' lang='grc' dir='ltr'>τῷ</span> <span class='ocrx_word' id='word_1_849' title='bbox 1893 4956 2032 5026; x_wconf 82' lang='grc' dir='ltr'>αύτῷ</span> 
     </span>
    </p>
   </div>
   <div class='ocr_carea' id='block_1_100' title="bbox 2133 4940 3719 5026">
    <p class='ocr_par' dir='ltr' id='par_1_100' title="bbox 2138 4953 3719 5025">
     <span class='ocr_line' id='line_1_104' title="bbox 2138 4953 3719 5025; baseline -0.002 -17"><span class='ocrx_word' id='word_1_850' title='bbox 2138 4957 2334 5025; x_wconf 84' lang='lat' dir='ltr'><strong>quibus</strong></span> <span class='ocrx_word' id='word_1_851' title='bbox 2365 4956 2612 5010; x_wconf 84' lang='lat' dir='ltr'><strong>veridicis</strong></span> <span class='ocrx_word' id='word_1_852' title='bbox 2650 4957 2967 5009; x_wconf 89' lang='lat' dir='ltr'><strong>testimoniis</strong></span> <span class='ocrx_word' id='word_1_853' title='bbox 3006 4953 3252 5008; x_wconf 89' lang='lat' dir='ltr'><strong>similiter</strong></span> <span class='ocrx_word' id='word_1_854' title='bbox 3296 4954 3719 5016; x_wconf 90' lang='lat' dir='ltr'><strong>demonstratur,</strong></span> 
     </span>
    </p>
   </div>
   <div class='ocr_carea' id='block_1_101' title="bbox 459 5029 2045 5117">
    <p class='ocr_par' dir='ltr' id='par_1_101' title="bbox 459 5029 2034 5117">
     <span class='ocr_line' id='line_1_105' title="bbox 459 5029 2034 5117; baseline 0.015 -39"><span class='ocrx_word' id='word_1_855' title='bbox 459 5032 621 5117; x_wconf 48' lang='grc' dir='ltr'>μυρίῳ</span> <span class='ocrx_word' id='word_1_856' title='bbox 665 5032 800 5100; x_wconf 77' lang='grc' dir='ltr'>ἡμῶν</span> <span class='ocrx_word' id='word_1_857' title='bbox 824 5029 992 5089; x_wconf 81' lang='grc' dir='ltr'><strong>ἰησοῦ</strong></span> <span class='ocrx_word' id='word_1_858' title='bbox 1015 5044 1220 5110; x_wconf 81' lang='grc' dir='ltr'>Χριστῷ</span> <span class='ocrx_word' id='word_1_859' title='bbox 1262 5040 1516 5109; x_wconf 80' lang='grc' dir='ltr'>θελήματα</span> <span class='ocrx_word' id='word_1_860' title='bbox 1534 5046 1867 5117; x_wconf 81' lang='grc' dir='ltr'>προκηρύξαι.</span> <span class='ocrx_word' id='word_1_861' title='bbox 1906 5048 2034 5102; x_wconf 81' lang='grc' dir='ltr'>θεῖον</span> 
     </span>
    </p>
   </div>
   <div class='ocr_carea' id='block_1_102' title="bbox 2133 5029 3719 5117">
    <p class='ocr_par' dir='ltr' id='par_1_102' title="bbox 2140 5046 3719 5117">
     <span class='ocr_line' id='line_1_106' title="bbox 2140 5046 3719 5117; baseline -0.002 -15"><span class='ocrx_word' id='word_1_862' title='bbox 2140 5049 2271 5102; x_wconf 87' lang='lat' dir='ltr'><strong>duas</strong></span> <span class='ocrx_word' id='word_1_863' title='bbox 2294 5050 2345 5106; x_wconf 90' lang='lat' dir='ltr'><strong>in</strong></span> <span class='ocrx_word' id='word_1_864' title='bbox 2373 5064 2475 5101; x_wconf 90' lang='lat' dir='ltr'><strong>uno</strong></span> <span class='ocrx_word' id='word_1_865' title='bbox 2507 5053 2804 5117; x_wconf 83' lang='lat' dir='ltr'><strong>eodemque</strong></span> <span class='ocrx_word' id='word_1_866' title='bbox 2844 5048 3068 5102; x_wconf 89' lang='lat' dir='ltr'><strong>Domino</strong></span> <span class='ocrx_word' id='word_1_867' title='bbox 3108 5055 3292 5102; x_wconf 84' lang='lat' dir='ltr'><strong>nostro</strong></span> <span class='ocrx_word' id='word_1_868' title='bbox 3330 5046 3459 5101; x_wconf 81' lang='lat' dir='ltr'><strong>Jesu</strong></span> <span class='ocrx_word' id='word_1_869' title='bbox 3505 5046 3719 5101; x_wconf 80' lang='lat' dir='ltr'><strong>Christo</strong></span> 
     </span>
    </p>
   </div>
   <div class='ocr_carea' id='block_1_103' title="bbox 457 5116 2043 5206">
    <p class='ocr_par' dir='ltr' id='par_1_103' title="bbox 457 5116 2034 5204">
     <span class='ocr_line' id='line_1_107' title="bbox 457 5116 2034 5204; baseline 0.01 -29"><span class='ocrx_word' id='word_1_870' title='bbox 457 5116 687 5179; x_wconf 79' lang='grc' dir='ltr'>δηλονότι</span> <span class='ocrx_word' id='word_1_871' title='bbox 743 5126 826 5176; x_wconf 87' lang='grc' dir='ltr'><strong>καί</strong></span> <span class='ocrx_word' id='word_1_872' title='bbox 888 5126 1207 5200; x_wconf 81' lang='grc' dir='ltr'>ἀνθρώπινον,</span> <span class='ocrx_word' id='word_1_873' title='bbox 1270 5132 1484 5190; x_wconf 84' lang='grc' dir='ltr'>τούτους</span> <span class='ocrx_word' id='word_1_874' title='bbox 1548 5136 1668 5192; x_wconf 79' lang='grc' dir='ltr'>τοὺς</span> <span class='ocrx_word' id='word_1_875' title='bbox 1721 5136 2034 5204; x_wconf 63' lang='grc' dir='ltr'><strong>σεϐασμίτιυς⁵</strong></span> 
     </span>
    </p>
   </div>
   <div class='ocr_carea' id='block_1_104' title="bbox 2132 5116 3718 5206">
    <p class='ocr_par' dir='ltr' id='par_1_104' title="bbox 2141 5138 3718 5206">
     <span class='ocr_line' id='line_1_108' title="bbox 2141 5138 3718 5206; baseline -0.001 -13"><span class='ocrx_word' id='word_1_876' title='bbox 2141 5140 2408 5193; x_wconf 84' lang='lat' dir='ltr'><strong>naturales</strong></span> <span class='ocrx_word' id='word_1_877' title='bbox 2436 5140 2732 5193; x_wconf 83' lang='lat' dir='ltr'><strong>voluntates</strong></span> <span class='ocrx_word' id='word_1_878' title='bbox 2764 5138 3101 5206; x_wconf 67' lang='lat' dir='ltr'><strong>prmdicasse,</strong></span> <span class='ocrx_word' id='word_1_879' title='bbox 3132 5138 3361 5192; x_wconf 79' lang='lat' dir='ltr'><strong>divinam</strong></span> <span class='ocrx_word' id='word_1_880' title='bbox 3393 5138 3640 5193; x_wconf 81' lang='lat' dir='ltr'><strong>videlicet</strong></span> <span class='ocrx_word' id='word_1_881' title='bbox 3664 5147 3718 5192; x_wconf 89' lang='lat' dir='ltr'><strong>et</strong></span> 
     </span>
    </p>
   </div>
   <div class='ocr_carea' id='block_1_105' title="bbox 458 5216 2044 5298">
    <p class='ocr_par' dir='ltr' id='par_1_105' title="bbox 458 5216 2031 5298">
     <span class='ocr_line' id='line_1_109' title="bbox 458 5216 2031 5298; baseline 0.009 -30"><span class='ocrx_word' id='word_1_882' title='bbox 458 5216 700 5289; x_wconf 75' lang='grc' dir='ltr'>Ῐιατίρας.</span> <span class='ocrx_word' id='word_1_883' title='bbox 740 5216 952 5271; x_wconf 84' lang='grc' dir='ltr'>Ὀπόταν</span> <span class='ocrx_word' id='word_1_884' title='bbox 990 5218 1108 5292; x_wconf 74' lang='grc' dir='ltr'>λέγῃ</span> <span class='ocrx_word' id='word_1_885' title='bbox 1146 5218 1170 5272; x_wconf 88' lang='lat'><strong>6</strong></span> <span class='ocrx_word' id='word_1_886' title='bbox 1201 5218 1343 5291; x_wconf 82' lang='grc' dir='ltr'>ἅγιος</span> <span class='ocrx_word' id='word_1_887' title='bbox 1378 5223 1696 5294; x_wconf 75' lang='grc' dir='ltr'>Γρηγόριοςό</span> <span class='ocrx_word' id='word_1_888' title='bbox 1735 5232 2031 5298; x_wconf 80' lang='grc' dir='ltr'>Ναζιανζοῦ,</span> 
     </span>
    </p>
   </div>
   <div class='ocr_carea' id='block_1_106' title="bbox 2130 5216 3716 5298">
    <p class='ocr_par' dir='ltr' id='par_1_106' title="bbox 2142 5229 3716 5294">
     <span class='ocr_line' id='line_1_110' title="bbox 2142 5229 3716 5294; baseline -0.001 -10"><span class='ocrx_word' id='word_1_889' title='bbox 2142 5231 2456 5294; x_wconf 83' lang='lat' dir='ltr'><strong>humanam,</strong></span> <span class='ocrx_word' id='word_1_890' title='bbox 2507 5230 2604 5286; x_wconf 91' lang='lat' dir='ltr'><strong>hos</strong></span> <span class='ocrx_word' id='word_1_891' title='bbox 2634 5230 2969 5284; x_wconf 88' lang='lat' dir='ltr'><strong>venerabiles</strong></span> <span class='ocrx_word' id='word_1_892' title='bbox 3010 5230 3216 5285; x_wconf 86' lang='lat' dir='ltr'><strong>Patres.</strong></span> <span class='ocrx_word' id='word_1_893' title='bbox 3240 5229 3376 5283; x_wconf 90' lang='lat' dir='ltr'><strong>Cum</strong></span> <span class='ocrx_word' id='word_1_894' title='bbox 3412 5230 3557 5283; x_wconf 89' lang='lat' dir='ltr'><strong>enim</strong></span> <span class='ocrx_word' id='word_1_895' title='bbox 3589 5231 3716 5283; x_wconf 77' lang='lat' dir='ltr'><strong>dic;t</strong></span> 
     </span>
    </p>
   </div>
   <div class='ocr_carea' id='block_1_107' title="bbox 458 5308 2044 5392">
    <p class='ocr_par' dir='ltr' id='par_1_107' title="bbox 458 5308 2033 5390">
     <span class='ocr_line' id='line_1_111' title="bbox 458 5308 2033 5390; baseline 0.008 -30"><span class='ocrx_word' id='word_1_896' title='bbox 458 5308 525 5360; x_wconf 83' lang='grc' dir='ltr'>Τό</span> <span class='ocrx_word' id='word_1_897' title='bbox 562 5309 661 5383; x_wconf 84' lang='grc' dir='ltr'><strong>γάρ</strong></span> <span class='ocrx_word' id='word_1_898' title='bbox 686 5309 869 5361; x_wconf 85' lang='grc' dir='ltr'>ἐκείνου</span> <span class='ocrx_word' id='word_1_899' title='bbox 905 5310 1058 5363; x_wconf 72' lang='grc' dir='ltr'>θέλειν</span> <span class='ocrx_word' id='word_1_900' title='bbox 1098 5317 1186 5364; x_wconf 81' lang='grc' dir='ltr'>τοῦ</span> <span class='ocrx_word' id='word_1_901' title='bbox 1229 5313 1279 5364; x_wconf 90' lang='grc' dir='ltr'><strong>ἐν</strong></span> <span class='ocrx_word' id='word_1_902' title='bbox 1317 5320 1390 5381; x_wconf 83' lang='grc' dir='ltr'>τῷ</span> <span class='ocrx_word' id='word_1_903' title='bbox 1428 5322 1618 5390; x_wconf 79' lang='grc' dir='ltr'>Σωτῆρι</span> <span class='ocrx_word' id='word_1_904' title='bbox 1644 5320 1908 5388; x_wconf 80' lang='grc' dir='ltr'>νοουμένου</span> <span class='ocrx_word' id='word_1_905' title='bbox 1949 5320 2033 5373; x_wconf 78' lang='grc' dir='ltr'>ἀν-</span> 
     </span>
    </p>
   </div>
   <div class='ocr_carea' id='block_1_108' title="bbox 2127 5308 3713 5392">
    <p class='ocr_par' dir='ltr' id='par_1_108' title="bbox 2141 5320 3713 5392">
     <span class='ocr_line' id='line_1_112' title="bbox 2141 5320 3713 5392; baseline -0.003 -15"><span class='ocrx_word' id='word_1_906' title='bbox 2141 5334 2356 5377; x_wconf 83' lang='lat' dir='ltr'><strong>sanctus</strong></span> <span class='ocrx_word' id='word_1_907' title='bbox 2384 5322 2667 5392; x_wconf 78' lang='lat' dir='ltr'><strong>Gregorius</strong></span> <span class='ocrx_word' id='word_1_908' title='bbox 2696 5321 3077 5386; x_wconf 79' lang='lat' dir='ltr'><strong>Nazianzenus,</strong></span> <span class='ocrx_word' id='word_1_909' title='bbox 3100 5322 3242 5376; x_wconf 88' lang='lat' dir='ltr'><strong>illius</strong></span> <span class='ocrx_word' id='word_1_910' title='bbox 3268 5322 3411 5375; x_wconf 88' lang='lat' dir='ltr'><strong>enim</strong></span> <span class='ocrx_word' id='word_1_911' title='bbox 3440 5320 3603 5388; x_wconf 85' lang='lat' dir='ltr'><strong>velle,</strong></span> <span class='ocrx_word' id='word_1_912' title='bbox 3628 5320 3713 5389; x_wconf 92' lang='lat' dir='ltr'><strong>qui</strong></span> 
     </span>
    </p>
   </div>
   <div class='ocr_carea' id='block_1_109' title="bbox 460 5397 2046 5484">
    <p class='ocr_par' dir='ltr' id='par_1_109' title="bbox 460 5397 2037 5484">
     <span class='ocr_line' id='line_1_113' title="bbox 460 5397 2037 5484; baseline 0.01 -35"><span class='ocrx_word' id='word_1_913' title='bbox 460 5400 666 5472; x_wconf 77' lang='grc' dir='ltr'>θρώπου</span> <span class='ocrx_word' id='word_1_914' title='bbox 710 5397 929 5454; x_wconf 84' lang='grc' dir='ltr'>δείκνυσι</span> <span class='ocrx_word' id='word_1_915' title='bbox 955 5402 1013 5454; x_wconf 86' lang='grc' dir='ltr'><strong>τό</strong></span> <span class='ocrx_word' id='word_1_916' title='bbox 1067 5403 1373 5476; x_wconf 79' lang='grc' dir='ltr'>ἀνθρώπινον</span> <span class='ocrx_word' id='word_1_917' title='bbox 1430 5412 1521 5459; x_wconf 80' lang='grc' dir='ltr'>τοῦ</span> <span class='ocrx_word' id='word_1_918' title='bbox 1574 5416 1798 5483; x_wconf 81' lang='grc' dir='ltr'>Σωτῆρος</span> <span class='ocrx_word' id='word_1_919' title='bbox 1849 5411 2037 5484; x_wconf 85' lang='grc' dir='ltr'>θέλημα</span> 
     </span>
    </p>
   </div>
   <div class='ocr_carea' id='block_1_110' title="bbox 2126 5397 3712 5484">
    <p class='ocr_par' dir='ltr' id='par_1_110' title="bbox 2141 5408 3712 5479">
     <span class='ocr_line' id='line_1_114' title="bbox 2141 5408 3712 5479; baseline -0.002 -15"><span class='ocrx_word' id='word_1_920' title='bbox 2141 5412 2193 5464; x_wconf 89' lang='lat' dir='ltr'><strong>in</strong></span> <span class='ocrx_word' id='word_1_921' title='bbox 2222 5411 2493 5466; x_wconf 80' lang='lat' dir='ltr'><strong>Salvatore</strong></span> <span class='ocrx_word' id='word_1_922' title='bbox 2525 5410 2854 5479; x_wconf 81' lang='lat' dir='ltr'><strong>intelligitur,</strong></span> <span class='ocrx_word' id='word_1_923' title='bbox 2892 5409 3121 5463; x_wconf 88' lang='lat' dir='ltr'><strong>hominis</strong></span> <span class='ocrx_word' id='word_1_924' title='bbox 3162 5408 3394 5462; x_wconf 88' lang='lat' dir='ltr'><strong>ostendit</strong></span> <span class='ocrx_word' id='word_1_925' title='bbox 3424 5410 3712 5462; x_wconf 84' lang='lat' dir='ltr'><strong>humanam</strong></span> 
     </span>
    </p>
   </div>
   <div class='ocr_carea' id='block_1_111' title="bbox 457 5486 2043 5570">
    <p class='ocr_par' dir='ltr' id='par_1_111' title="bbox 457 5486 2031 5570">
     <span class='ocr_line' id='line_1_115' title="bbox 457 5486 2031 5570; baseline 0.008 -25"><span class='ocrx_word' id='word_1_926' title='bbox 457 5486 523 5545; x_wconf 79' lang='grc' dir='ltr'><strong>δι’</strong></span> <span class='ocrx_word' id='word_1_927' title='bbox 560 5494 723 5551; x_wconf 75' lang='grc' dir='ltr'>αὐτῆς</span> <span class='ocrx_word' id='word_1_928' title='bbox 760 5501 851 5552; x_wconf 81' lang='grc' dir='ltr'><strong>τῆς</strong></span> <span class='ocrx_word' id='word_1_929' title='bbox 897 5494 1125 5554; x_wconf 82' lang='grc' dir='ltr'>ἐνώσεως</span> <span class='ocrx_word' id='word_1_930' title='bbox 1162 5502 1252 5555; x_wconf 79' lang='grc' dir='ltr'>τῆς</span> <span class='ocrx_word' id='word_1_931' title='bbox 1291 5496 1418 5570; x_wconf 75' lang='grc' dir='ltr'>πρὸς</span> <span class='ocrx_word' id='word_1_932' title='bbox 1453 5498 1540 5550; x_wconf 86' lang='grc' dir='ltr'><strong>τόν</strong></span> <span class='ocrx_word' id='word_1_933' title='bbox 1584 5499 1738 5567; x_wconf 77' lang='grc' dir='ltr'>Λόγον</span> <span class='ocrx_word' id='word_1_934' title='bbox 1778 5502 2031 5568; x_wconf 76' lang='grc' dir='ltr'>θεωθῆναι,</span> 
     </span>
    </p>
   </div>
   <div class='ocr_carea' id='block_1_112' title="bbox 2126 5486 3712 5570">
    <p class='ocr_par' dir='ltr' id='par_1_112' title="bbox 2141 5497 3712 5568">
     <span class='ocr_line' id='line_1_116' title="bbox 2141 5497 3712 5568; baseline -0.004 -12"><span class='ocrx_word' id='word_1_935' title='bbox 2141 5500 2435 5557; x_wconf 77' lang='lat' dir='ltr'><strong>Salvatoiis</strong></span> <span class='ocrx_word' id='word_1_936' title='bbox 2461 5502 2787 5555; x_wconf 84' lang='lat' dir='ltr'><strong>voluntatem</strong></span> <span class='ocrx_word' id='word_1_937' title='bbox 2822 5514 2915 5568; x_wconf 89' lang='lat' dir='ltr'><strong>per</strong></span> <span class='ocrx_word' id='word_1_938' title='bbox 2942 5500 3109 5565; x_wconf 89' lang='lat' dir='ltr'><strong>ipsam</strong></span> <span class='ocrx_word' id='word_1_939' title='bbox 3140 5497 3436 5553; x_wconf 86' lang='lat' dir='ltr'><strong>unitionem</strong></span> <span class='ocrx_word' id='word_1_940' title='bbox 3480 5497 3547 5551; x_wconf 84' lang='lat' dir='ltr'><strong>ad</strong></span> <span class='ocrx_word' id='word_1_941' title='bbox 3585 5498 3712 5552; x_wconf 81' lang='lat' dir='ltr'><strong>Ver-</strong></span> 
     </span>
    </p>
   </div>
   <div class='ocr_carea' id='block_1_113' title="bbox 368 5578 1954 5660">
    <p class='ocr_par' dir='ltr' id='par_1_113' title="bbox 368 5578 1954 5660">
     <span class='ocr_line' id='line_1_117' title="bbox 368 5578 1954 5660; baseline 0.008 -26"><span class='ocrx_word' id='word_1_942' title='bbox 368 5596 373 5599; x_wconf 88' lang='lat'>&#39;</span> <span class='ocrx_word' id='word_1_943' title='bbox 460 5582 547 5635; x_wconf 73' lang='lat' dir='ltr'><strong>Ital</strong></span> <span class='ocrx_word' id='word_1_944' title='bbox 585 5579 668 5635; x_wconf 83' lang='grc' dir='ltr'><strong>διὰ</strong></span> <span class='ocrx_word' id='word_1_945' title='bbox 700 5588 851 5637; x_wconf 80' lang='grc' dir='ltr'>τοῦτο</span> <span class='ocrx_word' id='word_1_946' title='bbox 893 5587 963 5649; x_wconf 75' lang='grc' dir='ltr'>μή</span> <span class='ocrx_word' id='word_1_947' title='bbox 999 5578 1124 5660; x_wconf 79' lang='grc' dir='ltr'>εἶναι</span> <span class='ocrx_word' id='word_1_948' title='bbox 1163 5586 1385 5639; x_wconf 83' lang='grc' dir='ltr'>ἐναντίον</span> <span class='ocrx_word' id='word_1_949' title='bbox 1424 5595 1553 5655; x_wconf 82' lang='grc' dir='ltr'>Θεῷ.</span> <span class='ocrx_word' id='word_1_950' title='bbox 1602 5586 1875 5650; x_wconf 75' lang='grc' dir='ltr'>Ὡσαύτως</span> <span class='ocrx_word' id='word_1_951' title='bbox 1908 5594 1954 5647; x_wconf 65' lang='grc' dir='ltr'><strong>ἀι</strong></span> 
     </span>
    </p>
   </div>
   <div class='ocr_carea' id='block_1_114' title="bbox 2122 5578 3708 5660">
    <p class='ocr_par' dir='ltr' id='par_1_114' title="bbox 2141 5590 3708 5660">
     <span class='ocr_line' id='line_1_118' title="bbox 2141 5590 3708 5660; baseline -0.006 -11"><span class='ocrx_word' id='word_1_952' title='bbox 2141 5594 2266 5649; x_wconf 88' lang='lat' dir='ltr'><strong>bum</strong></span> <span class='ocrx_word' id='word_1_953' title='bbox 2287 5635 2300 5657; x_wconf 92' lang='lat'><strong>,</strong></span> <span class='ocrx_word' id='word_1_954' title='bbox 2335 5594 2630 5649; x_wconf 89' lang='lat' dir='ltr'><strong>deiiicatam</strong></span> <span class='ocrx_word' id='word_1_955' title='bbox 2662 5593 2825 5647; x_wconf 82' lang='lat' dir='ltr'><strong>fuisse</strong></span> <span class='ocrx_word' id='word_1_956' title='bbox 2845 5626 2860 5660; x_wconf 83' lang='lat'><strong>,</strong></span> <span class='ocrx_word' id='word_1_957' title='bbox 2884 5603 2938 5647; x_wconf 90' lang='lat' dir='ltr'><strong>et</strong></span> <span class='ocrx_word' id='word_1_958' title='bbox 2966 5593 3085 5647; x_wconf 90' lang='lat' dir='ltr'><strong>ideo</strong></span> <span class='ocrx_word' id='word_1_959' title='bbox 3116 5607 3218 5644; x_wconf 92' lang='lat' dir='ltr'><strong>non</strong></span> <span class='ocrx_word' id='word_1_960' title='bbox 3243 5604 3364 5645; x_wconf 88' lang='lat' dir='ltr'><strong>esse</strong></span> <span class='ocrx_word' id='word_1_961' title='bbox 3391 5590 3708 5643; x_wconf 81' lang='lat' dir='ltr'><strong>contrariam</strong></span> 
     </span>
    </p>
   </div>
   <div class='ocr_carea' id='block_1_115' title="bbox 462 5656 2048 5755">
    <p class='ocr_par' dir='ltr' id='par_1_115' title="bbox 462 5666 2035 5754">
     <span class='ocr_line' id='line_1_119' title="bbox 462 5666 2035 5754; baseline 0.01 -31"><span class='ocrx_word' id='word_1_962' title='bbox 462 5666 729 5735; x_wconf 70' lang='grc' dir='ltr'>δείκνυσιν,</span> <span class='ocrx_word' id='word_1_963' title='bbox 771 5672 850 5727; x_wconf 83' lang='grc' dir='ltr'>ὅτι</span> <span class='ocrx_word' id='word_1_964' title='bbox 890 5676 974 5726; x_wconf 83' lang='grc' dir='ltr'><strong>καί</strong></span> <span class='ocrx_word' id='word_1_965' title='bbox 1016 5675 1347 5751; x_wconf 81' lang='grc' dir='ltr'>ἀνθρώπινον,</span> <span class='ocrx_word' id='word_1_966' title='bbox 1394 5680 1437 5731; x_wconf 85' lang='grc' dir='ltr'><strong>εί</strong></span> <span class='ocrx_word' id='word_1_967' title='bbox 1482 5681 1564 5732; x_wconf 83' lang='grc' dir='ltr'><strong>καί</strong></span> <span class='ocrx_word' id='word_1_968' title='bbox 1599 5680 1796 5746; x_wconf 81' lang='grc' dir='ltr'>θεωθέν,</span> <span class='ocrx_word' id='word_1_969' title='bbox 1845 5679 2035 5754; x_wconf 78' lang='grc' dir='ltr'>ἔσχηκε</span> 
     </span>
    </p>
   </div>
   <div class='ocr_carea' id='block_1_116' title="bbox 2124 5656 3710 5755">
    <p class='ocr_par' dir='ltr' id='par_1_116' title="bbox 2145 5656 3710 5755">
     <span class='ocr_line' id='line_1_120' title="bbox 2145 5656 3710 5755; baseline -0.006 -16"><span class='ocrx_word' id='word_1_970' title='bbox 2145 5686 2272 5740; x_wconf 89' lang='lat' dir='ltr'><strong>Deo.</strong></span> <span class='ocrx_word' id='word_1_971' title='bbox 2291 5684 2524 5755; x_wconf 85' lang='lat' dir='ltr'><strong>itemque</strong></span> <span class='ocrx_word' id='word_1_972' title='bbox 2545 5656 3006 5753; x_wconf 82' lang='lat' dir='ltr'><strong>demonstratquia</strong></span> <span class='ocrx_word' id='word_1_973' title='bbox 3034 5688 3089 5737; x_wconf 84' lang='lat' dir='ltr'><strong>et</strong></span> <span class='ocrx_word' id='word_1_974' title='bbox 3119 5681 3429 5747; x_wconf 86' lang='lat' dir='ltr'><strong>humanam,</strong></span> <span class='ocrx_word' id='word_1_975' title='bbox 3461 5677 3585 5733; x_wconf 85' lang='lat' dir='ltr'><strong>licet</strong></span> <span class='ocrx_word' id='word_1_976' title='bbox 3604 5676 3710 5731; x_wconf 85' lang='lat' dir='ltr'><strong>dei-</strong></span> 
     </span>
    </p>
   </div>
   <div class='ocr_carea' id='block_1_117' title="bbox 541 5800 2832 5883">
    <p class='ocr_par' dir='ltr' id='par_1_117' title="bbox 541 5800 2832 5883">
     <span class='ocr_line' id='line_1_121' title="bbox 541 5800 2832 5883; baseline 0.008 -31"><span class='ocrx_word' id='word_1_977' title='bbox 541 5811 565 5837; x_wconf 73' lang='grc' dir='ltr'><strong>η</strong></span> <span class='ocrx_word' id='word_1_978' title='bbox 594 5800 646 5853; x_wconf 91' lang='lat' dir='ltr'><strong>In</strong></span> <span class='ocrx_word' id='word_1_979' title='bbox 674 5803 861 5858; x_wconf 67' lang='lat' dir='ltr'><strong>Graeco</strong></span> <span class='ocrx_word' id='word_1_980' title='bbox 883 5813 998 5873; x_wconf 71' lang='lat' dir='ltr'><strong>est,</strong></span> <span class='ocrx_word' id='word_1_981' title='bbox 1030 5807 1376 5875; x_wconf 75' lang='lat' dir='ltr'><strong>cognationem</strong></span> <span class='ocrx_word' id='word_1_982' title='bbox 1423 5808 1728 5880; x_wconf 83' lang='lat' dir='ltr'><strong>divinitatis,</strong></span> <span class='ocrx_word' id='word_1_983' title='bbox 1762 5815 1909 5883; x_wconf 80' lang='lat' dir='ltr'><strong>cujus</strong></span> <span class='ocrx_word' id='word_1_984' title='bbox 1942 5814 2212 5869; x_wconf 69' lang='lat' dir='ltr'><strong>voluntatis</strong></span> <span class='ocrx_word' id='word_1_985' title='bbox 2241 5812 2381 5868; x_wconf 81' lang='lat' dir='ltr'><strong>nulla</strong></span> <span class='ocrx_word' id='word_1_986' title='bbox 2410 5826 2503 5883; x_wconf 82' lang='lat' dir='ltr'><strong>est,</strong></span> <span class='ocrx_word' id='word_1_987' title='bbox 2535 5825 2637 5871; x_wconf 88' lang='lat' dir='ltr'><strong>etc.</strong></span> <span class='ocrx_word' id='word_1_988' title='bbox 2664 5814 2832 5868; x_wconf 70' lang='lat' dir='ltr'><strong>&quot;suo.</strong></span> 
     </span>
    </p>
   </div>
  </div>
