4016 6354
217 395 359 453 1189

1691 394 2066 453 EPISTOLZE.

3354 402 3490 461 H90

215 515 427 570 ﬁcatam
449 557 465 582 ,
513 511 697 568 habuit
738 508 1063 566 voluntatem
1094 529 1106 578 ;
1138 519 1191 567 et
1216 511 1356 568 idem
1401 512 1514 583 ipse
1553 512 1713 583 (sicut
1745 511 1796 565 in

1922 514 2105 584 θέλημα,
2147 515 2230 566 καί
2271 512 2297 568 6
2338 515 2490 574 αὐτὸς
2531 511 2701 580 οὗτος,
2743 516 2905 577 καθὼς
2936 517 3005 577 εἷς
3043 516 3108 574 τά
3147 507 3388 579 ἆκόλουθα
3412 525 3490 582 δι-

213 605 566 676 sequentibus
609 603 786 673 docet)
837 605 1018 658 habuit
1057 613 1110 658 et
1156 605 1424 668 divinam.
1458 619 1612 658 unam
1653 619 1798 659 eam-

213 699 445 764 demque
476 711 597 751 cum
630 694 804 748 Patre.
828 695 882 749 Si
910 708 1038 763 ergo
1067 703 1122 748 et
1150 694 1383 748 divinam
1415 703 1470 748 et
1499 694 1796 748 deitieatam

216 789 443 854 habuit,
475 787 608 841 duas
659 787 840 854 utique
895 785 1076 840 habuit
1100 787 1424 841 voluntates.
1455 785 1606 852 Quod
1657 785 1799 840 enint

215 889 407 937 natura
437 879 678 934 divinttm
708 887 813 944 est,
835 877 1073 931 deiticari
1105 893 1210 933 non
1236 879 1475 947 indiget:
1508 878 1648 947 quod
1673 892 1802 932 vero

215 972 518 1035 deiﬁcatur,
555 985 658 1024 non
689 979 770 1023 est
811 968 1046 1036 proiecto
1081 977 1268 1024 natura
1298 971 1557 1024 divinum.
1587 971 1650 1023 Et
1677 970 1801 1023 dum

215 1064 347 1119 dicit
378 1071 600 1117 sanctus
624 1062 908 1130 Gregorius
935 1060 1206 1131 Nyssenus
1235 1076 1455 1132 magnus
1483 1063 1764 1131 episcopus
1784 1103 1800 1127 ,

219 1170 408 1210 veram
445 1168 566 1209 esse
610 1154 850 1224 mysterii
887 1150 1315 1216 confessionem,
1353 1153 1577 1208 alteram
1609 1153 1805 1209 debere

217 1244 446 1314 intelligi
476 1244 762 1298 humanam
795 1245 1120 1298 voluntatem
1153 1253 1205 1299 et
1231 1246 1452 1300 alteram
1484 1245 1718 1299 divinam
1753 1246 1803 1298 in

213 1335 470 1402 Christo,
498 1335 627 1404 quid
675 1334 896 1402 intelligi
931 1345 1266 1402 commonet,
1309 1336 1532 1390 alteram
1578 1335 1806 1390 dicendo

216 1425 578 1490 voluntatem,
593 1435 646 1480 et
658 1425 902 1490 alteram,
919 1425 1017 1479 nisi
1033 1426 1163 1478 duas
1179 1425 1608 1482 manifestissime
1619 1427 1776 1480 volun
1789 1455 1809 1467 -

222 1527 360 1572 tates
377 1519 402 1571 τ
430 1518 664 1587 Itemque
684 1531 806 1572 cum
832 1516 890 1572 S.
913 1515 1147 1571 Joannes
1171 1517 1361 1583 praesul
1386 1518 1630 1587 egregius
1652 1518 1809 1572 docet

220 1624 385 1662 unam
418 1609 632 1679 quidem
672 1609 966 1664 secundum
1009 1608 1337 1662 divinitatem
1384 1609 1553 1662 Patris
1583 1619 1635 1662 et
1691 1606 1810 1662 Filii

221 1700 452 1768 intelligi
495 1701 859 1767 voluntatem,
910 1709 965 1754 et
1010 1701 1254 1754 eumdem
1298 1703 1487 1754 iterum
1532 1700 1808 1755 Dominum

223 1792 413 1846 Jesum
445 1791 718 1846 Christum
751 1787 944 1845 Filium
977 1791 1068 1846 Dei
1100 1791 1232 1845 velle
1259 1791 1390 1845 dicit
1420 1799 1475 1844 ut
1503 1791 1770 1846 hominem
1792 1833 1806 1854 ,

1899 599 2101 666 δάσκει,
2134 601 2272 674 ἔσχε
2319 606 2406 656 καί
2443 605 2576 657 θεῖον
2622 603 2671 658 ἓν
2713 608 2800 660 καί
2851 607 2910 660 τό
2957 609 3079 663 αὑτό
3130 613 3225 664 σὺν
3267 621 3340 683 τῷ
3380 626 3486 672 Πα-

1900 696 2002 768 τρί.
2050 697 2103 748 Εἰ
2149 690 2233 749 οὖν
2273 697 2355 749 καί
2393 697 2522 750 θεῖον
2564 698 2650 749 καί
2699 698 2877 751 θεωθέν
2927 696 3082 770 ἴσχε,
3149 698 3240 756 δύο
3290 708 3500 770 πάντως

1902 782 2042 853 ἔσχε
2071 786 2344 855 Θελὴματα.
2374 789 2440 840 Τὸ
2487 789 2586 863 γὰρ
2615 788 2764 856 φύσει
2803 794 2935 843 θεῖον
2973 792 3209 850 θεωθῆναι
3247 795 3337 848 οὐκ
3383 795 3500 851 ἕπε·

1902 871 2088 948 δέκετο
2114 876 2228 948 [Ιι.,
2254 877 2535 949 ἐπεδεῖτο],
2566 883 2624 935 τὸ
2647 879 2701 935 δὲ
2741 881 3004 952 θεούμενον
3024 886 3116 938 οὐκ
3138 883 3252 940 ἔστι
3280 886 3502 946 δηλονότι

1904 968 2054 1038 φύσει
2081 971 2222 1023 θεῖον.
2258 974 2343 1023 καί
2384 973 2513 1024 ἐπάν
2560 971 2677 1044 λέγῃ
2711 971 2736 1026 6
2778 971 2921 1042 ἅγιος
2969 975 3240 1048 Γρηγόριος
3289 977 3314 1032 6
3360 982 3502 1035 Νύσ-

1904 1080 2020 1121 σης,
2063 1060 2088 1114 6
2126 1063 2287 1133 μέγας
2341 1064 2644 1128 ἐπίσκοπος,
2703 1065 2853 1124 ἀληθῆ
2897 1061 3022 1120 εἶναι
3072 1075 3159 1122 τοῦ
3209 1077 3502 1148 μυστηρίου

1907 1150 2192 1225 ὁμολογίαν,
2235 1156 2406 1230 ἕτερον
2461 1157 2665 1228 ὀφείλειν
2711 1160 2932 1214 νοεῖσθαι
2979 1163 3039 1216 τό
3083 1165 3393 1237 ἀνθρώπινον
3429 1167 3506 1220 θέ-

1905 1241 2064 1311 λημα,
2091 1243 2264 1318 ἕτερον
2292 1247 2350 1299 τὸ
2390 1248 2520 1302 θεῖον
2561 1249 2611 1301 ἐν
2640 1256 2714 1318 τῷ
2752 1258 2980 1325 Χριστῷ,
3013 1257 3063 1307 τί
3103 1255 3332 1310 νοεῖσθαι
3377 1258 3508 1312 {meo

1908 1335 2190 1401 μιμνήσκει,
2231 1335 2398 1408 ἕτερον
2421 1337 2579 1408 λέγων
2633 1340 2820 1409 θέλημα
2861 1344 2944 1395 καὶ
2985 1342 3180 1417 ἕτερον,
3222 1349 3264 1398 εἰ
3305 1352 3376 1419 μή
3409 1347 3503 1403 δύο

1909 1429 2128 1495 φανερῶς
2169 1423 2445 1496 θελήματα;
2478 1430 2743 1489 Ὡσαύτως
2783 1431 2928 1488 ἡνίκα
2968 1430 2994 1485 6
3036 1432 3180 1503 ἅγιος
3209 1435 3444 1498 Ἰωάννης
3478 1437 3504 1493 6

1911 1507 2092 1583 ἔξοχος
2120 1517 2412 1588 καθηγεμὼν
2442 1516 2694 1584 διδάσκει,
2714 1518 2763 1572 ἓν
2793 1524 2880 1590 μέν
2911 1523 3036 1577 κατά
3063 1528 3151 1581 την
3176 1525 3386 1584 θεότητα
3416 1533 3506 1582 τοῦ

1912 1607 2107 1675 Πατρός
2137 1610 2222 1661 καί
2249 1615 2336 1662 τοῦ
2368 1610 2485 1663 Υίοῦ
2514 1612 2740 1664 νοεῖσθαι
2767 1612 2980 1681 θέλημα⁶
3009 1616 3093 1667 καί
3120 1614 3202 1668 τόν
3230 1618 3378 1671 αὐτόν
3404 1619 3508 1674 πά-

1911 1697 1986 1753 λιν
2016 1701 2195 1774 Κύριον
2234 1702 2433 1760 Ἰησοῦν
2461 1705 2680 1775 Χριστόν
2711 1705 2794 1758 τὸν
2841 1707 2956 1758 Υίόν
2983 1713 3072 1760 τοῦ
3104 1714 3233 1762 Θεοῦ
3259 1709 3397 1780 λέγει
3433 1712 3514 1767 θί-

1916 1793 2014 1847 λειν
2043 1798 2112 1856 ὡς
2139 1793 2400 1870 ἄνθρωπον
2413 1833 2428 1863 ,
2459 1805 2541 1853 καὶ
2567 1802 2698 1854 κατά
2743 1800 2912 1874 σάρκα
2958 1803 3152 1864 ἀληθῶς
3203 1809 3287 1860 καί
3343 1812 3514 1882 χωρές

224 1895 278 1937 et
308 1881 606 1937 secundum
635 1897 850 1937 carnem
871 1922 887 1950 ,
917 1882 1304 1938 rationabiliter
1331 1892 1386 1937 et
1411 1869 1528 1938 sine
1566 1884 1816 1939 seandalo

2231 1860 2240 1870 ι
2413 1860 2422 1863 -
2815 1860 2825 1874 Ι
3041 1860 3048 1862 “
3131 1860 3144 1864 ⁷
3343 1860 3384 1877 η
3431 1860 3452 1882 1⁷
3488 1860 3505 1871 ⁷

1923 1884 2203 1941 σκανδάλου
2232 1889 2494 1960 λεγόμενον
2526 1891 2730 1962 ὀφείλειν
2752 1895 3084 1965 γνωρίζεσθαι
3102 1939 3114 1961 ,
3151 1893 3232 1950 ὅτι
3261 1897 3350 1950 οὐκ
3377 1899 3512 1956 ἠθελε

225 1972 436 2027 dictum
463 1973 661 2028 debere
701 1974 991 2043 cognosci,
1023 1974 1164 2043 quod
1205 1973 1368 2027 nollet
1407 1974 1564 2040 mori,
1619 1972 1817 2027 idcirco

229 2065 377 2132 quod
409 2064 657 2118 humana:
683 2064 751 2119 sit
783 2077 986 2118 naturae
1027 2064 1568 2132 irreprehensihiliter
1594 2063 1693 2117 hoc
1722 2079 1817 2116 vo-

227 2154 432 2208 lentis:
465 2153 668 2209 clarum
721 2161 806 2208 est
853 2153 995 2223 quod
1046 2163 1101 2208 et
1146 2155 1259 2222 ipse
1295 2154 1427 2209 duas
1469 2157 1737 2208 naturales
1767 2153 1818 2208 in

225 2242 450 2296 Christo
483 2243 733 2311 prmdicet
751 2246 1086 2298 voluntates:
1119 2245 1386 2312 divinam,
1427 2261 1545 2314 qum
1589 2261 1691 2299 una
1738 2253 1822 2300 est

231 2334 410 2388 Patris
433 2341 489 2388 et
518 2331 667 2399 Filii;
702 2335 987 2389 humanam
1009 2375 1024 2401 ,
1057 2350 1176 2405 qua:
1204 2335 1450 2391 all‘ectum
1486 2336 1695 2390 vivendi
1728 2353 1822 2390 na-

228 2427 480 2482 turaliter
527 2429 682 2497 gerit.
728 2427 794 2482 Et
835 2441 954 2482 cum
999 2429 1464 2482 constantissimus
1509 2427 1822 2484 orthodoxa}

235 2517 361 2572 tidei
395 2520 713 2586 prtedicator
739 2517 924 2573 beatus
951 2519 1182 2588 Cyrillus
1208 2519 1335 2574 dicit
1365 2521 1486 2588 quia
1522 2521 1820 2588 secundum

228 2611 374 2678 quod
405 2619 522 2663 erat
553 2609 805 2674 Verbum,
832 2626 936 2665 non
971 2611 1190 2665 timebat
1213 2619 1464 2678 mortem,
1492 2612 1587 2665 sed
1614 2613 1825 2665 volebat

231 2715 407 2770 usque
435 2703 503 2756 ad
534 2703 696 2756 tinem
740 2702 1192 2771 dispensationem
1236 2702 1494 2772 perlicere
1515 2743 1530 2767 ,
1557 2704 1679 2771 quia
1709 2701 1825 2755 hzcc

231 2799 353 2844 erat
383 2791 630 2845 voluntas
659 2785 862 2858 Patris,
898 2809 1015 2862 quae
1043 2803 1126 2847 est
1154 2794 1448 2848 secundum
1491 2795 1822 2847 divinitatem

229 2894 283 2938 et
307 2883 470 2947 Filii,
502 2895 556 2939 et
603 2885 851 2941 habuisse
894 2887 1138 2940 eumdem
1190 2886 1362 2954 ipsum
1415 2885 1695 2941 Dominum
1729 2901 1826 2939 uo-

230 2984 404 3027 strum
429 2973 610 3029 Jesnm
634 2974 925 3040 Christum,
952 2977 1243 3030 secundum
1277 2975 1682 3041 humanitatem,
1719 2991 1822 3030 non

238 3061 509 3117 moriendi
531 3063 856 3118 voluntatem
879 3103 892 3129 ,
930 3064 980 3117 id
1013 3073 1124 3130 est,
1159 3064 1409 3118 humana:
1442 3064 1566 3118 vita:
1604 3073 1824 3117 naturae

233 3153 344 3207 lcm
377 3154 653 3219 allectum,
686 3154 920 3209 ostendit
957 3156 1088 3208 duas
1113 3154 1505 3222 eum,divinam
1534 3156 1740 3210 scilicet
1773 3165 1826 3210 et

233 3243 562 3310 humanam,
610 3246 794 3314 procul
839 3245 1000 3300 dubio
1046 3246 1098 3300 in
1146 3260 1206 3301 se
1248 3248 1544 3302 voluntates
1583 3247 1822 3302 habere:

233 3350 403 3388 unam
420 3335 644 3401 scilicet,
675 3337 815 3406 quod
839 3337 1292 3406 dispensationem
1318 3338 1525 3393 volebat
1549 3340 1824 3406 perlicere,

234 3426 504 3494 alteram,
549 3441 649 3493 qua
699 3427 833 3481 dicit
880 3428 1022 3482 nolle
1069 3443 1284 3482 carnem
1329 3430 1640 3483 naturaliter
1672 3429 1825 3484 mori.

234 3517 602 3573 Nihilominus
623 3528 798 3572 autem
829 3529 881 3573 et
917 3521 984 3573 de
1036 3519 1241 3574 duabus
1272 3521 1598 3575 naturalibus
1631 3536 1827 3589 onera-

237 3609 484 3665 tionibus
511 3610 706 3663 Christi
733 3611 886 3662 datur
915 3611 1157 3678 intelligi,
1183 3612 1394 3680 quando
1421 3612 1578 3667 iidem
1607 3628 1830 3668 venera-

234 3700 378 3754 biles
411 3700 595 3754 Patres
621 3701 906 3770 unicuique
928 3701 1128 3756 Christi
1160 3712 1364 3756 natura!
1396 3705 1663 3772 pmpriam
1694 3718 1825 3772 ope-

233 3793 506 3846 rationem
553 3795 842 3862 assignant.
879 3793 1029 3849 Unde
1072 3805 1289 3850 sanctus
1327 3789 1552 3852 Hilarius
1581 3797 1829 3853 defensor

234 3882 488 3936 veritatis
530 3887 812 3954 egregius,
857 3884 908 3938 in
940 3901 1083 3941 nono
1121 3887 1258 3941 libro
1304 3887 1372 3942 de
1423 3887 1527 3942 [ide
1569 3889 1828 3945 adversus

238 3975 504 4040 Arianos,
557 3977 627 4030 ita
677 3993 777 4033 nos
826 3979 1038 4032 instruit
1071 3980 1272 4035 :Natus
1317 3981 1476 4049 igitur
1525 3983 1826 4050 unigenitus

238 4066 388 4121 Deus
417 4080 482 4120 ex
521 4067 732 4137 Virgine
758 4109 773 4135 ,
805 4071 994 4140 homo,
1028 4082 1080 4125 et
1108 4073 1398 4126 secundum
1444 4073 1824 4142 plenitudinem

238 4165 572 4224 temporum,
602 4159 654 4210 in
685 4161 978 4228 semetipso
1005 4172 1351 4229 provecturus
1379 4165 1431 4217 in
1459 4165 1620 4218 Deum
1655 4165 1828 4219 homi-

237 4262 405 4314 nem,
438 4248 580 4302 hunc
623 4264 717 4318 per
757 4253 937 4305 omnia
981 4253 1275 4322 evangelici
1313 4257 1575 4310 sermonis
1605 4257 1826 4312 modum

236 4341 435 4405 tenuit,
468 4351 524 4394 ut
553 4355 612 4396 se
642 4341 736 4396 Dei
771 4343 962 4397 Filium
1009 4346 1154 4400 credi
1201 4347 1454 4414 doceret,
1497 4360 1549 4403 et
1597 4349 1826 4404 hominis

238 4431 415 4485 tilium
450 4432 725 4500 praedicari
755 4433 1104 4504 admoneret,
1128 4436 1336 4491 locutus
1366 4448 1418 4492 et
1442 4455 1636 4507 gerens
1667 4441 1828 4495 homo

239 4524 494 4576 universa
541 4538 661 4592 quae
713 4523 810 4579 Dei
841 4534 1000 4590 sunt,
1043 4527 1272 4597 loquens
1311 4528 1504 4586 deinde
1541 4542 1596 4586 et
1633 4548 1828 4603 gerens

241 4614 391 4670 Deus
418 4615 663 4670 universa
688 4633 808 4686 qure
839 4616 1068 4674 hominis
1094 4633 1218 4678 sunt
1246 4641 1257 4676 :
1290 4625 1362 4678 ita
1393 4635 1565 4680 tamen
1586 4667 1599 4689 ,
1629 4637 1685 4679 ut
1713 4629 1829 4696 ipso

238 4705 340 4761 illo
382 4707 660 4776 utriusque
688 4707 903 4777 generis
949 4724 1234 4780 sermone,
1266 4731 1534 4785 nunquam
1579 4718 1678 4771 nisi
1707 4731 1826 4771 cum

237 4796 634 4866 signiﬁcatione
658 4809 713 4853 et
754 4799 986 4856 hominis
1012 4801 1224 4857 locutus
1253 4814 1310 4859 et
1339 4806 1431 4859 Dei
1456 4807 1557 4874 sit,
1590 4818 1644 4861 ut
1674 4824 1830 4864 vera.

237 4889 382 4942 citer
407 4892 527 4942 dua:
571 4889 993 4962 intelligerentur
1017 4901 1242 4950 natura).
1279 4895 1514 4969 Itemque
1540 4915 1605 4954 ex
1637 4904 1826 4958 eodem

241 4980 518 5035 volumine
549 4991 668 5051 post
693 4999 889 5052 pauca:
918 4986 1145 5042 Videsne
1175 4989 1246 5042 ita
1275 4989 1442 5044 Deunt
1470 5003 1522 5045 et
1555 4994 1827 5051 hominem

243 5069 556 5140 praedicari,
586 5083 642 5126 ut
671 5088 816 5127 mors
840 5076 1062 5142 homini,
1093 5077 1198 5133 Deo
1227 5095 1354 5134 vero
1383 5081 1560 5138 carnis
1583 5085 1830 5141 excitatio

243 5164 572 5232 deputetur?
602 5181 705 5221 non
731 5177 930 5235 tamen,
966 5180 1021 5224 ut
1051 5171 1185 5226 alius
1211 5175 1281 5226 sit
1321 5175 1410 5244 qui
1433 5186 1672 5236 mortuus
1713 5191 1828 5248 est,

241 5264 300 5310 et
352 5255 490 5311 alius
533 5257 636 5323 sit,
683 5275 776 5328 per
822 5275 977 5330 quem
1019 5274 1259 5318 mortuus
1308 5269 1832 5338 resurgitzsplﬂiala

242 5350 388 5404 enim
419 5365 544 5406 caro
563 5352 806 5410 Christus
829 5367 914 5410 est
935 5367 1196 5412 mortuus.
1215 5359 1282 5414 Et
1305 5377 1536 5430 rursum,
1565 5363 1832 5421 Cnrisrum

243 5455 275 5494 a
309 5445 534 5496 mortuis
563 5446 802 5502 excitans
836 5448 974 5502 idem
1003 5449 1247 5506 Christus
1288 5462 1408 5518 est,
1443 5470 1606 5512 carne
1643 5473 1704 5512 se
1742 5474 1834 5514 ex-

245 5533 776 5601 spoliaus.Naturam
803 5539 892 5592 Dei
918 5541 969 5594 in
1001 5542 1212 5597 virtute.
1238 5549 1648 5603 resurrectionis
1682 5553 1836 5606 intel-

247 5624 396 5694 lige;
428 5626 882 5695 dispensationem
937 5632 1172 5687 heminis
1230 5636 1282 5689 in
1335 5648 1509 5694 morte
1551 5655 1830 5712 cognosce.

250 5713 318 5769 Et
347 5732 466 5770 cum
497 5720 606 5775 sint
632 5731 854 5793 utraque
884 5726 993 5778 suis
1023 5737 1172 5795 gesta
1202 5731 1428 5794 naturis,
1464 5747 1624 5786 unum
1659 5743 1833 5789 tamen

253 5809 526 5865 Christum
553 5810 734 5868 Jesum
775 5828 895 5870 cum
929 5827 1197 5875 memento
1244 5835 1399 5890 esse,
1433 5823 1522 5892 qui
1557 5833 1836 5894 utrumque

1919 1978 2148 2032 τεθνάναι
2168 2021 2182 2043 ,
2211 1979 2388 2055 διόπερ
2413 1979 2507 2052 [ἵσ.
2534 1979 2695 2049 διότι]
2720 1980 2798 2036 ὅτι
2822 1991 2913 2044 τῆς
2940 1985 3252 2058 ἀνθρωπίνης
3279 1988 3388 2041 ἐστὶ
3416 1989 3514 2059 φύ-

1921 2087 2050 2130 σεως
2078 2070 2426 2130 ἀνεπιλήπτως
2451 2077 2601 2126 τοῦτο
2618 2073 2876 2137 θελούσης,
2904 2075 3108 2149 φανερόν
3136 2077 3304 2140 ἐστιν,
3330 2073 3412 2132 ὅτι
3428 2079 3516 2131 καί

1921 2160 2071 2219 αὐτὸς
2119 2160 2208 2215 δύο
2252 2164 2444 2234 φυσικά
2487 2164 2532 2215 ἐν
2686 2172 2887 2238 Χριστῷ
2938 2167 3190 2240 κηρύσσει
3235 2166 3514 2237 θελήματα⁶

1922 2252 2080 2316 θεῖον,
2125 2249 2252 2329 ὅπερ
2284 2255 2398 2308 ἐστὶ
2426 2259 2521 2309 τοῦ
2553 2256 2748 2329 Πατρός
2774 2259 2852 2308 καί
2879 2262 2969 2309 τοῦ
2998 2257 3115 2311 Υίνιῦ
3135 2271 3151 2287 ⁸
3181 2258 3517 2331 ἀνθρώπινον,

1923 2341 2051 2419 ὅπερ
2080 2351 2170 2404 την
2201 2344 2428 2400 διάθεσιν
2456 2353 2548 2402 τοῦ
2584 2351 2668 2420 ζῇν
2698 2355 2921 2418 φυσικῶς
2952 2351 3184 2422 πράττει.
3212 2355 3298 2405 Καὶ
3326 2350 3517 2407 ὁπόταν

1923 2435 1950 2491 6
1976 2441 2293 2499 συστατικὸς
2320 2448 2412 2500 τῆς
2461 2438 2727 2514 ἰρθοδοξου
2771 2443 2997 2502 πίστεως
3027 2447 3184 2516 κῆρυξ
3213 2442 3238 2498 6
3267 2446 3519 2520 μακάριος

1924 2531 2172 2602 Κύριλλος
2200 2531 2316 2604 λέγῃ
2337 2574 2349 2597 ,
2385 2529 2465 2584 ὅτι
2492 2533 2612 2586 καθὸ
2644 2529 2703 2590 ἧν
2733 2532 2919 2604 Λόγος,
2952 2535 3042 2588 οὐκ
3072 2535 3293 2605 ἐφοϐεῖτο
3317 2535 3400 2590 τόν
3429 2537 3520 2592 θά-

1922 2641 2102 2683 νατον,
2136 2621 2243 2674 ἀλλ’
2263 2623 2399 2679 ἤθελε
2428 2624 2594 2697 μέχρι
2621 2623 2792 2682 τέλους
2821 2630 2910 2682 τήν
2938 2627 3209 2698 οἰκονομίαν
3239 2625 3515 2701 διεξάγειν,

1928 2707 2009 2765 ὅτι
2037 2716 2186 2766 τοῦτο
2213 2708 2271 2769 ἧν
2300 2714 2356 2766 τὸ
2384 2713 2570 2780 θέλημα
2597 2719 2686 2766 τοῦ
2717 2713 2938 2784 Πατρός,
2969 2711 3090 2790 ὅπερ
3119 2716 3229 2770 ἐστὶ
3258 2717 3386 2770 κατά
3423 2722 3515 2777 τήν

1925 2804 2134 2862 θεότητα
2181 2806 2262 2857 καί
2291 2812 2381 2858 τοῦ
2413 2805 2548 2858 Υἶοῦ
2588 2808 2672 2858 καί
2722 2805 2997 2875 ἐσχηκέναι
3024 2807 3108 2861 τὸν
3139 2809 3292 2861 αὐτὸν
3338 2813 3520 2863 τοῦτον

1929 2894 2114 2969 Κύριον
2157 2894 2350 2951 Ἰησοῦν
2379 2896 2594 2972 Χριστὸν
2623 2898 2750 2950 κατά
2785 2912 2871 2955 την
2898 2896 3266 2972 ἀνθρωπότητα
3309 2906 3398 2953 τοῦ
3446 2905 3517 2972 μή

1925 2986 2187 3040 ἀποθανεῖν
2233 2987 2450 3056 θέλημα,
2484 2989 2725 3042 τουτέστι
2770 2995 2861 3048 τῆς
2889 2989 3197 3064 ἀνθρωπίνης
3243 2994 3376 3053 ζωῆς
3428 2995 3518 3050 τὴν

1927 3082 2144 3148 φυσικὴν
2175 3076 2395 3132 διάθεσιν
2417 3095 2429 3107 ⁸
2464 3077 2690 3132 δείκνυσι
2719 3078 2809 3134 δύο
2833 3081 2982 3135 αὐτόν
3002 3120 3016 3144 ,
3051 3082 3186 3135 θεῖον
3219 3081 3405 3142 δηλαδή
3434 3086 3521 3137 καί

1930 3174 2260 3248 ἀνθρώπινον,
2310 3173 2658 3243 ἀναμφιϐόλως
2688 3175 2738 3226 ὲν
2769 3173 2934 3244 ἑαυτῷ
2983 3172 3126 3244 ἔχειν
3156 3175 3428 3248 θελήματα⁶
3471 3174 3522 3230 ἓν

1929 3269 2041 3337 μέν,
2074 3267 2121 3319 ἐν
2150 3263 2187 3339 ᾧ
2217 3271 2304 3325 την
2334 3269 2613 3336 οἰκονομίαν
2640 3268 2809 3326 ἢθελεν
2839 3268 3091 3322 ἐκτελέσαι
3112 3284 3122 3295 ·
3155 3268 3325 3341 ἕτερον
3356 3267 3437 3332 δέ,
3471 3269 3523 3322 ἓν

1932 3355 1971 3432 ᾦ
1995 3358 2128 3431 λέγει
2155 3362 2244 3415 τήν
2271 3361 2438 3432 σάρκα
2465 3363 2532 3423 μή
2557 3358 2707 3412 θέλειν
2738 3353 2960 3428 φυσικῶς
2994 3359 3240 3414 τεθνάναι.
3271 3357 3428 3412 Οὐδέν
3467 3355 3524 3412 δὲ

1932 3449 2083 3510 ἧττον
2112 3453 2196 3504 καί
2241 3453 2360 3524 περὶ
2407 3458 2505 3504 τῶν
2533 3449 2624 3504 δύο
2652 3457 2873 3522 φυσικῶν
2905 3448 3156 3524 ἐνεργειῶν
3181 3456 3271 3505 τοῦ
3299 3455 3522 3518 Χριστοῦ

1930 3538 2118 3595 δίδοται
2165 3545 2408 3604 νοεῖσθαι,
2440 3540 2631 3596 ὁπόταν
2663 3543 2706 3594 οἱ
2755 3543 2902 3595 αὐτοὶ
2947 3542 3224 3612 σεϐάσμιοι
3282 3543 3500 3613 Πατέρες

1928 3638 2020 3702 μιᾷ
2048 3631 2234 3703 ἑκάστῃ
2262 3640 2322 3706 τῇ
2350 3627 2575 3702 Χριστοῦ
2624 3628 2773 3702 φύσει
2802 3637 2891 3690 τήν
2921 3630 3049 3686 ἰδίαν
3080 3632 3325 3704 ἐνέργειαν
3355 3651 3524 3702 προσ-

1929 3730 2212 3804 εκῦρωσαν.
2242 3724 2384 3780 Ὀθεν
2415 3726 2440 3780 6
2489 3725 2629 3797 ἅγιος
2657 3727 2866 3800 Ἱλάριος
2893 3725 2917 3780 6
2945 3734 3036 3786 τῆς
3066 3726 3299 3785 ἀληθείας
3327 3725 3518 3793 ἐξοχὼἀ

1930 3839 2085 3878 τατος
2112 3817 2374 3877 ἐκδικητης
2401 3817 2448 3869 ἐν
2476 3823 2548 3887 τῷ
2571 3817 2754 3884 ἐννάτῳ
2782 3817 2913 3888 λόγῳ
2959 3818 3079 3892 περὶ
3117 3818 3341 3875 πίστεως
3386 3814 3525 3868 κατὰ

1929 3916 2190 3989 ’Λρειανῶν
2221 3912 2380 3972 οὕτως
2411 3914 2544 3979 ἡμᾶς
2574 3914 2878 3983 κατήλετισεν
2901 3925 2915 3939 ⁸
2942 3908 3158 3978 Ἐτέχθη
3185 3910 3352 3962 τοίνυν
3380 3904 3406 3959 6
3432 3927 3527 3977 μσ-

1926 4009 2125 4076 νογενής
2153 4005 2275 4063 Θεὸς
2306 4005 2360 4057 ἐκ
2423 4003 2673 4077 Παρθένου
2705 3998 2999 4077 ἅνθρωπος,
3029 4004 3113 4055 καί
3141 4001 3271 4056 κατὰ
3318 3999 3376 4053 τό
3400 4000 3528 4058 πλήδ

1927 4116 2076 4170 ρωμα
2119 4102 2217 4150 τῶν
2273 4095 2470 4171 χρόνων
2499 4134 2513 4153 .
2546 4097 2595 4147 ἐν
2646 4095 2812 4164 ἑαυτῷ
2859 4093 3047 4161 μέλλων
3091 4091 3413 4163 προάγεσθαι
3453 4092 3526 4148 εἰς

1929 4187 2048 4240 Θεὸν
2078 4187 2158 4241 τόν
2190 4183 2470 4260 ἄνθρωπον,
2501 4191 2682 4240 τοῦτον
2724 4186 2855 4240 κατὰ
2881 4186 3048 4239 πάντα
3092 4183 3175 4237 τὸν
3219 4183 3404 4258 τρόπον
3433 4186 3525 4235 τοῦ

1930 4279 2249 4350 εὐαγγελικοῦ
2296 4278 2449 4350 λόγου
2481 4280 2792 4351 ἐκράτησεν,
2843 4275 2980 4338 ὅπως
3025 4277 3201 4330 ἑαυτὸν
3242 4276 3351 4328 Υίὸν
3397 4280 3525 4328 Θεοῦ

1928 4369 2268 4424 πιστεύεσθαι
2298 4367 2494 4442 διδάξῃ,
2511 4371 2578 4428 ὡς
2615 4371 2880 4443 ἀνθρώπου
2910 4368 3018 4421 Υίόν
3037 4366 3376 4439 κηρύττεσθαι
3395 4365 3527 4417 61:0-

1930 4463 2126 4530 μνήση’
2170 4457 2328 4510 λαλῶν
2376 4463 2462 4511 καί
2498 4457 2739 4530 πράττων
2794 4455 2819 4508 6
2849 4453 3113 4528 ἅνθρωπος
3144 4452 3257 4523 [καὶ
3282 4454 3526 4524 πράττων

1858 4546 2232 4645 ῡᾶνθρωπος]
2273 4548 2476 4602 ἅπαντα
2533 4551 2600 4601 τά
2656 4553 2747 4602 τοῦ
2795 4553 2924 4600 Θεοῦ
2951 4585 2964 4608 ,
2999 4540 3108 4599 εἶτα
3159 4544 3522 4616 φθεγγόμενος,

1935 4644 2022 4692 καὶ
2049 4643 2287 4713 πράττων
2317 4639 2343 4693 6
2388 4641 2510 4698 Θεὸς
2539 4637 2660 4704 [καὶ
2684 4640 2924 4712 πράττων
2965 4632 3124 4704 Θεὸς]
3153 4635 3350 4692 ἅπαντα
3391 4636 3525 4713 άπερ

1934 4734 2058 4784 εἰσὶν
2090 4731 2378 4803 ἀνθρώπου.
2419 4728 2570 4782 Οὕτω
2626 4730 2823 4799 μέντοι,
2850 4728 2930 4781 ἵνα
2975 4728 3024 4781 ἕν
3051 4729 3194 4799 αὐτῷ
3220 4733 3310 4782 τοῦ
3356 4727 3528 4782 ἐκατέ-

1931 4841 2026 4896 ρου
2084 4823 2260 4894 γένους
2300 4830 2370 4891 τῷ
2423 4821 2578 4892 λόγῳ,
2626 4817 2904 4888 μηδέποτε
2948 4822 3085 4889 είμή
3124 4820 3254 4889 μετὰ
3297 4827 3389 4880 τῆς
3431 4830 3527 4877 ση-
3581 4881 3586 4886 _

1933 4914 2125 4983 μασίας
2174 4915 2254 4966 καί
2312 4912 2576 4987 ἀνθρώπου
2619 4909 2644 4964 6
2683 4910 2843 4964 λαλῶν
2900 4913 2988 4964 καί
3041 4916 3169 4964 Θεοῦ
3225 4907 3336 4968 εἴη’
3386 4912 3520 4964 ὥστε

1935 5004 2126 5062 άληθῶς
2171 5002 2262 5057 δύο
2300 5004 2522 5057 νοεῖσθαι
2571 5002 2664 5070 τάς
2689 4998 2892 5074 φύσεις.
2920 4998 3189 5060 Ὠσαπὶτως
3221 5000 3274 5053 ἐκ
3316 5006 3408 5055 τοῦ
3434 5001 3526 5054 αὖε

1934 5091 2025 5148 τοῦ
2053 5095 2162 5164 μετ’
2194 5096 2356 5166 ὀλίγοιο
2388 5090 2527 5152 Εἶδες
2560 5087 2662 5168 ἆρα
2689 5093 2822 5148 οὕτω
2850 5095 2970 5146 Θεὸν
3009 5096 3089 5147 καί
3135 5090 3392 5168 ἄνθρωπον
3430 5113 3524 5148 κη-

1935 5190 2241 5263 ρύττεσθαι,
2284 5188 2366 5240 ἶνα
2393 5185 2417 5240 6
2457 5189 2666 5245 θάνατος
2692 5194 2767 5256 ¹τῷ
2794 5187 3073 5255 ἀνθρώπῳ,
3111 5182 3257 5253 τῷδέ
3294 5189 3402 5249 Θεῷ
3433 5189 3525 5239 τῆς

1938 5283 2125 5354 σαρκός
2167 5285 2198 5337 ἠ
2247 5277 2449 5354 ἔγερσις
2493 5281 2840 5356 προσνεμηθῄ;
2882 5275 3051 5347 Ὀμως
3090 5277 3191 5344 οὐχ
3241 5275 3322 5328 ’ἱνα
3360 5269 3520 5333 ἄλλως

1937 5370 2044 5436 εἴη,
2101 5370 2166 5426 δι’
2198 5368 2253 5425 οὗ
2296 5371 2321 5425 6
2359 5372 2530 5448 νεκρός
2589 5373 2887 5427 άνίσταται’
2930 5375 2960 5428 ἡ
3026 5368 3358 5422 σκυλευθιῖσα
3420 5369 3524 5439 γάρ

1936 5460 2154 5538 [ἄλλοςῇ
2187 5465 2378 5528 θανὼν,
2409 5466 2494 5517 καί
2532 5460 2677 5523 ἄλλος
2705 5461 2769 5518 δι’
2815 5458 2873 5516 οὗ
2905 5460 2930 5515 6
2969 5459 3138 5535 νεκρός
3175 5458 3470 5524 ἀνίσταται,
3493 5461 3524 5516 ἦ

1934 5557 2255 5629 γυμνωθεῖσα
2293 5559 2394 5628 γὰρ
2437 5570 2500 5607 ex
2545 5554 2632 5624 L.]
2670 5555 2800 5626 σὰρξ
2847 5551 2872 5607 6
2913 5552 3287 5626 Xpta'ro'rr'a'ﬂ
3325 5547 3522 5623 νεκρός.

1935 5649 2026 5700 Καὶ
2063 5645 2208 5700 πάλιν
2234 5686 2248 5710 ,
2277 5644 2302 5699 6
2327 5646 2410 5700 τόν
2438 5646 2651 5720 Χριστόν
2692 5646 2748 5698 ἐκ
2787 5649 2975 5713 νεκρῶν
3013 5639 3345 5714 ἐξεγείραενοὸ
3369 5641 3524 5700 αὐτὸς

1935 5737 2154 5809 Χριστός
2181 5739 2321 5792 ἐστιν
2368 5736 2394 5791 ὁ
2424 5741 2516 5795 τήν
2543 5736 2709 5809 σάρκα
2757 5734 3086 5803 ἀποθέμενος.
3121 5737 3226 5792 Τήν
3263 5734 3411 5803 φύσιν
3431 5741 3520 5787 τον

1938 5836 2064 5885 Θεοῦ
2106 5830 2152 5883 ἓν
2175 5837 2234 5900 τῇ
2280 5827 2486 5901 δυνάμει
2524 5836 2616 5888 τῆς
2649 5828 2980 5889 ἀναστάσεως
3025 5827 3228 5891 νόησον,
3257 5830 3346 5884 τήν
3386 5829 3491 5880 οἰκο
