4016 6354
178 437 201 494 1
222 436 315 495 193
1622 431 1997 492 ΕΡΙΞΤΟΙΑΕ.
3305 434 3325 490 1
3350 436 3439 491 Tf‘i

177 564 374 623 quanta
408 554 650 615 humanae
674 552 791 622 ejus
810 559 866 609 et
891 552 1089 608 divina:
1110 552 1407 623 operationi
1429 563 1751 623 congruunt,
1781 602 1791 619 ι

1905 552 2002 606 ιιτά
2030 567 2085 603 τε
2114 546 2192 603 καί
2219 548 2470 622 ἓξαίρετα.
2495 548 2702 607 Τούτοις
2727 546 2822 625 γὰρ
2850 545 2874 602 ό
2907 552 3075 623 Πατήρ
3111 551 3192 605 καί
3214 551 3271 605 τό
3295 558 3448 605 Πνεῦ-

180 637 446 713 praecipua
476 659 538 699 ac
568 644 885 714 piobabilia.
920 645 1011 699 liis
1053 660 1281 714 namque
1311 644 1466 699 Pater
1505 656 1559 698 et
1590 643 1758 711 Spiri-

179 746 260 789 tus
310 735 457 790 nulla
510 735 721 788 ratione
747 736 1180 801 communicant,
1236 735 1333 786 nisi
1378 734 1496 799 quis
1542 733 1761 798 dixerit,

1867 666 1940 711 μα
1973 642 2083 698 κατ’
2117 640 2297 697 οὐδένα
2327 646 2646 701 κεκοινώνηκε
2690 643 2853 715 λόγον,
2900 645 2944 697 εἰ
3000 650 3170 714 μήπου
3217 666 3295 705 τις
3330 650 3448 716 φαίη

1864 735 1995 789 κατά
2022 742 2111 792 τὴν
2154 735 2483 809 ἀγαθοπρεπῆ
2512 738 2596 789 καί
2656 736 2999 811 φιλάνθρωπον
3046 737 3317 806 βούλησιν,
3369 742 3454 793 καί

176 826 471 879 secundum
506 824 940 892 benignissimam
989 835 1041 878 et
1080 824 1478 879 misericordem
1512 824 1764 877 volunta-

1905 830 1994 883 ιιτά
2022 833 2194 884 πᾶσαν
2228 834 2318 886 τήν
2361 829 2720 902 ὑπερκειμένην
2755 832 2837 883 καί
2883 826 3105 901 ἀῤῥητον
3147 831 3412 903 θεουργίαν
3433 871 3451 897 ,

178 928 304 980 tein,
333 927 389 971 et
412 932 505 985 per
534 931 748 971 omnem
779 915 1214 970 sublimissimam
1242 925 1292 969 et
1318 915 1638 970 ineffabilem
1669 914 1765 969 Dei

1905 944 1925 974 ν
1956 918 2086 994 ἕδρα
2122 922 2207 975 καί
2236 919 2340 975 καθ’
2362 922 2497 991 ἡμᾶς
2522 924 2737 994 γεγονὼς
2762 919 2789 976 ό
2819 921 3147 982 ἀναλλοίωτος
3197 923 3322 981 Θεὸς
3371 922 3456 976 καὶ

176 1009 745 1077 operationem,quam
769 1020 1021 1077 operatus
1052 1019 1133 1063 est
1161 1009 1455 1063 secundum
1482 1024 1578 1063 nos
1601 1009 1769 1063 factus
1866 1018 1996 1070 Θεοῦ
2026 1012 2205 1083 Λόγος.

178 1102 649 1167 incommutabilis,
683 1117 748 1156 eo
771 1102 909 1170 quod
934 1102 1077 1155 Deus
1107 1112 1159 1156 et
1185 1102 1275 1156 Dei
1312 1102 1562 1155 Verbum.
1939 1162 1955 1170 _
2041 1163 2061 1170 _
2206 1108 2227 1170 _‘

245 1191 476 1246 Sancltts
503 1194 847 1258 Ambrosius,
879 1192 976 1247 lib.
1010 1209 1045 1247 ιι
1073 1193 1139 1246 ad
1174 1193 1485 1247 Gratianum
1529 1192 1772 1259 impera-

176 1292 347 1335 torem
377 1300 389 1334 :
418 1282 663 1351 Equalis
690 1298 818 1352 ergo
844 1284 896 1337 iit
938 1285 1027 1338 Dei
1060 1280 1264 1348 forma,
1291 1284 1464 1337 minor
1500 1284 1552 1337 in
1587 1297 1771 1337 susce—

180 1374 360 1438 ptione
412 1376 588 1427 carnis
638 1382 690 1428 et
737 1374 971 1428 hominis
1015 1376 1280 1443 passione.
1333 1374 1463 1429 Nam
1506 1373 1773 1442 quomodo

179 1465 427 1517 eamdem
460 1464 629 1533 possit
660 1467 835 1518 minor
864 1480 986 1519 esse
1015 1469 1343 1535 aequalisque
1373 1467 1598 1519 natura?
1629 1466 1775 1532 Quo-

1939 1162 1998 1219 Ὀ
2030 1163 2173 1237 ἅγιος
2206 1148 2514 1240 ’Λμϐρόσιος
2552 1164 2654 1220 ἀπὸ
2692 1170 2779 1219 τοῦ
2831 1162 3072 1240 δευτέρου
3129 1163 3283 1237 λόγου
3331 1164 3460 1241 πρὸς

1872 1260 2141 1333 Γρατιανὸν
2163 1246 2245 1313 τὸν
2272 1259 2517 1328 βασιλέα’
2546 1269 2603 1311 ‘0
2633 1252 2718 1311 οὖν
2748 1256 2862 1317 ἴσος
2890 1260 2940 1312 ἐν
2962 1266 3126 1333 μορφῇ
3152 1264 3302 1321 Θεοῦ,
3321 1257 3461 1311 ἔλατ·

1872 1373 1973 1406 των
2004 1353 2051 1404 ἐν
2084 1358 2146 1417 τῇ
2174 1351 2462 1424 προσλήψει
2490 1358 2579 1411 τῆς
2617 1352 2837 1425 σαρκὸς,
2868 1354 2953 1404 καί
2980 1358 3070 1404 τοῦ
3099 1352 3362 1425 ἀνθρώπου
3389 1355 3465 1421 τῷ

1872 1442 2043 1497 πάθει.
2082 1451 2187 1503 Πῶς
2216 1445 2316 1515 γὰρ
2347 1444 2376 1500 ή
2408 1444 2537 1499 αὐτή
2577 1443 2728 1513 φύσις
2777 1439 2984 1496 ἐδύνατο
3024 1443 3243 1495 ἐλάττων
3295 1437 3423 1495 εἶναι
3448 1480 3464 1499 .

182 1559 343 1610 modo
366 1566 546 1609 autem
577 1556 624 1609 si
649 1558 825 1610 minor
851 1566 972 1621 est,
1004 1557 1191 1610 eadem
1226 1557 1351 1611 facit
1380 1558 1629 1611 similiter
1660 1571 1777 1623 qua:

184 1648 343 1702 l’ater
393 1646 559 1702 facit?
605 1649 735 1703 Nam
786 1648 1235 1718 quemadmodum
1292 1650 1477 1702 eadem
1532 1648 1776 1716 operatio

180 1740 409 1794 diversa:
459 1749 541 1793 est
588 1741 901 1808 potestatis,
959 1741 1196 1809 nunquid
1246 1739 1323 1794 sic
1364 1749 1538 1808 potest
1582 1740 1777 1803 minor,

181 1837 635 1903 quemadmodum
668 1838 840 1905 major
881 1838 1134 1907 operari?
1163 1849 1249 1891 aut
1281 1852 1380 1890 una
1414 1835 1651 1904 operatio
1684 1850 1777 1902 po-

1876 1538 1959 1587 κκί
2002 1532 2125 1598 ian;
2174 1541 2281 1593 Πῶς
2337 1533 2388 1587 δὲ
2439 1534 2524 1587 έάν
2573 1534 2790 1586 ἐλάττων
2832 1535 2980 1597 ἐστὶ,
3036 1537 3103 1588 τὰ
3150 1535 3281 1587 αὐτὰ
3330 1540 3467 1587 ποιεῖ

1877 1625 2086 1695 ὁμοίως,
2124 1624 2254 1696 ἅπερ
2294 1624 2319 1679 ὁ
2375 1630 2541 1698 Πατήρ
2580 1632 2714 1679 ποιεῖ
2736 1640 2751 1689 ;
2782 1628 2873 1677 Καὶ
2906 1626 3005 1697 γάρ
3048 1629 3157 1678 τίνα
3210 1622 3397 1701 τρόπον
3438 1625 3469 1681 ἡ

1878 1723 2009 1777 αῦτη
2059 1721 2280 1793 ἐνέργεια
2326 1718 2565 1793 διαφόρου
2614 1722 2725 1774 ἐστὶ
2786 1720 3084 1790 δυνάμεωςς
3130 1724 3285 1779 Μήτοι
3335 1720 3471 1775 οὕτω

1880 1800 2088 1862 δύναται
2138 1811 2349 1884 ἐνεργεῖν
2386 1810 2411 1863 ό
2442 1813 2603 1868 ἥττων
2624 1851 2637 1871 ,
2670 1808 2772 1864 καθ’
2819 1808 2871 1865 ὃν
2916 1810 3107 1885 τρόπον
3137 1810 3161 1864 ὀ
3192 1816 3410 1882 μείζων;
3440 1816 3471 1869 ἠ

184 1938 287 1982 test
320 1943 477 1995 esse,
522 1930 608 1983 ubi
648 1929 858 1984 diversa
904 1929 1203 1984 substantia
1235 1929 1352 1984 est?
1385 1930 1562 1996 Itaque
1596 1929 1777 1996 accipe

1905 1903 1973 1954 ιία
2003 1902 2223 1974 ἐνέργεια
2261 1900 2471 1955 δύναται
2504 1899 2633 1955 εἶναι
2657 1942 2672 1966 ,
2714 1900 2843 1957 ὃπου
2874 1899 3109 1975 διάφορος
3135 1903 3289 1957 ούσία
3326 1902 3470 1967 iuri;

181 2018 482 2088 Christum,
502 2022 796 2075 secundum
821 2021 1178 2085 divinitatem,
1203 2021 1463 2076 minorem
1489 2035 1593 2074 non
1625 2033 1782 2088 posse

185 2108 314 2163 dici.

189 2198 273 2253 Ea:
302 2208 440 2255 tomo
467 2200 590 2269 ﬁdei
615 2201 779 2255 sancti
826 2200 1007 2272 Leonis
1062 2200 1311 2255 Romanae
1339 2200 1578 2256 Ecclesia!
1602 2201 1783 2272 ponti-

258 2273 397 2339 ﬁcis,
446 2276 513 2324 ad
553 2285 786 2326 sanctum
842 2270 1149 2327 Flavianum
1178 2288 1470 2343 episc0pum
1514 2284 1559 2326 et
1588 2270 1786 2341 confes-

262 2358 454 2396 εοτεηι.

262 2434 390 2501 Agit
428 2419 576 2505 enim
625 2442 847 2504 utraque
897 2436 1067 2489 forma
1114 2449 1235 2489 cum
1276 2434 1497 2489 alterius
1538 2447 1788 2489 commu-

197 2525 362 2578 nione
406 2526 546 2593 quod
598 2527 873 2594 proprium
901 2539 1003 2591 εει,
1050 2526 1225 2581 Verbo
1272 2528 1480 2582 scilicet
1526 2537 1784 2596 cperante

192 2616 336 2685 quod
381 2614 541 2670 Verbi
564 2626 668 2679 est,
698 2626 753 2670 et
796 2630 957 2671 carne
986 2627 1287 2685 exequente
1318 2617 1457 2686 quod
1480 2618 1660 2671 carnis
1685 2629 1786 2672 est.

198 2706 379 2761 Unum
430 2710 618 2761 horum
672 2720 923 2763 coruscat
972 2709 1268 2774 miraculis,
1317 2709 1461 2764 aliud
1489 2704 1794 2763 succumhit

200 2799 433 2865 injuriis.
467 2797 534 2853 Et
554 2800 692 2855 sicut
715 2800 951 2856 Verbum
983 2802 1050 2855 ab
1078 2800 1384 2869 aequalitate
1414 2810 1646 2868 paternae
1676 2800 1793 2869 glo-

199 2891 295 2944 ria:
318 2906 429 2945 non
462 2892 689 2958 recedit,
718 2893 791 2947 ita
818 2907 945 2949 caro
970 2902 1215 2949 naturam
1248 2894 1416 2949 nostri
1442 2894 1658 2963 generis
1684 2907 1789 2947 non

205 2984 479 3053 relinquit.

203 3152 459 3227 Ejusdem
482 3157 545 3212 de
573 3157 786 3226 epistola
822 3160 891 3215 ad
918 3159 1143 3216 Leonem
1182 3160 1541 3232 imperatorem
1569 3161 1789 3217 directa.

276 3311 431 3367 Licet
457 3327 586 3383 ergo
616 3314 667 3367 in
698 3328 802 3368 uno
852 3313 1077 3369 Domino
1106 3313 1231 3368 Jesu
1260 3312 1495 3380 Christo,
1524 3327 1649 3369 vero
1695 3312 1791 3369 Dei

206 3415 367 3474 atque
410 3403 642 3458 hominis
689 3405 851 3472 Filio,
905 3406 1056 3460 Verbi
1103 3416 1158 3461 et
1209 3406 1384 3460 carnis
1436 3421 1537 3460 una
1570 3420 1795 3475 persona

208 3498 297 3559 sit,
323 3512 447 3566 qua
478 3498 908 3564 inseparabiliter
935 3507 1093 3567 atque
1116 3498 1343 3553 indivise
1363 3513 1676 3553 communes
1699 3498 1796 3551 ha-

210 3588 300 3645 bet
321 3590 585 3654 actiones,
615 3590 978 3659 intelligendaa
1012 3601 1187 3644 tamen
1228 3600 1352 3644 sunt
1408 3590 1644 3659 ipsorum
1670 3605 1796 3660 ope—

209 3697 326 3736 rum
351 3684 658 3751 qualitates,
692 3694 746 3737 et
773 3685 997 3738 sincera:
1030 3684 1149 3738 ﬁdei
1194 3686 1645 3753 contemplatione
1671 3698 1800 3739 cer-

211 3772 446 3825 nendum
471 3786 575 3837 est,
608 3772 673 3827 ad
702 3789 821 3843 qua:
851 3776 1179 3844 provehatur
1207 3775 1479 3828 humilitas
1509 3776 1706 3842 carnis,
1745 3784 1800 3830 et

210 3866 275 3918 ad
307 3880 428 3933 quae
480 3866 766 3921 inclinetur
811 3867 1034 3922 altitudo
1091 3867 1347 3924 deitatis:
1386 3868 1510 3939 quid
1560 3869 1627 3923 sit
1657 3868 1797 3937 quod

211 3970 342 4012 caro
372 3958 491 4012 sine
520 3957 693 4014 Verbo
720 3975 823 4013 non
851 3961 980 4031 agit,
1004 3968 1062 4016 et
1101 3960 1224 4029 quid
1274 3960 1345 4016 sit
1397 3960 1536 4031 quod
1568 3960 1799 4017 Verbum

212 4050 330 4106 sine
349 4066 514 4106 carne
542 4066 647 4107 non
677 4053 865 4109 efﬁcit.

249 4314 519 4371 .Sanctus
560 4314 853 4386 Gregorius
896 4316 1178 4386 episcopus
1226 4316 1501 4389 Nyssenns
1550 4315 1603 4371 in
1645 4315 1741 4372 lib.
1768 4330 1802 4372 v

217 4418 406 4463 contra
436 4410 757 4468 Eunomium
780 4410 1087 4464 haeretieum
1108 4408 1284 4479 (Libro
1314 4425 1367 4464 tn
1395 4411 1456 4463 de
1476 4408 1797 4479 Beatitud.):

218 4499 477 4571 Jejunans
531 4511 712 4557 autem
769 4502 1119 4570 quadraginta
1180 4503 1295 4557 dies
1353 4511 1535 4570 postea
1592 4502 1797 4557 esuriit.

1816 3273 1865 3338 (Ξ

1885 1998 2057 2048 Τοίνυν
2102 1994 2221 2048 λάϐε
2254 1998 2339 2049 τὸν
2390 1998 2606 2071 Χριστόν
2646 1999 2772 2051 κατὰ
2802 2000 2890 2054 τὴν
2940 1995 3158 2053 θεότητα
3204 2000 3275 2066 μή
3324 1992 3475 2050 δύνω-

1884 2088 2003 2140 σθαι
2046 2085 2305 2140 ἐλάττονα
2334 2088 2582 2158 λέγεσθαι.

1885 2178 1969 2231 Ἐκ
1993 2186 2083 2232 τοῦ
2115 2180 2277 2248 τόμον
2315 2188 2403 2237 τῆς
2449 2183 2671 2237 πίστεως
2702 2182 2793 2232 τοῦ
2828 2177 2976 2249 ἁγίου
3017 2178 3227 2239 Λέοντος
3249 2182 3339 2232 τοῦ
3377 2184 3479 2231 τῶν

1958 2253 2208 2317 Ῥωμαίων
2260 2251 2567 2323 ἀρχιερέως,
2594 2255 2693 2323 ,τοῦ
2729 2251 2861 2323 πρὸς
2904 2250 2989 2303 τόν
3026 2252 3164 2321 ἅγιον
3206 2249 3478 2303 ψλαϐιανόν

1958 2322 2045 2373 τὸν
2076 2320 2347 2374 ἐπίσκοπον
2384 2324 2468 2373 καί
2499 2320 2828 2391 ὁμολογητὼ.

1959 2412 2187 2486 Ἐνεργεί
2246 2412 2371 2486 γὰρ·
2412 2413 2624 2486 ἑκατέρα
2690 2416 2853 2488 μορφή
2924 2413 3056 2483 μετά
3113 2418 3203 2469 τῆς
3262 2412 3475 2489 θατέρου

1889 2510 2166 2568 κοινωνίας,
2204 2504 2331 2580 ὅπερ
2388 2504 2514 2560 ἴδιον
2559 2505 2776 2575 ἔσχηκε,
2806 2512 2897 2559 τοῦ
2948 2509 3036 2575 μὲν
3075 2507 3238 2577 Λόγου
3298 2526 3478 2580 κατερ-

1891 2597 2168 2668 γαζομένου
2205 2603 2379 2659 τοῦτο,
2401 2595 2545 2670 ’ὅπερ
2585 2599 2699 2650 ἐστί
2739 2602 2830 2649 τοῦ
2867 2596 3055 2666 Λόγου,
3098 2604 3189 2651 τοῦ
3216 2594 3270 2650 δὶ
3307 2600 3481 2667 σώμαι

1891 2707 1979 2746 τος
2031 2680 2391 2749 έκτελοῦντος,
2417 2684 2542 2759 ὅπερ
2582 2687 2694 2741 έστί
2726 2692 2819 2740 τοῦ
2860 2689 3122 2755 σώματος.
3163 2690 3255 2741 Καὶ
3287 2690 3346 2742 τό
3393 2691 3485 2757 μὲν

1894 2780 2055 2835 αὐτῶν
2110 2777 2385 2849 διαλάμπει
2427 2787 2535 2838 τοῖς
2592 2779 2850 2847 θαύμασι,
2892 2780 2950 2833 τό
2998 2776 3051 2832 δὲ
3105 2787 3221 2840 ταῖς
3275 2780 3486 2851 ὕϐρεσιν

1892 2871 2247 2927 ύποπέπτωκε.
2294 2874 2385 2925 Καὶ
2429 2867 2657 2943 καθάπερ
2706 2870 2732 2924 ὁ
2771 2871 2929 2941 Λόγος
2968 2870 3071 2922 ἀπὸ
3104 2876 3196 2930 τῆς
3248 2870 3483 2929 ἰσότητος

1893 2974 1983 3025 τῆς
2013 2972 2105 3019 τοῦ
2144 2967 2341 3041 Πατρός
2375 2965 2523 3030 δόξης
2559 2966 2693 3019 ἐστίν
2725 2966 3040 3040 ἀχὼριστος,
3068 2963 3201 3019 οὕτω
3240 2964 3299 3020 τὸ
3332 2969 3486 3033 σῶμα

1894 3062 1984 3117 τήν
2012 3056 2161 3129 φύσιν
2191 3064 2279 3114 τοῦ
2317 3059 2563 3132 ἡμετέρου
2605 3060 2772 3131 γένους
2806 3058 2895 3111 ουκ
2923 3057 3267 3113 ἀπολέλοιπεν.

1891 3158 1992 3205 Τοῦ
2041 3153 2202 3206 αὐτοῦ
2259 3152 2363 3207 ἀπὸ
2414 3159 2506 3227 τῆς
2562 3148 2829 3227 ἔπιστολῇς
2876 3160 2967 3227 τῆς
3021 3152 3297 3212 σταλείσης
3351 3152 3489 3227 πρὸς

2400 3224 2594 3279 Λέοντα
2626 3224 2709 3279 τὸν
2752 3223 2989 3294 βασιλέα.

1968 3311 2027 3365 Εἰ
2088 3314 2173 3367 καί
2233 3313 2299 3368 τά
2362 3313 2586 3383 μάλιστα
2640 3314 2688 3366 έν
2746 3319 2821 3383 τῷ
2883 3312 2953 3366 ένί
3021 3314 3251 3386 Δεσπότῃ
3316 3312 3488 3372 Ἰησοῦ

1898 3400 2104 3475 Χριστῷ
2152 3412 2224 3478 τῷ
2255 3406 2428 3463 ἀληθεῖ
2475 3410 2566 3459 τοῦ
2619 3411 2745 3459 Θεοῦ
2794 3407 2877 3460 καί
2923 3412 3015 3460 τοῦ
3056 3407 3320 3479 ἀνθρώπου
3363 3407 3488 3474 rio,

1899 3501 1991 3549 τοῦ
2029 3515 2081 3550 τε
2126 3498 2291 3568 Λόγου
2332 3500 2413 3551 καί
2448 3505 2539 3556 τῆς
2583 3498 2777 3571 σαρκός
2802 3495 2852 3549 ἓν
2899 3497 3135 3570 ὑπάρχει
3177 3497 3237 3550 τό
3282 3496 3492 3566 πρόσω·-

1900 3608 2011 3649 πον.
2075 3586 2202 3660 ὅπερ
2260 3590 2577 3660 ἀχωρίστως
2633 3592 2720 3643 καί
2776 3586 3075 3660 ἀδιαιρέτως
3144 3591 3311 3646 κοινὰς
3375 3583 3490 3658 εἶχε

1900 3681 1993 3738 τὰς
2046 3680 2275 3752 πράξεις,
2325 3677 2403 3733 δεῖ
2452 3687 2573 3734 νοεῖν
2627 3677 2763 3749 ὅμως
2806 3682 2970 3734 αὐτῶν
3028 3686 3129 3733 τῶν
3192 3678 3357 3754 ἔργων
3399 3682 3494 3741 τὰς

1902 3771 2195 3833 ποιότητας,
2248 3775 2329 3826 καί
2390 3781 2452 3847 τῇ
2524 3776 2827 3830 κατανοήσιι
2894 3780 2987 3832 τῆς
3046 3772 3343 3844 εἰλικρινοῦς
3398 3776 3490 3826 πί-

1903 3883 2067 3925 στεως
2128 3861 2208 3919 δεῖ
2264 3867 2511 3935 καθορᾴν,
2578 3867 2664 3919 ἐπί
2718 3871 2845 3919 ποῖα
2907 3866 2997 3934 μὲν
3060 3866 3091 3922 ἦ
3150 3871 3242 3924 τῆς
3298 3866 3495 3939 σαρκὸς

1901 3960 2182 4033 προάγεται
2222 3960 2544 4019 ταπεινότης,
2581 3957 2665 4010 ἐπὶ
2706 3964 2832 4010 ποῖα
2885 3951 2937 4010 δέ
2990 3956 3051 4011 τὸ
3099 3953 3234 4025 ὕψος
3265 3963 3357 4015 τῆς
3387 3956 3496 4009 θεόο

1901 4068 2053 4108 τητος
2083 4048 2402 4103 έπικλίνεται.
2446 4049 2535 4101 Καί
2568 4050 2621 4101 τί
2657 4048 2751 4119 μίν
2793 4048 2952 4111 ἔστιν,
2996 4043 3123 4120 ὅπερ
3171 4049 3202 4105 ἡ
3246 4047 3377 4119 σὰρξ
3433 4048 3494 4099 ού

1904 4141 2120 4214 πράττει
2166 4137 2297 4209 δίχα
2343 4146 2434 4195 τοῦ
2476 4139 2662 4211 Λόγων
2704 4142 2792 4194 καί
2840 4142 2892 4195 τί
2937 4136 3247 4213 έστιν,ό’πιρ
3282 4137 3309 4192 ὁ
3337 4137 3499 4210 Δόγος

1906 4232 2073 4304 χωρὶς
2105 4237 2197 4290 τῆς
2245 4234 2434 4303 σαρκός
2473 4230 2560 4284 οὐκ
2593 4230 2856 4285 ἀποτελεῖ.

1974 4321 2032 4375 Ὀ
2092 4320 2235 4394 ἅγιος
2297 4321 2571 4399 Γρηγόριος
2617 4320 2644 4376 ό
2701 4324 2977 4379 ἐπίσκοπος
3034 4320 3242 4379 Νύσσης
3292 4318 3343 4372 έν
3414 4324 3488 4387 τῷ

1905 4402 2135 4492 τετάρτῳ
2186 4416 2318 4487 λόγῳ
2354 4424 2446 4476 τῆς
2490 4416 2752 4490 ἑρμηνείας
2801 4422 2899 4467 τῶν
2946 4419 3304 4486 μακαρισμῶν’
3339 4411 3495 4465 ’Δπόο

1906 4531 2049 4572 σιτος
2113 4512 2208 4588 γὰρ
2265 4513 2645 4585 τεσσαράκοντα
2711 4511 2901 4583 ἡμέρας
2953 4508 3233 4579 διαμείνας,
3274 4508 3492 4583 ὕστερον

223 4591 379 4647 Dedit
429 4593 597 4663 enim,
649 4592 864 4662 quando
904 4594 1089 4660 voluit,
1123 4603 1324 4656 naturae
1354 4605 1562 4663 tempus
1591 4595 1791 4664 prepria

1908 4603 2164 4658 ἰπείνασε.
2205 4601 2392 4657 Δέδωκε
2430 4605 2548 4678 γάρ,
2588 4600 2671 4656 ὅτε
2722 4602 2989 4666 ἠϐουλήθη,
3034 4610 3096 4675 τῇ
3143 4603 3293 4674 φύσει
3326 4605 3493 4678 καιρόν

220 4698 454 4753 operari.

222 4795 410 4850 Sancti
430 4793 619 4867 Cyr-illi
646 4794 975 4851 Alexandria:
1002 4794 1224 4866 episwpi
1246 4796 1309 4850 de
1349 4795 1479 4850 libro
1510 4794 1803 4851 Thesauro-

812 4883 946 4931 rnm,
974 4881 1089 4937 cup.
1121 4867 1211 4919 ‘26.

294 4959 437 5027 Ergo
462 4971 581 5027 qua
609 4956 722 5013 Deo
742 4957 999 5013 decenter
1024 4960 1162 5011 dicta
1189 4957 1270 5010 vel
1301 4964 1418 5011 acta
1451 4965 1595 5021 sunt,
1621 4966 1803 5013 osten-

221 5050 357 5104 dunt
396 5050 730 5106 Salvatorem
776 5049 1044 5104 Christum
1096 5048 1259 5103 Deum
1298 5067 1309 5101 :
1347 5060 1401 5103 et
1445 5051 1656 5113 iterum,
1688 5063 1805 5115 qua:

222 5142 518 5197 secundum
562 5142 832 5197 hominem
878 5143 1018 5197 dicta
1049 5143 1132 5196 vel
1167 5143 1301 5196 facta
1350 5153 1495 5207 sunt,
1522 5142 1809 5197 ostendunt

226 5235 493 5289 veraciter
523 5234 816 5288 hominem.
871 5234 996 5288 Haec
1044 5243 1129 5287 est
1175 5234 1320 5288 enim
1354 5233 1589 5305 mysterii
1619 5237 1803 5287 vlrtus.

232 5326 403 5380 Homo
434 5324 604 5378 factus
632 5336 716 5380 eat
740 5326 876 5378 Deus
910 5324 1162 5391 Verbum,
1196 5338 1298 5378 non
1329 5336 1380 5378 ut
1415 5325 1628 5387 iterum,
1669 5327 1808 5379 sicut

231 5415 374 5471 Deus
398 5424 525 5469 ante
556 5415 992 5470 bumanationem
1008 5418 1185 5469 omnia
1206 5426 1327 5486 agat
1350 5426 1403 5469 et
1429 5416 1690 5485 loquatur,
1711 5416 1805 5469 sed

230 5520 287 5561 ut
331 5511 531 5574 saepius
592 5519 806 5578 propter
853 5510 1161 5578 mysterium
1208 5508 1641 5578 dispensationis,
1689 5522 1808 5578 qum

230 5614 353 5652 cum
378 5612 545 5653 carne
564 5608 667 5661 est,
691 5610 745 5653 et
765 5600 901 5653 sicut
931 5600 1091 5653 homo
1118 5600 1256 5653 dicat
1285 5601 1478 5669 aliqua.
1513 5600 1657 5655 Hanc
1682 5615 1811 5671 ergo

234 5692 497 5757 habentes
514 5695 752 5761 mysterii
769 5696 1042 5760 virtutem,
1058 5692 1326 5762 quomodo
1344 5709 1446 5747 non
1470 5705 1550 5748 est
1572 5694 1809 5762 ineptum

232 5786 586 5841 scandalizari
613 5786 905 5849 auditores,
935 5799 1058 5840 cum
1108 5786 1304 5853 aliquid
1355 5783 1467 5857 [G.,
1504 5782 1808 5855 aliquando]

236 5874 487 5935 nt'homo
512 5875 792 5944 loquatur?
837 5874 1098 5943 Loquitur
1112 5876 1256 5930 enim
1285 5882 1344 5929 ut
1372 5877 1550 5939 homo,
1580 5874 1812 5946 loquitur

566 5970 837 6033 Ρετιοι.
882 5968 1269 6032 LXXXVII.

1911 4700 1981 4752 τά
2005 4698 2192 4755 ἑαυτῆς
2219 4698 2508 4771 ἐνεργῆσαι.

1911 4794 2010 4844 Τοῦ
2060 4786 2207 4858 ἁγίου
2259 4789 2496 4862 κυρίλλου
2552 4792 2644 4844 τοῦ
2690 4783 3062 4862 ’Δλεξανδρείας
3100 4786 3225 4862 Αάπὸ
3284 4793 3377 4844 τοῦ
3424 4785 3497 4841 κδ’

2162 4857 2433 4928 κεφαλαίου
2464 4865 2555 4914 τοῦ
2584 4865 2681 4915 τῶν
2721 4857 3005 4933 Θησαυρῶν
3029 4858 3248 4931 βιϐλίου.

1984 4949 2173 5003 Οὐκοῦν
2207 4951 2270 5005 τά
2309 4951 2600 5025 θεοπρεπῶς
2637 4951 2872 5025 εἰρημένα
2910 4969 2963 5003 τε
3005 4952 3091 5003 καί
3130 4949 3499 5025 πρεπραγμένα

1914 5040 2142 5097 δεικνῦσι
2178 5044 2261 5098 τὸν
2294 5052 2499 5117 Σωτῆρα
2544 5044 2684 5098 Θεὸν⁸
2736 5045 2819 5097 καί
2863 5044 3009 5096 πάλιν
3054 5045 3119 5097 τά
3170 5044 3495 5116 ἀνθρωπίνως

1914 5135 2148 5208 εἰρημένα
2206 5154 2259 5188 τε
2327 5137 2409 5187 καί
2476 5134 2709 5206 γεγονότα
2790 5132 3014 5188 δεικνῦσι
3074 5132 3202 5190 καὲά
3267 5133 3498 5188 ἀληθειαν

1906 5220 2193 5301 ⁷όίνθρωπον.
2241 5224 2375 5283 Δῦτη
2421 5229 2517 5301 γὰρ
2570 5228 2681 5281 ἐστι
2726 5231 2817 5280 τοῦ
2871 5226 3156 5298 μυστηρίου
3195 5226 3225 5280 ἡ
3264 5221 3494 5291 δύναμις-

1912 5313 2203 5393 ’Δνθρωπος
2252 5323 2447 5393 γέγονεν
2495 5320 2642 5376 ότοῦ
2679 5329 2805 5376 θεοῦ
2858 5323 3014 5394 Λόγος
3061 5322 3168 5389 οὐχ
3218 5319 3301 5373 ἵνα
3347 5318 3502 5372 πάλιν

1914 5411 1984 5470 ὡς
2034 5414 2157 5471 Θεὸς
2204 5413 2304 5488 πρὸ
2349 5421 2440 5472 τῆς
2490 5414 2911 5487 ἐνανθρωπήσεως
2954 5415 3122 5467 πάντα
3176 5414 3379 5485 πράττῃ
3415 5414 3503 5465 καί

1917 5502 2075 5575 λαλῇ,
2141 5502 2351 5556 ἀλλ’ἵνα
2422 5504 2655 5564 πολλάκις
2723 5507 2807 5559 καὶ
2868 5503 2951 5558 διὰ
3006 5508 3093 5561 τὴν
3164 5506 3348 5575 χρείαν
3410 5510 3501 5563 τῆς

1917 5595 2047 5661 μετά
2090 5596 2279 5669 σαρκὸς
2316 5598 2599 5667 οἰκονομίας
2648 5598 2729 5648 καί
2777 5598 2844 5655 ὡς
2894 5592 3157 5670 ἅνθρωπος
3204 5597 3321 5666 λέγῃ
3367 5595 3499 5649 τινά.

1917 5685 2115 5741 Ταύτην
2148 5682 2369 5755 ἔχοντας
2404 5684 2697 5756 [ἔχοντος]
2729 5693 2819 5739 τοῦ
2870 5687 3153 5759 μυστηρίου
3206 5690 3295 5742 τὴν
3344 5682 3503 5741 δύνα-

1921 5797 2029 5847 μιν,
2057 5784 2168 5839 πῶς
2222 5781 2314 5832 ουκ
2353 5775 2541 5833 ἄτοπον
2591 5774 3008 5839 σκανδαλίζεσθαι
3062 5780 3183 5837 τοὺς
3236 5778 3503 5849 ἀκροωμέο

1920 5898 2037 5938 νους
2083 5874 2523 5941 ἀνθοωπινῶτερον
2569 5870 2673 5926 ἴσθ’
2693 5868 2772 5925 ὅτε
2827 5870 3093 5931 λαλοῦντος
3137 5871 3326 5936 αύτοῦε
3351 5868 3507 5931 Ade!

2947 5962 3026 6023 38
