  <div class='ocr_page' id='page_1' title='image "/cluster/home/n/w/nwhite01/storage/ocr_20150623/87/hvd.32044015469471/617.png"; bbox 0 0 4016 6354; ppageno 0'>
   <div class='ocr_carea' id='block_1_1' title="bbox 459 378 598 455">
    <p class='ocr_par' dir='ltr' id='par_1_1' title="bbox 459 378 598 455">
     <span class='ocr_line' id='line_1_1' title="bbox 459 378 598 455; baseline -0.029 -2"><span class='ocrx_word' id='word_1_1' title='bbox 459 378 598 455; x_wconf 76' lang='lat' dir='ltr'><strong>ttoo</strong></span> 
     </span>
    </p>
   </div>
   <div class='ocr_carea' id='block_1_2' title="bbox 457 582 2044 678">
    <p class='ocr_par' dir='ltr' id='par_1_2' title="bbox 457 582 2044 678">
     <span class='ocr_line' id='line_1_2' title="bbox 457 582 2044 678; baseline -0.018 -10"><span class='ocrx_word' id='word_1_2' title='bbox 457 635 586 668; x_wconf 73' lang='grc' dir='ltr'>κτων</span> <span class='ocrx_word' id='word_1_3' title='bbox 621 611 670 664; x_wconf 79' lang='grc' dir='ltr'>ἐν</span> <span class='ocrx_word' id='word_1_4' title='bbox 713 605 812 678; x_wconf 69' lang='grc' dir='ltr'>ὅλῳ</span> <span class='ocrx_word' id='word_1_5' title='bbox 855 613 928 678; x_wconf 86' lang='grc' dir='ltr'><strong>τῷ</strong></span> <span class='ocrx_word' id='word_1_6' title='bbox 959 603 1132 675; x_wconf 82' lang='grc' dir='ltr'>κόσμῳ</span> <span class='ocrx_word' id='word_1_7' title='bbox 1162 598 1476 671; x_wconf 85' lang='grc' dir='ltr'>διαχυθεῐσα</span> <span class='ocrx_word' id='word_1_8' title='bbox 1516 595 1811 649; x_wconf 77' lang='grc' dir='ltr'>ἐπαινεῖται.</span> <span class='ocrx_word' id='word_1_9' title='bbox 1857 590 1940 652; x_wconf 85' lang='grc' dir='ltr'><strong>Ἐξ</strong></span> <span class='ocrx_word' id='word_1_10' title='bbox 1976 582 2044 640; x_wconf 78' lang='grc' dir='ltr'>ὧν</span> 
     </span>
    </p>
   </div>
   <div class='ocr_carea' id='block_1_3' title="bbox 457 677 2041 780">
    <p class='ocr_par' dir='ltr' id='par_1_3' title="bbox 457 677 2041 780">
     <span class='ocr_line' id='line_1_3' title="bbox 457 677 2041 780; baseline -0.017 -19"><span class='ocrx_word' id='word_1_11' title='bbox 457 706 530 769; x_wconf 81' lang='grc' dir='ltr'><strong>ἓν.</strong></span> <span class='ocrx_word' id='word_1_12' title='bbox 579 704 706 780; x_wconf 79' lang='grc' dir='ltr'>ὅπερ</span> <span class='ocrx_word' id='word_1_13' title='bbox 765 701 896 776; x_wconf 85' lang='grc' dir='ltr'>πρὸς</span> <span class='ocrx_word' id='word_1_14' title='bbox 945 697 1125 752; x_wconf 79' lang='grc' dir='ltr'>Ζώίλον</span> <span class='ocrx_word' id='word_1_15' title='bbox 1165 695 1249 748; x_wconf 84' lang='grc' dir='ltr'><strong>τόν</strong></span> <span class='ocrx_word' id='word_1_16' title='bbox 1300 686 1667 761; x_wconf 66' lang='grc' dir='ltr'><strong>Ἀλεξανδρείας</strong></span> <span class='ocrx_word' id='word_1_17' title='bbox 1709 677 2041 755; x_wconf 71' lang='grc' dir='ltr'><strong>καθηγεμόνα,</strong></span> 
     </span>
    </p>
   </div>
   <div class='ocr_carea' id='block_1_4' title="bbox 461 778 2046 856">
    <p class='ocr_par' dir='ltr' id='par_1_4' title="bbox 461 778 2046 856">
     <span class='ocr_line' id='line_1_4' title="bbox 461 778 2046 856; baseline -0.016 -5"><span class='ocrx_word' id='word_1_18' title='bbox 461 799 644 855; x_wconf 78' lang='grc' dir='ltr'><strong>ἐστάλη</strong></span> <span class='ocrx_word' id='word_1_19' title='bbox 703 795 833 850; x_wconf 76' lang='grc' dir='ltr'>κατὰ</span> <span class='ocrx_word' id='word_1_20' title='bbox 883 800 974 852; x_wconf 79' lang='grc' dir='ltr'><strong>τῆς</strong></span> <span class='ocrx_word' id='word_1_21' title='bbox 1027 796 1126 842; x_wconf 86' lang='grc' dir='ltr'><strong>τῶν</strong></span> <span class='ocrx_word' id='word_1_22' title='bbox 1183 785 1462 856; x_wconf 81' lang='grc' dir='ltr'>’Λκεφάλων</span> <span class='ocrx_word' id='word_1_23' title='bbox 1509 782 1757 847; x_wconf 81' lang='grc' dir='ltr'>αἱρέσεως</span> <span class='ocrx_word' id='word_1_24' title='bbox 1788 778 1918 852; x_wconf 77' lang='grc' dir='ltr'>ὑπὲρ</span> <span class='ocrx_word' id='word_1_25' title='bbox 1954 782 2046 832; x_wconf 77' lang='grc' dir='ltr'>τῆς</span> 
     </span>
    </p>
   </div>
   <div class='ocr_carea' id='block_1_5' title="bbox 462 867 2049 968">
    <p class='ocr_par' dir='ltr' id='par_1_5' title="bbox 462 867 2049 968">
     <span class='ocr_line' id='line_1_5' title="bbox 462 867 2049 968; baseline -0.019 -21"><span class='ocrx_word' id='word_1_26' title='bbox 462 890 726 968; x_wconf 77' lang='grc' dir='ltr'>ὀρθότητος</span> <span class='ocrx_word' id='word_1_27' title='bbox 764 893 856 945; x_wconf 79' lang='grc' dir='ltr'>τῆς</span> <span class='ocrx_word' id='word_1_28' title='bbox 902 879 1239 937; x_wconf 78' lang='grc' dir='ltr'>άποστολικῆς</span> <span class='ocrx_word' id='word_1_29' title='bbox 1282 879 1502 934; x_wconf 85' lang='grc' dir='ltr'>πίστεως</span> <span class='ocrx_word' id='word_1_30' title='bbox 1547 872 1678 943; x_wconf 86' lang='grc' dir='ltr'>πρός</span> <span class='ocrx_word' id='word_1_31' title='bbox 1706 871 1764 924; x_wconf 87' lang='grc' dir='ltr'>τὸ</span> <span class='ocrx_word' id='word_1_32' title='bbox 1800 867 2049 940; x_wconf 57' lang='grc' dir='ltr'>πληροφο-</span> 
     </span>
    </p>
   </div>
   <div class='ocr_carea' id='block_1_6' title="bbox 462 957 2049 1058">
    <p class='ocr_par' dir='ltr' id='par_1_6' title="bbox 462 957 2049 1058">
     <span class='ocr_line' id='line_1_6' title="bbox 462 957 2049 1058; baseline -0.02 -18"><span class='ocrx_word' id='word_1_33' title='bbox 462 993 621 1058; x_wconf 78' lang='grc' dir='ltr'>ρῆσαι</span> <span class='ocrx_word' id='word_1_34' title='bbox 651 981 962 1052; x_wconf 78' lang='grc' dir='ltr'>αύταρκοῦν,</span> <span class='ocrx_word' id='word_1_35' title='bbox 998 972 1126 1041; x_wconf 84' lang='grc' dir='ltr'>μετὰ</span> <span class='ocrx_word' id='word_1_36' title='bbox 1155 969 1344 1026; x_wconf 79' lang='grc' dir='ltr'><strong>ταύτης</strong></span> <span class='ocrx_word' id='word_1_37' title='bbox 1376 966 1518 1037; x_wconf 76' lang='grc' dir='ltr'>ὑμῶν</span> <span class='ocrx_word' id='word_1_38' title='bbox 1547 971 1640 1022; x_wconf 82' lang='grc' dir='ltr'>τῆς</span> <span class='ocrx_word' id='word_1_39' title='bbox 1673 962 1887 1033; x_wconf 80' lang='grc' dir='ltr'><strong>μετρίας</strong></span> <span class='ocrx_word' id='word_1_40' title='bbox 1927 957 2049 1009; x_wconf 81' lang='grc' dir='ltr'>ἀνα-</span> 
     </span>
    </p>
   </div>
   <div class='ocr_carea' id='block_1_7' title="bbox 461 1049 2049 1144">
    <p class='ocr_par' dir='ltr' id='par_1_7' title="bbox 461 1049 2049 1144">
     <span class='ocr_line' id='line_1_7' title="bbox 461 1049 2049 1144; baseline -0.02 -15"><span class='ocrx_word' id='word_1_41' title='bbox 461 1078 622 1144; x_wconf 81' lang='grc' dir='ltr'>φορᾶς</span> <span class='ocrx_word' id='word_1_42' title='bbox 671 1077 732 1144; x_wconf 80' lang='grc' dir='ltr'>τῇ</span> <span class='ocrx_word' id='word_1_43' title='bbox 785 1065 1031 1138; x_wconf 78' lang='grc' dir='ltr'>γαληναίᾳ</span> <span class='ocrx_word' id='word_1_44' title='bbox 1080 1061 1223 1130; x_wconf 77' lang='grc' dir='ltr'>ὑμῶν</span> <span class='ocrx_word' id='word_1_45' title='bbox 1285 1054 1676 1133; x_wconf 79' lang='grc' dir='ltr'>Χριστιανότητι</span> <span class='ocrx_word' id='word_1_46' title='bbox 1737 1049 2049 1112; x_wconf 72' lang='grc' dir='ltr'><strong>στείλαντες,</strong></span> 
     </span>
    </p>
   </div>
   <div class='ocr_carea' id='block_1_8' title="bbox 463 1142 2049 1225">
    <p class='ocr_par' dir='ltr' id='par_1_8' title="bbox 463 1142 2049 1225">
     <span class='ocr_line' id='line_1_8' title="bbox 463 1142 2049 1225; baseline -0.018 -8"><span class='ocrx_word' id='word_1_47' title='bbox 463 1161 546 1216; x_wconf 80' lang='grc' dir='ltr'>διὰ</span> <span class='ocrx_word' id='word_1_48' title='bbox 594 1167 692 1216; x_wconf 87' lang='grc' dir='ltr'><strong>τῶν</strong></span> <span class='ocrx_word' id='word_1_49' title='bbox 757 1159 1117 1225; x_wconf 82' lang='grc' dir='ltr'>άποκομιστῶν</span> <span class='ocrx_word' id='word_1_50' title='bbox 1175 1156 1274 1204; x_wconf 89' lang='grc' dir='ltr'><strong>τῶν</strong></span> <span class='ocrx_word' id='word_1_51' title='bbox 1337 1146 1601 1219; x_wconf 81' lang='grc' dir='ltr'>παρόντων</span> <span class='ocrx_word' id='word_1_52' title='bbox 1677 1142 2049 1217; x_wconf 69' lang='grc' dir='ltr'><strong>προσφέρομεν.</strong></span> 
     </span>
    </p>
   </div>
   <div class='ocr_carea' id='block_1_9' title="bbox 465 1235 2054 1320">
    <p class='ocr_par' dir='ltr' id='par_1_9' title="bbox 465 1235 2054 1320">
     <span class='ocr_line' id='line_1_9' title="bbox 465 1235 2054 1320; baseline -0.018 -12"><span class='ocrx_word' id='word_1_53' title='bbox 465 1255 686 1309; x_wconf 76' lang='grc' dir='ltr'>’Λλλ””ίνα</span> <span class='ocrx_word' id='word_1_54' title='bbox 736 1254 806 1320; x_wconf 78' lang='grc' dir='ltr'>μή</span> <span class='ocrx_word' id='word_1_55' title='bbox 855 1268 966 1306; x_wconf 90' lang='grc' dir='ltr'><strong>πως</strong></span> <span class='ocrx_word' id='word_1_56' title='bbox 1027 1250 1125 1298; x_wconf 89' lang='grc' dir='ltr'><strong>τῶν</strong></span> <span class='ocrx_word' id='word_1_57' title='bbox 1179 1239 1371 1297; x_wconf 86' lang='grc' dir='ltr'>πολλῶν</span> <span class='ocrx_word' id='word_1_58' title='bbox 1424 1237 1662 1310; x_wconf 76' lang='grc' dir='ltr'><strong>ῥημάτων</strong></span> <span class='ocrx_word' id='word_1_59' title='bbox 1705 1235 1917 1307; x_wconf 75' lang='grc' dir='ltr'>φορτική</span> <span class='ocrx_word' id='word_1_60' title='bbox 1972 1247 2054 1281; x_wconf 84' lang='grc' dir='ltr'>νο·</span> 
     </span>
    </p>
   </div>
   <div class='ocr_carea' id='block_1_10' title="bbox 465 1324 2058 1418">
    <p class='ocr_par' dir='ltr' id='par_1_10' title="bbox 465 1324 2058 1418">
     <span class='ocr_line' id='line_1_10' title="bbox 465 1324 2058 1418; baseline -0.018 -17"><span class='ocrx_word' id='word_1_61' title='bbox 465 1346 618 1418; x_wconf 75' lang='grc' dir='ltr'>μισθῇ</span> <span class='ocrx_word' id='word_1_62' title='bbox 657 1345 688 1401; x_wconf 78' lang='grc' dir='ltr'><strong><em>ἠ</em></strong></span> <span class='ocrx_word' id='word_1_63' title='bbox 730 1339 1062 1411; x_wconf 72' lang='grc' dir='ltr'><strong>δικαιολογία,</strong></span> <span class='ocrx_word' id='word_1_64' title='bbox 1091 1336 1175 1389; x_wconf 81' lang='grc' dir='ltr'><strong>καί</strong></span> <span class='ocrx_word' id='word_1_65' title='bbox 1208 1332 1432 1402; x_wconf 86' lang='grc' dir='ltr'>μάλιστα</span> <span class='ocrx_word' id='word_1_66' title='bbox 1476 1324 1548 1387; x_wconf 80' lang='grc' dir='ltr'>οἷς</span> <span class='ocrx_word' id='word_1_67' title='bbox 1587 1346 1695 1380; x_wconf 88' lang='grc' dir='ltr'>τισι</span> <span class='ocrx_word' id='word_1_68' title='bbox 1742 1325 1800 1378; x_wconf 85' lang='grc' dir='ltr'>τὸ</span> <span class='ocrx_word' id='word_1_69' title='bbox 1840 1325 2058 1395; x_wconf 79' lang='grc' dir='ltr'>πρᾶγμα</span> 
     </span>
    </p>
   </div>
   <div class='ocr_carea' id='block_1_11' title="bbox 467 1414 2059 1510">
    <p class='ocr_par' dir='ltr' id='par_1_11' title="bbox 467 1414 2059 1510">
     <span class='ocr_line' id='line_1_11' title="bbox 467 1414 2059 1510; baseline -0.016 -20"><span class='ocrx_word' id='word_1_70' title='bbox 467 1438 574 1508; x_wconf 61' lang='grc' dir='ltr'>μμ,</span> <span class='ocrx_word' id='word_1_71' title='bbox 606 1427 893 1510; x_wconf 17' lang='grc' dir='ltr'>ἡΙφροντὶς]</span> <span class='ocrx_word' id='word_1_72' title='bbox 940 1433 1026 1484; x_wconf 82' lang='grc' dir='ltr'><strong>καί</strong></span> <span class='ocrx_word' id='word_1_73' title='bbox 1069 1430 1099 1486; x_wconf 78' lang='grc' dir='ltr'><strong><em>ἡ</em></strong></span> <span class='ocrx_word' id='word_1_74' title='bbox 1147 1424 1390 1482; x_wconf 85' lang='grc' dir='ltr'>διοίκησις</span> <span class='ocrx_word' id='word_1_75' title='bbox 1437 1419 1553 1475; x_wconf 85' lang='grc' dir='ltr'>ὅλου</span> <span class='ocrx_word' id='word_1_76' title='bbox 1601 1421 1692 1473; x_wconf 78' lang='grc' dir='ltr'><strong>τοῦ</strong></span> <span class='ocrx_word' id='word_1_77' title='bbox 1748 1416 1938 1486; x_wconf 82' lang='grc' dir='ltr'>κόσμου</span> <span class='ocrx_word' id='word_1_78' title='bbox 1990 1414 2059 1471; x_wconf 80' lang='grc' dir='ltr'><strong>ὡς</strong></span> 
     </span>
    </p>
   </div>
   <div class='ocr_carea' id='block_1_12' title="bbox 465 1505 2059 1597">
    <p class='ocr_par' dir='ltr' id='par_1_12' title="bbox 465 1505 2059 1597">
     <span class='ocr_line' id='line_1_12' title="bbox 465 1505 2059 1597; baseline -0.017 -13"><span class='ocrx_word' id='word_1_79' title='bbox 465 1534 516 1584; x_wconf 83' lang='grc' dir='ltr'>ἐν</span> <span class='ocrx_word' id='word_1_80' title='bbox 567 1533 782 1597; x_wconf 84' lang='grc' dir='ltr'>ἰσχυρῷ</span> <span class='ocrx_word' id='word_1_81' title='bbox 829 1521 1036 1593; x_wconf 70' lang='grc' dir='ltr'>Θεμελίῳ</span> <span class='ocrx_word' id='word_1_82' title='bbox 1091 1520 1357 1578; x_wconf 71' lang='grc' dir='ltr'>ἐπίκειται,</span> <span class='ocrx_word' id='word_1_83' title='bbox 1411 1514 1582 1580; x_wconf 67' lang='grc' dir='ltr'>ὀλίγας</span> <span class='ocrx_word' id='word_1_84' title='bbox 1647 1510 1750 1562; x_wconf 85' lang='grc' dir='ltr'>άπὸ</span> <span class='ocrx_word' id='word_1_85' title='bbox 1795 1514 1896 1559; x_wconf 88' lang='grc' dir='ltr'><strong>τῶν</strong></span> <span class='ocrx_word' id='word_1_86' title='bbox 1939 1505 2059 1558; x_wconf 85' lang='grc' dir='ltr'>άνα·</span> 
     </span>
    </p>
   </div>
   <div class='ocr_carea' id='block_1_13' title="bbox 465 1597 2062 1698">
    <p class='ocr_par' dir='ltr' id='par_1_13' title="bbox 465 1597 2062 1698">
     <span class='ocr_line' id='line_1_13' title="bbox 465 1597 2062 1698; baseline -0.018 -23"><span class='ocrx_word' id='word_1_87' title='bbox 465 1623 718 1698; x_wconf 77' lang='grc' dir='ltr'>ριθμήτων</span> <span class='ocrx_word' id='word_1_88' title='bbox 754 1620 919 1688; x_wconf 80' lang='grc' dir='ltr'>ταύτῃ</span> <span class='ocrx_word' id='word_1_89' title='bbox 1054 1613 1235 1688; x_wconf 79' lang='grc' dir='ltr'>μετρίᾳ</span> <span class='ocrx_word' id='word_1_90' title='bbox 1271 1611 1493 1683; x_wconf 73' lang='grc' dir='ltr'>ἀναφορᾷ</span> <span class='ocrx_word' id='word_1_91' title='bbox 1522 1603 1723 1665; x_wconf 76' lang='grc' dir='ltr'>ἐντάξαι</span> <span class='ocrx_word' id='word_1_92' title='bbox 1760 1607 1859 1653; x_wconf 86' lang='grc' dir='ltr'><strong>τῶν</strong></span> <span class='ocrx_word' id='word_1_93' title='bbox 1907 1597 2062 1667; x_wconf 79' lang='grc' dir='ltr'>ἁγίων</span> 
     </span>
    </p>
   </div>
   <div class='ocr_carea' id='block_1_14' title="bbox 469 1692 2066 1790">
    <p class='ocr_par' dir='ltr' id='par_1_14' title="bbox 469 1692 2066 1790">
     <span class='ocr_line' id='line_1_14' title="bbox 469 1692 2066 1790; baseline -0.019 -21"><span class='ocrx_word' id='word_1_94' title='bbox 469 1715 700 1790; x_wconf 73' lang='grc' dir='ltr'>Πατέρων</span> <span class='ocrx_word' id='word_1_95' title='bbox 754 1709 1037 1785; x_wconf 77' lang='grc' dir='ltr'>μαρτυρίας</span> <span class='ocrx_word' id='word_1_96' title='bbox 1083 1699 1468 1771; x_wconf 80' lang='grc' dir='ltr'><strong>ἐσπουδάσαμεν</strong></span> <span class='ocrx_word' id='word_1_97' title='bbox 1505 1713 1515 1723; x_wconf 91' lang='lat'><strong>&#39;</strong></span> <span class='ocrx_word' id='word_1_98' title='bbox 1560 1692 1730 1751; x_wconf 81' lang='grc' dir='ltr'>ἐπειδή</span> <span class='ocrx_word' id='word_1_99' title='bbox 1783 1693 1869 1745; x_wconf 87' lang='grc' dir='ltr'><strong>καί</strong></span> <span class='ocrx_word' id='word_1_100' title='bbox 1914 1693 2066 1742; x_wconf 80' lang='grc' dir='ltr'>τοῦτο</span> 
     </span>
    </p>
   </div>
   <div class='ocr_carea' id='block_1_15' title="bbox 467 1779 2058 1880">
    <p class='ocr_par' dir='ltr' id='par_1_15' title="bbox 467 1779 2058 1880">
     <span class='ocr_line' id='line_1_15' title="bbox 467 1779 2058 1880; baseline -0.017 -20"><span class='ocrx_word' id='word_1_101' title='bbox 467 1806 775 1880; x_wconf 71' lang='grc' dir='ltr'>ἀσύγκριτον</span> <span class='ocrx_word' id='word_1_102' title='bbox 805 1803 939 1856; x_wconf 88' lang='grc' dir='ltr'>πάνυ</span> <span class='ocrx_word' id='word_1_103' title='bbox 969 1799 1055 1853; x_wconf 77' lang='grc' dir='ltr'><strong>καί</strong></span> <span class='ocrx_word' id='word_1_104' title='bbox 1089 1795 1326 1866; x_wconf 82' lang='grc' dir='ltr'>μέγιστόν</span> <span class='ocrx_word' id='word_1_105' title='bbox 1376 1793 1535 1856; x_wconf 84' lang='grc' dir='ltr'>ἐστιν,</span> <span class='ocrx_word' id='word_1_106' title='bbox 1557 1789 1641 1841; x_wconf 84' lang='grc' dir='ltr'>ἶνα</span> <span class='ocrx_word' id='word_1_107' title='bbox 1672 1793 1762 1844; x_wconf 78' lang='grc' dir='ltr'>τῆς</span> <span class='ocrx_word' id='word_1_108' title='bbox 1796 1779 2058 1856; x_wconf 79' lang='grc' dir='ltr'>φροντίδος</span> 
     </span>
    </p>
   </div>
   <div class='ocr_carea' id='block_1_16' title="bbox 445 1875 2059 1963">
    <p class='ocr_par' dir='ltr' id='par_1_16' title="bbox 445 1875 2059 1963">
     <span class='ocr_line' id='line_1_16' title="bbox 445 1875 2059 1963; baseline -0.015 -14"><span class='ocrx_word' id='word_1_109' title='bbox 445 1897 586 1956; x_wconf 75' lang='grc' dir='ltr'>ὀλης</span> <span class='ocrx_word' id='word_1_110' title='bbox 640 1895 730 1954; x_wconf 76' lang='grc' dir='ltr'>τῆς</span> <span class='ocrx_word' id='word_1_111' title='bbox 776 1890 1278 1963; x_wconf 75' lang='grc' dir='ltr'>Χριστιανικωτατης</span> <span class='ocrx_word' id='word_1_112' title='bbox 1328 1881 1587 1939; x_wconf 79' lang='grc' dir='ltr'>πολιτείας</span> <span class='ocrx_word' id='word_1_113' title='bbox 1648 1875 1729 1931; x_wconf 71' lang='grc' dir='ltr'><strong>ἐπ’</strong></span> <span class='ocrx_word' id='word_1_114' title='bbox 1753 1877 1914 1944; x_wconf 77' lang='grc' dir='ltr'>ὀλίγον</span> <span class='ocrx_word' id='word_1_115' title='bbox 1963 1894 2059 1925; x_wconf 81' lang='grc' dir='ltr'><strong>κωο</strong></span> 
     </span>
    </p>
   </div>
   <div class='ocr_carea' id='block_1_17' title="bbox 466 1970 2060 2058">
    <p class='ocr_par' dir='ltr' id='par_1_17' title="bbox 466 1970 2060 2058">
     <span class='ocr_line' id='line_1_17' title="bbox 466 1970 2060 2058; baseline -0.016 -15"><span class='ocrx_word' id='word_1_116' title='bbox 466 1991 700 2048; x_wconf 75' lang='grc' dir='ltr'>λυθείσης</span> <span class='ocrx_word' id='word_1_117' title='bbox 726 2028 736 2047; x_wconf 87' lang='grc'><strong>,</strong></span> <span class='ocrx_word' id='word_1_118' title='bbox 777 1986 908 2058; x_wconf 79' lang='grc' dir='ltr'>ὑπὲρ</span> <span class='ocrx_word' id='word_1_119' title='bbox 953 1979 1111 2038; x_wconf 78' lang='grc' dir='ltr'>πόθου</span> <span class='ocrx_word' id='word_1_120' title='bbox 1160 1987 1250 2038; x_wconf 78' lang='grc' dir='ltr'>τῆς</span> <span class='ocrx_word' id='word_1_121' title='bbox 1305 1977 1515 2036; x_wconf 71' lang='grc' dir='ltr'>ἀληθοῦς</span> <span class='ocrx_word' id='word_1_122' title='bbox 1559 1975 1786 2029; x_wconf 81' lang='grc' dir='ltr'>πίστεως</span> <span class='ocrx_word' id='word_1_123' title='bbox 1843 1970 2060 2032; x_wconf 83' lang='grc' dir='ltr'>ζέουσα,</span> 
     </span>
    </p>
   </div>
   <div class='ocr_carea' id='block_1_18' title="bbox 468 2059 2062 2147">
    <p class='ocr_par' dir='ltr' id='par_1_18' title="bbox 468 2059 2062 2147">
     <span class='ocr_line' id='line_1_18' title="bbox 468 2059 2062 2147; baseline -0.012 -11"><span class='ocrx_word' id='word_1_124' title='bbox 468 2087 560 2136; x_wconf 81' lang='grc' dir='ltr'>τοῦ</span> <span class='ocrx_word' id='word_1_125' title='bbox 613 2078 952 2134; x_wconf 79' lang='grc' dir='ltr'>ἀποστολικοῦ</span> <span class='ocrx_word' id='word_1_126' title='bbox 1012 2073 1331 2147; x_wconf 71' lang='grc' dir='ltr'>κηρύγματος</span> <span class='ocrx_word' id='word_1_127' title='bbox 1381 2072 1470 2126; x_wconf 75' lang='grc' dir='ltr'>τήν</span> <span class='ocrx_word' id='word_1_128' title='bbox 1528 2061 1858 2119; x_wconf 75' lang='grc' dir='ltr'>διδασκαλίαν</span> <span class='ocrx_word' id='word_1_129' title='bbox 1920 2059 2062 2121; x_wconf 82' lang='grc' dir='ltr'>ἐξην-</span> 
     </span>
    </p>
   </div>
   <div class='ocr_carea' id='block_1_19' title="bbox 469 2150 2065 2249">
    <p class='ocr_par' dir='ltr' id='par_1_19' title="bbox 469 2150 2065 2249">
     <span class='ocr_line' id='line_1_19' title="bbox 469 2150 2065 2249; baseline -0.014 -22"><span class='ocrx_word' id='word_1_130' title='bbox 469 2176 716 2249; x_wconf 82' lang='grc' dir='ltr'>Οισμένως</span> <span class='ocrx_word' id='word_1_131' title='bbox 763 2172 1034 2242; x_wconf 75' lang='grc' dir='ltr'>ἐπιγνῶναι</span> <span class='ocrx_word' id='word_1_132' title='bbox 1093 2166 1374 2234; x_wconf 65' lang='grc' dir='ltr'>ἐπιθυμήσῃ</span> <span class='ocrx_word' id='word_1_133' title='bbox 1405 2163 1432 2218; x_wconf 78' lang='grc' dir='ltr'><em>ἦ</em></span> <span class='ocrx_word' id='word_1_134' title='bbox 1465 2158 1728 2227; x_wconf 76' lang='grc' dir='ltr'>σεϐασμία</span> <span class='ocrx_word' id='word_1_135' title='bbox 1773 2150 2065 2222; x_wconf 60' lang='grc' dir='ltr'>καὶδύμῶν</span> 
     </span>
    </p>
   </div>
   <div class='ocr_carea' id='block_1_20' title="bbox 471 2248 2065 2343">
    <p class='ocr_par' dir='ltr' id='par_1_20' title="bbox 471 2248 2065 2343">
     <span class='ocr_line' id='line_1_20' title="bbox 471 2248 2065 2343; baseline -0.02 -16"><span class='ocrx_word' id='word_1_136' title='bbox 471 2270 834 2343; x_wconf 86' lang='grc' dir='ltr'>φιλανθρωπία.</span> <span class='ocrx_word' id='word_1_137' title='bbox 887 2262 1098 2320; x_wconf 81' lang='grc' dir='ltr'>Ἀληθῶς</span> <span class='ocrx_word' id='word_1_138' title='bbox 1135 2260 1234 2330; x_wconf 81' lang='grc' dir='ltr'><strong>γάρ</strong></span> <span class='ocrx_word' id='word_1_139' title='bbox 1278 2258 1330 2309; x_wconf 74' lang='grc' dir='ltr'>ἐκ</span> <span class='ocrx_word' id='word_1_140' title='bbox 1371 2252 1620 2323; x_wconf 57' lang='grc' dir='ltr'>διαφόρων</span> <span class='ocrx_word' id='word_1_141' title='bbox 1672 2248 1908 2322; x_wconf 76' lang='grc' dir='ltr'>ἔγκρίτων</span> <span class='ocrx_word' id='word_1_142' title='bbox 1966 2253 2065 2298; x_wconf 88' lang='grc' dir='ltr'>Πα-</span> 
     </span>
    </p>
   </div>
   <div class='ocr_carea' id='block_1_21' title="bbox 474 2337 2067 2437">
    <p class='ocr_par' dir='ltr' id='par_1_21' title="bbox 474 2337 2067 2437">
     <span class='ocr_line' id='line_1_21' title="bbox 474 2337 2067 2437; baseline -0.018 -20"><span class='ocrx_word' id='word_1_143' title='bbox 474 2366 630 2437; x_wconf 86' lang='grc' dir='ltr'>τέρων</span> <span class='ocrx_word' id='word_1_144' title='bbox 673 2370 764 2419; x_wconf 84' lang='grc' dir='ltr'><strong>τῆς</strong></span> <span class='ocrx_word' id='word_1_145' title='bbox 811 2355 1071 2430; x_wconf 78' lang='grc' dir='ltr'>όρθοδόξου</span> <span class='ocrx_word' id='word_1_146' title='bbox 1122 2355 1350 2409; x_wconf 87' lang='grc' dir='ltr'>πίστεως</span> <span class='ocrx_word' id='word_1_147' title='bbox 1386 2351 1415 2404; x_wconf 78' lang='grc' dir='ltr'><strong>η</strong></span> <span class='ocrx_word' id='word_1_148' title='bbox 1465 2345 1668 2403; x_wconf 78' lang='grc' dir='ltr'>ἀλήθεια</span> <span class='ocrx_word' id='word_1_149' title='bbox 1705 2342 1875 2414; x_wconf 79' lang='grc' dir='ltr'>ἐφάνη,</span> <span class='ocrx_word' id='word_1_150' title='bbox 1907 2340 1952 2390; x_wconf 80' lang='grc' dir='ltr'>εἰ</span> <span class='ocrx_word' id='word_1_151' title='bbox 1983 2337 2067 2390; x_wconf 76' lang='grc' dir='ltr'><strong>καί</strong></span> 
     </span>
    </p>
   </div>
   <div class='ocr_carea' id='block_1_22' title="bbox 477 2432 2068 2524">
    <p class='ocr_par' dir='ltr' id='par_1_22' title="bbox 477 2432 2068 2524">
     <span class='ocr_line' id='line_1_22' title="bbox 477 2432 2068 2524; baseline -0.018 -15"><span class='ocrx_word' id='word_1_152' title='bbox 477 2457 667 2524; x_wconf 76' lang='grc' dir='ltr'>ὀλίγαις</span> <span class='ocrx_word' id='word_1_153' title='bbox 699 2451 1028 2523; x_wconf 80' lang='grc' dir='ltr'>μαρτυρίαις·</span> <span class='ocrx_word' id='word_1_154' title='bbox 1060 2441 1230 2500; x_wconf 73' lang='grc' dir='ltr'>ἐπειδὴ</span> <span class='ocrx_word' id='word_1_155' title='bbox 1253 2444 1466 2514; x_wconf 82' lang='grc' dir='ltr'>πρᾶγμα</span> <span class='ocrx_word' id='word_1_156' title='bbox 1489 2436 1789 2506; x_wconf 75' lang='grc' dir='ltr'>ἠνεῳγμένον</span> <span class='ocrx_word' id='word_1_157' title='bbox 1816 2432 1900 2484; x_wconf 78' lang='grc' dir='ltr'><strong>καί</strong></span> <span class='ocrx_word' id='word_1_158' title='bbox 1935 2433 2068 2482; x_wconf 82' lang='grc' dir='ltr'>πᾶσι</span> 
     </span>
    </p>
   </div>
   <div class='ocr_carea' id='block_1_23' title="bbox 478 2520 2063 2620">
    <p class='ocr_par' dir='ltr' id='par_1_23' title="bbox 478 2520 2063 2620">
     <span class='ocr_line' id='line_1_23' title="bbox 478 2520 2063 2620; baseline -0.019 -19"><span class='ocrx_word' id='word_1_159' title='bbox 478 2547 686 2620; x_wconf 76' lang='grc' dir='ltr'>φανερὸν</span> <span class='ocrx_word' id='word_1_160' title='bbox 739 2543 782 2597; x_wconf 88' lang='grc' dir='ltr'><strong>οί</strong></span> <span class='ocrx_word' id='word_1_161' title='bbox 827 2540 1074 2596; x_wconf 77' lang='grc' dir='ltr'>ὲπαινετοί</span> <span class='ocrx_word' id='word_1_162' title='bbox 1121 2536 1338 2608; x_wconf 78' lang='grc' dir='ltr'>Πατέρες</span> <span class='ocrx_word' id='word_1_163' title='bbox 1387 2530 1638 2606; x_wconf 85' lang='grc' dir='ltr'>περισσόν</span> <span class='ocrx_word' id='word_1_164' title='bbox 1693 2525 1894 2598; x_wconf 79' lang='grc' dir='ltr'>ἔκριναν</span> <span class='ocrx_word' id='word_1_165' title='bbox 1939 2520 2063 2593; x_wconf 77' lang='grc' dir='ltr'>φρά·</span> 
     </span>
    </p>
   </div>
   <div class='ocr_carea' id='block_1_24' title="bbox 480 2615 2068 2712">
    <p class='ocr_par' dir='ltr' id='par_1_24' title="bbox 480 2615 2068 2712">
     <span class='ocr_line' id='line_1_24' title="bbox 480 2615 2068 2712; baseline -0.018 -17"><span class='ocrx_word' id='word_1_166' title='bbox 480 2646 601 2705; x_wconf 77' lang='grc' dir='ltr'>ζειν.</span> <span class='ocrx_word' id='word_1_167' title='bbox 655 2644 742 2700; x_wconf 87' lang='grc' dir='ltr'>Τίς</span> <span class='ocrx_word' id='word_1_168' title='bbox 781 2642 905 2712; x_wconf 81' lang='grc' dir='ltr'>γάρ,</span> <span class='ocrx_word' id='word_1_169' title='bbox 939 2636 982 2688; x_wconf 79' lang='grc' dir='ltr'><strong>εἰ</strong></span> <span class='ocrx_word' id='word_1_170' title='bbox 1022 2635 1102 2686; x_wconf 84' lang='grc' dir='ltr'><strong>καί</strong></span> <span class='ocrx_word' id='word_1_171' title='bbox 1144 2625 1341 2704; x_wconf 84' lang='grc' dir='ltr'>βραδύς</span> <span class='ocrx_word' id='word_1_172' title='bbox 1390 2622 1464 2682; x_wconf 78' lang='grc' dir='ltr'>εἴη</span> <span class='ocrx_word' id='word_1_173' title='bbox 1505 2624 1633 2696; x_wconf 81' lang='grc' dir='ltr'>πρὸς</span> <span class='ocrx_word' id='word_1_174' title='bbox 1675 2620 1732 2673; x_wconf 85' lang='grc' dir='ltr'><strong>τό</strong></span> <span class='ocrx_word' id='word_1_175' title='bbox 1767 2625 1971 2682; x_wconf 82' lang='grc' dir='ltr'>νοῆσαι,</span> <span class='ocrx_word' id='word_1_176' title='bbox 2010 2615 2068 2670; x_wconf 90' lang='grc' dir='ltr'><strong>ού</strong></span> 
     </span>
    </p>
   </div>
   <div class='ocr_carea' id='block_1_25' title="bbox 479 2707 2072 2806">
    <p class='ocr_par' dir='ltr' id='par_1_25' title="bbox 479 2707 2072 2806">
     <span class='ocr_line' id='line_1_25' title="bbox 479 2707 2072 2806; baseline -0.015 -23"><span class='ocrx_word' id='word_1_177' title='bbox 479 2735 758 2806; x_wconf 81' lang='grc' dir='ltr'>θεωρήσει,</span> <span class='ocrx_word' id='word_1_178' title='bbox 809 2725 937 2801; x_wconf 84' lang='grc' dir='ltr'>ὅπερ</span> <span class='ocrx_word' id='word_1_179' title='bbox 989 2732 1118 2779; x_wconf 80' lang='grc' dir='ltr'>πᾶσι</span> <span class='ocrx_word' id='word_1_180' title='bbox 1182 2720 1450 2792; x_wconf 85' lang='grc' dir='ltr'>φαίνεται,</span> <span class='ocrx_word' id='word_1_181' title='bbox 1501 2712 1579 2768; x_wconf 84' lang='grc' dir='ltr'>ὃτι</span> <span class='ocrx_word' id='word_1_182' title='bbox 1644 2709 1924 2769; x_wconf 79' lang='grc' dir='ltr'>ἀδύνατον,</span> <span class='ocrx_word' id='word_1_183' title='bbox 1987 2707 2072 2762; x_wconf 81' lang='grc' dir='ltr'><strong>καί</strong></span> 
     </span>
    </p>
   </div>
   <div class='ocr_carea' id='block_1_26' title="bbox 479 2795 2072 2898">
    <p class='ocr_par' dir='ltr' id='par_1_26' title="bbox 479 2795 2072 2898">
     <span class='ocr_line' id='line_1_26' title="bbox 479 2795 2072 2898; baseline -0.018 -20"><span class='ocrx_word' id='word_1_184' title='bbox 479 2825 625 2898; x_wconf 80' lang='grc' dir='ltr'>παρὰ</span> <span class='ocrx_word' id='word_1_185' title='bbox 668 2827 756 2879; x_wconf 69' lang='grc' dir='ltr'><strong>την</strong></span> <span class='ocrx_word' id='word_1_186' title='bbox 799 2819 934 2881; x_wconf 80' lang='grc' dir='ltr'>τάξιν</span> <span class='ocrx_word' id='word_1_187' title='bbox 975 2824 1065 2875; x_wconf 79' lang='grc' dir='ltr'>τῆς</span> <span class='ocrx_word' id='word_1_188' title='bbox 1113 2813 1309 2884; x_wconf 83' lang='grc' dir='ltr'>φύσεώς</span> <span class='ocrx_word' id='word_1_189' title='bbox 1357 2809 1491 2864; x_wconf 75' lang='grc' dir='ltr'>ὶστι.</span> <span class='ocrx_word' id='word_1_190' title='bbox 1539 2802 1792 2858; x_wconf 82' lang='grc' dir='ltr'>δύνασθαι</span> <span class='ocrx_word' id='word_1_191' title='bbox 1821 2795 1946 2854; x_wconf 80' lang='grc' dir='ltr'>εἶναι</span> <span class='ocrx_word' id='word_1_192' title='bbox 1975 2795 2072 2872; x_wconf 83' lang='grc' dir='ltr'>φύ-</span> 
     </span>
    </p>
   </div>
   <div class='ocr_carea' id='block_1_27' title="bbox 479 2887 2072 2984">
    <p class='ocr_par' dir='ltr' id='par_1_27' title="bbox 479 2887 2072 2984">
     <span class='ocr_line' id='line_1_27' title="bbox 479 2887 2072 2984; baseline -0.017 -15"><span class='ocrx_word' id='word_1_193' title='bbox 479 2937 580 2979; x_wconf 87' lang='grc' dir='ltr'>σιν,</span> <span class='ocrx_word' id='word_1_194' title='bbox 616 2915 696 2966; x_wconf 74' lang='lat' dir='ltr'><strong>mi</strong></span> <span class='ocrx_word' id='word_1_195' title='bbox 751 2912 996 2984; x_wconf 75' lang='grc' dir='ltr'>ἐνέργειαν</span> <span class='ocrx_word' id='word_1_196' title='bbox 1045 2907 1112 2976; x_wconf 76' lang='grc' dir='ltr'>μὴ</span> <span class='ocrx_word' id='word_1_197' title='bbox 1161 2900 1302 2972; x_wconf 77' lang='grc' dir='ltr'>ἔχειν</span> <span class='ocrx_word' id='word_1_198' title='bbox 1355 2901 1588 2970; x_wconf 74' lang='grc' dir='ltr'>φύσεως-ς</span> <span class='ocrx_word' id='word_1_199' title='bbox 1631 2892 1758 2962; x_wconf 82' lang='grc' dir='ltr'>ὅπερ</span> <span class='ocrx_word' id='word_1_200' title='bbox 1813 2887 1925 2944; x_wconf 80' lang='grc' dir='ltr'>οὐδὲ</span> <span class='ocrx_word' id='word_1_201' title='bbox 1970 2890 2072 2944; x_wconf 84' lang='grc' dir='ltr'><strong>ὐπὸ</strong></span> 
     </span>
    </p>
   </div>
   <div class='ocr_carea' id='block_1_28' title="bbox 486 2983 2076 3078">
    <p class='ocr_par' dir='ltr' id='par_1_28' title="bbox 486 2983 2076 3078">
     <span class='ocr_line' id='line_1_28' title="bbox 486 2983 2076 3078; baseline -0.017 -17"><span class='ocrx_word' id='word_1_202' title='bbox 486 3013 585 3061; x_wconf 86' lang='grc' dir='ltr'><strong>τῶν</strong></span> <span class='ocrx_word' id='word_1_203' title='bbox 663 3005 923 3078; x_wconf 79' lang='grc' dir='ltr'>αἱρετικῶν</span> <span class='ocrx_word' id='word_1_204' title='bbox 1012 3016 1135 3053; x_wconf 80' lang='grc' dir='ltr'>ποτε</span> <span class='ocrx_word' id='word_1_205' title='bbox 1198 2991 1496 3061; x_wconf 67' lang='grc' dir='ltr'>ἐδοκιμάσθη</span> <span class='ocrx_word' id='word_1_206' title='bbox 1561 2987 1796 3058; x_wconf 80' lang='grc' dir='ltr'>λέγεσθαι</span> <span class='ocrx_word' id='word_1_207' title='bbox 1825 2999 1841 3014; x_wconf 81' lang='grc'><strong><em>⁸</em></strong></span> <span class='ocrx_word' id='word_1_208' title='bbox 1898 2983 2076 3042; x_wconf 76' lang='grc' dir='ltr'>οἵτινες</span> 
     </span>
    </p>
   </div>
   <div class='ocr_carea' id='block_1_29' title="bbox 483 3077 2072 3162">
    <p class='ocr_par' dir='ltr' id='par_1_29' title="bbox 483 3077 2072 3162">
     <span class='ocr_line' id='line_1_29' title="bbox 483 3077 2072 3162; baseline -0.015 -11"><span class='ocrx_word' id='word_1_209' title='bbox 483 3099 660 3153; x_wconf 87' lang='grc' dir='ltr'>πάσας</span> <span class='ocrx_word' id='word_1_210' title='bbox 709 3096 803 3148; x_wconf 70' lang='grc' dir='ltr'><strong>τάς</strong></span> <span class='ocrx_word' id='word_1_211' title='bbox 860 3093 1198 3162; x_wconf 74' lang='grc' dir='ltr'>ἀνθρωπίνους</span> <span class='ocrx_word' id='word_1_212' title='bbox 1247 3087 1577 3154; x_wconf 85' lang='grc' dir='ltr'>πανουργίας,</span> <span class='ocrx_word' id='word_1_213' title='bbox 1606 3081 1686 3133; x_wconf 79' lang='grc' dir='ltr'><strong>καί</strong></span> <span class='ocrx_word' id='word_1_214' title='bbox 1729 3077 1930 3135; x_wconf 81' lang='grc' dir='ltr'>σκολιάς</span> <span class='ocrx_word' id='word_1_215' title='bbox 1981 3079 2072 3138; x_wconf 81' lang='grc' dir='ltr'><strong>ζη-</strong></span> 
     </span>
    </p>
   </div>
   <div class='ocr_carea' id='block_1_30' title="bbox 483 3171 2148 3262">
    <p class='ocr_par' dir='ltr' id='par_1_30' title="bbox 483 3171 2148 3262">
     <span class='ocr_line' id='line_1_30' title="bbox 483 3171 2148 3262; baseline -0.013 -20"><span class='ocrx_word' id='word_1_216' title='bbox 483 3192 658 3248; x_wconf 78' lang='grc' dir='ltr'>τήσεις</span> <span class='ocrx_word' id='word_1_217' title='bbox 690 3187 823 3241; x_wconf 88' lang='grc' dir='ltr'><strong>κατά</strong></span> <span class='ocrx_word' id='word_1_218' title='bbox 851 3194 942 3243; x_wconf 76' lang='grc' dir='ltr'><strong>τός</strong></span> <span class='ocrx_word' id='word_1_219' title='bbox 980 3183 1247 3256; x_wconf 77' lang='grc' dir='ltr'>ὀρθότητος</span> <span class='ocrx_word' id='word_1_220' title='bbox 1276 3186 1367 3237; x_wconf 79' lang='grc' dir='ltr'>τῆς</span> <span class='ocrx_word' id='word_1_221' title='bbox 1397 3177 1644 3240; x_wconf 86' lang='grc' dir='ltr'>πίστεως,</span> <span class='ocrx_word' id='word_1_222' title='bbox 1679 3175 1763 3226; x_wconf 83' lang='grc' dir='ltr'>καὶ</span> <span class='ocrx_word' id='word_1_223' title='bbox 1797 3171 2073 3244; x_wconf 85' lang='grc' dir='ltr'>συναθροι-</span> <span class='ocrx_word' id='word_1_224' title='bbox 2103 3200 2148 3262; x_wconf 62' lang='grc' dir='ltr'><strong>(η</strong></span> 
     </span>
     <span class='ocr_line' id='line_1_31' title="bbox 2129 3239 2148 3262; baseline 0 0"><span class='ocrx_word' id='word_1_225' title='bbox 2129 3239 2148 3262; x_wconf 68' lang='grc' dir='ltr'><em>δ</em></span> 
     </span>
    </p>
   </div>
   <div class='ocr_carea' id='block_1_31' title="bbox 2129 3239 2150 3262">
    <p class='ocr_par' dir='ltr' id='par_1_31' title="bbox 2129 3239 2150 3262">
     <span class='ocr_line' id='line_1_32' title="bbox 2129 3239 2150 3262; baseline 0 0"><span class='ocrx_word' id='word_1_226' title='bbox 2129 3239 2150 3262; x_wconf 70' lang='grc' dir='ltr'><em>δ</em></span> 
     </span>
    </p>
   </div>
   <div class='ocr_carea' id='block_1_32' title="bbox 485 3262 2074 3353">
    <p class='ocr_par' dir='ltr' id='par_1_32' title="bbox 485 3262 2074 3353">
     <span class='ocr_line' id='line_1_33' title="bbox 485 3262 2074 3353; baseline -0.015 -16"><span class='ocrx_word' id='word_1_227' title='bbox 485 3284 650 3353; x_wconf 84' lang='grc' dir='ltr'>σμούς</span> <span class='ocrx_word' id='word_1_228' title='bbox 706 3289 825 3340; x_wconf 83' lang='grc' dir='ltr'>ταῖς</span> <span class='ocrx_word' id='word_1_229' title='bbox 877 3273 1181 3351; x_wconf 85' lang='grc' dir='ltr'>φαυλότησιν</span> <span class='ocrx_word' id='word_1_230' title='bbox 1234 3272 1402 3326; x_wconf 76' lang='grc' dir='ltr'>αὐτῶν</span> <span class='ocrx_word' id='word_1_231' title='bbox 1458 3266 1780 3343; x_wconf 69' lang='grc' dir='ltr'>προσφόρους</span> <span class='ocrx_word' id='word_1_232' title='bbox 1851 3262 2074 3336; x_wconf 74' lang='grc' dir='ltr'>ἐφεῦρον.</span> 
     </span>
    </p>
   </div>
   <div class='ocr_carea' id='block_1_33' title="bbox 488 3353 2079 3446">
    <p class='ocr_par' dir='ltr' id='par_1_33' title="bbox 488 3353 2079 3446">
     <span class='ocr_line' id='line_1_34' title="bbox 488 3353 2079 3446; baseline -0.014 -17"><span class='ocrx_word' id='word_1_233' title='bbox 488 3383 598 3433; x_wconf 84' lang='grc' dir='ltr'><strong>Πῶς</strong></span> <span class='ocrx_word' id='word_1_234' title='bbox 629 3367 716 3426; x_wconf 71' lang='grc' dir='ltr'>οὖν</span> <span class='ocrx_word' id='word_1_235' title='bbox 753 3369 877 3446; x_wconf 83' lang='grc' dir='ltr'>ὅπερ</span> <span class='ocrx_word' id='word_1_236' title='bbox 909 3365 1023 3422; x_wconf 60' lang='grc' dir='ltr'>οὔτε</span> <span class='ocrx_word' id='word_1_237' title='bbox 1067 3365 1168 3419; x_wconf 79' lang='grc' dir='ltr'><strong>ἀπὸ</strong></span> <span class='ocrx_word' id='word_1_238' title='bbox 1200 3369 1301 3416; x_wconf 90' lang='grc' dir='ltr'><strong>τῶν</strong></span> <span class='ocrx_word' id='word_1_239' title='bbox 1331 3359 1486 3433; x_wconf 85' lang='grc' dir='ltr'>άγίων</span> <span class='ocrx_word' id='word_1_240' title='bbox 1524 3353 1799 3425; x_wconf 82' lang='grc' dir='ltr'>ὀρθοδόξων</span> <span class='ocrx_word' id='word_1_241' title='bbox 1845 3354 2079 3426; x_wconf 82' lang='grc' dir='ltr'>Πατέρων</span> 
     </span>
    </p>
   </div>
   <div class='ocr_carea' id='block_1_34' title="bbox 484 3447 2076 3542">
    <p class='ocr_par' dir='ltr' id='par_1_34' title="bbox 484 3447 2076 3542">
     <span class='ocr_line' id='line_1_35' title="bbox 484 3447 2076 3542; baseline -0.015 -22"><span class='ocrx_word' id='word_1_242' title='bbox 484 3466 658 3542; x_wconf 48' lang='lat' dir='ltr'><strong>testari</strong></span> <span class='ocrx_word' id='word_1_243' title='bbox 713 3463 837 3517; x_wconf 85' lang='grc' dir='ltr'>ποτέ</span> <span class='ocrx_word' id='word_1_244' title='bbox 868 3501 883 3524; x_wconf 90' lang='grc'><strong>,</strong></span> <span class='ocrx_word' id='word_1_245' title='bbox 936 3456 1054 3513; x_wconf 64' lang='grc' dir='ltr'>οὔτε</span> <span class='ocrx_word' id='word_1_246' title='bbox 1103 3456 1206 3510; x_wconf 85' lang='grc' dir='ltr'>άπὸ</span> <span class='ocrx_word' id='word_1_247' title='bbox 1256 3459 1354 3508; x_wconf 84' lang='grc' dir='ltr'><strong>τῶν</strong></span> <span class='ocrx_word' id='word_1_248' title='bbox 1403 3448 1628 3521; x_wconf 72' lang='grc' dir='ltr'>βεϐήλων</span> <span class='ocrx_word' id='word_1_249' title='bbox 1675 3447 1938 3520; x_wconf 81' lang='grc' dir='ltr'>αἱρετικῶν</span> <span class='ocrx_word' id='word_1_250' title='bbox 1990 3464 2076 3497; x_wconf 88' lang='grc' dir='ltr'>τε-</span> 
     </span>
    </p>
   </div>
   <div class='ocr_carea' id='block_1_35' title="bbox 485 3515 2078 3629">
    <p class='ocr_par' dir='ltr' id='par_1_35' title="bbox 485 3515 2078 3629">
     <span class='ocr_line' id='line_1_36' title="bbox 485 3515 1412 3542; baseline -0.017 -5"><span class='ocrx_word' id='word_1_251' title='bbox 485 3515 618 3542; x_wconf 62' lang='grc' dir='ltr'><strong><em>*ΓΓπ</em></strong></span> <span class='ocrx_word' id='word_1_252' title='bbox 645 3515 656 3521; x_wconf 88' lang='grc'>·</span> <span class='ocrx_word' id='word_1_253' title='bbox 720 3515 725 3516; x_wconf 49' lang='grc' dir='ltr'><em>ν</em></span> <span class='ocrx_word' id='word_1_254' title='bbox 767 3515 803 3517; x_wconf 41' lang='grc' dir='ltr'><strong>π</strong></span> <span class='ocrx_word' id='word_1_255' title='bbox 872 3515 882 3524; x_wconf 86' lang='lat'><strong>-</strong></span> <span class='ocrx_word' id='word_1_256' title='bbox 1403 3515 1412 3521; x_wconf 96' lang='lat'><strong>.</strong></span> 
     </span>
     <span class='ocr_line' id='line_1_37' title="bbox 485 3515 2078 3629; baseline -0.017 -15"><span class='ocrx_word' id='word_1_257' title='bbox 485 3559 738 3629; x_wconf 62' lang='grc' dir='ltr'>τόλμητλιι</span> <span class='ocrx_word' id='word_1_258' title='bbox 774 3552 1054 3628; x_wconf 79' lang='grc' dir='ltr'>εὑρεθῆναι,</span> <span class='ocrx_word' id='word_1_259' title='bbox 1089 3548 1173 3602; x_wconf 67' lang='grc' dir='ltr'><strong>ἐπὶ</strong></span> <span class='ocrx_word' id='word_1_260' title='bbox 1215 3551 1310 3602; x_wconf 84' lang='grc' dir='ltr'>τοῦ</span> <span class='ocrx_word' id='word_1_261' title='bbox 1349 3543 1600 3618; x_wconf 80' lang='grc' dir='ltr'>παρόντος</span> <span class='ocrx_word' id='word_1_262' title='bbox 1649 3535 1920 3596; x_wconf 67' lang='grc' dir='ltr'>δυνήσεται</span> <span class='ocrx_word' id='word_1_263' title='bbox 1947 3515 2078 3607; x_wconf 85' lang='grc' dir='ltr'>προ·</span> 
     </span>
    </p>
   </div>
   <div class='ocr_carea' id='block_1_36' title="bbox 488 3620 2082 3710">
    <p class='ocr_par' dir='ltr' id='par_1_36' title="bbox 488 3620 2082 3710">
     <span class='ocr_line' id='line_1_38' title="bbox 488 3620 2082 3710; baseline -0.019 -4"><span class='ocrx_word' id='word_1_264' title='bbox 488 3650 822 3710; x_wconf 78' lang='grc' dir='ltr'>πετευθῆναι,</span> <span class='ocrx_word' id='word_1_265' title='bbox 877 3645 962 3698; x_wconf 86' lang='grc' dir='ltr'>ἶνα</span> <span class='ocrx_word' id='word_1_266' title='bbox 1013 3649 1112 3697; x_wconf 86' lang='grc' dir='ltr'><strong>τῶν</strong></span> <span class='ocrx_word' id='word_1_267' title='bbox 1167 3637 1257 3694; x_wconf 83' lang='grc' dir='ltr'><strong>δύο</strong></span> <span class='ocrx_word' id='word_1_268' title='bbox 1309 3637 1510 3709; x_wconf 80' lang='grc' dir='ltr'>φύσεων</span> <span class='ocrx_word' id='word_1_269' title='bbox 1565 3635 1654 3686; x_wconf 84' lang='grc' dir='ltr'>τοῦ</span> <span class='ocrx_word' id='word_1_270' title='bbox 1706 3620 1947 3704; x_wconf 67' lang='grc' dir='ltr'>Χριστοῦ,</span> <span class='ocrx_word' id='word_1_271' title='bbox 1989 3633 2082 3687; x_wconf 82' lang='grc' dir='ltr'><strong>τῆς</strong></span> 
     </span>
    </p>
   </div>
   <div class='ocr_carea' id='block_1_37' title="bbox 489 3715 2084 3804">
    <p class='ocr_par' dir='ltr' id='par_1_37' title="bbox 489 3715 2084 3804">
     <span class='ocr_line' id='line_1_39' title="bbox 489 3715 2084 3804; baseline -0.017 -8"><span class='ocrx_word' id='word_1_272' title='bbox 489 3745 629 3804; x_wconf 82' lang='grc' dir='ltr'>Θείας</span> <span class='ocrx_word' id='word_1_273' title='bbox 687 3738 915 3800; x_wconf 83' lang='grc' dir='ltr'>δηλονότι</span> <span class='ocrx_word' id='word_1_274' title='bbox 957 3737 1043 3789; x_wconf 85' lang='grc' dir='ltr'><strong>καί</strong></span> <span class='ocrx_word' id='word_1_275' title='bbox 1089 3739 1180 3791; x_wconf 84' lang='grc' dir='ltr'>τῆς</span> <span class='ocrx_word' id='word_1_276' title='bbox 1222 3729 1566 3803; x_wconf 80' lang='grc' dir='ltr'>ἀνθρωπίνης,</span> <span class='ocrx_word' id='word_1_277' title='bbox 1601 3720 1814 3776; x_wconf 81' lang='grc' dir='ltr'>ὧντινων</span> <span class='ocrx_word' id='word_1_278' title='bbox 1850 3719 1901 3773; x_wconf 83' lang='grc' dir='ltr'>αἱ</span> <span class='ocrx_word' id='word_1_279' title='bbox 1963 3715 2084 3771; x_wconf 82' lang='grc' dir='ltr'>ἰδιό-</span> 
     </span>
    </p>
   </div>
   <div class='ocr_carea' id='block_1_38' title="bbox 492 3810 2086 3903">
    <p class='ocr_par' dir='ltr' id='par_1_38' title="bbox 492 3810 2086 3903">
     <span class='ocr_line' id='line_1_40' title="bbox 492 3810 2086 3903; baseline -0.017 -15"><span class='ocrx_word' id='word_1_280' title='bbox 492 3853 642 3893; x_wconf 82' lang='grc' dir='ltr'>τητες</span> <span class='ocrx_word' id='word_1_281' title='bbox 687 3832 908 3903; x_wconf 74' lang='grc' dir='ltr'>ἀκέραιοι</span> <span class='ocrx_word' id='word_1_282' title='bbox 953 3823 1079 3880; x_wconf 81' lang='grc' dir='ltr'>εἶναι</span> <span class='ocrx_word' id='word_1_283' title='bbox 1130 3822 1462 3895; x_wconf 84' lang='grc' dir='ltr'>γνωρίζονται</span> <span class='ocrx_word' id='word_1_284' title='bbox 1501 3817 1548 3868; x_wconf 79' lang='grc' dir='ltr'>ἐν</span> <span class='ocrx_word' id='word_1_285' title='bbox 1598 3821 1672 3886; x_wconf 81' lang='grc' dir='ltr'>τῷ</span> <span class='ocrx_word' id='word_1_286' title='bbox 1714 3816 1919 3885; x_wconf 81' lang='grc' dir='ltr'>Χριστῷ</span> <span class='ocrx_word' id='word_1_287' title='bbox 1967 3810 2086 3878; x_wconf 89' lang='grc' dir='ltr'>μίαν</span> 
     </span>
    </p>
   </div>
   <div class='ocr_carea' id='block_1_39' title="bbox 497 3898 2090 3999">
    <p class='ocr_par' dir='ltr' id='par_1_39' title="bbox 497 3898 2090 3999">
     <span class='ocr_line' id='line_1_41' title="bbox 497 3898 2090 3999; baseline -0.02 -17"><span class='ocrx_word' id='word_1_288' title='bbox 497 3925 529 3982; x_wconf 81' lang='grc' dir='ltr'>ἕ</span> <span class='ocrx_word' id='word_1_289' title='bbox 531 3947 648 3999; x_wconf 88' lang='grc' dir='ltr'>χειν</span> <span class='ocrx_word' id='word_1_290' title='bbox 669 3923 796 3996; x_wconf 68' lang='grc' dir='ltr'><strong>[ἴση</strong></span> <span class='ocrx_word' id='word_1_291' title='bbox 821 3917 965 3988; x_wconf 72' lang='grc' dir='ltr'>εἶναι]</span> <span class='ocrx_word' id='word_1_292' title='bbox 997 3920 1260 3991; x_wconf 77' lang='grc' dir='ltr'>ἐνέργειαν,</span> <span class='ocrx_word' id='word_1_293' title='bbox 1292 3914 1369 3972; x_wconf 89' lang='grc' dir='ltr'><strong>τίς</strong></span> <span class='ocrx_word' id='word_1_294' title='bbox 1395 3929 1516 3965; x_wconf 81' lang='grc' dir='ltr'>ποτε</span> <span class='ocrx_word' id='word_1_295' title='bbox 1547 3907 1700 3980; x_wconf 75' lang='grc' dir='ltr'>ὀρθῶς</span> <span class='ocrx_word' id='word_1_296' title='bbox 1728 3909 1915 3977; x_wconf 82' lang='grc' dir='ltr'>φρονῶν</span> <span class='ocrx_word' id='word_1_297' title='bbox 1939 3898 2090 3958; x_wconf 83' lang='grc' dir='ltr'>δυνή-</span> 
     </span>
    </p>
   </div>
   <div class='ocr_carea' id='block_1_40' title="bbox 495 3993 2090 4075">
    <p class='ocr_par' dir='ltr' id='par_1_40' title="bbox 495 3993 2090 4075">
     <span class='ocr_line' id='line_1_42' title="bbox 495 3993 2090 4075; baseline -0.019 -1"><span class='ocrx_word' id='word_1_298' title='bbox 495 4037 648 4075; x_wconf 82' lang='grc' dir='ltr'>σηται</span> <span class='ocrx_word' id='word_1_299' title='bbox 695 4011 990 4075; x_wconf 80' lang='grc' dir='ltr'>ἀποδεῖξαι;</span> <span class='ocrx_word' id='word_1_300' title='bbox 1024 4008 1213 4062; x_wconf 84' lang='grc' dir='ltr'>ὁπόταν</span> <span class='ocrx_word' id='word_1_301' title='bbox 1244 4007 1328 4057; x_wconf 78' lang='grc' dir='ltr'><strong>ἐὰν</strong></span> <span class='ocrx_word' id='word_1_302' title='bbox 1349 4007 1443 4072; x_wconf 86' lang='grc' dir='ltr'><strong>μία</strong></span> <span class='ocrx_word' id='word_1_303' title='bbox 1485 4001 1644 4060; x_wconf 76' lang='grc' dir='ltr'>ὶστίν,</span> <span class='ocrx_word' id='word_1_304' title='bbox 1669 3994 1871 4050; x_wconf 83' lang='grc' dir='ltr'>εἴπωσιν</span> <span class='ocrx_word' id='word_1_305' title='bbox 1898 3993 1928 4052; x_wconf 71' lang='grc' dir='ltr'><strong><em>ἦ</em></strong></span> <span class='ocrx_word' id='word_1_306' title='bbox 1960 4012 2090 4070; x_wconf 89' lang='grc' dir='ltr'>χρο-</span> 
     </span>
    </p>
   </div>
   <div class='ocr_carea' id='block_1_41' title="bbox 497 4080 2088 4169">
    <p class='ocr_par' dir='ltr' id='par_1_41' title="bbox 497 4080 2088 4169">
     <span class='ocr_line' id='line_1_43' title="bbox 497 4080 2088 4169; baseline -0.018 -7"><span class='ocrx_word' id='word_1_307' title='bbox 497 4112 606 4165; x_wconf 74' lang='grc' dir='ltr'><strong>νεκὴ</strong></span> <span class='ocrx_word' id='word_1_308' title='bbox 645 4111 675 4164; x_wconf 81' lang='grc' dir='ltr'><strong>ἦ</strong></span> <span class='ocrx_word' id='word_1_309' title='bbox 703 4102 861 4162; x_wconf 75' lang='grc' dir='ltr'>άίδιος</span> <span class='ocrx_word' id='word_1_310' title='bbox 883 4100 1231 4169; x_wconf 76' lang='grc' dir='ltr'>·)εχθησεται,</span> <span class='ocrx_word' id='word_1_311' title='bbox 1255 4097 1363 4147; x_wconf 82' lang='grc' dir='ltr'>θεία</span> <span class='ocrx_word' id='word_1_312' title='bbox 1391 4092 1421 4151; x_wconf 79' lang='grc' dir='ltr'>ἡ</span> <span class='ocrx_word' id='word_1_313' title='bbox 1461 4089 1758 4164; x_wconf 70' lang='grc' dir='ltr'>ἀνθρωπίνη,</span> <span class='ocrx_word' id='word_1_314' title='bbox 1791 4083 2029 4142; x_wconf 69' lang='grc' dir='ltr'>οἴκτιστος</span> <span class='ocrx_word' id='word_1_315' title='bbox 2057 4080 2088 4141; x_wconf 73' lang='grc' dir='ltr'><em>ἢ</em></span> 
     </span>
    </p>
   </div>
   <div class='ocr_carea' id='block_1_42' title="bbox 495 4172 2092 4261">
    <p class='ocr_par' dir='ltr' id='par_1_42' title="bbox 495 4172 2092 4261">
     <span class='ocr_line' id='line_1_44' title="bbox 495 4172 2092 4261; baseline -0.02 -6"><span class='ocrx_word' id='word_1_316' title='bbox 495 4199 676 4255; x_wconf 78' lang='grc' dir='ltr'>κτιστη</span> <span class='ocrx_word' id='word_1_317' title='bbox 703 4237 718 4261; x_wconf 87' lang='grc'><strong>,</strong></span> <span class='ocrx_word' id='word_1_318' title='bbox 768 4198 799 4253; x_wconf 75' lang='grc' dir='ltr'>ἡ</span> <span class='ocrx_word' id='word_1_319' title='bbox 843 4193 996 4253; x_wconf 73' lang='grc' dir='ltr'>αὕτη,</span> <span class='ocrx_word' id='word_1_320' title='bbox 1041 4191 1151 4248; x_wconf 79' lang='grc' dir='ltr'>ἧτις</span> <span class='ocrx_word' id='word_1_321' title='bbox 1200 4187 1283 4240; x_wconf 84' lang='grc' dir='ltr'><strong>καί</strong></span> <span class='ocrx_word' id='word_1_322' title='bbox 1329 4188 1420 4238; x_wconf 84' lang='grc' dir='ltr'>τοῦ</span> <span class='ocrx_word' id='word_1_323' title='bbox 1466 4176 1660 4252; x_wconf 78' lang='grc' dir='ltr'>Πατρός</span> <span class='ocrx_word' id='word_1_324' title='bbox 1691 4179 1852 4241; x_wconf 84' lang='grc' dir='ltr'>ἐστιν,</span> <span class='ocrx_word' id='word_1_325' title='bbox 1885 4172 1914 4231; x_wconf 79' lang='grc' dir='ltr'><strong>ἣ</strong></span> <span class='ocrx_word' id='word_1_326' title='bbox 1943 4173 2092 4246; x_wconf 83' lang='grc' dir='ltr'>ίτέροι</span> 
     </span>
    </p>
   </div>
   <div class='ocr_carea' id='block_1_43' title="bbox 497 4268 2089 4370">
    <p class='ocr_par' dir='ltr' id='par_1_43' title="bbox 497 4268 2089 4370">
     <span class='ocr_line' id='line_1_45' title="bbox 497 4268 2089 4370; baseline -0.021 -17"><span class='ocrx_word' id='word_1_327' title='bbox 497 4297 644 4370; x_wconf 83' lang='grc' dir='ltr'>παρὰ</span> <span class='ocrx_word' id='word_1_328' title='bbox 693 4292 776 4348; x_wconf 87' lang='grc' dir='ltr'><strong>τόν</strong></span> <span class='ocrx_word' id='word_1_329' title='bbox 828 4289 1040 4359; x_wconf 73' lang='grc' dir='ltr'>Πατέρα.</span> <span class='ocrx_word' id='word_1_330' title='bbox 1091 4287 1148 4336; x_wconf 82' lang='grc' dir='ltr'><strong>Εἰ</strong></span> <span class='ocrx_word' id='word_1_331' title='bbox 1195 4283 1364 4337; x_wconf 87' lang='grc' dir='ltr'>τοίνυν</span> <span class='ocrx_word' id='word_1_332' title='bbox 1428 4277 1516 4345; x_wconf 87' lang='grc' dir='ltr'><strong>μία</strong></span> <span class='ocrx_word' id='word_1_333' title='bbox 1571 4274 1681 4326; x_wconf 76' lang='grc' dir='ltr'>ἐστὶ</span> <span class='ocrx_word' id='word_1_334' title='bbox 1729 4272 1812 4323; x_wconf 78' lang='grc' dir='ltr'>καὶ</span> <span class='ocrx_word' id='word_1_335' title='bbox 1861 4269 1890 4325; x_wconf 79' lang='lat'>&#39;6</span> <span class='ocrx_word' id='word_1_336' title='bbox 1935 4268 2089 4331; x_wconf 76' lang='grc' dir='ltr'>αύτή,</span> 
     </span>
    </p>
   </div>
   <div class='ocr_carea' id='block_1_44' title="bbox 499 4364 2092 4462">
    <p class='ocr_par' dir='ltr' id='par_1_44' title="bbox 499 4364 2092 4462">
     <span class='ocr_line' id='line_1_46' title="bbox 499 4364 2092 4462; baseline -0.02 -18"><span class='ocrx_word' id='word_1_337' title='bbox 499 4393 594 4462; x_wconf 83' lang='grc' dir='ltr'><strong>μία</strong></span> <span class='ocrx_word' id='word_1_338' title='bbox 637 4388 723 4441; x_wconf 87' lang='grc' dir='ltr'><strong>καί</strong></span> <span class='ocrx_word' id='word_1_339' title='bbox 761 4391 853 4443; x_wconf 81' lang='grc' dir='ltr'>τῆς</span> <span class='ocrx_word' id='word_1_340' title='bbox 882 4381 1112 4439; x_wconf 75' lang='grc' dir='ltr'>θεότητος</span> <span class='ocrx_word' id='word_1_341' title='bbox 1140 4377 1224 4430; x_wconf 83' lang='grc' dir='ltr'><strong>καί</strong></span> <span class='ocrx_word' id='word_1_342' title='bbox 1272 4381 1363 4432; x_wconf 85' lang='grc' dir='ltr'>τῆς</span> <span class='ocrx_word' id='word_1_343' title='bbox 1411 4364 1798 4440; x_wconf 82' lang='grc' dir='ltr'>άνθρωπότητος</span> <span class='ocrx_word' id='word_1_344' title='bbox 1841 4367 1930 4418; x_wconf 84' lang='grc' dir='ltr'>τοῦ</span> <span class='ocrx_word' id='word_1_345' title='bbox 1976 4370 2092 4436; x_wconf 79' lang='grc' dir='ltr'>Χρι·</span> 
     </span>
    </p>
   </div>
   <div class='ocr_carea' id='block_1_45' title="bbox 498 4452 2092 4538">
    <p class='ocr_par' dir='ltr' id='par_1_45' title="bbox 498 4452 2092 4538">
     <span class='ocr_line' id='line_1_47' title="bbox 498 4452 2092 4538; baseline -0.021 -2"><span class='ocrx_word' id='word_1_346' title='bbox 498 4485 624 4536; x_wconf 81' lang='grc' dir='ltr'>στοῡ</span> <span class='ocrx_word' id='word_1_347' title='bbox 656 4477 792 4534; x_wconf 75' lang='grc' dir='ltr'>κοινή</span> <span class='ocrx_word' id='word_1_348' title='bbox 828 4474 985 4533; x_wconf 74' lang='grc' dir='ltr'>ἔστιν,</span> <span class='ocrx_word' id='word_1_349' title='bbox 1019 4468 1144 4538; x_wconf 84' lang='grc' dir='ltr'>ὅπερ</span> <span class='ocrx_word' id='word_1_350' title='bbox 1171 4459 1435 4520; x_wconf 83' lang='grc' dir='ltr'>ἀλλόκοτόν</span> <span class='ocrx_word' id='word_1_351' title='bbox 1473 4459 1585 4513; x_wconf 80' lang='grc' dir='ltr'>ἐστι</span> <span class='ocrx_word' id='word_1_352' title='bbox 1612 4453 1872 4529; x_wconf 80' lang='grc' dir='ltr'>λέγεσθαι,</span> <span class='ocrx_word' id='word_1_353' title='bbox 1914 4452 2092 4504; x_wconf 76' lang='grc' dir='ltr'>οὐκοῦν</span> 
     </span>
    </p>
   </div>
   <div class='ocr_carea' id='block_1_46' title="bbox 1700 359 2439 434">
    <p class='ocr_par' dir='ltr' id='par_1_46' title="bbox 1700 359 2439 434">
     <span class='ocr_line' id='line_1_48' title="bbox 1700 359 2439 434; baseline -0.023 0"><span class='ocrx_word' id='word_1_354' title='bbox 1700 376 1761 434; x_wconf 90' lang='lat' dir='ltr'><strong>S.</strong></span> <span class='ocrx_word' id='word_1_355' title='bbox 1803 370 1894 432; x_wconf 82' lang='lat' dir='ltr'><strong>AG</strong></span> <span class='ocrx_word' id='word_1_356' title='bbox 1904 359 2195 427; x_wconf 76' lang='lat' dir='ltr'><strong>ATHONIS</strong></span> <span class='ocrx_word' id='word_1_357' title='bbox 2230 359 2439 421; x_wconf 68' lang='lat' dir='ltr'><strong>PAPE</strong></span> 
     </span>
    </p>
   </div>
   <div class='ocr_carea' id='block_1_47' title="bbox 455 482 2077 592">
    <p class='ocr_par' dir='ltr' id='par_1_47' title="bbox 455 491 2077 592">
     <span class='ocr_line' id='line_1_49' title="bbox 455 491 2077 592; baseline -0.017 -18"><span class='ocrx_word' id='word_1_358' title='bbox 455 517 666 592; x_wconf 70' lang='grc' dir='ltr'>ὀρθότης</span> <span class='ocrx_word' id='word_1_359' title='bbox 705 517 798 573; x_wconf 76' lang='grc' dir='ltr'>τῆς</span> <span class='ocrx_word' id='word_1_360' title='bbox 835 510 1062 569; x_wconf 83' lang='grc' dir='ltr'>πίστεως</span> <span class='ocrx_word' id='word_1_361' title='bbox 1100 509 1185 563; x_wconf 76' lang='grc' dir='ltr'><strong>οιά</strong></span> <span class='ocrx_word' id='word_1_362' title='bbox 1241 511 1341 560; x_wconf 83' lang='grc' dir='ltr'><strong>τῶν</strong></span> <span class='ocrx_word' id='word_1_363' title='bbox 1387 499 1682 571; x_wconf 76' lang='grc' dir='ltr'>σεϐασμίων</span> <span class='ocrx_word' id='word_1_364' title='bbox 1729 498 1886 552; x_wconf 80' lang='grc' dir='ltr'>αὐτοῦ</span> <span class='ocrx_word' id='word_1_365' title='bbox 1933 491 2077 553; x_wconf 56' lang='grc' dir='ltr'>ἡδί-ι</span> 
     </span>
    </p>
   </div>
   <div class='ocr_carea' id='block_1_48' title="bbox 2179 482 2542 592">
    <p class='ocr_par' dir='ltr' id='par_1_48' title="bbox 2179 482 2542 544">
     <span class='ocr_line' id='line_1_50' title="bbox 2179 482 2542 544; baseline -0.036 0"><span class='ocrx_word' id='word_1_366' title='bbox 2179 485 2443 544; x_wconf 84' lang='lat' dir='ltr'><strong>ortissimo</strong></span> <span class='ocrx_word' id='word_1_367' title='bbox 2493 482 2542 533; x_wconf 79' lang='lat' dir='ltr'><strong>fu</strong></span> 
     </span>
    </p>
   </div>
   <div class='ocr_carea' id='block_1_49' title="bbox 3561 311 3720 400">
    <p class='ocr_par' dir='ltr' id='par_1_49' title="bbox 3561 311 3720 400">
     <span class='ocr_line' id='line_1_51' title="bbox 3561 311 3720 400; baseline 0.025 -9"><span class='ocrx_word' id='word_1_368' title='bbox 3561 311 3720 400; x_wconf 57' lang='lat'><strong>21200</strong></span> 
     </span>
    </p>
   </div>
   <div class='ocr_carea' id='block_1_50' title="bbox 2551 451 3725 531">
    <p class='ocr_par' dir='ltr' id='par_1_50' title="bbox 2551 451 3725 531">
     <span class='ocr_line' id='line_1_52' title="bbox 2551 451 3725 531; baseline -0.021 0"><span class='ocrx_word' id='word_1_369' title='bbox 2551 475 2836 531; x_wconf 77' lang='lat' dir='ltr'><strong>udamcnto</strong></span> <span class='ocrx_word' id='word_1_370' title='bbox 2883 479 3010 525; x_wconf 90' lang='lat' dir='ltr'><strong>cura</strong></span> <span class='ocrx_word' id='word_1_371' title='bbox 3061 475 3124 518; x_wconf 87' lang='lat' dir='ltr'><strong>ac</strong></span> <span class='ocrx_word' id='word_1_372' title='bbox 3177 453 3506 529; x_wconf 83' lang='lat' dir='ltr'><strong>dispensatio</strong></span> <span class='ocrx_word' id='word_1_373' title='bbox 3551 451 3725 509; x_wconf 71' lang='lat' dir='ltr'><strong>inesse</strong></span> 
     </span>
    </p>
   </div>
   <div class='ocr_carea' id='block_1_51' title="bbox 2147 547 3728 651">
    <p class='ocr_par' dir='ltr' id='par_1_51' title="bbox 2147 547 3728 651">
     <span class='ocr_line' id='line_1_53' title="bbox 2147 547 3728 651; baseline -0.027 -14"><span class='ocrx_word' id='word_1_374' title='bbox 2147 579 2497 651; x_wconf 83' lang='lat' dir='ltr'><strong>dignoscitur,</strong></span> <span class='ocrx_word' id='word_1_375' title='bbox 2541 570 2739 640; x_wconf 66' lang='lat' dir='ltr'><strong>exigua</strong></span> <span class='ocrx_word' id='word_1_376' title='bbox 2789 565 2858 620; x_wconf 90' lang='lat' dir='ltr'><strong>de</strong></span> <span class='ocrx_word' id='word_1_377' title='bbox 2903 557 3203 618; x_wconf 81' lang='lat' dir='ltr'><strong>numerosis</strong></span> <span class='ocrx_word' id='word_1_378' title='bbox 3252 553 3378 608; x_wconf 90' lang='lat' dir='ltr'><strong>huic</strong></span> <span class='ocrx_word' id='word_1_379' title='bbox 3419 547 3728 603; x_wconf 76' lang='lat' dir='ltr'><strong>humillima:</strong></span> 
     </span>
    </p>
   </div>
   <div class='ocr_carea' id='block_1_52' title="bbox 2147 639 3729 741">
    <p class='ocr_par' dir='ltr' id='par_1_52' title="bbox 2147 639 3729 741">
     <span class='ocr_line' id='line_1_54' title="bbox 2147 639 3729 741; baseline -0.023 -13"><span class='ocrx_word' id='word_1_380' title='bbox 2147 639 2490 741; x_wconf 26' lang='lat' dir='ltr'><strong>suggestioni-</strong></span> <span class='ocrx_word' id='word_1_381' title='bbox 2527 639 2765 719; x_wconf 83' lang='lat' dir='ltr'><strong>inserere</strong></span> <span class='ocrx_word' id='word_1_382' title='bbox 2816 663 3124 712; x_wconf 87' lang='lat' dir='ltr'><strong>sanctorum</strong></span> <span class='ocrx_word' id='word_1_383' title='bbox 3174 647 3392 702; x_wconf 86' lang='lat' dir='ltr'><strong>Patrum</strong></span> <span class='ocrx_word' id='word_1_384' title='bbox 3426 639 3729 698; x_wconf 76' lang='lat' dir='ltr'><strong>testimonia</strong></span> 
     </span>
    </p>
   </div>
   <div class='ocr_carea' id='block_1_53' title="bbox 2149 730 3735 824">
    <p class='ocr_par' dir='ltr' id='par_1_53' title="bbox 2149 730 3735 824">
     <span class='ocr_line' id='line_1_55' title="bbox 2149 730 3735 824; baseline -0.025 -4"><span class='ocrx_word' id='word_1_385' title='bbox 2149 762 2530 820; x_wconf 70' lang='lat' dir='ltr'><strong>maturarimus</strong></span> <span class='ocrx_word' id='word_1_386' title='bbox 2565 773 2577 808; x_wconf 91' lang='lat'><strong>:</strong></span> <span class='ocrx_word' id='word_1_387' title='bbox 2609 756 2731 824; x_wconf 84' lang='lat' dir='ltr'><strong>quia</strong></span> <span class='ocrx_word' id='word_1_388' title='bbox 2777 761 2832 806; x_wconf 91' lang='lat' dir='ltr'><strong>et</strong></span> <span class='ocrx_word' id='word_1_389' title='bbox 2887 749 2988 802; x_wconf 92' lang='lat' dir='ltr'><strong>hoc</strong></span> <span class='ocrx_word' id='word_1_390' title='bbox 3043 734 3454 808; x_wconf 82' lang='lat' dir='ltr'><strong>incomparabile</strong></span> <span class='ocrx_word' id='word_1_391' title='bbox 3496 730 3735 787; x_wconf 79' lang='lat' dir='ltr'><strong>nimiset</strong></span> 
     </span>
    </p>
   </div>
   <div class='ocr_carea' id='block_1_54' title="bbox 2149 827 3734 923">
    <p class='ocr_par' dir='ltr' id='par_1_54' title="bbox 2149 827 3734 923">
     <span class='ocr_line' id='line_1_56' title="bbox 2149 827 3734 923; baseline -0.025 -12"><span class='ocrx_word' id='word_1_392' title='bbox 2149 868 2402 923; x_wconf 84' lang='lat' dir='ltr'><strong>magnum</strong></span> <span class='ocrx_word' id='word_1_393' title='bbox 2431 857 2535 913; x_wconf 90' lang='lat' dir='ltr'><strong>est,</strong></span> <span class='ocrx_word' id='word_1_394' title='bbox 2569 857 2627 901; x_wconf 95' lang='lat' dir='ltr'><strong>ut</strong></span> <span class='ocrx_word' id='word_1_395' title='bbox 2675 845 2838 900; x_wconf 90' lang='lat' dir='ltr'><strong>totius</strong></span> <span class='ocrx_word' id='word_1_396' title='bbox 2884 837 3198 908; x_wconf 64' lang='lat' dir='ltr'><strong>reipublicae</strong></span> <span class='ocrx_word' id='word_1_397' title='bbox 3238 827 3560 885; x_wconf 71' lang='lat' dir='ltr'><strong>Christiana:</strong></span> <span class='ocrx_word' id='word_1_398' title='bbox 3605 835 3734 876; x_wconf 90' lang='lat' dir='ltr'><strong>cura</strong></span> 
     </span>
    </p>
   </div>
   <div class='ocr_carea' id='block_1_55' title="bbox 2153 915 3738 1017">
    <p class='ocr_par' dir='ltr' id='par_1_55' title="bbox 2153 915 3738 1017">
     <span class='ocr_line' id='line_1_57' title="bbox 2153 915 3738 1017; baseline -0.021 -17"><span class='ocrx_word' id='word_1_399' title='bbox 2153 949 2425 1017; x_wconf 78' lang='lat' dir='ltr'><strong>paulisper</strong></span> <span class='ocrx_word' id='word_1_400' title='bbox 2451 944 2720 1002; x_wconf 87' lang='lat' dir='ltr'><strong>submota,</strong></span> <span class='ocrx_word' id='word_1_401' title='bbox 2751 951 2845 1006; x_wconf 90' lang='lat' dir='ltr'><strong>pro</strong></span> <span class='ocrx_word' id='word_1_402' title='bbox 2884 945 3070 988; x_wconf 87' lang='lat' dir='ltr'><strong>amore</strong></span> <span class='ocrx_word' id='word_1_403' title='bbox 3097 938 3258 995; x_wconf 90' lang='lat' dir='ltr'><strong>atque</strong></span> <span class='ocrx_word' id='word_1_404' title='bbox 3288 937 3430 976; x_wconf 70' lang='lat' dir='ltr'><strong>verae</strong></span> <span class='ocrx_word' id='word_1_405' title='bbox 3462 915 3738 988; x_wconf 71' lang='lat' dir='ltr'><strong>religionis</strong></span> 
     </span>
    </p>
   </div>
   <div class='ocr_carea' id='block_1_56' title="bbox 2154 1013 3737 1110">
    <p class='ocr_par' dir='ltr' id='par_1_56' title="bbox 2154 1013 3737 1110">
     <span class='ocr_line' id='line_1_58' title="bbox 2154 1013 3737 1110; baseline -0.027 -13"><span class='ocrx_word' id='word_1_406' title='bbox 2154 1038 2454 1110; x_wconf 82' lang='lat' dir='ltr'><strong>ﬂagrantia.</strong></span> <span class='ocrx_word' id='word_1_407' title='bbox 2485 1031 2797 1104; x_wconf 60' lang='lat' dir='ltr'><strong>apostolicae</strong></span> <span class='ocrx_word' id='word_1_408' title='bbox 2839 1016 3238 1096; x_wconf 75' lang='lat' dir='ltr'><strong>prmdicationis</strong></span> <span class='ocrx_word' id='word_1_409' title='bbox 3266 1013 3566 1068; x_wconf 83' lang='lat' dir='ltr'><strong>doctrinam</strong></span> <span class='ocrx_word' id='word_1_410' title='bbox 3597 1019 3737 1059; x_wconf 87' lang='lat' dir='ltr'><strong>euu-</strong></span> 
     </span>
    </p>
   </div>
   <div class='ocr_carea' id='block_1_57' title="bbox 2154 1099 3744 1198">
    <p class='ocr_par' dir='ltr' id='par_1_57' title="bbox 2154 1099 3744 1198">
     <span class='ocr_line' id='line_1_59' title="bbox 2154 1099 3744 1198; baseline -0.025 -12"><span class='ocrx_word' id='word_1_411' title='bbox 2154 1132 2383 1186; x_wconf 84' lang='lat' dir='ltr'><strong>cleatius</strong></span> <span class='ocrx_word' id='word_1_412' title='bbox 2413 1099 2707 1198; x_wconf 76' lang='lat' dir='ltr'><strong>agnoscere</strong></span> <span class='ocrx_word' id='word_1_413' title='bbox 2738 1120 2920 1189; x_wconf 89' lang='lat' dir='ltr'><strong>cupiat</strong></span> <span class='ocrx_word' id='word_1_414' title='bbox 2962 1108 3336 1182; x_wconf 87' lang='lat' dir='ltr'><strong>augustissima</strong></span> <span class='ocrx_word' id='word_1_415' title='bbox 3367 1112 3422 1158; x_wconf 90' lang='lat' dir='ltr'><strong>et</strong></span> <span class='ocrx_word' id='word_1_416' title='bbox 3446 1099 3744 1168; x_wconf 82' lang='lat' dir='ltr'><strong>religiosis-</strong></span> 
     </span>
    </p>
   </div>
   <div class='ocr_carea' id='block_1_58' title="bbox 2157 1191 3743 1279">
    <p class='ocr_par' dir='ltr' id='par_1_58' title="bbox 2157 1191 3743 1279">
     <span class='ocr_line' id='line_1_60' title="bbox 2157 1191 3743 1279; baseline -0.025 0"><span class='ocrx_word' id='word_1_417' title='bbox 2157 1231 2291 1279; x_wconf 84' lang='lat' dir='ltr'><strong>sima</strong></span> <span class='ocrx_word' id='word_1_418' title='bbox 2317 1233 2490 1277; x_wconf 85' lang='lat' dir='ltr'><strong>vestra</strong></span> <span class='ocrx_word' id='word_1_419' title='bbox 2519 1215 2828 1273; x_wconf 88' lang='lat' dir='ltr'><strong>clementia.</strong></span> <span class='ocrx_word' id='word_1_420' title='bbox 2886 1208 3172 1262; x_wconf 84' lang='lat' dir='ltr'><strong>Enimvero</strong></span> <span class='ocrx_word' id='word_1_421' title='bbox 3201 1215 3266 1254; x_wconf 78' lang='lat' dir='ltr'><strong>ex</strong></span> <span class='ocrx_word' id='word_1_422' title='bbox 3289 1194 3519 1252; x_wconf 85' lang='lat' dir='ltr'><strong>diversis</strong></span> <span class='ocrx_word' id='word_1_423' title='bbox 3549 1191 3743 1256; x_wconf 83' lang='lat' dir='ltr'><strong>proba-</strong></span> 
     </span>
    </p>
   </div>
   <div class='ocr_carea' id='block_1_59' title="bbox 2158 1283 3745 1372">
    <p class='ocr_par' dir='ltr' id='par_1_59' title="bbox 2158 1283 3745 1372">
     <span class='ocr_line' id='line_1_61' title="bbox 2158 1283 3745 1372; baseline -0.026 0"><span class='ocrx_word' id='word_1_424' title='bbox 2158 1318 2356 1372; x_wconf 84' lang='lat' dir='ltr'><strong>bilibus</strong></span> <span class='ocrx_word' id='word_1_425' title='bbox 2383 1312 2632 1368; x_wconf 87' lang='lat' dir='ltr'><strong>Patribus</strong></span> <span class='ocrx_word' id='word_1_426' title='bbox 2653 1303 2967 1362; x_wconf 70' lang='lat' dir='ltr'><strong>orthodoxa:</strong></span> <span class='ocrx_word' id='word_1_427' title='bbox 3000 1297 3121 1354; x_wconf 81' lang='lat' dir='ltr'><strong>ﬁdei</strong></span> <span class='ocrx_word' id='word_1_428' title='bbox 3153 1292 3352 1348; x_wconf 83' lang='lat' dir='ltr'><strong>veritas</strong></span> <span class='ocrx_word' id='word_1_429' title='bbox 3377 1285 3592 1348; x_wconf 84' lang='lat' dir='ltr'><strong>claruit,</strong></span> <span class='ocrx_word' id='word_1_430' title='bbox 3619 1283 3745 1335; x_wconf 84' lang='lat' dir='ltr'><strong>licet</strong></span> 
     </span>
    </p>
   </div>
   <div class='ocr_carea' id='block_1_60' title="bbox 2157 1376 3746 1481">
    <p class='ocr_par' dir='ltr' id='par_1_60' title="bbox 2157 1376 3746 1481">
     <span class='ocr_line' id='line_1_62' title="bbox 2157 1376 3746 1481; baseline -0.026 -16"><span class='ocrx_word' id='word_1_431' title='bbox 2157 1407 2372 1481; x_wconf 79' lang='lat' dir='ltr'><strong>exiguis</strong></span> <span class='ocrx_word' id='word_1_432' title='bbox 2405 1402 2728 1460; x_wconf 78' lang='lat' dir='ltr'><strong>testimoniis</strong></span> <span class='ocrx_word' id='word_1_433' title='bbox 2760 1415 2772 1452; x_wconf 89' lang='lat'>:</span> <span class='ocrx_word' id='word_1_434' title='bbox 2804 1395 2926 1466; x_wconf 91' lang='lat' dir='ltr'><strong>quia</strong></span> <span class='ocrx_word' id='word_1_435' title='bbox 2955 1406 3068 1447; x_wconf 90' lang='lat' dir='ltr'><strong>rem</strong></span> <span class='ocrx_word' id='word_1_436' title='bbox 3097 1396 3358 1456; x_wconf 79' lang='lat' dir='ltr'><strong>apertam</strong></span> <span class='ocrx_word' id='word_1_437' title='bbox 3396 1390 3454 1436; x_wconf 88' lang='lat' dir='ltr'><strong>et</strong></span> <span class='ocrx_word' id='word_1_438' title='bbox 3493 1376 3746 1432; x_wconf 87' lang='lat' dir='ltr'><strong>omnibus</strong></span> 
     </span>
    </p>
   </div>
   <div class='ocr_carea' id='block_1_61' title="bbox 2160 1467 3749 1558">
    <p class='ocr_par' dir='ltr' id='par_1_61' title="bbox 2160 1467 3749 1558">
     <span class='ocr_line' id='line_1_63' title="bbox 2160 1467 3749 1558; baseline -0.026 0"><span class='ocrx_word' id='word_1_439' title='bbox 2160 1505 2361 1558; x_wconf 77' lang='lat' dir='ltr'><strong>claram</strong></span> <span class='ocrx_word' id='word_1_440' title='bbox 2393 1499 2574 1553; x_wconf 80' lang='lat' dir='ltr'><strong>Patres</strong></span> <span class='ocrx_word' id='word_1_441' title='bbox 2604 1491 2897 1548; x_wconf 79' lang='lat' dir='ltr'><strong>laudabiles</strong></span> <span class='ocrx_word' id='word_1_442' title='bbox 2925 1482 3252 1554; x_wconf 84' lang='lat' dir='ltr'><strong>superﬂuum</strong></span> <span class='ocrx_word' id='word_1_443' title='bbox 3301 1490 3421 1532; x_wconf 85' lang='lat' dir='ltr'><strong>esse</strong></span> <span class='ocrx_word' id='word_1_444' title='bbox 3453 1467 3749 1527; x_wconf 83' lang='lat' dir='ltr'><strong>censebant</strong></span> 
     </span>
    </p>
   </div>
   <div class='ocr_carea' id='block_1_62' title="bbox 2163 1563 3749 1655">
    <p class='ocr_par' dir='ltr' id='par_1_62' title="bbox 2163 1563 3749 1655">
     <span class='ocr_line' id='line_1_64' title="bbox 2163 1563 3749 1655; baseline -0.026 -4"><span class='ocrx_word' id='word_1_445' title='bbox 2163 1597 2448 1650; x_wconf 85' lang='lat' dir='ltr'><strong>disserere.</strong></span> <span class='ocrx_word' id='word_1_446' title='bbox 2481 1590 2610 1655; x_wconf 84' lang='lat' dir='ltr'><strong>Quis</strong></span> <span class='ocrx_word' id='word_1_447' title='bbox 2637 1585 2801 1648; x_wconf 91' lang='lat' dir='ltr'><strong>enim,</strong></span> <span class='ocrx_word' id='word_1_448' title='bbox 2830 1581 2952 1636; x_wconf 81' lang='lat' dir='ltr'><strong>licet</strong></span> <span class='ocrx_word' id='word_1_449' title='bbox 2984 1575 3169 1632; x_wconf 88' lang='lat' dir='ltr'><strong>tardus</strong></span> <span class='ocrx_word' id='word_1_450' title='bbox 3211 1574 3282 1626; x_wconf 85' lang='lat' dir='ltr'><strong>sit</strong></span> <span class='ocrx_word' id='word_1_451' title='bbox 3323 1567 3389 1622; x_wconf 90' lang='lat' dir='ltr'><strong>ad</strong></span> <span class='ocrx_word' id='word_1_452' title='bbox 3440 1563 3749 1629; x_wconf 85' lang='lat' dir='ltr'><strong>intelligen-</strong></span> 
     </span>
    </p>
   </div>
   <div class='ocr_carea' id='block_1_63' title="bbox 2165 1654 3752 1749">
    <p class='ocr_par' dir='ltr' id='par_1_63' title="bbox 2165 1654 3752 1749">
     <span class='ocr_line' id='line_1_65' title="bbox 2165 1654 3752 1749; baseline -0.025 -8"><span class='ocrx_word' id='word_1_453' title='bbox 2165 1689 2316 1749; x_wconf 83' lang='lat' dir='ltr'><strong>tiam,</strong></span> <span class='ocrx_word' id='word_1_454' title='bbox 2349 1700 2453 1736; x_wconf 89' lang='lat' dir='ltr'><strong>nou</strong></span> <span class='ocrx_word' id='word_1_455' title='bbox 2489 1654 2670 1733; x_wconf 65' lang='lat' dir='ltr'><strong>videat</strong></span> <span class='ocrx_word' id='word_1_456' title='bbox 2699 1673 2838 1743; x_wconf 83' lang='lat' dir='ltr'><strong>quod</strong></span> <span class='ocrx_word' id='word_1_457' title='bbox 2866 1669 3113 1727; x_wconf 84' lang='lat' dir='ltr'><strong>omnibus</strong></span> <span class='ocrx_word' id='word_1_458' title='bbox 3157 1661 3338 1732; x_wconf 73' lang='lat' dir='ltr'><strong>patet?</strong></span> <span class='ocrx_word' id='word_1_459' title='bbox 3384 1657 3516 1722; x_wconf 83' lang='lat' dir='ltr'><strong>Quia</strong></span> <span class='ocrx_word' id='word_1_460' title='bbox 3548 1654 3752 1720; x_wconf 80' lang='lat' dir='ltr'><strong>impos-</strong></span> 
     </span>
    </p>
   </div>
   <div class='ocr_carea' id='block_1_64' title="bbox 2165 1756 3750 1835">
    <p class='ocr_par' dir='ltr' id='par_1_64' title="bbox 2165 1756 3750 1835">
     <span class='ocr_line' id='line_1_66' title="bbox 2165 1756 3750 1835; baseline -0.026 0"><span class='ocrx_word' id='word_1_461' title='bbox 2165 1781 2320 1835; x_wconf 89' lang='lat' dir='ltr'><strong>sibile</strong></span> <span class='ocrx_word' id='word_1_462' title='bbox 2348 1787 2400 1831; x_wconf 86' lang='lat' dir='ltr'><strong>et</strong></span> <span class='ocrx_word' id='word_1_463' title='bbox 2428 1783 2615 1830; x_wconf 91' lang='lat' dir='ltr'><strong>contra</strong></span> <span class='ocrx_word' id='word_1_464' title='bbox 2645 1770 2887 1825; x_wconf 84' lang='lat' dir='ltr'><strong>ordinem</strong></span> <span class='ocrx_word' id='word_1_465' title='bbox 2943 1773 3146 1818; x_wconf 57' lang='lat' dir='ltr'><strong>naturae</strong></span> <span class='ocrx_word' id='word_1_466' title='bbox 3195 1766 3279 1810; x_wconf 84' lang='lat' dir='ltr'><strong>est</strong></span> <span class='ocrx_word' id='word_1_467' title='bbox 3319 1764 3480 1822; x_wconf 82' lang='lat' dir='ltr'><strong>posse</strong></span> <span class='ocrx_word' id='word_1_468' title='bbox 3507 1756 3750 1801; x_wconf 87' lang='lat' dir='ltr'><strong>naturam</strong></span> 
     </span>
    </p>
   </div>
   <div class='ocr_carea' id='block_1_65' title="bbox 2164 1836 3756 1938">
    <p class='ocr_par' dir='ltr' id='par_1_65' title="bbox 2164 1836 3756 1938">
     <span class='ocr_line' id='line_1_67' title="bbox 2164 1836 3756 1938; baseline -0.025 -12"><span class='ocrx_word' id='word_1_469' title='bbox 2164 1879 2219 1926; x_wconf 89' lang='lat' dir='ltr'><strong>et</strong></span> <span class='ocrx_word' id='word_1_470' title='bbox 2271 1868 2637 1938; x_wconf 75' lang='lat' dir='ltr'><strong>Operationem</strong></span> <span class='ocrx_word' id='word_1_471' title='bbox 2692 1877 2797 1917; x_wconf 88' lang='lat' dir='ltr'><strong>non</strong></span> <span class='ocrx_word' id='word_1_472' title='bbox 2850 1856 3051 1911; x_wconf 87' lang='lat' dir='ltr'><strong>habere</strong></span> <span class='ocrx_word' id='word_1_473' title='bbox 3103 1858 3310 1906; x_wconf 71' lang='lat' dir='ltr'><strong>naturae</strong></span> <span class='ocrx_word' id='word_1_474' title='bbox 3340 1861 3356 1901; x_wconf 87' lang='lat'><strong>:</strong></span> <span class='ocrx_word' id='word_1_475' title='bbox 3386 1840 3528 1912; x_wconf 90' lang='lat' dir='ltr'><strong>quod</strong></span> <span class='ocrx_word' id='word_1_476' title='bbox 3559 1851 3654 1892; x_wconf 85' lang='lat' dir='ltr'><strong>nec</strong></span> <span class='ocrx_word' id='word_1_477' title='bbox 3684 1836 3756 1887; x_wconf 88' lang='lat' dir='ltr'><strong>ab</strong></span> 
     </span>
    </p>
   </div>
   <div class='ocr_carea' id='block_1_66' title="bbox 2164 1928 3755 2028">
    <p class='ocr_par' dir='ltr' id='par_1_66' title="bbox 2164 1928 3755 2028">
     <span class='ocr_line' id='line_1_68' title="bbox 2164 1928 3755 2028; baseline -0.026 -9"><span class='ocrx_word' id='word_1_478' title='bbox 2164 1961 2433 2019; x_wconf 67' lang='lat' dir='ltr'><strong>haereticis</strong></span> <span class='ocrx_word' id='word_1_479' title='bbox 2462 1969 2694 2028; x_wconf 88' lang='lat' dir='ltr'><strong>unquam</strong></span> <span class='ocrx_word' id='word_1_480' title='bbox 2727 1959 2988 2007; x_wconf 90' lang='lat' dir='ltr'><strong>tentatum</strong></span> <span class='ocrx_word' id='word_1_481' title='bbox 3028 1953 3110 1999; x_wconf 89' lang='lat' dir='ltr'><strong>est</strong></span> <span class='ocrx_word' id='word_1_482' title='bbox 3159 1940 3291 2005; x_wconf 88' lang='lat' dir='ltr'><strong>dici,</strong></span> <span class='ocrx_word' id='word_1_483' title='bbox 3323 1936 3409 2006; x_wconf 90' lang='lat' dir='ltr'><strong>qui</strong></span> <span class='ocrx_word' id='word_1_484' title='bbox 3439 1940 3629 1988; x_wconf 80' lang='lat' dir='ltr'><strong>omnes</strong></span> <span class='ocrx_word' id='word_1_485' title='bbox 3659 1928 3755 1979; x_wconf 84' lang='lat' dir='ltr'><strong>ad-</strong></span> 
     </span>
    </p>
   </div>
   <div class='ocr_carea' id='block_1_67' title="bbox 2166 2022 3758 2114">
    <p class='ocr_par' dir='ltr' id='par_1_67' title="bbox 2166 2022 3758 2114">
     <span class='ocr_line' id='line_1_69' title="bbox 2166 2022 3758 2114; baseline -0.026 -3"><span class='ocrx_word' id='word_1_486' title='bbox 2166 2073 2354 2114; x_wconf 84' lang='lat' dir='ltr'><strong>versus</strong></span> <span class='ocrx_word' id='word_1_487' title='bbox 2389 2052 2768 2110; x_wconf 87' lang='lat' dir='ltr'><strong>rectitudinem</strong></span> <span class='ocrx_word' id='word_1_488' title='bbox 2793 2045 2912 2099; x_wconf 88' lang='lat' dir='ltr'><strong>lidei</strong></span> <span class='ocrx_word' id='word_1_489' title='bbox 2945 2044 3204 2094; x_wconf 90' lang='lat' dir='ltr'><strong>humanas</strong></span> <span class='ocrx_word' id='word_1_490' title='bbox 3235 2029 3502 2088; x_wconf 79' lang='lat' dir='ltr'><strong>versutias</strong></span> <span class='ocrx_word' id='word_1_491' title='bbox 3525 2035 3580 2079; x_wconf 82' lang='lat' dir='ltr'><strong>et</strong></span> <span class='ocrx_word' id='word_1_492' title='bbox 3605 2022 3758 2075; x_wconf 82' lang='lat' dir='ltr'><strong>calli-</strong></span> 
     </span>
    </p>
   </div>
   <div class='ocr_carea' id='block_1_68' title="bbox 2164 2117 3758 2217">
    <p class='ocr_par' dir='ltr' id='par_1_68' title="bbox 2164 2117 3758 2217">
     <span class='ocr_line' id='line_1_70' title="bbox 2164 2117 3758 2217; baseline -0.027 -7"><span class='ocrx_word' id='word_1_493' title='bbox 2164 2157 2262 2209; x_wconf 89' lang='lat' dir='ltr'><strong>das</strong></span> <span class='ocrx_word' id='word_1_494' title='bbox 2291 2149 2637 2217; x_wconf 74' lang='lat' dir='ltr'><strong>qnmstiones,</strong></span> <span class='ocrx_word' id='word_1_495' title='bbox 2671 2151 2829 2210; x_wconf 87' lang='lat' dir='ltr'><strong>atque</strong></span> <span class='ocrx_word' id='word_1_496' title='bbox 2859 2133 3205 2192; x_wconf 83' lang='lat' dir='ltr'><strong>collectiones</strong></span> <span class='ocrx_word' id='word_1_497' title='bbox 3258 2127 3469 2182; x_wconf 89' lang='lat' dir='ltr'><strong>illorum</strong></span> <span class='ocrx_word' id='word_1_498' title='bbox 3522 2117 3758 2187; x_wconf 83' lang='lat' dir='ltr'><strong>pravita-</strong></span> 
     </span>
    </p>
   </div>
   <div class='ocr_carea' id='block_1_69' title="bbox 2168 2212 3755 2312">
    <p class='ocr_par' dir='ltr' id='par_1_69' title="bbox 2168 2212 3755 2312">
     <span class='ocr_line' id='line_1_71' title="bbox 2168 2212 3755 2312; baseline -0.028 -10"><span class='ocrx_word' id='word_1_499' title='bbox 2168 2248 2307 2302; x_wconf 84' lang='lat' dir='ltr'><strong>tibus</strong></span> <span class='ocrx_word' id='word_1_500' title='bbox 2339 2253 2626 2312; x_wconf 87' lang='lat' dir='ltr'><strong>congruas,</strong></span> <span class='ocrx_word' id='word_1_501' title='bbox 2661 2237 2998 2303; x_wconf 85' lang='lat' dir='ltr'><strong>repererunt.</strong></span> <span class='ocrx_word' id='word_1_502' title='bbox 3049 2220 3328 2293; x_wconf 83' lang='lat' dir='ltr'><strong>Quomodo</strong></span> <span class='ocrx_word' id='word_1_503' title='bbox 3383 2217 3562 2282; x_wconf 78' lang='lat' dir='ltr'><strong>itaque</strong></span> <span class='ocrx_word' id='word_1_504' title='bbox 3610 2212 3755 2280; x_wconf 84' lang='lat' dir='ltr'><strong>quod</strong></span> 
     </span>
    </p>
   </div>
   <div class='ocr_carea' id='block_1_70' title="bbox 2170 2315 3758 2395">
    <p class='ocr_par' dir='ltr' id='par_1_70' title="bbox 2170 2315 3758 2395">
     <span class='ocr_line' id='line_1_72' title="bbox 2170 2315 3758 2395; baseline -0.028 0"><span class='ocrx_word' id='word_1_505' title='bbox 2170 2356 2267 2395; x_wconf 84' lang='lat' dir='ltr'><strong>nec</strong></span> <span class='ocrx_word' id='word_1_506' title='bbox 2289 2353 2318 2391; x_wconf 90' lang='lat' dir='ltr'><strong>a</strong></span> <span class='ocrx_word' id='word_1_507' title='bbox 2341 2334 2540 2390; x_wconf 76' lang='lat' dir='ltr'><strong>sanctis</strong></span> <span class='ocrx_word' id='word_1_508' title='bbox 2564 2325 2880 2384; x_wconf 81' lang='lat' dir='ltr'><strong>orthodoxis</strong></span> <span class='ocrx_word' id='word_1_509' title='bbox 2898 2319 3147 2376; x_wconf 85' lang='lat' dir='ltr'><strong>Patribus</strong></span> <span class='ocrx_word' id='word_1_510' title='bbox 3173 2315 3372 2368; x_wconf 91' lang='lat' dir='ltr'><strong>dictum</strong></span> <span class='ocrx_word' id='word_1_511' title='bbox 3391 2316 3474 2363; x_wconf 89' lang='lat' dir='ltr'><strong>est</strong></span> <span class='ocrx_word' id='word_1_512' title='bbox 3497 2317 3758 2372; x_wconf 74' lang='lat' dir='ltr'><strong>unqmm,</strong></span> 
     </span>
    </p>
   </div>
   <div class='ocr_carea' id='block_1_71' title="bbox 2171 2392 3762 2493">
    <p class='ocr_par' dir='ltr' id='par_1_71' title="bbox 2171 2392 3762 2493">
     <span class='ocr_line' id='line_1_73' title="bbox 2171 2392 3762 2493; baseline -0.026 -7"><span class='ocrx_word' id='word_1_513' title='bbox 2171 2445 2269 2486; x_wconf 89' lang='lat' dir='ltr'><strong>nec</strong></span> <span class='ocrx_word' id='word_1_514' title='bbox 2310 2446 2338 2482; x_wconf 88' lang='lat' dir='ltr'><strong>a</strong></span> <span class='ocrx_word' id='word_1_515' title='bbox 2373 2423 2608 2493; x_wconf 78' lang='lat' dir='ltr'><strong>profanis</strong></span> <span class='ocrx_word' id='word_1_516' title='bbox 2639 2417 2906 2475; x_wconf 70' lang='lat' dir='ltr'><strong>barreticis</strong></span> <span class='ocrx_word' id='word_1_517' title='bbox 2930 2415 3310 2482; x_wconf 59' lang='lat' dir='ltr'><strong>praesumptum</strong></span> <span class='ocrx_word' id='word_1_518' title='bbox 3366 2411 3450 2455; x_wconf 87' lang='lat' dir='ltr'><strong>est</strong></span> <span class='ocrx_word' id='word_1_519' title='bbox 3503 2392 3762 2455; x_wconf 78' lang='lat' dir='ltr'><strong>inveniri,</strong></span> 
     </span>
    </p>
   </div>
   <div class='ocr_carea' id='block_1_72' title="bbox 2170 2490 3766 2588">
    <p class='ocr_par' dir='ltr' id='par_1_72' title="bbox 2170 2490 3766 2588">
     <span class='ocr_line' id='line_1_74' title="bbox 2170 2490 3766 2588; baseline -0.028 -9"><span class='ocrx_word' id='word_1_520' title='bbox 2170 2536 2314 2579; x_wconf 89' lang='lat' dir='ltr'><strong>nunc</strong></span> <span class='ocrx_word' id='word_1_521' title='bbox 2345 2518 2534 2588; x_wconf 89' lang='lat' dir='ltr'><strong>poterit</strong></span> <span class='ocrx_word' id='word_1_522' title='bbox 2579 2508 2868 2572; x_wconf 88' lang='lat' dir='ltr'><strong>autumari,</strong></span> <span class='ocrx_word' id='word_1_523' title='bbox 2914 2512 2972 2560; x_wconf 91' lang='lat' dir='ltr'><strong>ut</strong></span> <span class='ocrx_word' id='word_1_524' title='bbox 3019 2503 3244 2557; x_wconf 89' lang='lat' dir='ltr'><strong>duarum</strong></span> <span class='ocrx_word' id='word_1_525' title='bbox 3293 2490 3496 2549; x_wconf 84' lang='lat' dir='ltr'><strong>Christi</strong></span> <span class='ocrx_word' id='word_1_526' title='bbox 3546 2496 3766 2542; x_wconf 87' lang='lat' dir='ltr'><strong>natura-</strong></span> 
     </span>
    </p>
   </div>
   <div class='ocr_carea' id='block_1_73' title="bbox 2171 2577 3768 2680">
    <p class='ocr_par' dir='ltr' id='par_1_73' title="bbox 2171 2577 3768 2680">
     <span class='ocr_line' id='line_1_75' title="bbox 2171 2577 3768 2680; baseline -0.027 -10"><span class='ocrx_word' id='word_1_527' title='bbox 2171 2630 2314 2680; x_wconf 89' lang='lat' dir='ltr'><strong>rum,</strong></span> <span class='ocrx_word' id='word_1_528' title='bbox 2338 2612 2535 2665; x_wconf 70' lang='lat' dir='ltr'><strong>divinaa</strong></span> <span class='ocrx_word' id='word_1_529' title='bbox 2563 2605 2770 2661; x_wconf 88' lang='lat' dir='ltr'><strong>scilicet</strong></span> <span class='ocrx_word' id='word_1_530' title='bbox 2797 2610 2852 2656; x_wconf 89' lang='lat' dir='ltr'><strong>et</strong></span> <span class='ocrx_word' id='word_1_531' title='bbox 2875 2598 3146 2657; x_wconf 61' lang='lat' dir='ltr'><strong>humana,</strong></span> <span class='ocrx_word' id='word_1_532' title='bbox 3169 2603 3393 2660; x_wconf 91' lang='lat' dir='ltr'><strong>quarum</strong></span> <span class='ocrx_word' id='word_1_533' title='bbox 3425 2595 3477 2639; x_wconf 92' lang='lat' dir='ltr'><strong>et</strong></span> <span class='ocrx_word' id='word_1_534' title='bbox 3522 2577 3768 2650; x_wconf 84' lang='lat' dir='ltr'><strong>proprie-</strong></span> 
     </span>
    </p>
   </div>
   <div class='ocr_carea' id='block_1_74' title="bbox 2175 2673 3766 2764">
    <p class='ocr_par' dir='ltr' id='par_1_74' title="bbox 2175 2673 3766 2764">
     <span class='ocr_line' id='line_1_76' title="bbox 2175 2673 3766 2764; baseline -0.028 1"><span class='ocrx_word' id='word_1_535' title='bbox 2175 2718 2310 2764; x_wconf 78' lang='lat' dir='ltr'><strong>tates</strong></span> <span class='ocrx_word' id='word_1_536' title='bbox 2349 2706 2516 2760; x_wconf 67' lang='lat' dir='ltr'><strong>salvae</strong></span> <span class='ocrx_word' id='word_1_537' title='bbox 2544 2694 2686 2756; x_wconf 59' lang='lat' dir='ltr'><strong>esse&#39;</strong></span> <span class='ocrx_word' id='word_1_538' title='bbox 2709 2700 3004 2750; x_wconf 88' lang='lat' dir='ltr'><strong>noscuntur</strong></span> <span class='ocrx_word' id='word_1_539' title='bbox 3028 2684 3082 2744; x_wconf 87' lang='lat' dir='ltr'><strong>in</strong></span> <span class='ocrx_word' id='word_1_540' title='bbox 3106 2684 3342 2747; x_wconf 80' lang='lat' dir='ltr'><strong>Christo,</strong></span> <span class='ocrx_word' id='word_1_541' title='bbox 3371 2691 3529 2732; x_wconf 87' lang='lat' dir='ltr'><strong>unam</strong></span> <span class='ocrx_word' id='word_1_542' title='bbox 3563 2673 3766 2726; x_wconf 83' lang='lat' dir='ltr'><strong>habere</strong></span> 
     </span>
    </p>
   </div>
   <div class='ocr_carea' id='block_1_75' title="bbox 2175 2765 3768 2877">
    <p class='ocr_par' dir='ltr' id='par_1_75' title="bbox 2175 2765 3768 2877">
     <span class='ocr_line' id='line_1_77' title="bbox 2175 2765 3768 2877; baseline -0.028 -20"><span class='ocrx_word' id='word_1_543' title='bbox 2175 2800 2360 2877; x_wconf 71' lang='lat' dir='ltr'><strong>[Forte</strong></span> <span class='ocrx_word' id='word_1_544' title='bbox 2402 2792 2541 2865; x_wconf 74' lang='lat' dir='ltr'><strong>esse]</strong></span> <span class='ocrx_word' id='word_1_545' title='bbox 2595 2788 2960 2861; x_wconf 89' lang='lat' dir='ltr'><strong>operationem</strong></span> <span class='ocrx_word' id='word_1_546' title='bbox 3009 2779 3288 2851; x_wconf 85' lang='lat' dir='ltr'><strong>quisquam</strong></span> <span class='ocrx_word' id='word_1_547' title='bbox 3331 2777 3478 2827; x_wconf 87' lang='lat' dir='ltr'><strong>recte</strong></span> <span class='ocrx_word' id='word_1_548' title='bbox 3519 2765 3768 2819; x_wconf 81' lang='lat' dir='ltr'><strong>sentiens</strong></span> 
     </span>
    </p>
   </div>
   <div class='ocr_carea' id='block_1_76' title="bbox 2176 2858 3772 2966">
    <p class='ocr_par' dir='ltr' id='par_1_76' title="bbox 2176 2858 3772 2966">
     <span class='ocr_line' id='line_1_78' title="bbox 2176 2858 3772 2966; baseline -0.028 -19"><span class='ocrx_word' id='word_1_549' title='bbox 2176 2893 2345 2966; x_wconf 81' lang='lat' dir='ltr'><strong>possit</strong></span> <span class='ocrx_word' id='word_1_550' title='bbox 2375 2881 2784 2943; x_wconf 84' lang='lat' dir='ltr'><strong>demonstrare?</strong></span> <span class='ocrx_word' id='word_1_551' title='bbox 2813 2893 2934 2933; x_wconf 90' lang='lat' dir='ltr'><strong>cum</strong></span> <span class='ocrx_word' id='word_1_552' title='bbox 2967 2874 3011 2929; x_wconf 90' lang='lat' dir='ltr'><strong>si</strong></span> <span class='ocrx_word' id='word_1_553' title='bbox 3038 2887 3138 2927; x_wconf 90' lang='lat' dir='ltr'><strong>una</strong></span> <span class='ocrx_word' id='word_1_554' title='bbox 3168 2877 3274 2932; x_wconf 83' lang='lat' dir='ltr'><strong>est,</strong></span> <span class='ocrx_word' id='word_1_555' title='bbox 3323 2864 3528 2924; x_wconf 86' lang='lat' dir='ltr'><strong>dicant,</strong></span> <span class='ocrx_word' id='word_1_556' title='bbox 3559 2858 3604 2911; x_wconf 90' lang='lat' dir='ltr'><strong>si</strong></span> <span class='ocrx_word' id='word_1_557' title='bbox 3631 2865 3772 2908; x_wconf 82' lang='lat' dir='ltr'><strong>tem-</strong></span> 
     </span>
    </p>
   </div>
   <div class='ocr_carea' id='block_1_77' title="bbox 2179 2954 3770 3062">
    <p class='ocr_par' dir='ltr' id='par_1_77' title="bbox 2179 2954 3770 3062">
     <span class='ocr_line' id='line_1_79' title="bbox 2179 2954 3770 3062; baseline -0.028 -18"><span class='ocrx_word' id='word_1_558' title='bbox 2179 2992 2396 3062; x_wconf 80' lang='lat' dir='ltr'><strong>poralis,</strong></span> <span class='ocrx_word' id='word_1_559' title='bbox 2430 3002 2496 3041; x_wconf 92' lang='lat' dir='ltr'><strong>an</strong></span> <span class='ocrx_word' id='word_1_560' title='bbox 2528 2993 2730 3037; x_wconf 64' lang='lat' dir='ltr'><strong>aeterna</strong></span> <span class='ocrx_word' id='word_1_561' title='bbox 2753 2973 2976 3031; x_wconf 87' lang='lat' dir='ltr'><strong>dicenda</strong></span> <span class='ocrx_word' id='word_1_562' title='bbox 3009 2978 3091 3023; x_wconf 87' lang='lat' dir='ltr'><strong>est</strong></span> <span class='ocrx_word' id='word_1_563' title='bbox 3119 2985 3131 3020; x_wconf 90' lang='lat'><strong>:</strong></span> <span class='ocrx_word' id='word_1_564' title='bbox 3164 2963 3366 3025; x_wconf 81' lang='lat' dir='ltr'><strong>divina,</strong></span> <span class='ocrx_word' id='word_1_565' title='bbox 3417 2971 3484 3010; x_wconf 85' lang='lat' dir='ltr'><strong>an</strong></span> <span class='ocrx_word' id='word_1_566' title='bbox 3531 2954 3770 3007; x_wconf 87' lang='lat' dir='ltr'><strong>humana</strong></span> 
     </span>
    </p>
   </div>
   <div class='ocr_carea' id='block_1_78' title="bbox 2179 3048 3772 3146">
    <p class='ocr_par' dir='ltr' id='par_1_78' title="bbox 2179 3048 3772 3146">
     <span class='ocr_line' id='line_1_80' title="bbox 2179 3048 3772 3146; baseline -0.031 -5"><span class='ocrx_word' id='word_1_567' title='bbox 2179 3077 2470 3146; x_wconf 80' lang='lat' dir='ltr'><strong>incondita,</strong></span> <span class='ocrx_word' id='word_1_568' title='bbox 2498 3091 2563 3130; x_wconf 90' lang='lat' dir='ltr'><strong>an</strong></span> <span class='ocrx_word' id='word_1_569' title='bbox 2594 3072 2810 3127; x_wconf 86' lang='lat' dir='ltr'><strong>condita</strong></span> <span class='ocrx_word' id='word_1_570' title='bbox 2842 3087 2854 3120; x_wconf 88' lang='lat'><strong>:</strong></span> <span class='ocrx_word' id='word_1_571' title='bbox 2888 3065 3076 3122; x_wconf 88' lang='lat' dir='ltr'><strong>eadem</strong></span> <span class='ocrx_word' id='word_1_572' title='bbox 3117 3071 3328 3129; x_wconf 89' lang='lat' dir='ltr'><strong>quoque</strong></span> <span class='ocrx_word' id='word_1_573' title='bbox 3377 3058 3431 3106; x_wconf 90' lang='lat' dir='ltr'><strong>et</strong></span> <span class='ocrx_word' id='word_1_574' title='bbox 3459 3048 3634 3103; x_wconf 81' lang='lat' dir='ltr'><strong>Patris</strong></span> <span class='ocrx_word' id='word_1_575' title='bbox 3664 3052 3772 3104; x_wconf 85' lang='lat' dir='ltr'><strong>est,</strong></span> 
     </span>
    </p>
   </div>
   <div class='ocr_carea' id='block_1_79' title="bbox 2180 3147 3778 3238">
    <p class='ocr_par' dir='ltr' id='par_1_79' title="bbox 2180 3147 3778 3238">
     <span class='ocr_line' id='line_1_81' title="bbox 2180 3147 3778 3238; baseline -0.028 -6"><span class='ocrx_word' id='word_1_576' title='bbox 2180 3195 2244 3233; x_wconf 89' lang='lat' dir='ltr'><strong>an</strong></span> <span class='ocrx_word' id='word_1_577' title='bbox 2296 3175 2460 3228; x_wconf 88' lang='lat' dir='ltr'><strong>altera</strong></span> <span class='ocrx_word' id='word_1_578' title='bbox 2504 3175 2856 3238; x_wconf 67' lang='lat' dir='ltr'><strong>praeterquam</strong></span> <span class='ocrx_word' id='word_1_579' title='bbox 2907 3157 3097 3214; x_wconf 89' lang='lat' dir='ltr'><strong>Patris.</strong></span> <span class='ocrx_word' id='word_1_580' title='bbox 3127 3153 3184 3205; x_wconf 81' lang='lat' dir='ltr'><strong>Si</strong></span> <span class='ocrx_word' id='word_1_581' title='bbox 3230 3148 3387 3218; x_wconf 77' lang='lat' dir='ltr'><strong>igitur</strong></span> <span class='ocrx_word' id='word_1_582' title='bbox 3418 3155 3522 3197; x_wconf 90' lang='lat' dir='ltr'><strong>una</strong></span> <span class='ocrx_word' id='word_1_583' title='bbox 3554 3147 3658 3201; x_wconf 86' lang='lat' dir='ltr'><strong>est,</strong></span> <span class='ocrx_word' id='word_1_584' title='bbox 3683 3149 3778 3189; x_wconf 86' lang='lat' dir='ltr'><strong>ea-</strong></span> 
     </span>
    </p>
   </div>
   <div class='ocr_carea' id='block_1_80' title="bbox 2181 3231 3778 3338">
    <p class='ocr_par' dir='ltr' id='par_1_80' title="bbox 2181 3231 3778 3338">
     <span class='ocr_line' id='line_1_82' title="bbox 2181 3231 3778 3338; baseline -0.029 -14"><span class='ocrx_word' id='word_1_585' title='bbox 2181 3273 2410 3338; x_wconf 86' lang='lat' dir='ltr'><strong>demque</strong></span> <span class='ocrx_word' id='word_1_586' title='bbox 2438 3277 2540 3318; x_wconf 91' lang='lat' dir='ltr'><strong>una</strong></span> <span class='ocrx_word' id='word_1_587' title='bbox 2563 3267 2619 3314; x_wconf 89' lang='lat' dir='ltr'><strong>et</strong></span> <span class='ocrx_word' id='word_1_588' title='bbox 2637 3231 2930 3312; x_wconf 73' lang='lat' dir='ltr'><strong>divinitatis</strong></span> <span class='ocrx_word' id='word_1_589' title='bbox 2945 3259 3000 3305; x_wconf 88' lang='lat' dir='ltr'><strong>et</strong></span> <span class='ocrx_word' id='word_1_590' title='bbox 3028 3239 3372 3301; x_wconf 82' lang='lat' dir='ltr'><strong>humanitatis</strong></span> <span class='ocrx_word' id='word_1_591' title='bbox 3399 3231 3598 3290; x_wconf 84' lang='lat' dir='ltr'><strong>Christi</strong></span> <span class='ocrx_word' id='word_1_592' title='bbox 3625 3242 3778 3283; x_wconf 88' lang='lat' dir='ltr'><strong>com-</strong></span> 
     </span>
    </p>
   </div>
   <div class='ocr_carea' id='block_1_81' title="bbox 2185 3319 3778 3423">
    <p class='ocr_par' dir='ltr' id='par_1_81' title="bbox 2185 3319 3778 3423">
     <span class='ocr_line' id='line_1_83' title="bbox 2185 3319 3778 3423; baseline -0.028 -5"><span class='ocrx_word' id='word_1_593' title='bbox 2389 3319 2468 3413; x_wconf 80' lang='lat' dir='ltr'><strong>est</strong></span> <span class='ocrx_word' id='word_1_594' title='bbox 2499 3350 2662 3423; x_wconf 88' lang='lat' dir='ltr'><strong>(quod</strong></span> <span class='ocrx_word' id='word_1_595' title='bbox 2693 3344 2979 3403; x_wconf 89' lang='lat' dir='ltr'><strong>absurdum</strong></span> <span class='ocrx_word' id='word_1_596' title='bbox 3008 3347 3091 3394; x_wconf 85' lang='lat' dir='ltr'><strong>est</strong></span> <span class='ocrx_word' id='word_1_597' title='bbox 3118 3334 3248 3405; x_wconf 89' lang='lat' dir='ltr'><strong>dici)</strong></span> <span class='ocrx_word' id='word_1_598' title='bbox 3294 3344 3422 3400; x_wconf 84' lang='lat' dir='ltr'><strong>ergo</strong></span> <span class='ocrx_word' id='word_1_599' title='bbox 3449 3328 3576 3382; x_wconf 88' lang='lat' dir='ltr'><strong>dum</strong></span> <span class='ocrx_word' id='word_1_600' title='bbox 3604 3319 3778 3376; x_wconf 79' lang='lat' dir='ltr'><strong>Filius</strong></span> 
     </span>
    </p>
   </div>
   <div class='ocr_carea' id='block_1_82' title="bbox 2185 3425 3779 3524">
    <p class='ocr_par' dir='ltr' id='par_1_82' title="bbox 2185 3425 3779 3524">
     <span class='ocr_line' id='line_1_84' title="bbox 2185 3425 3779 3524; baseline -0.03 -12"><span class='ocrx_word' id='word_1_601' title='bbox 2185 3457 2278 3512; x_wconf 83' lang='lat' dir='ltr'><strong>Dui</strong></span> <span class='ocrx_word' id='word_1_602' title='bbox 2301 3452 2538 3524; x_wconf 83' lang='lat' dir='ltr'><strong>quidem,</strong></span> <span class='ocrx_word' id='word_1_603' title='bbox 2564 3443 2657 3515; x_wconf 91' lang='lat' dir='ltr'><strong>qui</strong></span> <span class='ocrx_word' id='word_1_604' title='bbox 2687 3443 2825 3497; x_wconf 88' lang='lat' dir='ltr'><strong>Deus</strong></span> <span class='ocrx_word' id='word_1_605' title='bbox 2851 3445 2906 3492; x_wconf 88' lang='lat' dir='ltr'><strong>et</strong></span> <span class='ocrx_word' id='word_1_606' title='bbox 2935 3439 3096 3489; x_wconf 92' lang='lat' dir='ltr'><strong>homo</strong></span> <span class='ocrx_word' id='word_1_607' title='bbox 3144 3438 3247 3493; x_wconf 88' lang='lat' dir='ltr'><strong>est,</strong></span> <span class='ocrx_word' id='word_1_608' title='bbox 3281 3427 3510 3478; x_wconf 88' lang='lat' dir='ltr'><strong>humana</strong></span> <span class='ocrx_word' id='word_1_609' title='bbox 3540 3425 3628 3472; x_wconf 87' lang='lat' dir='ltr'><strong>est</strong></span> <span class='ocrx_word' id='word_1_610' title='bbox 3643 3427 3779 3483; x_wconf 84' lang='lat' dir='ltr'><strong>ope-</strong></span> 
     </span>
    </p>
   </div>
   <div class='ocr_carea' id='block_1_83' title="bbox 2187 3506 3779 3606">
    <p class='ocr_par' dir='ltr' id='par_1_83' title="bbox 2187 3506 3779 3606">
     <span class='ocr_line' id='line_1_85' title="bbox 2187 3506 3779 3606; baseline -0.03 0"><span class='ocrx_word' id='word_1_611' title='bbox 2187 3561 2332 3606; x_wconf 79' lang='lat' dir='ltr'><strong>ratus</strong></span> <span class='ocrx_word' id='word_1_612' title='bbox 2366 3549 2418 3602; x_wconf 91' lang='lat' dir='ltr'><strong>in</strong></span> <span class='ocrx_word' id='word_1_613' title='bbox 2448 3543 2632 3605; x_wconf 87' lang='lat' dir='ltr'><strong>terris,</strong></span> <span class='ocrx_word' id='word_1_614' title='bbox 2665 3537 2792 3606; x_wconf 80' lang='lat' dir='ltr'><strong>pari&#39;</strong></span> <span class='ocrx_word' id='word_1_615' title='bbox 2841 3581 2847 3585; x_wconf 89' lang='lat'><strong>.</strong></span> <span class='ocrx_word' id='word_1_616' title='bbox 2903 3539 2942 3585; x_wconf 90' lang='lat' dir='ltr'><strong>:t</strong></span> <span class='ocrx_word' id='word_1_617' title='bbox 2987 3527 3142 3583; x_wconf 90' lang='lat' dir='ltr'><strong>Pater</strong></span> <span class='ocrx_word' id='word_1_618' title='bbox 3193 3536 3314 3577; x_wconf 91' lang='lat' dir='ltr'><strong>cum</strong></span> <span class='ocrx_word' id='word_1_619' title='bbox 3361 3530 3426 3571; x_wconf 89' lang='lat' dir='ltr'><strong>eo</strong></span> <span class='ocrx_word' id='word_1_620' title='bbox 3457 3506 3779 3566; x_wconf 87' lang='lat' dir='ltr'><strong>naturaliter</strong></span> 
     </span>
    </p>
   </div>
   <div class='ocr_carea' id='block_1_84' title="bbox 2187 3599 3781 3711">
    <p class='ocr_par' dir='ltr' id='par_1_84' title="bbox 2187 3599 3781 3711">
     <span class='ocr_line' id='line_1_86' title="bbox 2187 3599 3781 3711; baseline -0.031 -12"><span class='ocrx_word' id='word_1_621' title='bbox 2187 3652 2438 3711; x_wconf 44' lang='lat' dir='ltr'><strong>Opt‘ratus</strong></span> <span class='ocrx_word' id='word_1_622' title='bbox 2485 3599 2760 3701; x_wconf 37' lang='lat' dir='ltr'><strong>estsq-nia</strong></span> <span class='ocrx_word' id='word_1_623' title='bbox 2808 3638 2929 3696; x_wconf 62' lang='lat' dir='ltr'><strong>qua:</strong></span> <span class='ocrx_word' id='word_1_624' title='bbox 2979 3621 3138 3676; x_wconf 88' lang='lat' dir='ltr'><strong>Pater</strong></span> <span class='ocrx_word' id='word_1_625' title='bbox 3193 3613 3338 3677; x_wconf 82' lang='lat' dir='ltr'><strong>facit,</strong></span> <span class='ocrx_word' id='word_1_626' title='bbox 3384 3609 3500 3662; x_wconf 66' lang='lat' dir='ltr'><strong>haec</strong></span> <span class='ocrx_word' id='word_1_627' title='bbox 3529 3611 3587 3658; x_wconf 88' lang='lat' dir='ltr'><strong>et</strong></span> <span class='ocrx_word' id='word_1_628' title='bbox 3617 3599 3781 3655; x_wconf 74' lang='lat' dir='ltr'><strong>Filius</strong></span> 
     </span>
    </p>
   </div>
   <div class='ocr_carea' id='block_1_85' title="bbox 2189 3697 3783 3796">
    <p class='ocr_par' dir='ltr' id='par_1_85' title="bbox 2189 3697 3783 3796">
     <span class='ocr_line' id='line_1_87' title="bbox 2189 3697 3783 3796; baseline -0.028 -8"><span class='ocrx_word' id='word_1_629' title='bbox 2189 3737 2315 3789; x_wconf 77' lang='lat' dir='ltr'><strong>facit</strong></span> <span class='ocrx_word' id='word_1_630' title='bbox 2347 3729 2590 3786; x_wconf 83' lang='lat' dir='ltr'><strong>similiter</strong></span> <span class='ocrx_word' id='word_1_631' title='bbox 2616 3697 2793 3796; x_wconf 58' lang='lat' dir='ltr'><strong>(icon.</strong></span> <span class='ocrx_word' id='word_1_632' title='bbox 2821 3715 2900 3786; x_wconf 84' lang='lat' dir='ltr'><strong>v).</strong></span> <span class='ocrx_word' id='word_1_633' title='bbox 2926 3714 3018 3769; x_wconf 91' lang='lat' dir='ltr'><strong>Sin</strong></span> <span class='ocrx_word' id='word_1_634' title='bbox 3045 3718 3219 3764; x_wconf 86' lang='lat' dir='ltr'><strong>autem</strong></span> <span class='ocrx_word' id='word_1_635' title='bbox 3245 3699 3411 3774; x_wconf 68' lang='lat' dir='ltr'><strong>(quod</strong></span> <span class='ocrx_word' id='word_1_636' title='bbox 3437 3697 3640 3752; x_wconf 83' lang='lat' dir='ltr'><strong>veritas</strong></span> <span class='ocrx_word' id='word_1_637' title='bbox 3655 3705 3783 3746; x_wconf 86' lang='lat' dir='ltr'><strong>con-</strong></span> 
     </span>
    </p>
   </div>
   <div class='ocr_carea' id='block_1_86' title="bbox 2190 3779 3783 3893">
    <p class='ocr_par' dir='ltr' id='par_1_86' title="bbox 2190 3779 3783 3893">
     <span class='ocr_line' id='line_1_88' title="bbox 2190 3779 3783 3893; baseline -0.03 -11"><span class='ocrx_word' id='word_1_638' title='bbox 2190 3827 2344 3893; x_wconf 85' lang='lat' dir='ltr'><strong>tinet)</strong></span> <span class='ocrx_word' id='word_1_639' title='bbox 2367 3824 2491 3875; x_wconf 77' lang='lat' dir='ltr'><strong>dnin</strong></span> <span class='ocrx_word' id='word_1_640' title='bbox 2521 3779 2750 3873; x_wconf 78' lang='lat' dir='ltr'><strong>humana</strong></span> <span class='ocrx_word' id='word_1_641' title='bbox 2781 3806 3024 3880; x_wconf 63' lang='lat' dir='ltr'><strong>quaedam</strong></span> <span class='ocrx_word' id='word_1_642' title='bbox 3047 3808 3298 3871; x_wconf 81' lang='lat' dir='ltr'><strong>Operatus</strong></span> <span class='ocrx_word' id='word_1_643' title='bbox 3322 3803 3403 3850; x_wconf 87' lang='lat' dir='ltr'><strong>est</strong></span> <span class='ocrx_word' id='word_1_644' title='bbox 3423 3790 3697 3848; x_wconf 83' lang='lat' dir='ltr'><strong>Christus,</strong></span> <span class='ocrx_word' id='word_1_645' title='bbox 3716 3779 3783 3836; x_wconf 85' lang='lat' dir='ltr'><strong>ad</strong></span> 
     </span>
    </p>
   </div>
   <div class='ocr_carea' id='block_1_87' title="bbox 2189 3890 3783 3983">
    <p class='ocr_par' dir='ltr' id='par_1_87' title="bbox 2189 3890 3783 3983">
     <span class='ocr_line' id='line_1_89' title="bbox 2189 3890 3783 3983; baseline -0.028 -9"><span class='ocrx_word' id='word_1_646' title='bbox 2189 3890 2357 3974; x_wconf 83' lang='lat' dir='ltr'><strong>solam</strong></span> <span class='ocrx_word' id='word_1_647' title='bbox 2388 3918 2503 3983; x_wconf 85' lang='lat' dir='ltr'><strong>ejus</strong></span> <span class='ocrx_word' id='word_1_648' title='bbox 2524 3920 2579 3964; x_wconf 91' lang='lat' dir='ltr'><strong>ut</strong></span> <span class='ocrx_word' id='word_1_649' title='bbox 2608 3907 2729 3964; x_wconf 84' lang='lat' dir='ltr'><strong>Filii</strong></span> <span class='ocrx_word' id='word_1_650' title='bbox 2760 3912 3042 3974; x_wconf 87' lang='lat' dir='ltr'><strong>personam</strong></span> <span class='ocrx_word' id='word_1_651' title='bbox 3089 3893 3363 3960; x_wconf 77' lang='lat' dir='ltr'><strong>redigitur,</strong></span> <span class='ocrx_word' id='word_1_652' title='bbox 3396 3900 3518 3957; x_wconf 68' lang='lat' dir='ltr'><strong>qua:</strong></span> <span class='ocrx_word' id='word_1_653' title='bbox 3567 3895 3675 3937; x_wconf 89' lang='lat' dir='ltr'><strong>non</strong></span> <span class='ocrx_word' id='word_1_654' title='bbox 3703 3890 3783 3932; x_wconf 79' lang='lat' dir='ltr'><strong>est</strong></span> 
     </span>
    </p>
   </div>
   <div class='ocr_carea' id='block_1_88' title="bbox 2190 3974 3785 4077">
    <p class='ocr_par' dir='ltr' id='par_1_88' title="bbox 2190 3974 3785 4077">
     <span class='ocr_line' id='line_1_90' title="bbox 2190 3974 3785 4077; baseline -0.027 -9"><span class='ocrx_word' id='word_1_655' title='bbox 2190 4012 2376 4068; x_wconf 83' lang='lat' dir='ltr'><strong>eadem</strong></span> <span class='ocrx_word' id='word_1_656' title='bbox 2419 3974 2548 4077; x_wconf 68' lang='lat' dir='ltr'><strong>qua:</strong></span> <span class='ocrx_word' id='word_1_657' title='bbox 2575 4010 2629 4058; x_wconf 88' lang='lat' dir='ltr'><strong>et</strong></span> <span class='ocrx_word' id='word_1_658' title='bbox 2660 3997 2868 4059; x_wconf 85' lang='lat' dir='ltr'><strong>Patris;</strong></span> <span class='ocrx_word' id='word_1_659' title='bbox 2900 3987 3192 4046; x_wconf 88' lang='lat' dir='ltr'><strong>secundum</strong></span> <span class='ocrx_word' id='word_1_660' title='bbox 3243 3979 3386 4036; x_wconf 85' lang='lat' dir='ltr'><strong>aliud</strong></span> <span class='ocrx_word' id='word_1_661' title='bbox 3436 3974 3683 4046; x_wconf 77' lang='lat' dir='ltr'><strong>profecto</strong></span> <span class='ocrx_word' id='word_1_662' title='bbox 3733 3979 3785 4026; x_wconf 84' lang='lat' dir='ltr'><strong>et</strong></span> 
     </span>
    </p>
   </div>
   <div class='ocr_carea' id='block_1_89' title="bbox 2190 4069 3787 4170">
    <p class='ocr_par' dir='ltr' id='par_1_89' title="bbox 2190 4069 3787 4170">
     <span class='ocr_line' id='line_1_91' title="bbox 2190 4069 3787 4170; baseline -0.027 -9"><span class='ocrx_word' id='word_1_663' title='bbox 2190 4105 2333 4161; x_wconf 85' lang='lat' dir='ltr'><strong>aliud</strong></span> <span class='ocrx_word' id='word_1_664' title='bbox 2365 4069 2620 4170; x_wconf 70' lang='lat' dir='ltr'><strong>operatus</strong></span> <span class='ocrx_word' id='word_1_665' title='bbox 2649 4101 2730 4158; x_wconf 80' lang='lat' dir='ltr'><strong>est</strong></span> <span class='ocrx_word' id='word_1_666' title='bbox 2777 4087 3067 4143; x_wconf 84' lang='lat' dir='ltr'><strong>Christus:</strong></span> <span class='ocrx_word' id='word_1_667' title='bbox 3111 4091 3168 4134; x_wconf 90' lang='lat' dir='ltr'><strong>ut</strong></span> <span class='ocrx_word' id='word_1_668' title='bbox 3206 4075 3502 4132; x_wconf 85' lang='lat' dir='ltr'><strong>secundum</strong></span> <span class='ocrx_word' id='word_1_669' title='bbox 3528 4069 3787 4123; x_wconf 77' lang='lat' dir='ltr'><strong>divinita-</strong></span> 
     </span>
    </p>
   </div>
   <div class='ocr_carea' id='block_1_90' title="bbox 2194 4161 3785 4266">
    <p class='ocr_par' dir='ltr' id='par_1_90' title="bbox 2194 4161 3785 4266">
     <span class='ocr_line' id='line_1_92' title="bbox 2194 4161 3785 4266; baseline -0.026 -11"><span class='ocrx_word' id='word_1_670' title='bbox 2194 4210 2324 4266; x_wconf 88' lang='lat' dir='ltr'><strong>tem,</strong></span> <span class='ocrx_word' id='word_1_671' title='bbox 2358 4209 2477 4265; x_wconf 72' lang='lat' dir='ltr'><strong>qoa:</strong></span> <span class='ocrx_word' id='word_1_672' title='bbox 2509 4190 2634 4244; x_wconf 78' lang='lat' dir='ltr'><strong>facit</strong></span> <span class='ocrx_word' id='word_1_673' title='bbox 2658 4187 2835 4246; x_wconf 82' lang='lat' dir='ltr'><strong>Pater,</strong></span> <span class='ocrx_word' id='word_1_674' title='bbox 2858 4179 3044 4234; x_wconf 87' lang='lat' dir='ltr'><strong>eadem</strong></span> <span class='ocrx_word' id='word_1_675' title='bbox 3077 4183 3131 4229; x_wconf 88' lang='lat' dir='ltr'><strong>et</strong></span> <span class='ocrx_word' id='word_1_676' title='bbox 3175 4170 3340 4226; x_wconf 83' lang='lat' dir='ltr'><strong>Filius</strong></span> <span class='ocrx_word' id='word_1_677' title='bbox 3371 4166 3564 4221; x_wconf 80' lang='lat' dir='ltr'><strong>faciat:</strong></span> <span class='ocrx_word' id='word_1_678' title='bbox 3596 4161 3785 4217; x_wconf 56' lang='lat' dir='ltr'><strong>simili.</strong></span> 
     </span>
    </p>
   </div>
   <div class='ocr_carea' id='block_1_91' title="bbox 2195 4257 3787 4348">
    <p class='ocr_par' dir='ltr' id='par_1_91' title="bbox 2195 4257 3787 4348">
     <span class='ocr_line' id='line_1_93' title="bbox 2195 4257 3787 4348; baseline -0.027 0"><span class='ocrx_word' id='word_1_679' title='bbox 2195 4303 2278 4348; x_wconf 81' lang='lat' dir='ltr'><strong>ter</strong></span> <span class='ocrx_word' id='word_1_680' title='bbox 2308 4283 2602 4343; x_wconf 87' lang='lat' dir='ltr'><strong>secundum</strong></span> <span class='ocrx_word' id='word_1_681' title='bbox 2637 4271 3044 4337; x_wconf 87' lang='lat' dir='ltr'><strong>humanitatem,</strong></span> <span class='ocrx_word' id='word_1_682' title='bbox 3076 4279 3195 4336; x_wconf 66' lang='lat' dir='ltr'><strong>quae</strong></span> <span class='ocrx_word' id='word_1_683' title='bbox 3221 4271 3346 4318; x_wconf 90' lang='lat' dir='ltr'><strong>sunt</strong></span> <span class='ocrx_word' id='word_1_684' title='bbox 3395 4257 3631 4312; x_wconf 81' lang='lat' dir='ltr'><strong>hominis</strong></span> <span class='ocrx_word' id='word_1_685' title='bbox 3660 4267 3787 4324; x_wconf 86' lang='lat' dir='ltr'><strong>pro-</strong></span> 
     </span>
    </p>
   </div>
   <div class='ocr_carea' id='block_1_92' title="bbox 2198 4352 3789 4456">
    <p class='ocr_par' dir='ltr' id='par_1_92' title="bbox 2198 4352 3789 4456">
     <span class='ocr_line' id='line_1_94' title="bbox 2198 4352 3789 4456; baseline -0.028 -14"><span class='ocrx_word' id='word_1_686' title='bbox 2198 4387 2334 4456; x_wconf 87' lang='lat' dir='ltr'><strong>pria,</strong></span> <span class='ocrx_word' id='word_1_687' title='bbox 2369 4383 2507 4434; x_wconf 76' lang='lat' dir='ltr'><strong>idem</strong></span> <span class='ocrx_word' id='word_1_688' title='bbox 2544 4378 2660 4445; x_wconf 87' lang='lat' dir='ltr'><strong>ipse</strong></span> <span class='ocrx_word' id='word_1_689' title='bbox 2689 4368 3028 4439; x_wconf 86' lang='lat' dir='ltr'><strong>operabatur,</strong></span> <span class='ocrx_word' id='word_1_690' title='bbox 3059 4371 3116 4416; x_wconf 91' lang='lat' dir='ltr'><strong>ut</strong></span> <span class='ocrx_word' id='word_1_691' title='bbox 3145 4359 3327 4421; x_wconf 87' lang='lat' dir='ltr'><strong>humo,</strong></span> <span class='ocrx_word' id='word_1_692' title='bbox 3369 4353 3492 4423; x_wconf 91' lang='lat' dir='ltr'><strong>quia</strong></span> <span class='ocrx_word' id='word_1_693' title='bbox 3524 4363 3685 4404; x_wconf 80' lang='lat' dir='ltr'><strong>verus</strong></span> <span class='ocrx_word' id='word_1_694' title='bbox 3706 4352 3789 4401; x_wconf 82' lang='lat' dir='ltr'><strong>est</strong></span> 
     </span>
    </p>
   </div>
   <div class='ocr_carea' id='block_1_93' title="bbox 2197 4436 3789 4533">
    <p class='ocr_par' dir='ltr' id='par_1_93' title="bbox 2197 4436 3789 4533">
     <span class='ocr_line' id='line_1_95' title="bbox 2197 4436 3789 4533; baseline -0.027 0"><span class='ocrx_word' id='word_1_695' title='bbox 2197 4436 2251 4533; x_wconf 61' lang='lat' dir='ltr'><strong>et</strong></span> <span class='ocrx_word' id='word_1_696' title='bbox 2301 4475 2440 4528; x_wconf 90' lang='lat' dir='ltr'><strong>Deus</strong></span> <span class='ocrx_word' id='word_1_697' title='bbox 2465 4478 2516 4524; x_wconf 89' lang='lat' dir='ltr'><strong>et</strong></span> <span class='ocrx_word' id='word_1_698' title='bbox 2549 4436 2910 4520; x_wconf 34' lang='lat' dir='ltr'><strong>boum—Unde</strong></span> <span class='ocrx_word' id='word_1_699' title='bbox 2957 4464 3011 4510; x_wconf 91' lang='lat' dir='ltr'><strong>et</strong></span> <span class='ocrx_word' id='word_1_700' title='bbox 3037 4449 3303 4507; x_wconf 84' lang='lat' dir='ltr'><strong>veraciter</strong></span> <span class='ocrx_word' id='word_1_701' title='bbox 3340 4444 3601 4503; x_wconf 89' lang='lat' dir='ltr'><strong>creditur,</strong></span> <span class='ocrx_word' id='word_1_702' title='bbox 3649 4436 3789 4506; x_wconf 88' lang='lat' dir='ltr'><strong>quod</strong></span> 
     </span>
    </p>
   </div>
   <div class='ocr_carea' id='block_1_94' title="bbox 501 4537 2077 4632">
    <p class='ocr_par' dir='ltr' id='par_1_94' title="bbox 501 4541 2077 4626">
     <span class='ocr_line' id='line_1_96' title="bbox 501 4541 2077 4626; baseline -0.02 0"><span class='ocrx_word' id='word_1_703' title='bbox 501 4574 629 4626; x_wconf 83' lang='grc' dir='ltr'>ἐπὰν</span> <span class='ocrx_word' id='word_1_704' title='bbox 677 4568 703 4623; x_wconf 92' lang='lat'><strong>6</strong></span> <span class='ocrx_word' id='word_1_705' title='bbox 752 4567 866 4625; x_wconf 86' lang='grc' dir='ltr'><strong>Υίός</strong></span> <span class='ocrx_word' id='word_1_706' title='bbox 911 4569 1006 4619; x_wconf 84' lang='grc' dir='ltr'>τοῦ</span> <span class='ocrx_word' id='word_1_707' title='bbox 1055 4555 1182 4616; x_wconf 86' lang='grc' dir='ltr'><strong>Θεοῦ</strong></span> <span class='ocrx_word' id='word_1_708' title='bbox 1237 4556 1262 4612; x_wconf 92' lang='lat'><strong>6</strong></span> <span class='ocrx_word' id='word_1_709' title='bbox 1312 4552 1466 4614; x_wconf 73' lang='grc' dir='ltr'>αὑτὸς</span> <span class='ocrx_word' id='word_1_710' title='bbox 1511 4551 1636 4611; x_wconf 84' lang='grc' dir='ltr'>Θεὸς</span> <span class='ocrx_word' id='word_1_711' title='bbox 1688 4549 1773 4602; x_wconf 78' lang='grc' dir='ltr'><strong>καί</strong></span> <span class='ocrx_word' id='word_1_712' title='bbox 1833 4541 2077 4618; x_wconf 67' lang='grc' dir='ltr'>ἅνθρωπός</span> 
     </span>
    </p>
   </div>
   <div class='ocr_carea' id='block_1_95' title="bbox 2179 4537 3791 4632">
    <p class='ocr_par' dir='ltr' id='par_1_95' title="bbox 2201 4537 3791 4632">
     <span class='ocr_line' id='line_1_97' title="bbox 2201 4537 3791 4632; baseline -0.026 -9"><span class='ocrx_word' id='word_1_713' title='bbox 2201 4571 2337 4624; x_wconf 89' lang='lat' dir='ltr'><strong>idem</strong></span> <span class='ocrx_word' id='word_1_714' title='bbox 2368 4566 2502 4632; x_wconf 83' lang='lat' dir='ltr'><strong>ipse,</strong></span> <span class='ocrx_word' id='word_1_715' title='bbox 2533 4572 2653 4614; x_wconf 93' lang='lat' dir='ltr'><strong>cum</strong></span> <span class='ocrx_word' id='word_1_716' title='bbox 2684 4567 2821 4610; x_wconf 87' lang='lat' dir='ltr'><strong>unus</strong></span> <span class='ocrx_word' id='word_1_717' title='bbox 2849 4551 2940 4613; x_wconf 86' lang='lat' dir='ltr'><strong>sit,</strong></span> <span class='ocrx_word' id='word_1_718' title='bbox 2967 4548 3100 4603; x_wconf 84' lang='lat' dir='ltr'><strong>duas</strong></span> <span class='ocrx_word' id='word_1_719' title='bbox 3147 4543 3309 4597; x_wconf 85' lang='lat' dir='ltr'><strong>habet</strong></span> <span class='ocrx_word' id='word_1_720' title='bbox 3359 4537 3631 4591; x_wconf 87' lang='lat' dir='ltr'><strong>naturales</strong></span> <span class='ocrx_word' id='word_1_721' title='bbox 3656 4545 3791 4601; x_wconf 83' lang='lat' dir='ltr'><strong>0pc-</strong></span> 
     </span>
    </p>
   </div>
   <div class='ocr_carea' id='block_1_96' title="bbox 503 4635 2092 4728">
    <p class='ocr_par' dir='ltr' id='par_1_96' title="bbox 503 4635 2092 4728">
     <span class='ocr_line' id='line_1_98' title="bbox 503 4635 2092 4728; baseline -0.018 -13"><span class='ocrx_word' id='word_1_722' title='bbox 503 4665 633 4725; x_wconf 83' lang='grc' dir='ltr'>ἐστι,</span> <span class='ocrx_word' id='word_1_723' title='bbox 686 4659 752 4713; x_wconf 82' lang='grc' dir='ltr'>τὰ</span> <span class='ocrx_word' id='word_1_724' title='bbox 802 4656 1090 4728; x_wconf 79' lang='grc' dir='ltr'>ἀνθρώπινα</span> <span class='ocrx_word' id='word_1_725' title='bbox 1137 4651 1412 4724; x_wconf 78' lang='grc' dir='ltr'>ἐνεργήσας</span> <span class='ocrx_word' id='word_1_726' title='bbox 1461 4645 1544 4698; x_wconf 82' lang='grc' dir='ltr'><strong>ἐπὶ</strong></span> <span class='ocrx_word' id='word_1_727' title='bbox 1590 4648 1684 4702; x_wconf 79' lang='grc' dir='ltr'>τῆς</span> <span class='ocrx_word' id='word_1_728' title='bbox 1729 4647 1824 4711; x_wconf 80' lang='grc' dir='ltr'>γῆς</span> <span class='ocrx_word' id='word_1_729' title='bbox 1849 4679 1863 4702; x_wconf 93' lang='grc'><strong>,</strong></span> <span class='ocrx_word' id='word_1_730' title='bbox 1907 4635 2092 4706; x_wconf 85' lang='grc' dir='ltr'>ὁμοίως</span> 
     </span>
    </p>
   </div>
   <div class='ocr_carea' id='block_1_97' title="bbox 502 4722 2094 4819">
    <p class='ocr_par' dir='ltr' id='par_1_97' title="bbox 502 4722 2094 4819">
     <span class='ocr_line' id='line_1_99' title="bbox 502 4722 2094 4819; baseline -0.018 -12"><span class='ocrx_word' id='word_1_731' title='bbox 502 4756 597 4808; x_wconf 62' lang='grc' dir='ltr'>ὧν</span> <span class='ocrx_word' id='word_1_732' title='bbox 649 4743 788 4819; x_wconf 84' lang='grc' dir='ltr'>αύτῷ</span> <span class='ocrx_word' id='word_1_733' title='bbox 838 4748 919 4799; x_wconf 80' lang='grc' dir='ltr'><strong>καί</strong></span> <span class='ocrx_word' id='word_1_734' title='bbox 963 4744 988 4798; x_wconf 96' lang='lat'><strong>6</strong></span> <span class='ocrx_word' id='word_1_735' title='bbox 1037 4747 1207 4815; x_wconf 79' lang='grc' dir='ltr'>ιιατήρ</span> <span class='ocrx_word' id='word_1_736' title='bbox 1247 4744 1474 4812; x_wconf 85' lang='grc' dir='ltr'>φυσικῶς</span> <span class='ocrx_word' id='word_1_737' title='bbox 1525 4737 1819 4806; x_wconf 72' lang='grc' dir='ltr'>ἐνήργησεν,</span> <span class='ocrx_word' id='word_1_738' title='bbox 1861 4722 2094 4784; x_wconf 69' lang='grc' dir='ltr'>ἕπειδήἃ</span> 
     </span>
    </p>
   </div>
   <div class='ocr_carea' id='block_1_98' title="bbox 505 4815 2106 4913">
    <p class='ocr_par' dir='ltr' id='par_1_98' title="bbox 505 4815 2106 4913">
     <span class='ocr_line' id='line_1_100' title="bbox 505 4815 2106 4913; baseline -0.016 -17"><span class='ocrx_word' id='word_1_739' title='bbox 505 4844 531 4896; x_wconf 92' lang='lat'><strong>6</strong></span> <span class='ocrx_word' id='word_1_740' title='bbox 574 4847 739 4913; x_wconf 75' lang='grc' dir='ltr'>Πατήρ</span> <span class='ocrx_word' id='word_1_741' title='bbox 781 4843 935 4899; x_wconf 84' lang='grc' dir='ltr'>ποιεῖ,</span> <span class='ocrx_word' id='word_1_742' title='bbox 961 4840 1127 4890; x_wconf 80' lang='grc' dir='ltr'>ταῦτα</span> <span class='ocrx_word' id='word_1_743' title='bbox 1161 4835 1241 4886; x_wconf 86' lang='grc' dir='ltr'><strong>καί</strong></span> <span class='ocrx_word' id='word_1_744' title='bbox 1277 4829 1303 4884; x_wconf 94' lang='lat'><strong>6</strong></span> <span class='ocrx_word' id='word_1_745' title='bbox 1341 4829 1457 4884; x_wconf 83' lang='grc' dir='ltr'>Υἱὸς</span> <span class='ocrx_word' id='word_1_746' title='bbox 1499 4826 1685 4896; x_wconf 82' lang='grc' dir='ltr'>ὁμοίως</span> <span class='ocrx_word' id='word_1_747' title='bbox 1728 4824 1886 4875; x_wconf 84' lang='grc' dir='ltr'>ποιεῖ.</span> <span class='ocrx_word' id='word_1_748' title='bbox 1922 4819 1976 4870; x_wconf 81' lang='grc' dir='ltr'><strong>Εἰ</strong></span> <span class='ocrx_word' id='word_1_749' title='bbox 2013 4815 2106 4882; x_wconf 68' lang='grc' dir='ltr'><strong>δέ,-</strong></span> 
     </span>
    </p>
   </div>
   <div class='ocr_carea' id='block_1_99' title="bbox 509 4911 2096 5013">
    <p class='ocr_par' dir='ltr' id='par_1_99' title="bbox 509 4911 2096 5013">
     <span class='ocr_line' id='line_1_101' title="bbox 509 4911 2096 5013; baseline -0.018 -18"><span class='ocrx_word' id='word_1_750' title='bbox 509 4939 640 5013; x_wconf 82' lang='grc' dir='ltr'>ὅπερ</span> <span class='ocrx_word' id='word_1_751' title='bbox 669 4939 698 4995; x_wconf 73' lang='grc' dir='ltr'><strong>ἦ</strong></span> <span class='ocrx_word' id='word_1_752' title='bbox 731 4935 932 4992; x_wconf 78' lang='grc' dir='ltr'>ἀλήθεια</span> <span class='ocrx_word' id='word_1_753' title='bbox 967 4933 1219 5006; x_wconf 77' lang='grc' dir='ltr'>περιέχει,</span> <span class='ocrx_word' id='word_1_754' title='bbox 1254 4929 1302 4981; x_wconf 80' lang='grc' dir='ltr'>ἐν</span> <span class='ocrx_word' id='word_1_755' title='bbox 1337 4923 1441 4995; x_wconf 78' lang='grc' dir='ltr'>ὅσῳ</span> <span class='ocrx_word' id='word_1_756' title='bbox 1480 4918 1766 4993; x_wconf 79' lang='grc' dir='ltr'>ἀνθρώπινά</span> <span class='ocrx_word' id='word_1_757' title='bbox 1810 4935 1922 4969; x_wconf 90' lang='grc' dir='ltr'>τινα</span> <span class='ocrx_word' id='word_1_758' title='bbox 1954 4911 2096 4985; x_wconf 72' lang='grc' dir='ltr'>ἐνήρο</span> 
     </span>
    </p>
   </div>
   <div class='ocr_carea' id='block_1_100' title="bbox 503 5005 2094 5104">
    <p class='ocr_par' dir='ltr' id='par_1_100' title="bbox 503 5005 2094 5104">
     <span class='ocr_line' id='line_1_102' title="bbox 503 5005 2094 5104; baseline -0.021 -18"><span class='ocrx_word' id='word_1_759' title='bbox 503 5051 657 5104; x_wconf 83' lang='grc' dir='ltr'>γησεν</span> <span class='ocrx_word' id='word_1_760' title='bbox 712 5027 736 5081; x_wconf 90' lang='lat'><strong>6</strong></span> <span class='ocrx_word' id='word_1_761' title='bbox 779 5025 1031 5101; x_wconf 79' lang='grc' dir='ltr'>Χριστὸς,</span> <span class='ocrx_word' id='word_1_762' title='bbox 1078 5021 1206 5094; x_wconf 78' lang='grc' dir='ltr'>πρὸς</span> <span class='ocrx_word' id='word_1_763' title='bbox 1269 5016 1419 5088; x_wconf 87' lang='grc' dir='ltr'>μόνον</span> <span class='ocrx_word' id='word_1_764' title='bbox 1470 5013 1528 5067; x_wconf 84' lang='grc' dir='ltr'>τὸ</span> <span class='ocrx_word' id='word_1_765' title='bbox 1594 5008 1875 5084; x_wconf 88' lang='grc' dir='ltr'>πρόσωπον</span> <span class='ocrx_word' id='word_1_766' title='bbox 1935 5005 2094 5056; x_wconf 75' lang='grc' dir='ltr'>αὑτοῦ</span> 
     </span>
    </p>
   </div>
   <div class='ocr_carea' id='block_1_101' title="bbox 508 5094 2095 5188">
    <p class='ocr_par' dir='ltr' id='par_1_101' title="bbox 508 5094 2095 5188">
     <span class='ocr_line' id='line_1_103' title="bbox 508 5094 2095 5188; baseline -0.019 -12"><span class='ocrx_word' id='word_1_767' title='bbox 508 5126 576 5183; x_wconf 83' lang='grc' dir='ltr'><strong>ὡς</strong></span> <span class='ocrx_word' id='word_1_768' title='bbox 623 5121 748 5176; x_wconf 60' lang='lat' dir='ltr'><strong>Tim”)</strong></span> <span class='ocrx_word' id='word_1_769' title='bbox 804 5115 1205 5188; x_wconf 75' lang='grc' dir='ltr'>ἐπαναφέρεται,</span> <span class='ocrx_word' id='word_1_770' title='bbox 1262 5108 1295 5163; x_wconf 85' lang='grc' dir='ltr'><strong>ά</strong></span> <span class='ocrx_word' id='word_1_771' title='bbox 1339 5129 1451 5162; x_wconf 87' lang='grc' dir='ltr'>τινα</span> <span class='ocrx_word' id='word_1_772' title='bbox 1505 5104 1590 5157; x_wconf 80' lang='grc' dir='ltr'>οὐκ</span> <span class='ocrx_word' id='word_1_773' title='bbox 1644 5099 1763 5154; x_wconf 75' lang='grc' dir='ltr'>ἔστι</span> <span class='ocrx_word' id='word_1_774' title='bbox 1813 5099 1880 5152; x_wconf 87' lang='grc' dir='ltr'><strong>τά</strong></span> <span class='ocrx_word' id='word_1_775' title='bbox 1925 5094 2095 5157; x_wconf 86' lang='grc' dir='ltr'>αύτά,</span> 
     </span>
    </p>
   </div>
   <div class='ocr_carea' id='block_1_102' title="bbox 507 5187 2098 5283">
    <p class='ocr_par' dir='ltr' id='par_1_102' title="bbox 507 5187 2098 5283">
     <span class='ocr_line' id='line_1_104' title="bbox 507 5187 2098 5283; baseline -0.021 -14"><span class='ocrx_word' id='word_1_776' title='bbox 507 5213 589 5269; x_wconf 78' lang='grc' dir='ltr'>οἷα</span> <span class='ocrx_word' id='word_1_777' title='bbox 640 5216 720 5267; x_wconf 72' lang='grc' dir='ltr'><strong>καί</strong></span> <span class='ocrx_word' id='word_1_778' title='bbox 749 5215 838 5264; x_wconf 83' lang='grc' dir='ltr'>τοῦ</span> <span class='ocrx_word' id='word_1_779' title='bbox 889 5207 1101 5283; x_wconf 84' lang='grc' dir='ltr'>Πατρός,</span> <span class='ocrx_word' id='word_1_780' title='bbox 1135 5201 1286 5277; x_wconf 75' lang='grc' dir='ltr'>[ὅπερ</span> <span class='ocrx_word' id='word_1_781' title='bbox 1325 5200 1416 5253; x_wconf 81' lang='grc' dir='ltr'>οὐκ</span> <span class='ocrx_word' id='word_1_782' title='bbox 1457 5194 1572 5251; x_wconf 76' lang='grc' dir='ltr'>ἔστι</span> <span class='ocrx_word' id='word_1_783' title='bbox 1608 5190 1794 5249; x_wconf 83' lang='grc' dir='ltr'>ταύτόν</span> <span class='ocrx_word' id='word_1_784' title='bbox 1821 5194 1893 5257; x_wconf 85' lang='grc' dir='ltr'>τῷ</span> <span class='ocrx_word' id='word_1_785' title='bbox 1921 5187 2098 5259; x_wconf 82' lang='grc' dir='ltr'>Πατρὶ,</span> 
     </span>
    </p>
   </div>
   <div class='ocr_carea' id='block_1_103' title="bbox 511 5277 2102 5369">
    <p class='ocr_par' dir='ltr' id='par_1_103' title="bbox 511 5277 2102 5369">
     <span class='ocr_line' id='line_1_105' title="bbox 511 5277 2102 5369; baseline -0.02 -6"><span class='ocrx_word' id='word_1_786' title='bbox 511 5304 613 5362; x_wconf 65' lang='grc' dir='ltr'>κατ’</span> <span class='ocrx_word' id='word_1_787' title='bbox 635 5303 752 5360; x_wconf 75' lang='grc' dir='ltr'>ἄλλο</span> <span class='ocrx_word' id='word_1_788' title='bbox 798 5317 860 5357; x_wconf 80' lang='lat' dir='ltr'><strong>ea:</strong></span> <span class='ocrx_word' id='word_1_789' title='bbox 907 5296 1048 5369; x_wconf 57' lang='grc' dir='ltr'>ιαμ]</span> <span class='ocrx_word' id='word_1_790' title='bbox 1101 5295 1212 5350; x_wconf 83' lang='grc' dir='ltr'>κατ’</span> <span class='ocrx_word' id='word_1_791' title='bbox 1234 5291 1351 5347; x_wconf 78' lang='grc' dir='ltr'>ἄλλο</span> <span class='ocrx_word' id='word_1_792' title='bbox 1398 5287 1620 5346; x_wconf 79' lang='grc' dir='ltr'>δηλονότι</span> <span class='ocrx_word' id='word_1_793' title='bbox 1661 5287 1746 5338; x_wconf 80' lang='grc' dir='ltr'><strong>καὶ</strong></span> <span class='ocrx_word' id='word_1_794' title='bbox 1791 5277 1908 5334; x_wconf 77' lang='grc' dir='ltr'>ἄλλο</span> <span class='ocrx_word' id='word_1_795' title='bbox 1959 5277 2102 5350; x_wconf 72' lang='grc' dir='ltr'>ἐνήρ-</span> 
     </span>
    </p>
   </div>
   <div class='ocr_carea' id='block_1_104' title="bbox 514 5369 2101 5476">
    <p class='ocr_par' dir='ltr' id='par_1_104' title="bbox 514 5369 2101 5476">
     <span class='ocr_line' id='line_1_106' title="bbox 514 5369 2101 5476; baseline -0.022 -19"><span class='ocrx_word' id='word_1_796' title='bbox 514 5420 664 5476; x_wconf 80' lang='grc' dir='ltr'>γησεν</span> <span class='ocrx_word' id='word_1_797' title='bbox 714 5398 739 5453; x_wconf 92' lang='lat'><strong>6</strong></span> <span class='ocrx_word' id='word_1_798' title='bbox 788 5393 1024 5472; x_wconf 71' lang='grc' dir='ltr'>Χριστόςο</span> <span class='ocrx_word' id='word_1_799' title='bbox 1074 5392 1158 5444; x_wconf 85' lang='grc' dir='ltr'><strong>ἶνα</strong></span> <span class='ocrx_word' id='word_1_800' title='bbox 1205 5388 1336 5442; x_wconf 76' lang='grc' dir='ltr'>κατὰ</span> <span class='ocrx_word' id='word_1_801' title='bbox 1383 5388 1473 5440; x_wconf 76' lang='grc' dir='ltr'>τήν</span> <span class='ocrx_word' id='word_1_802' title='bbox 1525 5381 1774 5441; x_wconf 85' lang='grc' dir='ltr'>θεότητα,</span> <span class='ocrx_word' id='word_1_803' title='bbox 1823 5371 1855 5428; x_wconf 85' lang='grc' dir='ltr'>ἃ</span> <span class='ocrx_word' id='word_1_804' title='bbox 1895 5377 2033 5426; x_wconf 84' lang='grc' dir='ltr'>ποιεῖ</span> <span class='ocrx_word' id='word_1_805' title='bbox 2073 5369 2101 5423; x_wconf 82' lang='lat' dir='ltr'><strong>o&#39;</strong></span> 
     </span>
    </p>
   </div>
   <div class='ocr_carea' id='block_1_105' title="bbox 513 5464 2105 5568">
    <p class='ocr_par' dir='ltr' id='par_1_105' title="bbox 513 5464 2105 5568">
     <span class='ocr_line' id='line_1_107' title="bbox 513 5464 2105 5568; baseline -0.023 -17"><span class='ocrx_word' id='word_1_806' title='bbox 513 5500 704 5568; x_wconf 76' lang='grc' dir='ltr'>Πατὴρ,</span> <span class='ocrx_word' id='word_1_807' title='bbox 749 5497 912 5546; x_wconf 82' lang='grc' dir='ltr'>ταῦτα</span> <span class='ocrx_word' id='word_1_808' title='bbox 957 5487 1043 5540; x_wconf 85' lang='grc' dir='ltr'><strong>καί</strong></span> <span class='ocrx_word' id='word_1_809' title='bbox 1087 5483 1112 5538; x_wconf 91' lang='lat'><strong>6</strong></span> <span class='ocrx_word' id='word_1_810' title='bbox 1152 5482 1268 5539; x_wconf 83' lang='grc' dir='ltr'>Υἱὸς</span> <span class='ocrx_word' id='word_1_811' title='bbox 1306 5477 1489 5548; x_wconf 86' lang='grc' dir='ltr'>ὁμοίως</span> <span class='ocrx_word' id='word_1_812' title='bbox 1530 5479 1674 5546; x_wconf 80' lang='grc' dir='ltr'>ποιῇ,</span> <span class='ocrx_word' id='word_1_813' title='bbox 1723 5469 1852 5524; x_wconf 85' lang='grc' dir='ltr'>κατά</span> <span class='ocrx_word' id='word_1_814' title='bbox 1905 5464 1963 5520; x_wconf 70' lang='grc' dir='ltr'><strong>δὲ</strong></span> <span class='ocrx_word' id='word_1_815' title='bbox 2014 5469 2105 5522; x_wconf 78' lang='grc' dir='ltr'><strong>την</strong></span> 
     </span>
    </p>
   </div>
   <div class='ocr_carea' id='block_1_106' title="bbox 515 5553 2104 5663">
    <p class='ocr_par' dir='ltr' id='par_1_106' title="bbox 515 5553 2104 5663">
     <span class='ocr_line' id='line_1_108' title="bbox 515 5553 2104 5663; baseline -0.02 -22"><span class='ocrx_word' id='word_1_816' title='bbox 515 5585 899 5663; x_wconf 79' lang='grc' dir='ltr'>ἁνθρωπότητα,</span> <span class='ocrx_word' id='word_1_817' title='bbox 931 5579 963 5633; x_wconf 83' lang='grc' dir='ltr'><em>ἆ</em></span> <span class='ocrx_word' id='word_1_818' title='bbox 991 5581 1088 5633; x_wconf 76' lang='grc' dir='ltr'>εἰσι</span> <span class='ocrx_word' id='word_1_819' title='bbox 1115 5580 1206 5631; x_wconf 85' lang='grc' dir='ltr'>τοῦ</span> <span class='ocrx_word' id='word_1_820' title='bbox 1252 5572 1518 5644; x_wconf 78' lang='grc' dir='ltr'>ἀνθρώπου</span> <span class='ocrx_word' id='word_1_821' title='bbox 1548 5563 1678 5627; x_wconf 81' lang='grc' dir='ltr'>ἴδια,</span> <span class='ocrx_word' id='word_1_822' title='bbox 1712 5561 1737 5616; x_wconf 92' lang='lat'><strong>6</strong></span> <span class='ocrx_word' id='word_1_823' title='bbox 1763 5561 1915 5619; x_wconf 68' lang='grc' dir='ltr'>αὐτὸς</span> <span class='ocrx_word' id='word_1_824' title='bbox 1954 5553 2104 5616; x_wconf 77' lang='grc' dir='ltr'>οὗτος</span> 
     </span>
    </p>
   </div>
   <div class='ocr_carea' id='block_1_107' title="bbox 519 5648 2111 5750">
    <p class='ocr_par' dir='ltr' id='par_1_107' title="bbox 519 5648 2111 5750">
     <span class='ocr_line' id='line_1_109' title="bbox 519 5648 2111 5750; baseline -0.021 -16"><span class='ocrx_word' id='word_1_825' title='bbox 519 5648 727 5750; x_wconf 60' lang='grc' dir='ltr'>[οὕτως]</span> <span class='ocrx_word' id='word_1_826' title='bbox 760 5677 953 5746; x_wconf 75' lang='grc' dir='ltr'>ἐνήργει</span> <span class='ocrx_word' id='word_1_827' title='bbox 990 5671 1054 5730; x_wconf 85' lang='grc' dir='ltr'>ὡς</span> <span class='ocrx_word' id='word_1_828' title='bbox 1090 5664 1373 5740; x_wconf 83' lang='grc' dir='ltr'>ἅνθρωπος,</span> <span class='ocrx_word' id='word_1_829' title='bbox 1408 5655 1582 5715; x_wconf 66' lang='grc' dir='ltr'>ἔπειδή</span> <span class='ocrx_word' id='word_1_830' title='bbox 1630 5654 1811 5713; x_wconf 77' lang='grc' dir='ltr'>ἀληθής</span> <span class='ocrx_word' id='word_1_831' title='bbox 1859 5651 1972 5704; x_wconf 71' lang='grc' dir='ltr'>ἔστι</span> <span class='ocrx_word' id='word_1_832' title='bbox 2025 5648 2111 5702; x_wconf 78' lang='grc' dir='ltr'><strong>καί</strong></span> 
     </span>
    </p>
   </div>
   <div class='ocr_carea' id='block_1_108' title="bbox 517 5735 2111 5838">
    <p class='ocr_par' dir='ltr' id='par_1_108' title="bbox 517 5735 2111 5838">
     <span class='ocr_line' id='line_1_110' title="bbox 517 5735 2111 5838; baseline -0.02 -14"><span class='ocrx_word' id='word_1_833' title='bbox 517 5770 644 5828; x_wconf 83' lang='grc' dir='ltr'>Θεὸς</span> <span class='ocrx_word' id='word_1_834' title='bbox 676 5769 760 5821; x_wconf 77' lang='grc' dir='ltr'>καὶ</span> <span class='ocrx_word' id='word_1_835' title='bbox 803 5762 1084 5838; x_wconf 77' lang='grc' dir='ltr'>ἅνθρωπος.</span> <span class='ocrx_word' id='word_1_836' title='bbox 1110 5735 1256 5812; x_wconf 66' lang='grc' dir='ltr'>Ὀὸεν</span> <span class='ocrx_word' id='word_1_837' title='bbox 1293 5753 1380 5810; x_wconf 85' lang='grc' dir='ltr'><strong>καί</strong></span> <span class='ocrx_word' id='word_1_838' title='bbox 1425 5749 1620 5808; x_wconf 78' lang='grc' dir='ltr'>άληθῶς</span> <span class='ocrx_word' id='word_1_839' title='bbox 1660 5741 1992 5804; x_wconf 78' lang='grc' dir='ltr'>πιστεύεται,</span> <span class='ocrx_word' id='word_1_840' title='bbox 2027 5735 2111 5793; x_wconf 83' lang='grc' dir='ltr'>ὅτι</span> 
     </span>
    </p>
   </div>
   <div class='ocr_carea' id='block_1_109' title="bbox 595 5849 2976 5954">
    <p class='ocr_par' dir='ltr' id='par_1_109' title="bbox 595 5849 2976 5954">
     <span class='ocr_line' id='line_1_111' title="bbox 595 5849 2976 5954; baseline -0.02 1"><span class='ocrx_word' id='word_1_841' title='bbox 595 5909 620 5939; x_wconf 77' lang='grc'><strong>⁸</strong></span> <span class='ocrx_word' id='word_1_842' title='bbox 663 5899 761 5954; x_wconf 82' lang='lat' dir='ltr'><strong>Hie</strong></span> <span class='ocrx_word' id='word_1_843' title='bbox 793 5895 1072 5951; x_wconf 78' lang='lat' dir='ltr'><strong>evidenter</strong></span> <span class='ocrx_word' id='word_1_844' title='bbox 1103 5889 1254 5946; x_wconf 80' lang='lat' dir='ltr'><strong>deost</strong></span> <span class='ocrx_word' id='word_1_845' title='bbox 1283 5901 1386 5944; x_wconf 71' lang='lat' dir='ltr'><strong>vos</strong></span> <span class='ocrx_word' id='word_1_846' title='bbox 1418 5881 1794 5946; x_wconf 71' lang='grc' dir='ltr'>ιῦσιϐιστάτη,</span> <span class='ocrx_word' id='word_1_847' title='bbox 1827 5883 1919 5930; x_wconf 86' lang='lat' dir='ltr'><strong>aut</strong></span> <span class='ocrx_word' id='word_1_848' title='bbox 1947 5870 2052 5928; x_wconf 86' lang='lat' dir='ltr'><strong>alia</strong></span> <span class='ocrx_word' id='word_1_849' title='bbox 2083 5861 2324 5940; x_wconf 71' lang='lat' dir='ltr'><strong>ejusdem</strong></span> <span class='ocrx_word' id='word_1_850' title='bbox 2353 5853 2784 5931; x_wconf 71' lang='lat' dir='ltr'><strong>signiﬁcationis.</strong></span> <span class='ocrx_word' id='word_1_851' title='bbox 2816 5849 2976 5908; x_wconf 77' lang='lat' dir='ltr'><strong>Eutr.</strong></span> 
     </span>
    </p>
   </div>
   <div class='ocr_carea' id='block_1_110' title="bbox 2199 4625 3790 4720">
    <p class='ocr_par' dir='ltr' id='par_1_110' title="bbox 2199 4625 3790 4720">
     <span class='ocr_line' id='line_1_112' title="bbox 2199 4625 3790 4720; baseline -0.027 -4"><span class='ocrx_word' id='word_1_852' title='bbox 2199 4663 2459 4720; x_wconf 86' lang='lat' dir='ltr'><strong>rationes,</strong></span> <span class='ocrx_word' id='word_1_853' title='bbox 2491 4653 2721 4708; x_wconf 82' lang='lat' dir='ltr'><strong>divinam</strong></span> <span class='ocrx_word' id='word_1_854' title='bbox 2770 4643 2976 4699; x_wconf 89' lang='lat' dir='ltr'><strong>scilicet</strong></span> <span class='ocrx_word' id='word_1_855' title='bbox 3023 4650 3077 4694; x_wconf 91' lang='lat' dir='ltr'><strong>et</strong></span> <span class='ocrx_word' id='word_1_856' title='bbox 3126 4636 3434 4697; x_wconf 89' lang='lat' dir='ltr'><strong>humanam,</strong></span> <span class='ocrx_word' id='word_1_857' title='bbox 3463 4625 3790 4683; x_wconf 84' lang='lat' dir='ltr'><strong>inconditam</strong></span> 
     </span>
    </p>
   </div>
   <div class='ocr_carea' id='block_1_111' title="bbox 2200 4728 3792 4812">
    <p class='ocr_par' dir='ltr' id='par_1_111' title="bbox 2200 4728 3792 4812">
     <span class='ocr_line' id='line_1_113' title="bbox 2200 4728 3792 4812; baseline -0.026 0"><span class='ocrx_word' id='word_1_858' title='bbox 2200 4767 2254 4812; x_wconf 90' lang='lat' dir='ltr'><strong>et</strong></span> <span class='ocrx_word' id='word_1_859' title='bbox 2283 4751 2575 4812; x_wconf 86' lang='lat' dir='ltr'><strong>conditam,</strong></span> <span class='ocrx_word' id='word_1_860' title='bbox 2601 4758 2659 4800; x_wconf 90' lang='lat' dir='ltr'><strong>ut</strong></span> <span class='ocrx_word' id='word_1_861' title='bbox 2689 4755 2850 4797; x_wconf 81' lang='lat' dir='ltr'><strong>verus</strong></span> <span class='ocrx_word' id='word_1_862' title='bbox 2876 4745 2930 4793; x_wconf 89' lang='lat' dir='ltr'><strong>et</strong></span> <span class='ocrx_word' id='word_1_863' title='bbox 2980 4732 3245 4804; x_wconf 79' lang='lat' dir='ltr'><strong>perfectus</strong></span> <span class='ocrx_word' id='word_1_864' title='bbox 3289 4728 3452 4793; x_wconf 87' lang='lat' dir='ltr'><strong>Deus,</strong></span> <span class='ocrx_word' id='word_1_865' title='bbox 3487 4734 3650 4776; x_wconf 79' lang='lat' dir='ltr'><strong>verus</strong></span> <span class='ocrx_word' id='word_1_866' title='bbox 3675 4733 3792 4790; x_wconf 81' lang='lat' dir='ltr'><strong>per-</strong></span> 
     </span>
    </p>
   </div>
   <div class='ocr_carea' id='block_1_112' title="bbox 2199 4809 3792 4907">
    <p class='ocr_par' dir='ltr' id='par_1_112' title="bbox 2199 4809 3792 4907">
     <span class='ocr_line' id='line_1_114' title="bbox 2199 4809 3792 4907; baseline -0.026 -4"><span class='ocrx_word' id='word_1_867' title='bbox 2199 4848 2369 4903; x_wconf 78' lang='lat' dir='ltr'><strong>fectus</strong></span> <span class='ocrx_word' id='word_1_868' title='bbox 2398 4809 2578 4907; x_wconf 73' lang='lat' dir='ltr'><strong>homo,</strong></span> <span class='ocrx_word' id='word_1_869' title='bbox 2611 4849 2742 4890; x_wconf 90' lang='lat' dir='ltr'><strong>unus</strong></span> <span class='ocrx_word' id='word_1_870' title='bbox 2769 4832 2907 4887; x_wconf 89' lang='lat' dir='ltr'><strong>idem</strong></span> <span class='ocrx_word' id='word_1_871' title='bbox 2933 4829 3046 4896; x_wconf 85' lang='lat' dir='ltr'><strong>ipse</strong></span> <span class='ocrx_word' id='word_1_872' title='bbox 3073 4822 3333 4880; x_wconf 86' lang='lat' dir='ltr'><strong>mediator</strong></span> <span class='ocrx_word' id='word_1_873' title='bbox 3374 4816 3467 4871; x_wconf 87' lang='lat' dir='ltr'><strong>Dei</strong></span> <span class='ocrx_word' id='word_1_874' title='bbox 3510 4823 3568 4869; x_wconf 90' lang='lat' dir='ltr'><strong>et</strong></span> <span class='ocrx_word' id='word_1_875' title='bbox 3623 4809 3792 4865; x_wconf 89' lang='lat' dir='ltr'><strong>homi-</strong></span> 
     </span>
    </p>
   </div>
   <div class='ocr_carea' id='block_1_113' title="bbox 2202 4904 3792 4995">
    <p class='ocr_par' dir='ltr' id='par_1_113' title="bbox 2202 4904 3792 4995">
     <span class='ocr_line' id='line_1_115' title="bbox 2202 4904 3792 4995; baseline -0.025 0"><span class='ocrx_word' id='word_1_876' title='bbox 2202 4955 2327 4995; x_wconf 87' lang='lat' dir='ltr'><strong>num</strong></span> <span class='ocrx_word' id='word_1_877' title='bbox 2377 4904 2632 4989; x_wconf 81' lang='lat' dir='ltr'><strong>Dominus</strong></span> <span class='ocrx_word' id='word_1_878' title='bbox 2683 4925 2838 4981; x_wconf 80' lang='lat' dir='ltr'><strong>Jesus</strong></span> <span class='ocrx_word' id='word_1_879' title='bbox 2895 4919 3139 4975; x_wconf 87' lang='lat' dir='ltr'><strong>Christus</strong></span> <span class='ocrx_word' id='word_1_880' title='bbox 3167 4911 3219 4986; x_wconf 81' lang='grc' dir='ltr'><strong>(Ι</strong></span> <span class='ocrx_word' id='word_1_881' title='bbox 3248 4910 3383 4966; x_wconf 80' lang='lat' dir='ltr'><strong>Tim.</strong></span> <span class='ocrx_word' id='word_1_882' title='bbox 3414 4908 3499 4979; x_wconf 86' lang='grc' dir='ltr'>ιι).</span> <span class='ocrx_word' id='word_1_883' title='bbox 3529 4904 3792 4972; x_wconf 82' lang='lat' dir='ltr'><strong>Quocirca</strong></span> 
     </span>
    </p>
   </div>
   <div class='ocr_carea' id='block_1_114' title="bbox 2201 4995 3790 5098">
    <p class='ocr_par' dir='ltr' id='par_1_114' title="bbox 2201 4995 3790 5098">
     <span class='ocr_line' id='line_1_116' title="bbox 2201 4995 3790 5098; baseline -0.026 -9"><span class='ocrx_word' id='word_1_884' title='bbox 2201 5043 2255 5089; x_wconf 88' lang='lat' dir='ltr'><strong>et</strong></span> <span class='ocrx_word' id='word_1_885' title='bbox 2279 5047 2343 5087; x_wconf 84' lang='lat' dir='ltr'><strong>ex</strong></span> <span class='ocrx_word' id='word_1_886' title='bbox 2366 5041 2586 5098; x_wconf 75' lang='lat' dir='ltr'><strong>cperunt</strong></span> <span class='ocrx_word' id='word_1_887' title='bbox 2609 5015 2954 5092; x_wconf 89' lang='lat' dir='ltr'><strong>qualitatibus</strong></span> <span class='ocrx_word' id='word_1_888' title='bbox 2989 5022 3297 5066; x_wconf 87' lang='lat' dir='ltr'><strong>naturarum</strong></span> <span class='ocrx_word' id='word_1_889' title='bbox 3319 5015 3557 5074; x_wconf 87' lang='lat' dir='ltr'><strong>quoque,</strong></span> <span class='ocrx_word' id='word_1_890' title='bbox 3585 5012 3704 5069; x_wconf 76' lang='lat' dir='ltr'><strong>qua:</strong></span> <span class='ocrx_word' id='word_1_891' title='bbox 3741 4995 3790 5048; x_wconf 87' lang='lat' dir='ltr'><strong>in</strong></span> 
     </span>
    </p>
   </div>
   <div class='ocr_carea' id='block_1_115' title="bbox 2201 5090 3793 5188">
    <p class='ocr_par' dir='ltr' id='par_1_115' title="bbox 2201 5090 3793 5188">
     <span class='ocr_line' id='line_1_117' title="bbox 2201 5090 3793 5188; baseline -0.024 -9"><span class='ocrx_word' id='word_1_892' title='bbox 2201 5090 2416 5179; x_wconf 76' lang='lat' dir='ltr'><strong>Christo</strong></span> <span class='ocrx_word' id='word_1_893' title='bbox 2447 5133 2539 5188; x_wconf 88' lang='lat' dir='ltr'><strong>per</strong></span> <span class='ocrx_word' id='word_1_894' title='bbox 2564 5090 2857 5170; x_wconf 38' lang='lat' dir='ltr'><strong>tio—itionem</strong></span> <span class='ocrx_word' id='word_1_895' title='bbox 2881 5121 3001 5178; x_wconf 69' lang='lat' dir='ltr'><strong>quae</strong></span> <span class='ocrx_word' id='word_1_896' title='bbox 3051 5100 3342 5158; x_wconf 89' lang='lat' dir='ltr'><strong>secundum</strong></span> <span class='ocrx_word' id='word_1_897' title='bbox 3391 5090 3793 5150; x_wconf 83' lang='lat' dir='ltr'><strong>subsistentiam</strong></span> 
     </span>
    </p>
   </div>
   <div class='ocr_carea' id='block_1_116' title="bbox 2203 5182 3793 5276">
    <p class='ocr_par' dir='ltr' id='par_1_116' title="bbox 2203 5182 3793 5276">
     <span class='ocr_line' id='line_1_118' title="bbox 2203 5182 3793 5276; baseline -0.025 -4"><span class='ocrx_word' id='word_1_898' title='bbox 2203 5214 2549 5276; x_wconf 86' lang='lat' dir='ltr'><strong>conveniunt,</strong></span> <span class='ocrx_word' id='word_1_899' title='bbox 2580 5202 2880 5262; x_wconf 73' lang='lat' dir='ltr'><strong>diﬂereutia</strong></span> <span class='ocrx_word' id='word_1_900' title='bbox 2902 5196 3162 5255; x_wconf 85' lang='lat' dir='ltr'><strong>inoll‘ensa</strong></span> <span class='ocrx_word' id='word_1_901' title='bbox 3189 5189 3557 5261; x_wconf 80' lang='lat' dir='ltr'><strong>cognoscitur.</strong></span> <span class='ocrx_word' id='word_1_902' title='bbox 3589 5182 3660 5240; x_wconf 81' lang='lat' dir='ltr'><strong>Ut</strong></span> <span class='ocrx_word' id='word_1_903' title='bbox 3701 5195 3793 5233; x_wconf 83' lang='lat' dir='ltr'><strong>au-</strong></span> 
     </span>
    </p>
   </div>
   <div class='ocr_carea' id='block_1_117' title="bbox 2206 5284 3794 5381">
    <p class='ocr_par' dir='ltr' id='par_1_117' title="bbox 2206 5284 3794 5381">
     <span class='ocr_line' id='line_1_119' title="bbox 2206 5284 3794 5381; baseline -0.026 -15"><span class='ocrx_word' id='word_1_904' title='bbox 2206 5323 2310 5366; x_wconf 89' lang='lat' dir='ltr'><strong>tem</strong></span> <span class='ocrx_word' id='word_1_905' title='bbox 2335 5319 2388 5364; x_wconf 90' lang='lat' dir='ltr'><strong>et</strong></span> <span class='ocrx_word' id='word_1_906' title='bbox 2413 5302 2599 5381; x_wconf 80' lang='lat' dir='ltr'><strong>[Forte</strong></span> <span class='ocrx_word' id='word_1_907' title='bbox 2621 5297 2724 5371; x_wconf 87' lang='lat' dir='ltr'><strong>his]</strong></span> <span class='ocrx_word' id='word_1_908' title='bbox 2757 5297 2867 5352; x_wconf 88' lang='lat' dir='ltr'><strong>Deo</strong></span> <span class='ocrx_word' id='word_1_909' title='bbox 2909 5290 3185 5348; x_wconf 88' lang='lat' dir='ltr'><strong>odibilium</strong></span> <span class='ocrx_word' id='word_1_910' title='bbox 3231 5284 3631 5343; x_wconf 70' lang='lat' dir='ltr'><strong>lmreticorum,</strong></span> <span class='ocrx_word' id='word_1_911' title='bbox 3662 5284 3794 5344; x_wconf 87' lang='lat' dir='ltr'><strong>quo-</strong></span> 
     </span>
    </p>
   </div>
   <div class='ocr_carea' id='block_1_118' title="bbox 2205 5361 3790 5460">
    <p class='ocr_par' dir='ltr' id='par_1_118' title="bbox 2205 5361 3790 5460">
     <span class='ocr_line' id='line_1_120' title="bbox 2205 5361 3790 5460; baseline -0.027 0"><span class='ocrx_word' id='word_1_912' title='bbox 2205 5419 2322 5460; x_wconf 92' lang='lat' dir='ltr'><strong>rum</strong></span> <span class='ocrx_word' id='word_1_913' title='bbox 2351 5361 2485 5453; x_wconf 65' lang='lat' dir='ltr'><strong>sicut</strong></span> <span class='ocrx_word' id='word_1_914' title='bbox 2514 5361 2766 5450; x_wconf 67' lang='lat' dir='ltr'><strong>vocabula</strong></span> <span class='ocrx_word' id='word_1_915' title='bbox 2813 5388 3009 5456; x_wconf 86' lang='lat' dir='ltr'><strong>pariter</strong></span> <span class='ocrx_word' id='word_1_916' title='bbox 3051 5379 3423 5436; x_wconf 86' lang='lat' dir='ltr'><strong>abominamur</strong></span> <span class='ocrx_word' id='word_1_917' title='bbox 3462 5380 3521 5428; x_wconf 86' lang='lat' dir='ltr'><strong>et</strong></span> <span class='ocrx_word' id='word_1_918' title='bbox 3565 5361 3790 5424; x_wconf 86' lang='lat' dir='ltr'><strong>dictaad</strong></span> 
     </span>
    </p>
   </div>
   <div class='ocr_carea' id='block_1_119' title="bbox 2206 5461 3792 5550">
    <p class='ocr_par' dir='ltr' id='par_1_119' title="bbox 2206 5461 3792 5550">
     <span class='ocr_line' id='line_1_121' title="bbox 2206 5461 3792 5550; baseline -0.026 0"><span class='ocrx_word' id='word_1_919' title='bbox 2206 5482 2711 5550; x_wconf 61' lang='lat' dir='ltr'><strong>demonstrationem</strong></span> <span class='ocrx_word' id='word_1_920' title='bbox 2738 5483 2998 5538; x_wconf 79' lang='lat' dir='ltr'><strong>duntaxat</strong></span> <span class='ocrx_word' id='word_1_921' title='bbox 3033 5488 3220 5530; x_wconf 86' lang='lat' dir='ltr'><strong>eorum</strong></span> <span class='ocrx_word' id='word_1_922' title='bbox 3268 5484 3404 5541; x_wconf 90' lang='lat' dir='ltr'><strong>quos</strong></span> <span class='ocrx_word' id='word_1_923' title='bbox 3425 5463 3551 5521; x_wconf 82' lang='lat' dir='ltr'><strong>novi</strong></span> <span class='ocrx_word' id='word_1_924' title='bbox 3571 5461 3792 5529; x_wconf 77' lang='lat' dir='ltr'><strong>dogma-</strong></span> 
     </span>
    </p>
   </div>
   <div class='ocr_carea' id='block_1_120' title="bbox 2209 5556 3794 5644">
    <p class='ocr_par' dir='ltr' id='par_1_120' title="bbox 2209 5556 3794 5644">
     <span class='ocr_line' id='line_1_122' title="bbox 2209 5556 3794 5644; baseline -0.026 0"><span class='ocrx_word' id='word_1_925' title='bbox 2209 5589 2276 5644; x_wconf 92' lang='lat' dir='ltr'><strong>tis</strong></span> <span class='ocrx_word' id='word_1_926' title='bbox 2302 5587 2605 5641; x_wconf 81' lang='lat' dir='ltr'><strong>inventores</strong></span> <span class='ocrx_word' id='word_1_927' title='bbox 2637 5591 2793 5631; x_wconf 92' lang='lat' dir='ltr'><strong>unam</strong></span> <span class='ocrx_word' id='word_1_928' title='bbox 2819 5574 2871 5628; x_wconf 91' lang='lat' dir='ltr'><strong>in</strong></span> <span class='ocrx_word' id='word_1_929' title='bbox 2895 5571 3108 5627; x_wconf 89' lang='lat' dir='ltr'><strong>Christo</strong></span> <span class='ocrx_word' id='word_1_930' title='bbox 3135 5564 3365 5621; x_wconf 88' lang='lat' dir='ltr'><strong>dicendo</strong></span> <span class='ocrx_word' id='word_1_931' title='bbox 3392 5559 3716 5612; x_wconf 82' lang='lat' dir='ltr'><strong>voluntatem</strong></span> <span class='ocrx_word' id='word_1_932' title='bbox 3739 5556 3794 5604; x_wconf 85' lang='lat' dir='ltr'><strong>et</strong></span> 
     </span>
    </p>
   </div>
   <div class='ocr_carea' id='block_1_121' title="bbox 2210 5655 3793 5752">
    <p class='ocr_par' dir='ltr' id='par_1_121' title="bbox 2210 5655 3793 5752">
     <span class='ocr_line' id='line_1_123' title="bbox 2210 5655 3793 5752; baseline -0.025 -15"><span class='ocrx_word' id='word_1_933' title='bbox 2210 5678 2572 5752; x_wconf 83' lang='lat' dir='ltr'><strong>operationem</strong></span> <span class='ocrx_word' id='word_1_934' title='bbox 2603 5670 2772 5729; x_wconf 87' lang='lat' dir='ltr'><strong>secuti</strong></span> <span class='ocrx_word' id='word_1_935' title='bbox 2815 5674 2964 5733; x_wconf 88' lang='lat' dir='ltr'><strong>sunt,</strong></span> <span class='ocrx_word' id='word_1_936' title='bbox 3014 5675 3184 5734; x_wconf 86' lang='lat' dir='ltr'><strong>pauca</strong></span> <span class='ocrx_word' id='word_1_937' title='bbox 3227 5655 3472 5729; x_wconf 72' lang='lat' dir='ltr'><strong>quadam</strong></span> <span class='ocrx_word' id='word_1_938' title='bbox 3499 5667 3564 5708; x_wconf 80' lang='lat' dir='ltr'><strong>ex</strong></span> <span class='ocrx_word' id='word_1_939' title='bbox 3606 5656 3793 5705; x_wconf 83' lang='lat' dir='ltr'><strong>eorum</strong></span> 
     </span>
    </p>
   </div>
   <div class='ocr_carea' id='block_1_122' title="bbox 3710 5943 3787 5967">
    <p class='ocr_par' dir='ltr' id='par_1_122' title="bbox 3710 5943 3787 5967">
     <span class='ocr_line' id='line_1_124' title="bbox 3710 5943 3787 5967; baseline -0.026 0"><span class='ocrx_word' id='word_1_940' title='bbox 3710 5943 3787 5967; x_wconf 59' lang='grc' dir='ltr'><strong>ειν.</strong></span> 
     </span>
    </p>
   </div>
  </div>
