4016 6354
276 352 406 413 ιεοι

1701 344 2082 410 ΕΡΙΞΤΟΙΑΕ.

3414 335 3553 405 120i

270 472 685 529 cxsecrabilibus
706 471 861 529 dictis
887 461 1225 530 innexulmus
1244 489 1258 528 :
1278 471 1599 539 Apollinaris
1622 471 1859 527 haretici

1964 470 2177 531 όαύτὸς
2230 465 2379 531 οὗτος
2425 464 2495 531 εἷς
2524 468 2659 542 [ciu]
2709 468 2799 527 δύο
2848 472 3063 544 φυσικὰς
3106 468 3220 541 Ιχει
3275 469 3554 543 ἐνεργείας,

269 577 454 619 contra
510 565 830 631 Diodorum,
881 566 1173 623 secundum
1222 567 1360 635 quod
1412 565 1638 633 positum
1683 573 1767 619 est
1808 566 1858 617 in

269 657 446 711 edicto
478 658 802 713 orthodoxae
825 657 947 713 fidet
981 658 1265 714 JUstiniani
1318 659 1415 727 pia:
1457 658 1727 711 memoria:
1753 656 1860 709 An-

269 755 401 822 gusti
439 770 451 806 :
484 754 773 825 Organnm,
828 764 883 809 et
912 755 1049 823 quod
1101 764 1297 819 movet,
1348 769 1504 808 unam
1533 755 1669 809 solet
1698 756 1859 823 perﬁ-

266 861 387 899 cere
418 848 784 914 operationem
820 866 831 899 :
859 863 1083 915 quorum
1137 858 1315 901 autem
1363 863 1464 902 una
1494 856 1574 902 est
1595 848 1857 916 operatio,

267 940 458 992 horum
490 954 594 993 una
627 950 711 994 est
738 941 989 993 essentia.
1044 940 1154 995 Una
1189 956 1317 1010 ergo
1348 941 1580 995 essentia
1614 940 1747 994 facta
1779 950 1859 993 est

270 1029 429 1084 Verbi
483 1040 535 1085 et
579 1032 777 1086 carnis.
813 1031 939 1087 Item
975 1032 1213 1101 ejusdem
1267 1032 1318 1088 in
1372 1047 1618 1086 sermone
1647 1035 1737 1102 qui
1764 1047 1858 1087 su-

1962 568 2053 622 την
2096 565 2227 617 θείαν
2274 564 2499 621 δηλονότι
2545 568 2625 617 καὶ
2674 570 2764 623 τήν
2808 564 3149 636 ἀνθρωπίνην,
3181 568 3272 620 τὴν
3312 558 3556 616 ἅκτιστον

1918 662 1921 663 ⁷
1964 657 2047 709 καί
2100 660 2327 719 κτιστὴν,
2370 658 2437 717 ὡς
2492 656 2715 717 ἀληθινός
2766 659 2851 710 καὶ
2914 655 3100 713 τέλειος
3138 654 3289 714 Θεὸς»
3330 652 3559 710 ἀληθινός

1964 751 2044 801 καί
2093 751 2278 810 τέλειος
2327 745 2605 820 ἅνθρωπος,
2647 745 2715 808 εἷς
2755 750 2780 801 ὁ
2823 750 2980 807 αὐτὸς
3026 746 3239 815 μεσίτης
3279 749 3430 805 Θεοῦ,
3472 743 3561 795 καί

1965 840 2245 915 ἀνθρώπων
2308 844 2492 915 Κύριος
2535 838 2733 901 Ἰησοῦς
2780 838 3021 913 Χριστός.
3090 838 3172 889 Διὸ
3222 834 3405 905 ὁμοίως
3473 832 3559 883 καί

1920 942 1923 945 ’
1966 933 2019 985 ἐκ
2063 939 2160 987 τῶν
2207 936 2487 990 ποιοτήτων
2546 939 2647 987 τῶν
2709 930 2895 1007 ἔργων,
2946 935 3045 985 τῶν
3090 929 3321 1001 φύσεων,
3373 925 3561 983 αἳτινες

1968 1025 2016 1076 έν
2067 1032 2140 1096 τῷ
2218 1032 2426 1100 Χριστῷ
2502 1026 2629 1081 κατὰ
2709 1030 2799 1083 τὴν
2874 1021 2981 1077 καθ’
3004 1022 3297 1075 ὑπόστασιν
3380 1017 3563 1071 ἕνωσιν

1967 1119 2235 1183 συνῆλθον,
2284 1122 2315 1177 ἡ
2360 1118 2569 1197 διαφορά
2625 1120 2950 1198 ἀπρόσκοπος
3019 1119 3336 1191 γνωρίζεται.
3384 1109 3562 1170 Ὀπως

1961 1208 2214 1283 [τούτων]
2248 1210 2299 1267 δὲ
2342 1215 2425 1266 καί
2466 1220 2565 1269 τῶν
2603 1214 2915 1282 θεομισήτων
2962 1210 3248 1284 αἱρετιιιῶν,
3276 1202 3345 1260 ὧν
3392 1204 3562 1259 καθὼς

263 1297 353 1357 τὰς
396 1304 744 1374 προσηγορίας
783 1298 968 1371 ὁμοίως
1006 1299 1380 1373 βδελυττόμεθα
1417 1306 1499 1357 καὶ
1533 1304 1595 1358 τὰ
1645 1304 1847 1379 ῥήματα
1870 1340 1886 1367 ,
1929 1306 2056 1380 πρὸς
2086 1304 2286 1371 ἔνδειξιν
2330 1312 2410 1361 καὶ
2464 1312 2610 1379 μόνον
2646 1310 2861 1370 τούτων,
2888 1303 2964 1368 οἷς
3007 1328 3139 1362 τισιν
3169 1306 3211 1358 οἱ
3249 1306 3339 1357 τοῦ
3383 1306 3560 1354 καινοῦ

268 1387 521 1461 δόγματος
582 1389 846 1467 immutati
902 1391 951 1446 ἓν
1000 1395 1049 1446 ἐν
1092 1402 1164 1466 τῷ
1207 1402 1414 1468 Χριστῷ
1456 1396 1679 1468 λέγοντες
1727 1398 1915 1466 θέλημα
1962 1401 2045 1452 καί
2098 1400 2349 1474 ἐνέργειαν
2396 1402 2769 1467 ἠκολούθησαν,
2802 1402 2945 1471 ὀλίγα
2990 1404 3106 1456 τινὰ
3158 1402 3208 1452 ἐκ
3253 1402 3362 1453 τῶν
3408 1414 3568 1449 κατα·

273 1124 611 1194 perscriptus
638 1134 718 1181 est
749 1126 801 1180 in
830 1125 1113 1196 epiphauia
1139 1126 1516 1184 incarnationis
1542 1127 1655 1182 Dei.

267 1487 435 1559 ρατων
499 1487 666 1539 αὐτῶν
726 1487 964 1562 ῥημάτων
1031 1486 1431 1557 ἐπισυνηψαςλεψ
1489 1485 1871 1562 Ἀπολλιναρίου
1938 1491 2194 1564 αἱρετικοῦ
2266 1494 2397 1547 κατά
2461 1492 2713 1568 Διοδώρου
2780 1494 2911 1566 πρὸς
2981 1493 3038 1548 τό
3102 1494 3321 1560 κείμενον
3382 1485 3432 1541 ἐν
3485 1491 3558 1551 τῷ

267 1577 456 1645 ἠδίκτῳ
492 1586 583 1639 τῆς
632 1578 889 1652 ὀρθοδόξου
919 1586 1146 1641 πίστεως
1184 1587 1271 1634 τοῦ
1304 1582 1364 1634 -ἑν
1406 1580 1609 1635 εὐσεϐεῖ
1650 1590 1712 1655 τῇ
1765 1586 1935 1655 μνήμη
1973 1580 2329 1639 Ἰουστινιανοῦ
2380 1592 2471 1640 τοῦ
2526 1574 2791 1656 βασιλέως·
2853 1582 3103 1657 Ὀργανον
3153 1586 3237 1636 καί
3289 1581 3347 1635 τό
3402 1582 3593 1634 κινοῦν

263 1674 384 1740 μίαν
413 1673 625 1743 πέφυκεν
661 1671 921 1726 ἀποτελεῖν
948 1678 1036 1729 τήν
1067 1672 1327 1749 ἐνέργειαν·
1356 1670 1420 1725 ὧν
1450 1670 1503 1727 δέ
1528 1675 1621 1742 μία
1662 1674 1901 1751 ἐνέργεια,
1933 1678 2130 1729 τούτων
2153 1678 2242 1746 μία
2282 1678 2421 1731 ἐστίν
2462 1678 2633 1739 οὐσία,
2662 1680 2755 1746 μία
2806 1672 2904 1747 ἄρα
2955 1677 3101 1729 ούσία
3129 1679 3215 1728 τοῦ
3260 1671 3423 1741 Λόγου
3476 1670 3564 1723 καί

262 1770 353 1823 τῆς
383 1763 598 1839 σαρκός.
628 1768 727 1815 Τοῦ
756 1765 917 1817 αὐτοῦ
961 1764 1011 1817 ἓν
1034 1771 1108 1837 τῷ
1135 1764 1267 1837 λόγῳ
1294 1771 1367 1837 τῷ
1406 1769 1860 1842 προγεγραμμένῳ,
1889 1770 1972 1829 Εἰς
2001 1770 2065 1824 τὰ
2093 1770 2323 1839 ίπιφάνια
2350 1778 2440 1831 τῆς
2471 1772 2892 1845 ἒνανθρωπήσεως
2915 1775 3005 1825 τοῦ
3038 1775 3165 1824 Θεοῦ
3183 1766 3371 1839 Λόγου.

339 1857 492 1911 Unns
522 1858 663 1910 enim
695 1855 941 1910 Christus
988 1857 1161 1911 divina
1208 1866 1411 1912 tantum
1446 1860 1719 1913 voluntate
1747 1876 1860 1913 mo-

2047 1874 2102 1916 ‘0
2137 1860 2206 1923 εἷς
2244 1868 2341 1938 γὰρ
2373 1865 2587 1937 Χριστός
2629 1867 2776 1933 θεϊκῷ
2815 1864 2949 1934 μόνῳ
2979 1863 3219 1931 θελήματι
3248 1862 3562 1929 κινούμενος,

266 1950 517 2016 vehatur,
548 1949 842 2004 secundum
874 1951 1015 2019 quod
1038 1960 1091 2004 et
1124 1967 1283 2005 unam
1316 1953 1431 2021 ejus
1464 1954 1713 2008 novimus
1734 1969 1864 2023 ope.

1972 1958 2088 2010 καθὸ
2137 1958 2221 2009 καί
2260 1960 2378 2027 μίαν
2422 1955 2624 2027 οἴδαμεν
2670 1960 2825 2012 αὐτοῦ
2874 1961 2963 2014 τήν
3014 1956 3261 2029 ἐνέργειαν
3296 1954 3363 2005 ἔνη
3393 1951 3566 2021 διαφόο

269 2046 559 2109 rationcm,
595 2053 645 2096 et
698 2044 747 2095 iu
797 2042 1025 2098 diversis
1056 2045 1323 2099 miraculis
1354 2058 1407 2100 et
1447 2046 1779 2114 passionibus
1802 2048 1867 2101 de

269 2153 373 2191 una
407 2136 523 2206 ejus
550 2137 843 2204 composita
888 2145 1072 2191 natura
1104 2139 1503 2206 procedentem.
1562 2140 1701 2194 Dens
1723 2144 1865 2195 enim

269 2247 490 2285 carnem
550 2230 766 2283 indutus
823 2238 903 2285 est
937 2228 1187 2303 [carneus
1225 2230 1349 2303 est],
1397 2242 1448 2289 et
1479 2233 1739 2289 creditur.
1771 2233 1869 2289 Sr-

267 2341 436 2379 verus
486 2323 769 2378 haareticus
817 2323 868 2377 in
918 2324 1331 2394 prosphonetico
1362 2339 1614 2381 sermone
1642 2326 1782 2381 facto
1814 2328 1867 2381 in

271 2416 571 2485 Daphnein
604 2415 864 2484 martyrio
888 2426 1085 2470 sancta:
1131 2417 1464 2485 Euphemiaa,
1513 2419 1599 2472 ubi
1641 2419 1720 2473 sic
1749 2421 1824 2473 ait
1852 2438 1862 2472 :

270 2512 803 2567 Anathematizamus
831 2520 1009 2565 autem
1043 2511 1304 2579 synodum
1347 2511 1863 2576 Chalcedonenscm,

270 2786 557 2841 Dominum
585 2796 823 2841 nostrum
848 2787 1029 2842 Jesum
1080 2786 1348 2840 Christum
1393 2793 1511 2854 post
1543 2784 1864 2841 ineffabilem

267 2989 391 3028 rum
422 2974 559 3027 duas
580 2972 922 3040 operationes
946 2982 1035 3025 aut
1062 2973 1433 3040 proprietates.
1468 2970 1597 3023 Item
1626 2971 1866 3039 ejusdem

266 3065 456 3119 Severi
502 3062 567 3117 ad
616 3061 858 3131 Sergium
884 3062 1308 3130 grammaticum,
1346 3062 1434 3116 ubi
1469 3066 1539 3115 ait
1569 3080 1580 3115 :
1606 3062 1865 3129 Quoniam

268 3162 433 3229 igitur
455 3173 590 3213 unus
621 3168 699 3212 est
728 3172 977 3227 operans,
1008 3173 1109 3211 uua
1133 3167 1213 3212 est
1238 3158 1354 3227 ejus
1374 3160 1633 3227 operatio,
1660 3168 1713 3212 et
1745 3172 1863 3212 mo-

271 3253 348 3309 tio
378 3254 621 3322 operaria
647 3249 1017 3324 [operatoria].
1052 3253 1179 3305 Item
1217 3267 1282 3307 ex
1317 3251 1454 3306 libro
1503 3253 1738 3309 secundo
1768 3252 1869 3307 Ne-

1930 3274 1943 3327 ;
1976 3258 2172 3317 κίνησις
2228 3258 2521 3327 ἐνεργητική

1971 2073 2079 2126 ροις
2117 2054 2343 2121 θαύμασι
2387 2055 2473 2105 καί
2514 2053 2811 2121 παθήμασιν
2841 2052 2892 2104 ἐκ
2933 2058 3023 2110 τῆς
3070 2055 3192 2119 μιᾶς
3236 2051 3397 2102 αὐτοῦ
3440 2067 3565 2100 συνο

1972 2144 2117 2197 θέτου
2155 2140 2351 2216 φύσεως
2392 2150 2695 2218 προίοῦσαν.
2753 2144 2878 2203 Θεὸς
2915 2146 3014 2215 γὰρ
3056 2139 3295 2218 ἴνσαρκός
3337 2140 3443 2193 ἐστι
3480 2140 3567 2191 καί

1971 2236 2289 2290 πιστεύεται.
2348 2236 2563 2309 Σεϐἦρος
2603 2234 2627 2289 ό
2666 2235 2916 2309 «unus;
2956 2234 3059 2288 ἀπὸ
3108 2240 3196 2288 τοῦ
3251 2252 3564 2307 προσφωνη-

1971 2339 2112 2388 τικοῦ
2154 2333 2304 2406 λόγου
2344 2339 2433 2387 τοῦ
2480 2333 2743 2404 γενομένου
2781 2332 2828 2383 ἐν
2866 2338 2927 2405 τῇ
2978 2330 3168 2400 Δάφνη,
3212 2327 3260 2380 ἐν
3318 2335 3391 2399 τῷ
3429 2346 3565 2397 μαρ-

1926 2448 1929 2451 ‘
1970 2426 2129 2499 τυρίῳ
2198 2433 2289 2484 τῆς
2336 2423 2485 2493 ἀγίνς
2538 2425 2788 2496 Εύφημὸας
2840 2421 2973 2475 οὕτω
3027 2425 3197 2493 φησὶνο
3245 2418 3569 2487 ’Δναθεματί-

1926 2537 1933 2545 ⁸
1973 2520 2122 2584 Count
2159 2514 2213 2571 δὲ
2254 2519 2337 2569 καί
2373 2521 2462 2575 τὴν
2502 2513 2717 2570 σύνοδον
2776 2512 3113 2572 Χαλκηδόνος,
3156 2512 3239 2563 καί
3290 2511 3375 2564 τόν
3416 2507 3570 2577 τόμον

265 2605 365 2660 sed
388 2614 445 2659 et
469 2612 666 2658 tomum
700 2603 892 2658 Leonis
923 2604 1165 2672 praesulis
1198 2603 1449 2657 Romana:
1481 2602 1753 2667 Ecclesim,
1813 2611 1868 2658 et
1922 2622 1930 2626 ⁴

268 2711 367 2750 eos
400 2696 488 2765 qui
517 2695 702 2749 dicunt
729 2695 810 2749 vel
835 2695 1089 2749 dixerunt
1134 2696 1185 2748 in
1217 2694 1424 2749 duabus
1478 2694 1681 2748 naturis
1705 2710 1865 2748 unum
1922 2712 1925 2715 ·

1972 2610 2179 2668 Λέοντος
2227 2614 2320 2664 τοῦ
2385 2616 2477 2667 τῆς
2511 2614 2613 2662 τῶν
2665 2606 2917 2676 Ῥωμαίων
2954 2605 3246 2663 Ἐκκλησίας
3307 2603 3568 2674 ἡγησαμέ-

1972 2723 2091 2765 νου,
2135 2705 2220 2757 καί
2278 2704 2395 2763 τούς
2453 2702 2726 2772 λέγοντας,
2775 2699 2803 2757 ἢ
2851 2699 3085 2756 εἰπόντας
3125 2699 3176 2750 ἒν
3229 2694 3321 2750 δύο
3378 2697 3565 2765 φύσεσι

1924 2820 1927 2821 ⁷
1972 2797 2057 2852 τόν
2092 2797 2175 2851 ἕνα
2218 2798 2404 2869 Κύριον
2441 2798 2579 2864 ἡμῶν
2607 2793 2800 2852 Ἰησοῦν
2847 2794 3244 2868 Χριστόνίμετὰ
3273 2797 3364 2849 τήν
3408 2788 3568 2863 ἄφρα-

266 2891 323 2934 ει
380 2877 974 2947 incomprehensibilem
1026 2878 1343 2944 unitionem,
1373 2888 1425 2931 et
1457 2887 1742 2946 sequenter
1765 2892 1869 2931 ea-
1922 2902 1927 2903 ί

1974 2910 2095 2943 στον
2154 2891 2236 2942 καί
2291 2889 2624 2962 ἀπερινόητον
2662 2886 2877 2949 ἕνωσιν,
2921 2888 3000 2939 καί
3050 2886 3241 2940 τούτων
3280 2881 3569 2940 ἀκολούθως

1974 2980 2065 3034 δύο
2110 2981 2375 3052 ἐνεργείας,
2418 2978 2447 3037 ἦ
2496 2977 2772 3038 ἰδιότητας.
2824 2975 3035 3050 Ὁμοίως·
3076 2982 3162 3031 τοῦ
3214 2971 3366 3029 αύτοῦ
3416 2973 3568 3031 £3613-

1973 3094 2066 3146 ρου
2124 3072 2252 3145 πρὸς
2310 3072 2506 3146 Σέργιον
2557 3070 2911 3147 γραμματικόν
2967 3067 3087 3123 ἔνθα
3141 3067 3323 3141 φησίν·
3355 3062 3564 3123 Ἐπειδῆ

1972 3166 2072 3239 γὰρ
2126 3160 2195 3223 εἷς
2235 3163 2258 3217 ό
2301 3164 2542 3238 ἐνεργῶν,
2598 3164 2683 3215 καί
2740 3164 2831 3231 μία
2888 3162 3047 3216 αὐτοῦ
3088 3162 3117 3218 ἡ
3163 3160 3419 3232 ἐνέργεια.
3482 3156 3572 3209 καί

2603 3253 2877 3314 Ὡσαύτως
2924 3257 3007 3307 καί
3056 3255 3109 3307 ἐκ
3166 3259 3260 3307 τοῦ
3328 3250 3567 3324 δευτέρου

270 3348 425 3403 storii
463 3345 819 3409 hominicolae,
849 3359 1007 3413 quem
1044 3344 1319 3412 inscripsit
1353 3343 1662 3413 praeclaram
1695 3343 1872 3397 initia-

1980 3346 2180 3417 βιϐλίου
2228 3348 2498 3423 Νεστορίου
2553 3352 2643 3401 τοῦ
2702 3347 3158 3420 ἀνθρωπολάτρου,
3220 3341 3279 3398 ού
3343 3343 3572 3419 ἔγραψεν

270 3439 519 3494 tionem:
556 3435 862 3491 inconfusus
896 3435 1231 3490 custodimus
1286 3442 1522 3499 naturas,
1549 3451 1654 3489 non
1682 3449 1873 3489 secun-

267 3529 401 3584 dum
436 3527 789 3583 substantiam
819 3530 843 3559 ⁸
863 3527 1086 3581 arbitrio
1108 3536 1312 3581 tantum
1344 3528 1634 3596 copulatas,
1658 3536 1872 3595 propter

268 3620 417 3691 quod
441 3634 627 3674 earum
662 3634 818 3673 unam
844 3617 1171 3675 voluntatem
1206 3631 1259 3676 et
1303 3622 1665 3688 Operatiouem
1688 3630 1742 3675 et
1771 3620 1870 3674 do-
1928 3640 1937 3643 -

270 3712 622 3767 minatiouem
659 3711 899 3766 videmus
930 3709 1280 3783 [statuimus],
1330 3712 1603 3781 dignitatis
1644 3710 1868 3780 aequali-

226 3832 231 3835 τ
270 3816 382 3859 tate
417 3813 685 3859 ostensas.
722 3805 861 3859 Deus
885 3805 1028 3859 enim
1078 3805 1331 3867 Verbum,
1384 3818 1665 3859 assumens
1711 3818 1871 3872 quem

274 3899 688 3970 prmdestinavit
739 3899 1037 3965 hominem,
1069 3914 1163 3969 per
1192 3897 1470 3965 potestatis
1502 3897 1780 3958 rationem,
1806 3896 1871 3949 ad

270 4010 400 4051 eum
453 4009 558 4048 non
609 4002 692 4048 est
743 4003 982 4047 secretus
1042 4002 1261 4064 propter
1313 3986 1875 4061 prtestitutumlForte

270 4084 689 4160 prmcogaitum]
719 4086 990 4143 affectum.

344 4181 634 4236 'l‘heodosii
668 4179 903 4235 haeretici
939 4178 1280 4234 Alexandrini
1328 4177 1393 4231 de
1423 4187 1565 4229 tomo
1594 4176 1659 4229 ab
1682 4176 1874 4231 eodem
1926 4204 1929 4211 η

268 4275 481 4340 εεείνιο
513 4271 813 4326 ΤΙιεοιΙοειε
867 4276 1118 4341 Augustae
1151 4288 1162 4323 :
1206 4268 1486 4337 Reliquum
1519 4274 1621 4332 est,
1674 4276 1731 4321 nt
1768 4284 1873 4323 una

269 4366 338 4420 sit
383 4363 630 4431 Operatio
677 4378 744 4416 ex
792 4363 1032 4429 utrisque
1086 4361 1295 4425 deitica,
1337 4360 1589 4429 quoniam
1634 4367 1688 4412 et
1716 4360 1872 4413 unius

270 4469 395 4508 esse
427 4463 480 4506 et
511 4453 751 4521 ejusdem
801 4453 1034 4507 dicimus
1076 4452 1186 4505 Deo
1236 4450 1482 4505 decihilia
1512 4450 1788 4516 miracula,
1819 4459 1872 4504 et

1980 3436 2273 3511 Ἐπιφανοῦς
2302 3442 2541 3509 μυήσεως
2564 3454 2577 3468 ’
2606 3436 2969 3508 ’Λσυγχύτους
3001 3436 3317 3509 φυλάττομεν
3345 3438 3440 3495 τὰς
3476 3436 3573 3506 φύ-

1982 3553 2093 3593 σεις
2140 3537 2196 3586 ού
2250 3532 2589 3593 κατόύσίαν,
2631 3535 2805 3605 γνώμῃ
2854 3530 2907 3585 δέ
2963 3531 3299 3601 συνημμένος.
3355 3529 3438 3583 Διό
3489 3530 3573 3581 καί

1981 3631 2102 3697 μίαν
2139 3629 2302 3683 αὐτῶν
2338 3633 2429 3687 τήν
2468 3628 2661 3685 θέλησιν
2685 3668 2699 3692 ,
2741 3629 2988 3700 ἔνὲργειάν
3039 3647 3091 3680 τε
3132 3628 3215 3679 καί
3273 3623 3571 3680 δεσποτείαν

1925 3745 1929 3749 ·
1982 3716 2216 3793 ὁρίζομεν
2255 3719 2395 3781 ἀξίας
2434 3718 2652 3775 ἰσότητα
2691 3716 3027 3786 δεικνυμένας.
3064 3727 3117 3771 ‘0
3160 3719 3257 3792 γὰρ
3308 3718 3428 3773 Θεό.’
3469 3715 3570 3769 Λό-

1980 3831 2071 3882 γος
2110 3809 2398 3872 ἀναλαϐὼν,
2455 3806 2506 3863 όν
2557 3811 2843 3883 προώρισεν
2889 3805 3184 3881 ἄνθρωπον,
3238 3808 3368 3880 πρὸς
3421 3806 3574 3860 αὐτὸν

1981 3904 2037 3955 ού
2104 3899 2320 3973 διεκρίθη
2393 3899 2476 3957 διὰ
2549 3907 2639 3961 τήν
2715 3902 3131 3975 προγνωσθεῖσαν
3203 3901 3339 3971 αὐτῷ
3409 3897 3573 3957 διάθε-

1984 4016 2085 4051 σιν.

2055 4170 2327 4229 Θεοδοσίου
2392 4173 2645 4249 αίρετικοῦ
2701 4169 3058 4242 ’Δλεξανδρέως
3110 4173 3209 4227 ἀπὸ
3260 4179 3356 4228 τοῦ
3412 4172 3569 4243 τόμον

1930 4304 1933 4305 ν
1981 4271 2074 4320 τοῦ
2112 4265 2237 4340 παρ’
2258 4266 2413 4320 αὐτοῦ
2462 4265 2739 4337 γραφέντος
2785 4261 3023 4337 Θεοδὼρᾳ
3059 4272 3121 4336 τῇ
3167 4262 3572 4336 amem-31;

1980 4356 2154 4411 λοιπόν
2190 4360 2278 4410 καὶ
2316 4357 2563 4430 ἐνέργειαν
2602 4353 2727 4411 εἶναι
2765 4362 2855 4410 τοῦ
2895 4358 3273 4426 συναμφοτέρου
3313 4359 3567 4434 θεοπρεπῆ

1980 4452 2118 4519 μίαν,
2178 4452 2287 4503 ἐπεί
2333 4453 2415 4503 καί
2474 4450 2582 4509 ίνός
2642 4445 2767 4503 εἶναι
2815 4452 2902 4501 xvi
2949 4455 3041 4528 τοῦ
3106 4449 3264 4503 αὐτοῦ
3303 4470 3462 4520 φαμεν
3500 4451 3570 4505 τά

274 4548 552 4602 naturales
584 4560 794 4610 omnes,
841 4557 999 4615 atque
1044 4545 1543 4614 irreprehensibiles
1575 4545 1873 4613 passiones.

1981 4548 2232 4617 θεοπρεπῆ
2271 4544 2544 4612 θαύματα,
2594 4544 2680 4595 καί
2732 4542 2799 4595 τά
2845 4542 3036 4613 φυσικά
3086 4542 3254 4597 πάντα
3291 4546 3377 4596 καί
3422 4541 3571 4598 ἀδιά-

274 4643 339 4696 Ι·;ι
368 4649 489 4707 post
517 4654 682 4705 pauca
718 4654 734 4694 :
768 4640 827 4693 Et
859 4654 1017 4693 unam
1049 4650 1171 4693 esse
1216 4639 1569 4706 eamdemque
1592 4638 1748 4690 unius
1777 4638 1874 4690 Do-

1983 4638 2141 4694 6λητα
2189 4636 2347 4694 πάθη.
2407 4639 2492 4689 καὶ
2535 4635 2644 4703 μετ’
2667 4634 2842 4704 ὀλίγαο
2896 4637 2986 4688 Καὶ
3032 4637 3150 4704 μίαν
3189 4631 3314 4691 εἶναι
3351 4640 3446 4691 καὶ·
3479 4643 3572 4701 τήν

274 4738 402 4791 mini
440 4736 608 4789 nostri
643 4734 769 4791 Jesu
799 4734 1025 4796 Christi.
1053 4742 1106 4789 et
1131 4735 1239 4790 Deo
1268 4734 1482 4802 dignam
1533 4734 1874 4799 sapientiam,

273 4830 671 4897 ειοίι·ιιιί;ιιῐι‹ιυθ
725 4830 997 4894 omnium,
1058 4839 1109 4883 et
1166 4826 1523 4897 cognitionem
1579 4826 1873 4880 secundum

273 4926 589 4992 utrumque,
617 4923 668 4977 id
702 4931 807 4988 est,
837 4922 1128 4979 secundum
1160 4922 1276 4991 ejus
1317 4921 1678 4983 divinitatem,
1705 4928 1756 4974 et
1788 4934 1875 4974 se-

270 5017 510 5071 cundum
542 5016 655 5082 ejus
687 5015 1093 5080 humanitatem,
1125 5014 1250 5085 quia
1293 5023 1349 5068 et
1393 5028 1550 5067 unam
1603 5011 1875 5079 operatio—

275 5124 400 5162 nem
424 5110 751 5163 eunlilemur
782 5108 890 5163 Deo
920 5108 1157 5177 dignam,
1214 5107 1352 5161 sicut
1398 5103 1645 5169 superius
1670 5103 1873 5157 dictum

276 5210 383 5256 est.
424 5202 487 5254 lit
514 5202 707 5255 iterum
739 5218 751 5255 :
785 5200 896 5254 Deo
916 5200 1074 5269 digna
1105 5208 1282 5253 autem
1310 5198 1427 5266 ejus
1443 5196 1755 5264 operatione
1771 5208 1873 5249 una

274 5299 570 5362 existente,
606 5308 830 5351 necesse
857 5304 941 5350 est
972 5303 1027 5349 et
1067 5295 1419 5360 inseparatam
1449 5287 1537 5359 ιϐ.
1571 5289 1873 5355 impartibi-

279 5385 410 5459 Irin]
441 5404 557 5444 eam
593 5403 738 5453 esse,
767 5398 925 5455 atque
956 5386 1258 5439 indivisam.
1288 5382 1354 5435 Et
1383 5384 1575 5436 iterum
1602 5397 1616 5433 :
1650 5379 1871 5450 Propria

278 5482 381 5537 sibi
410 5483 632 5547 iaciens,
663 5496 785 5552 qua:
816 5479 933 5551 ejus
980 5485 1126 5541 sunt.
1161 5477 1212 5531 id
1258 5487 1360 5541 est,
1383 5491 1502 5545 quae
1528 5477 1704 5529 carnis
1725 5483 1869 5540 sunt,

281 5578 595 5646 ficiensque
619 5578 673 5628 in
703 5590 764 5628 ea
798 5574 1166 5645 {inserensque
1190 5569 1269 5642 ei]
1301 5584 1409 5623 suae
1437 5576 1640 5621 naturae
1684 5582 1872 5635 opera-

281 5669 509 5723 tionem.
537 5668 738 5722 Facere
770 5661 1052 5738 [inserere]
1088 5676 1217 5717 vero
1259 5665 1310 5715 in
1350 5675 1411 5717 ea
1440 5658 1562 5729 quid
1614 5670 1715 5722 est,
1767 5656 1869 5711 nisi

282 5764 597 5835 locupletari
626 5764 719 5834 per
742 5761 1033 5816 unitionem
1069 5756 1222 5813 Verbi
1248 5756 1364 5826 ejus
1408 5755 1521 5813 Deo
1558 5753 1712 5825 digna
1741 5766 1871 5826 ope-
1916 5802 1927 5817 ,

358 5866 383 5894 ⁸
408 5861 489 5917 Es
511 5858 722 5925 Graeco,
753 5856 840 5915 sed
870 5852 1105 5909 arbitrio.
1134 5848 1308 5909 Hann.

1936 4752 1939 4753 ν
1977 4731 2134 4788 αὐτὴν
2160 4734 2253 4783 τοῦ
2290 4728 2397 4788 ἐνὸς
2432 4729 2620 4803 Κυρίου
2664 4724 2831 4785 Ἰησοῦ
2866 4733 3090 4798 Χριστοῦ
3130 4734 3223 4783 τοῦ
3262 4736 3390 4786 Θεοῦ
3428 4732 3571 4802 ἡμῶν

1978 4824 2065 4879 καὶ
2119 4828 2209 4882 τήν
2264 4824 2519 4894 θεοπρεπῆ
2572 4824 2763 4894 σοφίαν,
2804 4824 2991 4895 γνῶσίν
3040 4843 3096 4877 τε
3150 4830 3248 4878 τῶν
3302 4823 3448 4890 ὅλων,
3488 4828 3573 4881 καί

1934 4938 1935 4941 η
1978 4912 2168 4972 εἴδησιν
2228 4918 2358 4971 κατά
2421 4918 2480 4970 τὸ
2527 4915 2936 4992 συναμφότερον,
3002 4918 3240 4973 τουτέστι
3303 4921 3437 4974 κατὰ
3479 4924 3573 4979 τὴν

1938 5032 1939 5035 π
1975 5007 2130 5061 αὐτοῦ
2176 5006 2405 5063 θεότητα.
2436 5008 2519 5059 καί
2558 5008 2689 5060 κοιτά
2718 5012 2807 5065 τήν
2846 5009 3005 5061 αὐτοῦ
3049 5007 3429 5084 ἀνθρωπότητα.
3458 5007 3572 5074 ίπεί

1932 5116 1937 5119 ‘
1976 5100 2062 5151 καὶ
2100 5098 2344 5171 ἐνέργειαν
2381 5099 2500 5169 μίαν
2540 5096 2877 5171 ὁμολογοῦμεν
2914 5100 3191 5177 θεοπρεπῆ.
3226 5104 3293 5161 ὡς
3318 5098 3413 5161 ἤδη
3438 5121 3571 5173 προ·

1975 5195 2220 5248 λέλεκται.
2263 5196 2365 5247 Καὶ
2405 5193 2585 5247 πάλιν·
2629 5202 2731 5254 Τῆς
2784 5197 3094 5270 θεοπρεποῦς
3147 5194 3394 5268 ἐνεργείας
3442 5200 3569 5265 μιᾶς

1936 5308 1943 5323 κ
1975 5284 2133 5346 οῦσης
2172 5282 2328 5340 αὐτοῦ
2350 5326 2364 5348 ,
2406 5287 2596 5357 ἀνάγκη
2645 5290 2732 5340 καί
2772 5289 3045 5363 ἀμέριστον
3092 5280 3215 5340 εἶναι
3252 5283 3441 5345 ταύτην
3478 5291 3571 5344 καὶ

1938 5374 2277 5451 -ἀδιαίρετον.
2320 5379 2405 5429 Καὶ
2458 5376 2641 5431 πάλιν*
2685 5379 3041 5446 Οἰκιιούμενος
3104 5377 3193 5445 μὲν
3250 5376 3317 5431 τά
3374 5377 3564 5443 αὐτῆς,

1974 5472 2215 5526 τουτέστι
2250 5472 2317 5525 τὰ
2362 5479 2455 5533 τῆς
2500 5473 2713 5545 σαρκός,
2752 5473 3041 5541 ἐμποιήσας
3081 5468 3135 5523 δὲ
3172 5473 3256 5524 καί
3298 5471 3429 5545 αὐτῇ
3469 5478 3568 5533 τῆς

1928 5586 1937 5601 ·-
1976 5562 2111 5625 ἰδίας
2160 5567 2361 5637 φύσεως
2386 5572 2476 5624 τήν
2504 5566 2770 5641 ἐνέργειαν.
2802 5566 2868 5617 τό
2918 5561 2974 5617 δὲ
3010 5581 3029 5614 ε
3059 5565 3341 5633 ἐμποιήσας
3384 5565 3511 5622 αὐτῆ
3535 5580 3560 5618 ι

1932 5676 1947 5684 ’
1973 5659 2097 5714 αὐτὸ
2143 5661 2202 5715 τό
2240 5659 2641 5714 καταπλουτίσαι
2678 5663 2743 5716 τῆ
2784 5656 2912 5730 πρός
2948 5656 3031 5711 τόν
3072 5658 3197 5712 Θεὸν
3240 5655 3397 5726 Λόγον
3440 5655 3565 5711 ἕνῶ-

1972 5771 2051 5809 σει
2097 5755 2186 5814 τὴν
2237 5752 2394 5810 αὐτοῦ
2457 5751 2714 5828 θεοπρεπῆ
2763 5748 3045 5824 ίνέργειαν.
3093 5751 3184 5809 τήν
3234 5745 3565 5821 ἁσυγχύτωσ
