4016 6354
425 250 584 328 ,ηδ-ι

1726 242 1785 297 S.
1831 240 2225 301 nuA‘I’HONIS
2264 244 2467 301 ΡΑΡΑΞ

3582 248 3712 307 i208

446 372 509 438 τῇ
574 364 733 417 αὐτοῦ
794 360 978 434 χάριτι
1040 359 1125 413 καί
1188 357 1392 429 βοηθείᾳ
1453 356 1553 408 ἀπὸ
1618 356 1787 413 πάσης
1848 353 2067 415 πλάνης,

2180 368 2247 407 ne
2275 356 2608 423 salvandam,
2633 356 2871 412 veritatis
2900 354 3181 412 formulam
3212 359 3521 426 apostolica:
3551 362 3716 415 tradi-

450 453 715 532 ἄχραντος
752 452 994 524 διαμένει.
1050 456 1155 509 Πᾶς
1186 449 1445 526 ὁάριθμὸς
1486 455 1585 502 τῶν
1631 446 1919 521 προέδρων,
1950 451 2035 502 καί

450 556 550 602 τῶν
596 548 785 619 ἱερέων,
826 551 911 599 τοῦ
945 537 1188 614 [τούτου]
1226 541 1431 616 κλήρου,
1474 543 1554 593 καί
1592 547 1692 594 τῶν
1740 541 1871 593 λαῶν
1917 539 2036 607 όμο·

450 635 673 707 θυμαδόν
715 639 845 711 πρός
881 637 937 691 τό
973 636 1266 707 εὐαρεστεῖν
1313 640 1384 702 τῷ
1433 640 1561 704 Θεῷ,
1608 635 1691 685 καί
1732 639 1821 689 τήν
1859 632 2038 701 ψυχὴν

449 730 700 787 σωθῆναι.
752 735 843 787 τῆς
902 726 1132 786 ἀληθείας
1193 725 1279 779 τόν
1349 726 1506 778 τύπον
1553 731 1641 782 τῆς
1697 723 2040 783 ἀποστολικῆς

453 816 789 892 παραδόσεως
840 816 944 885 ἅμα
988 818 1105 884 ἡμῖν
1152 814 1440 889 ὁμολογήσῃ
1487 817 1573 867 καί
1609 816 1819 887 κηρύξῃ.
1866 820 2041 869 Ταῦτα

454 907 508 963 δέ
557 918 618 982 τῇ
664 911 883 983 ἡμετέρᾳ
930 912 1113 983 μετρία
1166 910 1387 977 ἀναφορᾷ
1434 908 1640 961 ἐνθεῖναι
1682 909 2044 980 ἒφροντίσαμεν

457 1004 922 1069 καταπεπονημένοι
950 1041 963 1063 ,
1009 1004 1091 1056 καί
1152 999 1489 1059 ἀδιαλείπτως
1545 1002 1874 1061 στενάζοντες
1925 1002 2044 1068 περὶ

458 1103 551 1152 τῆς
609 1094 863 1151 τοσαύτης
926 1092 1119 1151 πλάνης
1184 1098 1284 1143 τῶν
1351 1098 1441 1147 τῆς
1498 1089 1790 1146 Ἐκκλησίας
1838 1089 2043 1161 ἱερέων,

457 1182 563 1239 ἴδια
600 1186 782 1256 μᾶλλον
822 1187 1107 1249 ζητούντων
1138 1188 1282 1257 ποιρά
1311 1188 1400 1241 την
1429 1184 1658 1241 ἀληθειαν
1699 1191 1790 1242 τῆς
1821 1188 2048 1241 πίστεως

460 1272 672 1345 ὁρίσαι,
726 1280 810 1329 καὶ
860 1285 952 1336 τῆς
1006 1274 1270 1346 ἀδελφικῆς
1326 1276 1659 1344 ύπομνησεως
1708 1276 1768 1329 τὸ
1822 1274 2051 1344 ἀκέραιον

459 1371 534 1427 εἷς
592 1371 779 1422 οἰκείαν
830 1370 1191 1443 καταφρόνησιν
1244 1372 1433 1425 ἀνήκειν
1490 1370 1771 1441 κρινόντων·
1833 1370 1889 1421 ού
1929 1368 2049 1439 φθο-

460 1467 627 1515 νοῦντι
674 1460 921 1530 λογισμῷ,
957 1461 1078 1519 ὡςό
1128 1463 1250 1519 Θεὸς
1302 1469 1573 1534 μαρτυρεῖ,
1615 1457 1731 1514 οὔτε
1775 1456 1883 1513 κατ’
1900 1458 2058 1533 ἔπαρι

459 1569 541 1603 σιν
586 1548 877 1611 ἀλαζονείας
904 1590 915 1609 ,
952 1547 1066 1604 οὔτε
1118 1558 1226 1603 κατ’
1244 1550 1530 1604 ἐναντίωσιν
1583 1549 1897 1620 φιλονεικίας,
1937 1546 2053 1602 οὔτε

464 1637 631 1709 μάτην
656 1640 977 1694 ἐπιλαϐέσθαι
1002 1649 1088 1697 τῆς
1115 1644 1279 1694 αὐτῶν
1308 1639 1639 1701 διδασκαλίας
1671 1641 2052 1709 ἐπιθυμοῦντες.

2144 446 2302 499 tionis
2334 447 2606 502 nobiscum
2633 448 2968 512 conﬁteatur,
2993 459 3047 502 et
3080 448 3349 516 praedicet.
3376 450 3501 505 Haec
3542 461 3717 507 autem

2140 545 2338 589 nostrae
2371 537 2680 591 humillima
2726 540 3048 607 suggestioni
3088 540 3357 596 innectere
3394 549 3718 611 curavimus,

2140 627 2322 681 al‘llicti
2347 637 2505 695 atque
2538 628 2925 685 incessabiliter
2984 632 3314 701 ingementes
3333 634 3402 689 de
3430 637 3594 689 tantis
3627 639 3726 692 Ec-

2142 717 2319 770 clesiae
2351 718 2687 773 sacerdotum
2714 722 3004 787 erroribus,
3056 725 3266 790 propria
3287 726 3453 794 magis
3482 741 3727 795 quaren-

2146 807 2295 868 tium,
2326 823 2485 876 quam
2520 810 2798 865 veritatem
2831 812 2951 866 ﬁdei
2999 820 3235 869 statuere
3275 825 3331 868 et
3349 817 3605 872 fraterna:
3632 822 3728 873 ad-

2145 898 2459 952 monitionis
2512 898 2874 954 sinceritatem
2916 901 2981 955 ad
3040 906 3309 971 praprium
3363 918 3727 977 contemptum

2147 989 2419 1053 pertinere
2440 990 2797 1056 censentium,
2829 1005 2932 1046 non
2982 992 3159 1047 invido
3202 996 3363 1065 (sicut
3413 998 3551 1053 Deus
3582 1003 3730 1053 testis

2146 1077 2250 1143 est)
2297 1079 2497 1143 animo,
2550 1094 2721 1149 neque
2771 1096 2864 1147 per
2915 1083 3197 1138 elationem
3230 1086 3521 1155 iactantiae,
3559 1105 3732 1157 neque

2151 1182 2243 1233 per
2265 1169 2620 1224 contentionis
2650 1170 3048 1241 adversitatem,
3075 1191 3247 1245 neque
3294 1177 3522 1234 inaniter
3544 1196 3731 1234 eorum

2149 1261 2450 1316 doctrinam
2486 1263 2758 1329 cupientes
2789 1265 3204 1333 reprehendere,
3250 1284 3421 1337 neque
3446 1273 3736 1337 quamlibet

2152 1360 2272 1428 quis
2319 1362 2620 1427 suspicetur
2670 1362 2915 1417 humanas
2958 1364 3325 1420 delectationis
3350 1364 3742 1437 arrogantiam;

2154 1451 2247 1505 sed
2281 1467 2373 1519 pro
2406 1452 2575 1521 ipsius
2607 1452 2865 1519 veritatis,
2912 1455 2965 1508 in
3022 1470 3123 1523 qua
3154 1456 3345 1509 salvari
3389 1472 3486 1510 nos
3513 1458 3738 1511 conﬁdi-

2156 1555 2294 1603 mus,
2344 1540 2686 1607 rectitudine,
2734 1552 2789 1597 et
2837 1557 2932 1611 pro
2986 1542 3155 1613 ipsius
3188 1560 3332 1614 purae
3363 1549 3741 1616 aevangelica)

2158 1633 2509 1688 confessionis
2562 1634 2768 1703 regula,
2826 1650 2920 1703 pro
2944 1637 3115 1703 salute
3143 1638 3387 1693 videlicet
3415 1642 3737 1704 animarum,

463 1736 591 1802 μήτε
637 1730 929 1787 οἱανδήποτε
985 1733 1289 1801 ὑποπτεύσῃ
1330 1753 1407 1791 τις
1458 1733 1769 1807 ἀνθρωπίνης
1830 1730 2058 1805 τέρψεως

2171 1739 2223 1776 ac
2251 1725 2555 1793 reipublica:
2576 1724 2895 1780 Christiana:
2916 1728 3224 1791 stabilitate,
3250 1744 3344 1798 pro
3364 1732 3621 1800 sospitate
3637 1732 3743 1786 Ro-

470 1825 775 1888 ἀλαζονείαν.
798 1824 902 1878 ἀλλ’
923 1826 1051 1900 ὑπὲρ
1079 1834 1169 1884 τῆς
1198 1820 1460 1899 ὀρθότητος
1491 1826 1648 1882 αὐτῆς
1678 1830 1769 1882 τῆς
1808 1822 2055 1883 ἀληθείας,

471 1914 519 1967 ἓν
549 1912 579 1989 ᾖ
608 1919 827 1973 σωθῆναι
858 1918 991 1983 ἡμᾶς
1020 1917 1323 1986 θαρῥοῡμεν,
1358 1919 1443 1968 καὶ
1472 1916 1604 1988 ύπέρ
1626 1920 1715 1969 τοῦ
1744 1914 1945 1973 κανόνος
1974 1913 2060 1965 αύ-

467 2012 561 2063 τῆς
586 2012 675 2063 τῆς
708 2005 927 2080 καθαρᾶς
952 2008 1036 2059 καί
1066 2006 1389 2077 εὺαχγελικῆς
1418 2004 1703 2076 ὁμολογίας,
1729 2005 1859 2079 ὑπὲρ
1890 2025 2058 2061 σωτη-

464 2094 583 2167 ρίας
623 2091 848 2152 δηλονότι
876 2102 975 2148 τῶν
1008 2094 1224 2165 ψυχῶν,
1252 2098 1337 2148 καί
1366 2102 1456 2153 τῆς
1487 2096 1789 2153 συστάσεως
1835 2100 1925 2153 τῆς
1955 2100 2055 2148 τῶν

464 2193 779 2256 Χριστιανῶν
805 2185 1079 2247 πολιτείας,
1114 2187 1245 2261 ύπέρ
1286 2187 1492 2255 ῥώσεως
1524 2193 1621 2239 τῶν
1653 2192 1744 2239 τοῦ
1777 2188 2053 2253 Ῥωμαίκοῦ

466 2276 690 2345 κράτους
731 2278 823 2335 τὰς
867 2276 1198 2349 κυϐερνήσεις
1248 2275 1566 2331 διοικούντων
1592 2316 1607 2340 ,
1664 2284 1755 2337 τῆς
1800 2278 1923 2346 ἐμῆς
1967 2297 2058 2347 με·

468 2367 734 2438 τριὸτητο;
781 2369 898 2428 τούς
934 2370 1382 2441 προηγησαμένους
1421 2368 1785 2427 ἀποστολικούς
1822 2368 2058 2438 ύπομνῆ-

472 2480 581 2524 σαι,
610 2464 885 2538 ἐρωτῆσαι,
926 2463 1246 2530 ἐπιτιμῆσαι.
1280 2457 1677 2535 παρακαλέσαι,
1716 2461 1934 2531 ἐλέγξαι,
1977 2464 2059 2514 καί

471 2553 642 2607 πάντα
668 2554 857 2624 τρόπον
886 2562 1187 2627 προτροπῆς
1224 2554 1563 2625 ἐγγυμνασαι,
1618 2549 1758 2610 ὅπως
1790 2553 2059 2624 θεραπείαν

477 2642 757 2706 δυνησηται
794 2647 851 2702 τό
880 2647 1057 2722 νεαρόν
1093 2654 1301 2723 τραῦμα
1357 2646 1541 2698 λαϐεῖν.
1600 2642 1729 2699 Οῧτε
1786 2647 1917 2716 μετά
1971 2649 2060 2703 τήν

469 2740 791 2797 παλαιότητα
841 2746 931 2800 τῆς
971 2738 1096 2811 [ιη
1130 2733 1579 2812 ἐπικρατησάσης]
1618 2735 1883 2795 δυσώδους
1928 2736 2052 2789 πλά-

470 2856 557 2895 νης
608 2833 711 2889 ἀπὸ
770 2842 861 2893 τῆς
919 2834 1259 2903 ὑπομνήσεως
1333 2833 1741 2891 ἀπεσιώπησαν,
1793 2828 1918 2881 ἀλλά
1978 2826 2064 2881 διά

471 2929 664 2984 παντὸς
712 2924 1039 2999 προέτρεῲαν
1102 2927 1183 2978 ναί
1239 2922 1640 2997 διεμαρτύραντο
1662 2962 1676 2987 ,
1712 2926 1794 2976 καί
1828 2926 1978 2977 τοῦτο
2014 2922 2063 2984 ἐξ

472 3014 677 3088 ἀγάπης
718 3012 982 3083 ἀδελφικῆς
1007 3055 1018 3077 ,
1056 3015 1111 3066 ού
1144 3016 1274 3067 κατὰ
1315 3015 1575 3087 πονηρίαν,
1616 3011 1643 3069 ἡ
1682 3014 1814 3064 κατά
1858 3018 2063 3081 πεῖσμα

474 3112 657 3177 μίσους
710 3106 979 3176 (ἀπέστω,
1035 3106 1246 3159 ἀπέστω
1303 3105 1405 3157 ἀπό
1458 3113 1548 3163 τῆς
1595 3111 1693 3156 τῶν
1750 3076 2135 3172 Χριστιανῶνο

474 3197 706 3274 καρδίας,
735 3199 816 3251 ἵνα
844 3201 883 3252 εῖ
891 3219 914 3258 ς
953 3194 1143 3251 ὄλισθον
1186 3198 1355 3272 ἐτέρου
1386 3194 1706 3267 [ἐπεμϐαίνη]
1735 3197 2059 3264 παχύνηται,

475 3289 666 3343 ὁπόταν
705 3289 729 3343 ό
777 3296 876 3343 τῶν
917 3290 1119 3343 πάντων
1174 3290 1348 3361 ιιύρεος
1405 3285 1654 3358 διδάσκτΓ
1717 3285 1787 3337 Ού
1821 3285 1943 3337 θελω
1978 3286 2064 3340 τόν

476 3382 687 3436 θάνατον
719 3387 809 3436 τοῦ
844 3380 1170 3453 ἀμαρτωλοῦ,
1208 3377 1412 3433 ἀλλ’ἵνα
1450 3380 1753 3452 ἱπιστραφῇ,
1794 3380 1877 3430 καί
1908 3380 2061 3448 ζησῃ’

478 3472 505 3527 ὁ
547 3482 744 3548 χαίρων
794 3476 874 3528 ἐπὶ
922 3474 989 3527 ἐνί
1025 3478 1377 3541 μετανοοῦντι,
1408 3470 1437 3528 ἦ
1470 3472 1554 3523 ἐπὶ
1588 3470 1904 3526 ἐννενήκοντα
1932 3470 2067 3523 ἐννέα

479 3562 709 3624 δικαίοις*
763 3560 810 3625 ὃς
859 3565 988 3636 πρός
1031 3564 1086 3617 τὸ
1136 3564 1467 3636 ἐλευθερῶσαι
1516 3563 1573 3615 τό
1628 3561 1890 3621 ἀπολωλὸς
1933 3561 2068 3636 πρό-

484 3658 633 3712 ϐατον
676 3665 767 3717 τῆς
818 3657 1001 3711 ἑαυτοῦ
1045 3655 1431 3727 μεγαλειότητος
1477 3659 1568 3711 τήν
1609 3651 1912 3707 δυναστείαν
1957 3655 2066 3708 ὲπιο

483 3748 653 3808 κλίνας
690 3749 738 3811 ἐξ
792 3749 1006 3822 ούρανοῦ
1051 3749 1122 3806 εἱς
1170 3753 1256 3804 την
1288 3756 1380 3819 γὴν
1417 3744 1779 3816 καταϐέϐηκε),
1832 3750 1914 3800 καί
1960 3747 2072 3810 ἑξη-

485 3840 771 3910 πλωμέναις
823 3849 940 3899 ταῖς
1005 3849 1367 3909 πνευματικαῖς
1427 3842 1612 3914 χερσίν
1661 3839 1949 3910 εὐχόμενοι,
1991 3840 2074 3894 καί

487 3930 850 3991 δυσωποῦντες
903 3935 1082 3990 αύτούς
1122 3935 1191 3993 εἰς
1240 3937 1329 3990 τήν
1384 3931 1686 4003 ὁμοψυχίαν
1737 3941 1828 3991 τῆς
1873 3928 2072 4005 όρθοδό-

489 4025 582 4085 ξου
640 4027 862 4083 πίστεως
900 4024 1385 4093 ἐπανακάμπτοντας
1441 4027 1809 4090 ἀσπάσασθαι,
1861 4029 1945 4080 καί
1985 4032 2075 4085 τήν

490 4112 691 4171 τούτων
734 4117 1034 4189 ἐπιστροφήν
1081 4117 1207 4190 πρὸς
1252 4122 1343 4175 τήν
1392 4117 1510 4189 ύγιῆ
1561 4118 1815 4193 ὀρθότητα
1858 4126 1947 4177 τῆς
1989 4118 2077 4192 ὀρ-

488 4208 694 4274 θοδόξου
739 4211 965 4268 πίστεως
1010 4210 1375 4280 ἀναμένοντες,
1425 4206 1565 4269 ὅπως
1611 4208 1712 4263 ἀπὸ
1760 4216 1852 4263 τοῦ
1902 4209 2080 4278 ἡμετὲ-

492 4324 586 4379 ρου
636 4301 914 4372 καταλόγου
959 4301 1071 4360 ἤτοι
1119 4305 1207 4356 τοῦ
1262 4302 1515 4375 μακαρίου
1573 4300 1761 4373 Πέτρου
1810 4304 1901 4353 τοῦ
1953 4300 2082 4352 ἀπο·

495 4394 681 4453 στόλου
707 4439 722 4464 ,
786 4390 999 4460 οὗτινος,
1041 4397 1081 4449 εί
1133 4396 1214 4447 καὶ
1251 4394 1463 4457 ἀνάξιοι,
1509 4397 1600 4450 τὴν
1646 4390 1897 4446 διακονίαν
1940 4392 2076 4447 ἔκτε-

494 4488 710 4558 λοῦμεν,
748 4489 831 4540 καί
872 4494 963 4547 τῆς
1013 4478 1349 4557 παραδόσεως
1395 4486 1480 4538 τόν
1529 4484 1686 4538 τύπον
1739 4484 2077 4557 κηρύσσομεν,

496 4585 565 4651 μὴ
630 4582 912 4636 ποιήσωσιν
971 4576 1187 4636 ἑαυτούς
1243 4576 1572 4647 ἀλλοτρίους,
1627 4573 1730 4629 ἀλλ’
1754 4574 2086 4645 ὁμονοητικῶς

498 4676 606 4747 ἅμα
662 4677 777 4745 ἡμῖν
832 4679 922 4732 τὴν
982 4676 1256 4745 ἀμώμητον
1319 4674 1498 4727 θυσίαν
1562 4674 1693 4746 ὑπὲρ
1746 4680 1837 4731 τῆς
1890 4670 2088 4726 συστά-

499 4785 633 4825 σεως
703 4771 794 4818 τοῦ
864 4760 1219 4837 ἀνδρειότατον
1289 4765 1372 4816 καί
1431 4762 1780 4831 γαληνοτὰτου
1867 4760 2089 4834 κράτους

501 4854 943 4933 [προσφέροντεςῖ
999 4857 1412 4914 ἀκαταπαύστως
1477 4854 1696 4926 Χριστόν
1768 4850 1854 4905 τόν
1916 4851 2092 4924 Κύριον

502 4940 863 5006 ἔκδυσωπῶσί.
912 4944 1238 5018 Πιστεύομεν,
1285 4944 1651 4999 εύλαϐέστατοι
1699 4950 1798 4997 τῶν
1846 4942 2090 5017 πραγμά-

504 5068 605 5100 των
656 5043 922 5111 δεσπόται,
954 5041 1198 5113 μηδεμίαν
1250 5042 1542 5115 ἀμφιϐολίας
1590 5041 1758 5111 ἀχλύν
1797 5042 2092 5109 ἀπομεῖναι,

505 5143 616 5201 ἥτις
660 5140 791 5214 πρὸς
846 5140 904 5193 τὸ
959 5135 1277 5211 διαχωρίσαι
1323 5136 1599 5195 δυνήσεται
1648 5138 1943 5193 ἀντιστῆναι
1987 5140 2096 5193 τοῖς

511 5236 771 5305 ἑπομένοις
818 5240 925 5293 τοῖς
986 5239 1269 5305 ἱφευρεταῑς
1315 5237 1404 5286 τοῦ
1467 5236 1633 5285 καινοῦ
1685 5227 1958 5302 δόγματος.
2008 5228 2099 5279 Καὶ

509 5326 609 5400 γὰρ
646 5327 677 5382 ἡ
721 5328 1029 5392 πνευματική
1096 5320 1282 5375 εὐωδία
1353 5330 1443 5380 τῆς
1514 5323 1786 5391 γνώσεως,
1840 5317 1949 5371 ὅθεν
1998 5323 2099 5371 τῶν

515 5417 611 5489 [ἣν
638 5414 770 5484 τῶν]
817 5417 1048 5488 Πατᾶρων
1093 5416 1330 5468 ἀναπνέει
1367 5416 1432 5469 τὰ
1474 5413 1706 5484 ῥήματα,
1754 5411 1960 5463 ἐνώπιον
2000 5416 2099 5464 τῶν

522 5508 784 5580 ὀφθαλμῶν
823 5510 1112 5575 καθέστηκε,
1142 5512 1225 5564 καί
1261 5515 1359 5563 τῶν
1392 5508 1650 5581 stips-rixam
1699 5508 1729 5564 ἡ
1765 5506 2101 5578 ἀπάνθρωπος

517 5595 750 5652 ὂυσωδία
795 5597 895 5653 ἀπό
945 5601 1162 5653 Πάντων.
1213 5605 1312 5653 τῶν
1372 5604 1568 5653 πιστῶν
1627 5593 1958 5660 ἐξουδενὼθη·
2016 5599 2102 5651 καί

596 5714 623 5745 ⁸
652 5709 710 5765 ln
735 5709 953 5800 Graeco:
970 5720 1019 5766 et
1040 5712 1358 5781 evangelicae.
1393 5710 1563 5765 Hann.

2110 4444 2166 4507 D

2167 1820 2307 1871 mani
2352 1819 2561 1888 imperii
2592 1820 2947 1888 gubernacula
2990 1822 3435 1890 diapensantium,
3464 1841 3599 1880 mea!
3643 1829 3742 1880 htt-

2161 1909 2405 1963 tnilitatis
2468 1910 2795 1978 apostolicos
2853 1912 3274 1981 praedecessores
3325 1921 3743 1987 commonuisse,

2164 2014 2405 2068 rogasse,
2435 2002 2760 2069 increpasse,
2793 2003 3127 2072 obsecrasse,
3157 2007 3418 2076 arguisse,
3456 2019 3510 2063 et
3529 2023 3745 2064 omnem

2158 2092 2376 2146 modum
2404 2092 2794 2149 exhortationis
2817 2098 3140 2162 exercuisse,
3191 2109 3451 2168 quatenus
3479 2102 3747 2157 medelam

2160 2186 2330 2254 possit
2357 2198 2543 2239 recens
2564 2186 2756 2241 vulnus
2784 2189 3048 2257 accipere.
3072 2190 3181 2245 Nec
3205 2203 3323 2259 post
3346 2192 3515 2248 iuoliti
3546 2196 3748 2250 erroris

2160 2275 2558 2330 diuturnitatem
2585 2292 2616 2329 a
2644 2280 3060 2337 commonitinne
3086 2283 3364 2347 siluerunt,
3400 2285 3494 2338 sed
3534 2301 3749 2357 semper

2162 2366 2359 2420 hortati
2406 2376 2535 2421 sunt
2558 2382 2620 2421 ac
2641 2374 2948 2435 contestati,
2972 2382 3026 2425 et
3075 2373 3177 2427 hoc
3207 2390 3271 2428 ex
3313 2375 3547 2431 fraterna
3569 2381 3750 2434 chari-

2164 2467 2290 2522 tate,
2314 2473 2415 2511 non
2437 2472 2531 2527 per
2550 2449 2809 2513 malitiam
2834 2460 2917 2516 vel
2941 2464 3285 2529 pertinaciam
3302 2466 3545 2521 odiosam
3565 2470 3752 2539 (absit,

2162 2550 2305 2605 absit
2330 2565 2357 2602 a
2382 2553 2546 2606 corde
2569 2550 2899 2619 Christiano,
2933 2563 2990 2607 ut
3030 2557 3088 2609 in
3127 2556 3345 2612 alterius
3376 2558 3585 2625 lapsum
3610 2577 3756 2632 gras-

2163 2652 2335 2703 setur,
2369 2655 2487 2695 cum
2521 2642 2777 2697 Dominus
2814 2645 3053 2698 omnium
3108 2645 3297 2701 doceat
3329 2667 3340 2702 :
3375 2646 3515 2703 Nolo
3543 2664 3756 2707 mortua

2163 2734 2466 2802 peccatoris,
2496 2736 2585 2789 sed
2626 2745 2681 2788 ut
2725 2745 3048 2791 convertatur
3076 2751 3122 2792 et
3149 2741 3530 2813 υἱυαι-(Εκοιι.
3558 2755 3712 2815 xvtn)
3738 2772 3753 2823 ;

2165 2826 2256 2893 qui
2303 2826 2497 2894 gaudet
2549 2842 2710 2897 super
2752 2843 2914 2882 unum
2965 2834 3309 2897 pmnitcntem
3369 2837 3537 2904 magis
3594 2854 3749 2906 quam

2170 2933 2331 2988 super
2360 2920 2648 2989 nonaginta
2696 2936 2885 2975 novem
2930 2922 3103 2990 justos
3152 2931 3172 2994 (
3202 2923 3326 2979 Luc.
3386 2929 3492 2998 xv)
3528 2946 3541 2981 :
3575 2931 3667 2999 qui
3695 2929 3757 2983 ad

2170 3010 2504 3066 liberandum
2528 3027 2683 3066 ovem
2714 3015 2995 3082 perditam,
3026 3029 3137 3071 sua:
3165 3019 3461 3086 maiestatis
3494 3023 3757 3077 inclinans

2169 3104 2488 3170 potentiam,
2518 3104 2585 3157 de
2615 3105 2769 3159 costis
2795 3107 2860 3159 ad
2913 3116 3083 3161 terras
3111 3108 3439 3178 descendit),
3465 3113 3562 3167 sed
3595 3122 3647 3166 et
3669 3128 3757 3167 ex-

2173 3192 2353 3263 pansis
2382 3194 2713 3263 spiritalibus
2738 3197 2878 3251 ulnis
2926 3207 3173 3265 Optatttcs
3228 3212 3386 3269 atque
3412 3204 3759 3259 exhortantes

2171 3301 2263 3340 eos
2314 3286 2366 3339 in
2416 3288 2729 3341 orthodoxe
2779 3288 2901 3343 ﬁdei
2938 3292 3289 3346 unanimitate
3316 3304 3758 3350 retneantesatac

2173 3380 2670 3449 pleCti,eorumqne
2696 3382 3100 3438 conversionem
3154 3384 3221 3439 ad
3278 3385 3537 3455 integram
3582 3392 3760 3442 ortho-

2173 3475 2326 3529 doxae
2358 3474 2478 3529 ﬁdei
2523 3475 2895 3531 rectitudincm
2946 3479 3317 3545 praestolantes
3348 3496 3362 3532 :
3389 3489 3657 3545 quatenus
3698 3484 3763 3535 de

2174 3576 2361 3623 nostro
2381 3570 2675 3634 consortio,
2704 3571 2811 3623 imo
2836 3571 2975 3625 beati
3011 3571 3152 3626 Petri
3185 3573 3434 3641 aposmli,
3462 3574 3619 3642 cujus
3646 3575 3764 3629 licet

2178 3658 2405 3729 indigni,
2434 3660 2733 3715 ministerio
2766 3660 3055 3730 fungimur,
3104 3673 3161 3718 et
3215 3665 3515 3719 traditionis
3563 3668 3763 3721 lormuo

2180 3750 2283 3804 lam
2317 3752 2667 3817 praedicamus
2693 3792 2708 3818 ,
2739 3755 2948 3821 seipsos
3003 3772 3105 3808 non
3155 3754 3390 3811 lacerent
3416 3757 3646 3825 alienos,
3676 3759 3767 3813 sed

2179 3846 2521 3901 concorditer
2544 3845 2820 3899 nobiscum
2847 3848 3237 3901 immaculatam
3272 3850 3500 3909 hostiam
3530 3866 3629 3918 pro
3649 3865 3755 3905 Sta-

2182 3939 2391 3994 bilitate
2414 3936 2688 3991 fortissimi
2721 3952 2781 3992 ac
2806 3938 3139 3993 serenissimi
3168 3940 3374 4008 imperii
3406 3942 3771 3997 indesinenter

2183 4031 2451 4086 Christum
2489 4030 2773 4084 Dominum
2802 4042 3046 4085 exorent.
3078 4032 3381 4097 Credimus,
3424 4034 3664 4101 piissime
3692 4047 3770 4088 re-

2187 4138 2307 4179 rum
2338 4124 2575 4188 domine,
2604 4122 2805 4175 nullam
2832 4124 3192 4193 ambiguitatis
3235 4124 3513 4193 caliginem
3564 4141 3772 4180 reman-

2188 4216 2346 4281 sisse,
2377 4228 2497 4283 quae
2524 4214 2589 4268 ad
2614 4213 3022 4268 discernendum
3074 4218 3240 4282 possit
3285 4216 3551 4271 obsistere
3595 4217 3661 4271 iis
3690 4220 3772 4284 qui

2188 4308 2359 4363 secuti
2386 4316 2509 4362 sunt
2536 4308 2656 4360 novi
2684 4307 2947 4376 dogmatis
2977 4308 3305 4364 inventores.
3339 4310 3468 4365 Nam
3517 4323 3570 4365 et
3596 4312 3767 4366 suavi-

2192 4409 2272 4453 tas
2293 4398 2550 4467 spiritalis
2578 4398 2968 4468 intelligentim,
2987 4416 3089 4470 qua
3113 4400 3322 4458 Patrum
3343 4403 3594 4457 redolent
3611 4406 3770 4470 dictu,

2188 4506 2372 4546 coram
2403 4491 2575 4546 oculis
2602 4492 2890 4545 constituta
2926 4509 2937 4545 :
2988 4504 3040 4546 et
3091 4493 3465 4548 hmreticorum
3498 4497 3773 4549 abomina-

2193 4584 2317 4639 bilis
2348 4582 2507 4647 l‘etor,
2530 4584 2598 4637 ab
2628 4583 2878 4639 omnibus
2910 4584 3155 4640 ﬁdelibus
3194 4588 3587 4655 aspernandus,
3624 4590 3771 4642 inno-

2194 4676 2317 4729 tuit.
2341 4674 2407 4728 Et
2432 4675 2555 4744 quia
2587 4677 2708 4728 novi
2733 4675 2995 4744 dogmatis
3034 4679 3358 4743 inventores,
3404 4680 3771 4735 haereticorum

2197 4778 2492 4823 sectatores
2522 4769 2724 4823 ostensi
2749 4778 2895 4834 sunt,
2945 4780 3001 4825 et
3044 4786 3152 4825 non
3206 4784 3511 4828 sanctorum
3568 4777 3772 4827 l’all'tlttl

2195 4861 2489 4932 pedisequi,
2522 4876 2623 4917 nec
2652 4864 2913 4917 remansit
2955 4864 3283 4935 incognitum
3334 4886 3346 4919 :
3400 4867 3560 4936 igitur
3614 4885 3775 4936 quau-

2202 4959 2528 5018 tuutcunque
2557 4964 2710 5003 suum
2745 4950 2986 5005 colorare
3008 4952 3134 5005 velit
3163 4954 3438 5021 quisquam
3464 4968 3727 5017 errorem,
3747 4968 3773 5005 a

2203 5044 2321 5098 luce
2352 5044 2590 5099 veritatis
2630 5047 2891 5113 arguitur,
2935 5045 3071 5098 sicut
3118 5054 3173 5099 et
3224 5046 3513 5114 Apostolus
3543 5047 3772 5114 gentium

2198 5136 2358 5189 docet
2390 5152 2403 5188 :
2438 5135 2600 5190 Omne
2649 5137 2786 5205 quod
2830 5137 3083 5190 revelatur
3108 5137 3275 5190 lumen
3326 5149 3398 5191 est
3430 5138 3649 5208 (Ep/tes.
3680 5140 3730 5207 ν)
3761 5158 3772 5190 :

2200 5227 2324 5297 quia
2374 5227 2570 5283 veritas
2595 5239 2848 5282 constans
2896 5246 3109 5297 semper
3145 5241 3198 5285 et
3243 5233 3430 5285 eadem
3487 5240 3773 5298 permanet,

2201 5333 2415 5389 semper
2441 5328 2617 5372 autem
2652 5319 2858 5375 falsitas
2886 5324 3146 5387 variatur,
3192 5331 3246 5376 et
3275 5322 3376 5374 sibi
3423 5323 3543 5389 ipsi,
3578 5324 3775 5376 varian-

2192 5392 2299 5475 ‘do,
2333 5412 2661 5478 approbatur
2683 5426 2745 5465 ac
2774 5413 3112 5479 redarguitur
3144 5428 3261 5466 esse
3277 5415 3568 5467 contraria.
3592 5415 3664 5467 Ex
3686 5415 3776 5466 hoc

2202 5500 2346 5555 enim
2371 5509 2426 5556 et
2457 5486 2558 5555 sibi
2583 5502 2711 5570 ipsis
2743 5503 2964 5558 adversa
2988 5504 3383 5563 docuisseinovi
3415 5504 3680 5571 dogmatis
3701 5505 3774 5557 in-

2203 5602 2453 5649 ventores
2478 5593 2678 5649 ostensi
2709 5604 2855 5663 sunt,
2881 5597 3002 5665 quia
3025 5596 3349 5669 evangelica:
3371 5608 3531 5667 atque
3558 5606 3769 5667 apOSto-
