4016 6354
206 315 345 377 1209

1657 309 2036 370 Εριδτοιμε.

3354 295 3493 359 illo

205 434 321 488 lica:
348 429 477 490 tidei
500 439 797 489 sectatores
822 446 945 488 esse
966 432 1644 503 noluerunt.Quapropter,
1664 431 1791 501 quia

1905 427 1983 485 ὅτι
2009 428 2053 484 oi
2088 434 2180 487 τοῦ
2211 424 2533 502 [ἕξουδενωθῇ
2562 425 2648 483 καί
2675 421 2843 484 ἐπειδὴ
2874 423 2921 479 oi
2959 418 3074 493 τοῦ]
3106 426 3280 479 καινοῦ
3307 417 3494 493 δόγμα-

203 540 256 584 et
286 532 490 583 veritas
507 530 705 583 claruit
727 530 836 583 Deo
860 529 1158 599 inspirante
1182 541 1373 584 vestrm
1398 530 1611 598 pietatis
1635 530 1796 584 obtu-

206 624 441 685 tibus,et
474 622 679 676 falsitas
704 623 1047 688 den0tata,et
1068 637 1169 692 qua
1200 622 1358 691 digna
1391 631 1493 685 est,
1513 620 1795 676 abomina-

204 720 408 770 tionem
439 724 751 778 consecuta,
782 724 949 769 restat
980 723 1035 767 ut
1072 730 1102 768 a
1154 715 1265 769 Deo
1312 724 1582 769 coronatae
1605 722 1800 768 vestrae

203 808 509 860 cli-mentire
541 808 640 875 piis
672 808 945 862 favoribus
976 807 1215 863 victorias
1240 822 1496 862 coronam
1548 806 1798 861 redimita

202 904 406 955 veritas
438 901 658 971 fulgeat,
694 912 748 955 et
770 903 1021 957 novitatis
1050 918 1203 958 error
1229 916 1350 957 cum
1382 903 1492 956 suis
1544 903 1803 957 invento-

202 993 376 1058 ribus,
403 1001 458 1045 et
489 990 553 1046 iis
581 993 671 1061 qui
702 1006 890 1047 eorum
923 993 1220 1048 doctrinam
1278 993 1445 1049 secuti
1495 1003 1643 1060 Sunt,
1676 1009 1803 1063 pro-

202 1081 336 1150 priae
388 1083 822 1150 praesumptionis
871 1098 1082 1150 pinnam
1127 1083 1404 1147 ‘exsolvat,
1450 1082 1596 1137 etde
1624 1083 1803 1138 medio

203 1174 638 1227 ortltodoxorum
661 1174 960 1229 antistitum
988 1190 1087 1244 pro
1107 1190 1217 1229 sua:
1267 1176 1519 1229 novitatis
1550 1174 1802 1229 haeretica

204 1270 474 1332 pravitate
505 1265 790 1334 pellantur,
822 1282 981 1335 quant
1012 1267 1151 1321 intra
1176 1281 1334 1321 unam
1358 1276 1595 1320 sanctam
1618 1266 1803 1320 catho-

202 1355 363 1410 licam
426 1370 586 1426 atque
624 1358 971 1426 apostolicam
1027 1358 1226 1412 Christi
1280 1357 1571 1411 Ecclesiam
1625 1354 1806 1411 conati

202 1458 331 1503 sunt
356 1448 725 1515 introducere,
748 1459 803 1505 et
826 1449 1155 1505 individuum
1184 1460 1343 1519 atque
1392 1449 1651 1503 illibatum
1683 1462 1804 1502 cor-

206 1554 305 1609 pus
334 1540 594 1596 Ecclesia:
621 1542 945 1611 contagione
1002 1542 1279 1609 pravitatis
1324 1540 1589 1596 htcreticre
1619 1553 1803 1594 macu-

201 1632 339 1687 lare.
400 1633 512 1689 Nec
570 1634 715 1689 enim
781 1648 994 1703 aequum
1059 1641 1143 1688 est
1209 1641 1267 1686 ut
1330 1641 1583 1687 nocentes
1645 1630 1803 1684 inno~

203 1727 458 1781 centibus
520 1736 789 1791 noceant,
845 1736 937 1782 aut
993 1726 1260 1780 immunes
1316 1725 1541 1779 aliorum
1608 1723 1803 1777 delicta

1898 544 1985 583 τος
2033 522 2294 597 ἐφευρεταί
2357 528 2460 575 τῶν
2518 519 2779 593 αίρετικῶν
2833 516 3091 572 ἀκόλουθοι
3143 512 3448 586 ἐδείχθησαν
3476 556 3490 578 ,

1899 617 1979 668 καί
2022 614 2078 666 ού
2130 618 2246 673 τοῖς
2311 611 2471 686 ἀγίοις
2523 612 2781 685 Πατράσιν
2839 606 3111 678 ἑπόμενοι,
3166 613 3291 679 μήτε
3335 613 3491 665 τοῦτο

1902 706 2166 777 ἀπέμεινεν
2208 701 2523 778 [ἀπομείνηῖ
2561 701 2845 777 ἄγνωστον·
2875 706 3145 775 τοιγαροῦν
3184 697 3497 759 όσονδήποτί

1900 821 1980 861 τις
2027 808 2117 860 τήν
2168 799 2296 855 ἰδίαν
2348 800 2537 858 πλάνην
2588 798 2788 857 θελήσει
2843 797 3199 871 χρωματίσαι,
3252 795 3353 848 ἀπὸ
3403 798 3495 847 τοῦ

1856 904 1863 909 “
1900 895 2065 966 φωτὸς
2092 902 2184 954 τῆς
2229 894 2459 955 ἀληθείας
2499 893 2791 965 ὶλίγχεται,
2824 891 2991 967 καθώς
3030 892 3116 943 καί
3142 888 3168 944 ὁ
3194 886 3499 945 ’Δπόστολος

1902 993 2005 1041 τῶν
2058 988 2206 1041 ἐθνῶν
2262 984 2510 1040 διδάσκει·
2552 1001 2570 1035 t
2597 990 2701 1038 ιιᾶν
2730 985 2829 1057 γάρ
2877 984 2937 1038 τό
2986 982 3345 1056 φανερούμενον
3398 984 3500 1049 φῶς

1904 1078 2047 1132 ἐστιν
2074 1091 2089 1108 '
2124 1095 2143 1129 ε
2179 1074 2351 1135 ἐπειδὴ
2404 1079 2436 1135 ἡ
2489 1076 2693 1134 ἀλήθεια
2746 1077 2826 1131 ἀεὶ
2876 1074 3101 1146 σταθερά
3156 1074 3245 1125 καί
3287 1072 3317 1129 ἡ
3367 1071 3499 1127 αὐτή

1905 1168 2163 1242 διαμένει,
2219 1172 2276 1225 τὸ
2320 1169 2374 1224 δὲ
2424 1168 2613 1242 ψεῦδος
2666 1171 2746 1224 ἀεὶ
2809 1167 3152 1229 ποικίλλεται,
3198 1169 3281 1219 καί
3332 1166 3382 1218 ἐν
3424 1170 3500 1234 τῷ

1904 1265 2246 1320 ποικίλλεσθαι
2278 1271 2602 1339 φανεροῦται,
2630 1267 2716 1319 καί
2765 1264 3083 1333 ἐξελέγχεται
3134 1260 3300 1328 ἐαυτῷ
3348 1263 3502 1313 τοῦτο

1906 1359 2126 1417 ἐναντίον
2172 1357 2316 1416 εἶναι.
2367 1370 2447 1415 Ἐκ
2491 1358 2673 1416 τούτου
2725 1361 2823 1436 γάρ
2874 1360 2961 1414 καί
3002 1357 3216 1415 ἑαυτούς
3265 1356 3331 1409 τά
3371 1354 3505 1407 ἐναν-

1906 1456 1992 1509 τία
2021 1452 2278 1509 διδάσκειν
2322 1452 2627 1524 ἐδείχθησαν
2653 1453 2700 1507 oi
2730 1449 2821 1506 τοῦ
2860 1456 3032 1506 καεντῡ
3068 1447 3323 1522 δόγματος
3367 1449 3507 1519 ἔφευ-

1907 1552 2073 1623 ρεταὶ,
2120 1546 2197 1604 ὅτι
2245 1556 2337 1608 τῆς
2388 1547 2708 1619 εύαγγελικῆς
2756 1546 2843 1599 καί
2895 1541 3235 1599 ἀποστολικῆς
3278 1540 3505 1600 πίστεως

1908 1642 2169 1695 ἀκόλουθοι
2214 1636 2339 1695 εἶναι
2387 1637 2480 1693 οὒκ
2527 1638 2792 1698 ἠθέλησαν.
2836 1635 2949 1689 Διὸν
2970 1630 3143 1691 ἐπειδή
3182 1634 3268 1685 καί
3303 1632 3334 1689 ἡ
3376 1630 3503 1688 ἀλή·

1908 1732 2017 1785 θεια
2064 1732 2215 1802 ἐφάνη
2377 1728 2638 1799 ἐπισκέψει
2684 1735 2776 1789 τῆς
2820 1726 3173 1782 Θιοπνεύστου
3225 1722 3367 1793 ὑμῶν
3419 1717 3504 1774 εὖ·

203 1820 511 1887 percellant
552 1837 564 1872 :
608 1834 731 1873 cum
776 1818 877 1873 etsi
935 1819 988 1872 itt
1036 1818 1137 1873 hoc
1183 1816 1383 1871 saeculo
1436 1815 1805 1871 condemnatis

1913 1823 2141 1888 σεϐείας,
2190 1825 2271 1877 καί
2311 1823 2368 1878 τό
2408 1822 2596 1882 σιμνότος
2640 1816 3019 1887 ἀπεσημειὼθη,
3062 1817 3143 1869 καί
3194 1811 3253 1873 ἧς
3296 1812 3501 1879 ἠξιώθη,

205 1923 485 1979 parcatur,
554 1910 694 1965 sicut
758 1910 858 1977 ipsi
926 1909 1122 1977 quibus
1182 1908 1438 1977 parcitur,
1498 1908 1701 1963 nullum
1749 1908 1802 1961 in

205 2000 534 2071 Deijudicio
561 2002 804 2057 sentiunt
835 2002 1105 2069 parcendo
1166 2002 1505 2065 beneﬁcium,
1558 2002 1629 2055 ita
1686 2015 1807 2070 par-

203 2094 453 2150 centiiius
522 2109 628 2148 non
686 2095 969 2171 minimum
1037 2095 1288 2163 ingerunt
1350 2091 1655 2166 [ingeritur]
1708 2106 1806 2161 pro

206 2188 401 2242 illicita
451 2189 831 2257 compassione
886 2189 1211 2257 periculum.
1266 2188 1389 2243 Haec
1445 2197 1626 2244 autem
1684 2187 1806 2243 ideo

210 2279 384 2334 Deum
440 2281 867 2348 omnipotentem
927 2280 1176 2337 felicibus
1230 2290 1424 2336 vestra
1493 2287 1804 2334 mansuetus

204 2372 350 2426 dinis
408 2372 475 2426 ad
530 2372 926 2427 emendandum
985 2373 1257 2428 credimus
1311 2385 1615 2428 reservasse
1671 2380 1805 2426 tent-

208 2462 455 2531 poribus,
489 2465 768 2519 utiocum
822 2473 877 2520 et
925 2465 1100 2521 zelum
1152 2465 1318 2533 ipsius
1373 2464 1581 2518 Domini
1638 2463 1803 2517 nostri

206 2557 339 2614 Jesu
369 2556 597 2621 Christi,
630 2558 720 2626 qui
747 2568 984 2613 vestrum
1012 2557 1298 2626 imperium
1330 2570 1590 2611 coronare
1615 2556 1804 2624 digna-

207 2659 296 2707 tus
324 2660 432 2715 est,
458 2649 715 2705 facientes
756 2650 812 2705 in
840 2651 1000 2705 terris
1026 2692 1041 2714 ,
1090 2665 1186 2719 pro
1222 2650 1342 2717 ejus
1372 2649 1677 2717 evangelica
1724 2658 1805 2701 at-

204 2759 312 2813 que
341 2744 635 2812 apostolica
664 2743 888 2798 veritate
933 2743 1137 2810 justum
1176 2740 1434 2811 judicium
1480 2740 1801 2808 proferatis:

206 2836 335 2905 quia
363 2835 492 2889 dum
526 2834 744 2890 humani
787 2835 999 2905 generis
1043 2836 1353 2902 redemptor
1384 2841 1545 2902 atque
1574 2832 1806 2888 salvator

207 2927 561 2997 sitinjuriam
596 2942 805 2997 passus,
835 2942 977 2981 nunc
1005 2942 1175 2994 usque
1203 2926 1482 2989 sustinuit,
1508 2934 1806 2992 vestrasque

206 3020 543 3078 fortitudinis
589 3020 845 3089 aspiravit
875 3020 1099 3089 imperio
1126 3061 1140 3081 ,
1192 3030 1247 3072 ttt
1293 3018 1410 3088 ejus
1439 3017 1559 3073 lidei
1588 3030 1803 3071 causam

209 3116 379 3187 (sicut
422 3116 647 3185 :equitas
688 3114 881 3186 exigit,
913 3122 968 3169 et
993 3124 1300 3169 sanctorum
1333 3111 1584 3175 Patrum,
1615 3125 1808 3166 sacra-

1909 1914 2242 1972 ἀποϐλήσεως
2304 1910 2534 1982 ἔτυχεν,
2582 1909 2981 1971 ύπολῖλειπται,
3038 1906 3125 1959 ἶνα
3183 1911 3294 1965 ταῖς
3360 1904 3506 1973 εὐμε-

1907 2007 2064 2064 νείαις
2111 2012 2205 2064 τῆς
2241 2005 2562 2058 Θεοστίπτιυ
2615 2002 2757 2071 ὑμῶν
2811 1999 3181 2071 φιλανθρωπίας
3224 2005 3318 2058 τῆς
3364 1997 3505 2056 νίκης

1906 2098 1994 2151 τὸν
2033 2097 2274 2168 στέφανον
2322 2097 2354 2152 ἡ
2391 2095 2589 2152 ἀλήθεια
2625 2089 2977 2163 ἀναδησαμένη
3018 2088 3273 2160 ἐκλάμψῃ,
3298 2091 3383 2142 καὶ
3412 2094 3504 2148 τῆς

1908 2192 2201 2253 καινότητος
2236 2194 2268 2250 ἡ
2325 2192 2485 2251 πλάνη
2538 2192 2667 2261 μετὰ
2712 2197 2813 2244 τῶν
2871 2189 3029 2247 αὐτῆς
3076 2193 3373 2263 ὶφευρετῶν.
3418 2186 3506 2239 καί

1907 2292 2008 2339 τῶν
2143 2283 2441 2358 διδασκαλίᾳ
2500 2284 2665 2338 αὐτῶν
2712 2276 3117 2336 ἀκολουθούντων
3166 2286 3259 2338 τῆς
3314 2278 3505 2339 οἰκείας

1906 2377 2095 2446 τόλμης
2142 2383 2233 2436 τήν
2300 2381 2474 2435 ποινὴν
2535 2375 2786 2447 ἀποτίσῃ’
2830 2374 2915 2426 καί
2964 2373 3017 2425 ἐκ
3056 2378 3149 2425 τοῦ
3206 2371 3367 2440 μέσον
3405 2376 3506 2425 τῶν

1910 2468 2183 2543 ὀρθοδόξων
2228 2467 2490 2543 προέδρων
2538 2467 2673 2542 ύπὶρ
2716 2474 2809 2526 τῆς
2860 2463 3154 2524 καινότητος
3197 2470 3290 2522 τῆς
3333 2463 3503 2516 αὐτῶν

1906 2561 2158 2636 αίρετικῆς
2211 2560 2517 2629 φαυλότητος
2583 2557 2911 2621 ίξωσθῶσιν⁶
2980 2555 3040 2613 ἢν
3094 2555 3149 2629 ἐν,
3200 2555 3347 2626 μέσῳ
3416 2561 3509 2613 τῆς

1907 2655 2056 2727 ἁγίας
2094 2655 2354 2715 καθολικῆς
2398 2655 2482 2708 καί
2521 2651 2872 2710 ἀποστολικῆς
2911 2655 3004 2705 τοῦ
3034 2654 3261 2721 Χριστοῦ
3298 2647 3507 2705 Ἐκκλη-

1906 2752 2027 2809 σὶας
2081 2748 2434 2822 ἐπεχείρησαν
2492 2745 2815 2815 εἰσαγαγεῖν,
2851 2743 2935 2797 καὶ
2982 2741 3041 2794 τὸ
3089 2737 3374 2815 ἀδιαίρετον
3423 2739 3505 2792 καί

1908 2837 2171 2912 ἄχραντον
2226 2844 2378 2907 σῶμα
2434 2843 2527 2895 τῆς
2595 2833 2897 2892 Ἐκκλησίας
2965 2836 3057 2887 τοῦ
3134 2834 3359 2905 Χριστοῦ
3426 2835 3503 2897 τῷ

1907 2933 2153 3005 μολυσμῷ
2210 2939 2302 2991 τῆς
2363 2929 2624 3005 αίρετικῆς
2679 2924 2985 2998 φαυλότητος
3034 2921 3317 2977 σπιλῶσαι.
3377 2916 3504 2973 Ούδί

1907 3028 2008 3099 γὰρ
2057 3022 2260 3095 εὔλογόν
2304 3024 2473 3085 ἐστιν,
2510 3020 2596 3075 ἵνα
2645 3019 2690 3075 οἱ
2722 3018 2993 3074 ύπεύθυνοι
3041 3018 3166 3078 τούς
3202 3015 3506 3075 ἀνευθύνους

1910 3116 2209 3189 etaiam,
2250 3114 2280 3174 ἣ
2318 3116 2441 3175 τοὺς
2487 3115 2748 3173 ἀναιτίους
2797 3115 2900 3168 ἶιτιῖι3⁴ίρ
2951 3107 3111 3167 ἄλλων
3156 3110 3227 3167 τά
3270 3109 3504 3179 πλημμε-

209 3184 445 3278 rumque
469 3184 801 3279 generalium
835 3208 1071 3277 quinque
1099 3205 1425 3275 synodorum
1456 3203 1695 3258 decrevit
1726 3202 1805 3256 in-

1909 3209 2114 3280 λήματα
2190 3206 2555 3264 καταλάϐωσιν
2589 3221 2603 3239 ·
2693 3204 2884 3261 ὁπόταν
2948 3200 3040 3278 κᾷν
3102 3205 3147 3258 εί
3215 3202 3266 3259 ἕν
3334 3203 3505 3272 τούτῳ

208 3304 467 3375 structio)
495 3301 714 3369 esseuui
739 3300 1065 3372 dignemini,
1100 3308 1155 3354 et
1182 3298 1535 3367 redemptoris
1563 3311 1626 3350 ac
1652 3310 1807 3350 core-

206 3398 457 3467 grtatoris
505 3394 757 3465 injuriam
808 3393 876 3447 de
924 3407 1037 3446 sua:
1073 3390 1195 3446 fidei
1223 3389 1681 3457 contemptoribus
1712 3403 1807 3456 per

206 3492 330 3559 eius
357 3488 665 3559 prasidium
695 3486 1025 3542 ulciscamini
1049 3526 1064 3549 ,
1103 3482 1474 3553 propheticum
1518 3481 1644 3535 illud
1677 3479 1806 3534 vati-

205 3585 418 3638 cinium
448 3597 569 3636 cum
599 3578 863 3646 imperiali
893 3575 1179 3633 clementia
1210 3572 1617 3643 magnanimiler
1635 3571 1803 3626 adim-

208 3679 447 3747 plentes,
475 3690 582 3744 quo
627 3689 722 3728 rex
760 3683 817 3728 et
859 3670 1121 3740 propheta
1150 3668 1312 3723 David
1343 3667 1407 3722 ad
1437 3667 1605 3722 Deum
1637 3666 1806 3733 loqui-

210 3780 338 3824 tur:
368 3768 525 3837 Zelus
564 3768 745 3822 domus
777 3774 896 3827 iure.
942 3764 1206 3832 inquiens,
1256 3761 1471 3816 comedit
1511 3775 1593 3813 me
1630 3756 1803 3827 (Ρεαι.

209 3858 426 3928 mni).
492 3858 642 3912 Unde
690 3872 785 3922 pro
824 3855 911 3909 tali
946 3854 1057 3909 Deo
1083 3852 1281 3923 placito
1307 3854 1423 3906 zelo
1450 3850 1802 3914 collaudatus,

210 3952 363 4008 illam
400 3950 609 4005 beatam
652 3963 836 4003 vocem
864 3945 1053 4001 audire
1090 3961 1118 3998 a
1148 3943 1401 4001 Creatore
1427 3942 1666 3999 omnium
1693 3956 1800 3997 tne-

212 4044 358 4099 ruit:
392 4040 573 4097 Inueni
601 4040 767 4097 Dauid
814 4040 981 4095 virum
1029 4038 1309 4093 secundum
1346 4051 1436 4091 cor
1485 4052 1689 4101 meum,
1717 4036 1805 4105 qui

213 4137 371 4207 [acini
420 4150 595 4190 omnes
641 4134 926 4188 voluntates
968 4148 1104 4187 meas
1145 4132 1291 4202 (Act.
1326 4129 1475 4199 xm).
1516 4128 1611 4185 Cui
1649 4138 1704 4185 et
1751 4132 1803 4184 itt

215 4226 444 4283 Psalmis
474 4227 756 4296 pollicetur
781 4244 793 4281 :
833 4226 1011 4280 ltweui
1044 4225 1207 4279 David
1229 4239 1432 4278 servam
1460 4240 1625 4277 meum
1646 4264 1660 4285 ,
1694 4222 1805 4278 oleo

211 4327 394 4375 sancto
418 4334 531 4373 meo
556 4318 683 4372 trusi
719 4334 836 4373 eum
874 4333 892 4371 :
922 4332 1101 4371 manus
1138 4316 1275 4369 enim
1316 4332 1429 4370 mea
1470 4315 1805 4369 auxiliabitur

211 4413 283 4478 ei,
302 4422 353 4467 ει
368 4413 634 4466 brachium
661 4427 828 4464 meum
850 4410 1157 4480 confortabit
1178 4426 1293 4463 eum
1317 4408 1488 4479 (Ρεοι.
1519 4409 1803 4479 uxxvnt),

217 4516 276 4559 ut
299 4504 456 4575 cujus
499 4518 719 4560 causam
748 4501 1101 4572 contiagranti
1144 4501 1323 4557 studio
1362 4500 1605 4556 elaborat
1644 4500 1859 4575 ϐίην-’ξ

1908 3310 1985 3374 τῷ
2016 3303 2196 3372 κόσμῳ
2226 3308 2336 3360 τοῖς
2365 3299 2809 3373 κατακεκριμένοις
2828 3296 3187 3371 συγχωρηθῇ,
3218 3296 3381 3355 καθὼς
3406 3296 3500 3350 αύι

1908 3398 1984 3451 τοί
2012 3395 2057 3449 οἱ
2087 3391 2512 3468 συγχωρούμενοι
2542 3390 2781 3461 οὐδεμιᾶς
2824 3391 3120 3466 εὐεργεσίας
3172 3388 3491 3444 αἰσθάνονται

1908 3479 2314 3555 [αἰσθάνοντας]
2346 3484 2396 3536 ἕν
2420 3489 2484 3555 τῇ
2530 3482 2691 3556 κρίσει
2732 3486 2826 3536 τοῦ
2874 3485 3033 3541 Θεοῦ,
3067 3476 3203 3533 οὕτω
3254 3483 3365 3537 τοῖς
3401 3494 3506 3548 φει-

1907 3574 2135 3645 δομένοις
2163 3576 2250 3633 ούκ
2291 3573 2566 3646 ἐλάχιστος
2628 3574 2762 3648 ύπίρ
2797 3580 2892 3635 τῆς
2933 3566 3503 3647 ἀναρμοδίονσυμπαο

1907 3672 2048 3731 θείας
2082 3668 2105 3722 ό
2142 3666 2368 3728 κίνδυνος
2410 3663 2803 3743 ἕπισωρεύεται.
2862 3670 3041 3721 Ταῦτα
3078 3662 3164 3718 διά
3210 3668 3391 3720 τοῦτον
3423 3663 3507 3717 τόν

1908 3761 2291 3833 παντοδύναμον
2340 3763 2462 3819 Θεὸν
2499 3769 2605 3821 τοῖς
2643 3761 2893 3831 ίσχάτοις
2923 3766 2949 3796 ⁸
2980 3759 3191 3835 χρόνοις
3226 3765 3317 3818 τῆς
3365 3756 3508 3828 ὑμῶν

1908 3853 2220 3928 ἡμερότητος
2261 3857 2335 3914 εἰς
2379 3856 2438 3908 τὸ
2472 3851 2852 3926 διορθώσασθαι
2900 3851 3215 3921 πιστεύομεν
3266 3849 3502 3923 φυλάξαι.

1906 3946 1987 4000 ἵνα
2022 3948 2111 3999 καί
2154 3946 2239 3999 τὸν
2285 3944 2477 4008 τόπον,
2515 3946 2603 3998 καί
2658 3943 2741 3998 τὸν
2804 3941 2947 4004 ζῆλον
2996 3941 3151 3997 αὐτοῦ
3190 3946 3277 3997 τοῦ
3318 3940 3502 4012 κυρίου

1908 4038 2049 4108 ἡμῶν
2074 4029 2243 4094 ἰησοῦ
2279 4040 2510 4111 Χριστοῦ
2539 4041 2632 4091 τοῦ
2662 4034 2723 4089 τὸ
2751 4033 3000 4107 ύμέτερον
3030 4034 3214 4109 κράτος
3256 4033 3508 4096 καταξιώ-

1906 4140 2094 4191 σαντος
2118 4129 2341 4201 στέψαι,
2369 4136 2631 4191 ποιοῦντες
2662 4128 2746 4183 ἐπὶ
2773 4136 2867 4199 γῆς
2890 4128 3023 4201 ὑπὲρ
3053 4134 3145 4187 τῆς
3174 4128 3331 4183 αὐτοῦ
3361 4127 3508 4197 εὐαγο

1906 4225 2103 4298 γελικῆς
2131 4227 2219 4279 καί
2249 4222 2590 4282 ἀποστολικῆς
2624 4221 2855 4281 ἀληθείας
2884 4218 3084 4277 δικαίαν
3137 4222 3304 4295 κρίσιν
3347 4238 3507 4293 προαο

1906 4316 2098 4390 γάγητε
2116 4332 2131 4347 '
2163 4314 2308 4377 ὅστις
2338 4321 2429 4370 τοῦ
2457 4316 2770 4387 ἀνθρωπίνου
2797 4315 2975 4386 γένους
3001 4312 3265 4385 λυτρωτης
3291 4311 3377 4365 καί
3402 4331 3505 4363 σω-

1906 4412 2004 4479 τηρ
2029 4408 2292 4482 ὑπάρχων
2311 4448 2322 4463 .
2355 4409 2519 4479 μέχρι
2548 4413 2637 4466 τῆς
2663 4409 2887 4477 σήμερον
2915 4403 3245 4475 ὑϐριζόμενος
3282 4403 3503 4470 ἠνέσχε-

1908 4520 1998 4561 το.
2030 4502 2210 4571 καὶτῷ
2239 4500 2412 4570 κράτει
2443 4506 2531 4556 τῆς
2572 4498 2824 4572 ύμετίρας
2859 4491 3209 4568 ἀνδρειότητος
3266 4494 3499 4547 ἐνέπνευ-

212 4599 404 4655 stiante
427 4597 725 4651 clementia;
747 4607 935 4649 vestrae
961 4593 1228 4660 piissimus
1252 4594 1577 4661 principatus
1588 4591 1804 4645 efticere

1910 4611 2030 4655 σεν,
2056 4592 2135 4643 ἵνα
2164 4596 2257 4647 τῆς
2284 4591 2438 4643 αὑτοῦ
2469 4588 2696 4648 πίστεως
2744 4586 2803 4641 τὸ
2847 4590 3083 4657 πρᾶγμα,
3120 4586 3282 4646 καθώς
3314 4585 3374 4640 τό
3422 4585 3499 4641 δί-

214 4687 670 4747 remunerationis
692 4686 881 4755 gratia,
910 4700 1100 4739 omnes
1124 4695 1275 4738 actus
1305 4682 1585 4737 fortissimi
1613 4696 1801 4735 eorum

214 4782 431 4851 imperii
464 4779 666 4843 felices,
692 4788 746 4833 et
769 4791 1056 4847 prosperos
1082 4775 1268 4842 faciat,
1303 4776 1391 4844 qui
1415 4775 1467 4828 in
1496 4774 1606 4829 suis
1637 4774 1805 4828 sacris

217 4872 527 4942 Evangeliis
576 4870 904 4938 repromittit
953 4868 1199 4937 inquiens
1243 4882 1259 4921 :
1303 4866 1529 4933 Quwrite
1578 4866 1821 4932 primum,

214 4979 433 5035 regnum
463 4960 583 5027 Dei,
612 4970 662 5017 et
701 4961 811 5015 haec
833 4962 1009 5015 omnia
1049 4958 1362 5028 adjiciantur
1405 4957 1544 5011 vobis
1578 4954 1797 5025 (Matth.

219 5061 316 5129 vt).
343 5060 547 5112 Omnes
571 5056 740 5123 enim,
769 5056 835 5110 ad
867 5069 999 5121 quos
1026 5066 1300 5109 sacrorum
1324 5051 1535 5119 apicum
1560 5051 1806 5120 pervenit

216 5150 431 5219 notitia,
478 5159 532 5204 et
574 5148 695 5221 quia
734 5148 811 5203 sic
854 5146 1155 5214 bettigniter
1180 5154 1418 5214 augusta:
1450 5142 1808 5212 magnanimi-

216 5246 346 5300 tatis
368 5252 560 5299 vestrat
610 5240 1034 5297 mansuetudinis
1078 5248 1161 5294 est
1197 5239 1595 5293 demonstratns
1626 5236 1836 5291 inten-.

216 5347 307 5392 tus
334 5380 351 5405 ,
398 5336 706 5391 innumeras
752 5334 1043 5403 gratiarum
1089 5332 1327 5385 aetiones
1367 5340 1421 5384 et
1460 5330 1806 5385 incessabiles

215 5431 446 5495 laudes,
493 5429 738 5483 admirati
786 5426 853 5482 de
901 5436 1045 5479 tanta
1080 5425 1380 5489 clementia:
1411 5422 1799 5492 magnitudine,

215 5522 559 5597 propagatori
604 5521 767 5576 vestri
811 5519 1083 5577 fortissimi
1133 5518 1342 5586 imperii
1392 5518 1805 5586 persolverunt:

215 5620 341 5688 quia
393 5627 558 5681 vero,
608 5621 670 5669 ut
698 5613 916 5682 piissimi
958 5624 1015 5666 et
1036 5610 1327 5681 aequissimi
1363 5611 1656 5682 principes,
1684 5623 1804 5677 quae

218 5715 317 5771 Dei
361 5719 529 5780 sunt,
576 5723 700 5767 cum
744 5707 839 5765 Dei
887 5709 1081 5765 timore
1126 5708 1325 5778 dignati
1364 5707 1494 5765 estis
1526 5719 1804 5778 peragere,

1912 4704 2054 4737 καιον
2076 4684 2286 4735 ἀπαιτεῖ
2300 4719 2316 4745 ,
2365 4683 2448 4734 καί
2492 4686 2591 4735 τῶν
2619 4680 2773 4750 ἁγίων
2799 4678 3033 4750 Πατὲρων
3084 4680 3168 4732 καί
3205 4685 3304 4732 τῶν
3356 4680 3502 4755 ἱερῶν

1906 4777 2260 4843 οἰκουμενικῶν
2307 4774 2456 4827 πέντε
2521 4768 2748 4825 συνόδων
2800 4768 3080 4842 ἐψηφίσατο
3117 4773 3148 4829 η
3196 4768 3503 4828 διδασκαλία

1908 4868 2256 4933 καταξιώσητε
2302 4864 2576 4929 ἐπεξελθεῖν
2600 4861 3062 4934 [ἐξακολουθῆναιΙ.
3082 4867 3280 4921 καὶτοῦ
3310 4868 3503 4938 λυτρω-

1908 4968 2001 5017 τοῦ
2025 4964 2110 5016 καί
2131 4959 2489 5031 συμϐασιλίως
2515 4961 2605 5015 τὴν
2621 4960 2741 5029 περί
2770 4965 2861 5019 τῆς
2885 4960 3109 5035 πίστεως
3136 4960 3288 5013 αύτοῦ
3320 4959 3497 5032 ὕϐριν,

1907 5050 1993 5107 διά
2038 5059 2132 5111 τῆς
2172 5053 2325 5107 αὐτοῦ
2375 5051 2705 5126 προστασίας
2736 5050 2837 5104 ἀπὸ
2865 5056 2966 5105 τῶν
3010 5051 3498 5123 καταφρονησάντων

1904 5142 2237 5207 ἐκδικήσητι,
2267 5145 2327 5198 τὸ
2375 5142 2680 5217 προφητικὸν
2725 5142 2879 5196 ἐκεῖνο
2927 5141 3091 5214 λόγιον
3137 5143 3265 5210 μετά
3304 5142 3497 5213 βασιλι»

1907 5247 2000 5301 κῆς
2041 5238 2409 5313 φιλανθρωπίας
2456 5235 2840 5308 μεγαλοψύχως
2890 5238 3317 5309 ἀναπληροῦντες,
3390 5236 3500 5291 ὅθεν

1910 5331 2016 5404 [ἷσ.
2036 5373 2052 5398 ,
2084 5328 2248 5407 ὅπερ]
2274 5335 2299 5384 ὁ
2327 5330 2571 5403 βασιλεύς
2600 5332 2682 5383 καί
2726 5333 2987 5406 προφήτης
3031 5326 3185 5382 Δαϐὶδ
3236 5330 3364 5403 πρὸς
3409 5332 3497 5385 τόν

1909 5427 2033 5481 Θεὸν
2062 5425 2342 5497 φθέγγεται.
2382 5440 2400 5473 t
2432 5433 2486 5476 Ὀ
2509 5422 2653 5486 ζῆλος
2680 5427 2772 5476 τοῦ
2810 5418 2952 5473 οἴκου
2984 5439 3080 5472 σου
3098 5459 3109 5479 .
3138 5418 3371 5491 φάσκων,
3404 5442 3490 5474 κα·

1911 5518 2094 5590 τίφαγε
2135 5518 2217 5587 μέ.
2249 5531 2269 5567 ε
2293 5512 2440 5569 Ὀθεν
2470 5515 2603 5591 ύπὲρ
2631 5518 2724 5568 τοῦ
2767 5513 3000 5567 τοιούτου
3023 5512 3319 5581 Θεαρίστου
3347 5510 3494 5575 ζήλου

1910 5614 2190 5673 ἱπαινεθείς
2219 5614 2401 5673 ἐκείνην
2431 5617 2519 5671 τὴν
2549 5610 2804 5684 μακαρίαν
2823 5611 2988 5680 φωνήν
3014 5608 3228 5662 ἀκοῦσαι
3256 5609 3357 5661 ἀπὸ
3397 5615 3491 5663 τοῦ

1909 5697 2227 5791 Δημιῖυργοῦ
2254 5714 2358 5768 τῶν
2382 5704 2506 5767 ὅλων
2759 5719 2778 5757 ι
2808 5698 2973 5791 ibitur:
2998 5699 3157 5759 Δαϐίδ
3179 5698 3339 5781 ἄνδρα
3364 5704 3499 5763 κατὰ

198 5848 231 5867 -.
295 5839 324 5871 ε
357 5829 503 5902 Lege
527 5841 594 5887 ex
623 5826 939 5904 primigenio
975 5823 1123 5885 fonto
1149 5825 1359 5896 Latino,
1389 5826 1805 5899 εύτυχεστάτοις‹

1906 5839 2033 5883 ΔΜ).
