4016 6354
516 297 659 354 1215

513 510 854 565 indictionem
883 512 1079 583 exigat.

584 601 636 654 4.
671 602 808 658 Volo
835 605 997 658 etiam
1023 615 1078 657 ut
1101 604 1188 659 ille
1215 604 1378 658 abbas
1407 603 1666 658 habeatur
1698 603 1950 658 Romana;
1967 605 2110 659 sedis

513 695 717 768 legatus
747 714 845 769 per
866 709 1026 752 totam
1057 700 1317 769 Angliam,
1344 709 1395 753 et
1426 707 1482 751 ut
1507 700 1813 767 quicunque
1837 699 2001 752 abbas
2033 700 2104 753 ibi

515 791 720 845 electus
777 793 934 846 fuerit
962 807 991 846 a
1023 794 1320 860 monachis,
1351 803 1696 850 consecretur
1728 793 1798 849 ab
1841 793 2110 863 archiepi-

511 897 679 953 scopo
709 886 1100 941 Cantuariensi.

587 980 640 1035 5.
668 981 802 1036 Volo
829 992 882 1037 et
908 982 1187 1043 confirmo.
1229 992 1284 1036 ut
1329 983 1628 1053 quicunque
1658 981 1862 1036 voverit
1887 982 2106 1036 Romam

513 1072 867 1143 peregrinari,
925 1082 977 1126 et
1029 1073 1120 1126 ille
1179 1072 1279 1127 hoc
1337 1084 1592 1141 prmstare
1636 1088 1738 1127 non
1782 1075 1968 1142 possit,
2025 1075 2107 1127 vel

512 1177 732 1235 propter
758 1165 1150 1234 aegritudinem.
1183 1167 1265 1220 vel
1307 1175 1522 1233 pmpter
1552 1166 1827 1219 servitium
1872 1165 2104 1231 Domini,

511 1269 603 1313 aut
633 1257 827 1327 inopia:
877 1273 1056 1319 causa,
1103 1266 1189 1311 aut
1221 1258 1356 1310 alius
1388 1259 1718 1312 necessitatis
1745 1257 2107 1325 cujuwnnque

511 1352 636 1407 illuc
666 1351 814 1404 abire
844 1365 950 1405 non
980 1352 1171 1418 possit,
1203 1350 1318 1405 sive
1345 1353 1411 1402 sit
1453 1349 1670 1418 Anglus,
1705 1351 1815 1403 sive
1838 1365 1900 1402 ex
1927 1351 2104 1418 aliqua

509 1444 612 1499 alia
641 1443 847 1509 insula;
907 1445 1061 1497 adeat
1112 1443 1493 1497 monasterium
1523 1443 1590 1498 de
1621 1441 2100 1507 Medeshamstede,

505 1545 560 1591 et
620 1536 862 1590 eamdem
931 1535 1122 1590 habeat
1188 1535 1557 1590 remissionem
1621 1549 1650 1588 a
1714 1534 1971 1598 Christo,
2051 1544 2106 1588 et

505 1637 693 1680 sancto
753 1626 946 1691 Petro,
1001 1635 1057 1680 et
1109 1625 1178 1681 ab
1232 1625 1426 1679 abbate
1482 1624 1606 1687 illo,
1665 1634 1718 1678 et
1753 1640 1780 1678 a
1830 1625 2104 1680 monachis

505 1715 632 1782 illis,
657 1731 814 1785 quam
846 1715 1119 1770 habuisset
1145 1715 1187 1768 si
1220 1717 1438 1769 Romam
1465 1715 1734 1780 profeCtus
1757 1715 1964 1770 fuisset.

1772 298 1832 355 Ι.
1873 296 2266 356 AGATliONIS
2309 297 2508 356 PAPIE

510 414 870 483 episcopalem
896 415 980 472 vel
1006 415 1342 488 synodalem,
1360 413 1444 471 vel
1471 413 1629 472 ullam
1651 412 1875 484 alicujus
1896 416 2106 485 generis
2134 421 2186 482 Α

3665 321 3809 378 lilii

2283 419 2372 475 lO.
2431 420 2580 479 Tunc
2617 423 2829 481 dicebat
2887 442 3011 482 rex:
3056 431 3232 486 omnia
3276 446 3397 502 quae
3439 435 3603 490 frater
3656 453 3812 494 meus

2216 511 2412 580 Peada,
2444 528 2494 570 et
2526 516 2690 573 frater
2720 535 2872 575 meus
2901 521 3199 588 Wulferus,
3231 535 3284 578 et
3320 542 3475 581 soror
3508 527 3809 596 Kineburh,

2215 617 2266 660 et
2330 608 2619 680 Kyoesvitb
2666 613 2964 679 dederunt,
3015 625 3068 668 et
3115 618 3564 673 confirmaverunt
3621 633 3812 677 sancto
3851 597 3869 670 3-

2217 699 2373 754 Petro
2416 712 2469 757 et
2523 705 2722 768 abbati,
2785 718 2895 758 rata
2934 721 3053 761 esse
3079 709 3219 775 volo,
3253 718 3306 762 et
3355 711 3406 765 in
3453 712 3643 767 diebus
3675 716 3814 769 meis

2215 791 2342 846 illud
2392 794 2614 864 implere
2666 799 2784 851 volo
2831 814 2924 867 pro
2958 814 3142 855 eorum
3187 802 3363 858 anima
3403 815 3459 858 et
3499 821 3596 875 pro
3631 811 3812 862 anima

2213 900 2352 940 mea.

2285 979 2372 1034 ll.
2406 979 2553 1034 Nunc
2575 981 2642 1033 do
2669 981 2826 1036 hodie
2848 987 3016 1038 sancti
3039 986 3182 1041 Petri
3202 988 3445 1044 ecclesiae
3469 991 3813 1048 Medesham-

2212 1071 2328 1125 sted
2359 1082 2525 1127 terras
2557 1075 2649 1128 has
2674 1083 2725 1127 et
2755 1092 2942 1131 omnes
2974 1079 3280 1149 adjaceutes
3303 1083 3384 1150 ei,
3415 1085 3514 1140 hoc
3543 1096 3656 1141 est:
3684 1088 3814 1142 Bre-

2211 1163 2374 1228 dune,
2433 1164 2746 1234 Hrepingas,
2800 1168 3065 1236 Cedenac,
3134 1175 3564 1239 Swiueshaefed.
3637 1182 3816 1235 llean-

2211 1255 2380 1326 hyrig,
2418 1257 2713 1324 Lodeshac,
2759 1261 3124 1327 Suffanbalch,
3177 1267 3508 1334 Castesfurd,
3554 1271 3811 1339 Stretfor,

2210 1352 2616 1410 Waetellburue
2645 1398 2659 1422 ,
2715 1357 2979 1428 Lufgeard
3008 1401 3022 1427 ,
3084 1363 3568 1436 Aethelhunigloud
3605 1407 3620 1432 ,
3685 1368 3816 1421 Bar-

2209 1447 2409 1516 thanig.

2280 1541 2368 1595 l2.
2417 1540 2520 1595 llas
2555 1550 2726 1597 terras
2766 1543 2910 1597 dono
2951 1555 3138 1600 sancto
3185 1548 3364 1613 Petro,
3422 1549 3558 1604 adeo
3589 1549 3818 1605 omnino

2209 1631 2397 1696 libere,
2449 1642 2504 1684 ut
2553 1648 2644 1686 eas
2672 1634 2898 1702 ipsemet
2947 1639 3304 1707 possidebam,
3355 1651 3408 1695 et
3445 1643 3513 1694 ita
3547 1651 3604 1695 ut
3635 1644 3816 1699 nullus

2209 1740 2584 1781 successorum
2614 1743 2853 1782 meorum
2886 1730 3312 1801 aliquodcunque
3335 1735 3460 1789 inde
3492 1736 3768 1788 subtrahat
3798 1755 3812 1796 ;

579 1811 631 1865 δ·
662 1811 950 1880 Prolnerea
984 1819 1035 1865 ιθ
1066 1824 1216 1876 r080.
1252 1809 1416 1864 "ait?"
1459 1809 1761 1874 Tlleo‘lore.
1819 1819 1876 1862 ιιι
1916 1808 2106 1878 limere
2139 1819 2182 1880 Β
2211 1817 2255 1873 si
2286 1821 2403 1888 quis
2435 1821 2534 1873 hoc
2583 1819 2766 1874 fecerit
2796 1838 2945 1891 papa:
2979 1826 3198 1878 Romani
3227 1827 3566 1880 maledicturn
3599 1837 3654 1882 et
3697 1844 3817 1882 om-

506 1902 669 1957 facias
697 1918 792 1973 per
817 1913 978 1955 totam
1013 1903 1254 1972 Angliam
1284 1901 1544 1972 synodum
1573 1901 1905 1969 congregari,
1926 1910 1976 1956 et
2002 1902 2101 1956 hoc

511 1995 676 2048 breve
709 1996 1032 2063 perlegatur,
1067 2003 1122 2049 et
1150 1994 1492 2048 observetur.
1530 1993 1598 2046 Ita
1631 1996 1790 2047 etiam
1838 1994 1928 2046 tibi
1971 2010 2098 2060 prae-

505 2089 642 2152 ficio,
663 2087 935 2156 Saxulphe
952 2087 1222 2156 episcope,
1239 2087 1374 2140 sicut
1407 2087 1606 2153 rogasti
1636 2096 1692 2138 ut
1717 2085 2100 2138 monasterium

505 2181 604 2233 hoc
643 2181 712 2234 sit
773 2180 1028 2233 liberum:
1064 2177 1132 2231 ila
1176 2178 1268 2230 tibi
1315 2179 1595 2243 interdico,
1629 2188 1674 2231 et
1710 2177 1958 2231 omnibus
1985 2178 2102 2244 epi-

502 2273 682 2342 scopis
740 2271 1144 2327 successoribus
1191 2270 1338 2334 tuis,
1397 2285 1491 2338 per
1554 2268 1826 2324 Christum
1896 2278 1950 2322 et
2012 2283 2102 2336 per

502 2381 691 2422 omnes
733 2367 849 2436 ejus
896 2377 1110 2420 sanctos
1142 2409 1155 2431 ,
1227 2374 1284 2418 ut
1338 2364 1537 2419 nullam
1603 2362 1946 2418 indictiouem
2012 2365 2104 2414 ha-

503 2457 673 2512 beatis
718 2472 784 2514 ex
823 2456 1152 2513 monasterio
1199 2456 1328 2524 illo,
1369 2455 1473 2511 nisi
1508 2464 1765 2526 quantum
1801 2455 1966 2511 abbas
2012 2454 2103 2511 ille

500 2554 746 2608 voluerit.
1529 2609 1534 2616 ,

584 2648 639 2702 7.
663 2646 812 2701 Nunc
843 2645 1015 2700 verbo
1037 2644 1315 2700 declarare
1338 2644 1481 2709 volo,
1516 2653 1574 2698 ut
1602 2643 1906 2713 quicunque
1935 2644 2104 2699 breve

506 2742 607 2794 hoc
649 2750 699 2794 et
754 2749 1076 2810 prmceptum
1130 2738 1246 2808 ejus
1289 2738 1603 2804 servaverit,
1669 2736 2003 2802 habitaturus
2033 2738 2104 2792 sit

505 2845 720 2897 semper
749 2844 869 2884 cum
905 2829 1016 2884 Deo
1040 2832 1407 2897 omnipotente
1449 2827 1501 2880 in
1531 2841 1696 2895 regno
1717 2828 1974 2881 caelorum
1999 2845 2013 2893 ;
2047 2837 2103 2882 et

499 2926 807 2992 quicunque
849 2922 976 2975 illud
1030 2921 1308 2977 violaverit
1362 2919 1864 2976 excommunicatus
1907 2923 1994 2981 sit.
2049 2931 2105 2976 et

500 3017 817 3071 detrudatur
847 3031 968 3070 cum
999 3015 1155 3078 Juda,
1189 3023 1242 3069 et
1272 3029 1392 3068 cum
1422 3013 1669 3070 omnibus
1696 3012 1928 3069 diabolis
1953 3013 2005 3068 in
2028 3014 2103 3068 in-

497 3113 730 3176 fernum,
765 3110 864 3164 uisi
897 3111 1197 3180 resipuerit.
1228 3110 1420 3163 Amen.

568 3205 621 3260 8.
680 3204 790 3258 Hoc
848 3205 1009 3258 breve
1059 3202 1317 3258 miserunt
1363 3203 1572 3274 Agatho
1618 3219 1751 3271 papa
1783 3245 1798 3272 ,
1861 3215 1914 3258 et
1953 3220 2102 3261 cuv
2131 3224 2178 3290 ο

494 3295 735 3366 episcopi
783 3310 876 3364 per
914 3293 1218 3350 Wilfridum
1267 3296 1731 3366 archiepiscopum
1789 3298 2095 3353 Eboracen-

495 3405 608 3444 sem
655 3388 708 3443 in
767 3391 1030 3458 Angliam.
1083 3390 1192 3444 Hoc
1258 3391 1453 3446 factum
1505 3403 1619 3446 erat
1672 3401 1792 3457 post
1851 3393 2095 3448 incarna-

496 3482 692 3537 tionem
728 3481 934 3535 Domiui
967 3483 1138 3537 nostri
1180 3481 1305 3551 680,
1352 3483 1494 3555 regis
1524 3483 1821 3539 Ethelredi
1853 3501 1994 3539 anno
2038 3487 2091 3542 6.

569 3574 620 3628 9.
654 3573 806 3629 Tunc
846 3574 1133 3630 mandabat
1182 3591 1273 3630 rex
1326 3577 1728 3648 archiepiscopo
1784 3579 2089 3648 Theodoro,

497 3673 558 3721 ut
611 3665 874 3722 indiceret
920 3668 1162 3721 omnium
1205 3672 1505 3737 sapientum
1567 3671 1848 3726 concilium
1901 3671 1952 3726 in
2005 3675 2095 3731 illo

494 3758 636 3826 loco,
682 3762 772 3829 qui
825 3770 1048 3817 vocatur
1102 3761 1398 3817 Heatfelde.
1461 3763 1570 3818 Illis
1623 3765 1689 3818 ibi
1731 3768 2087 3837 congregatis,

490 3854 649 3924 jussit
688 3855 887 3925 perlegi
929 3856 1186 3926 scriptum
1231 3858 1331 3912 hoc
1359 3859 1500 3928 quod
1531 3874 1659 3929 papa
1701 3858 1824 3914 illuc
1854 3863 2090 3929 miserat,

493 3951 551 3997 et
591 3959 779 3999 omnes
809 3945 939 4002 illud
969 3957 1146 4004 ratum
1179 3948 1502 4016 habuerunt,
1533 3959 1586 4006 et
1625 3950 1862 4021 pleuarie
1895 3951 2091 4008 confir-

493 4047 797 4096 maverunt.

2207 1912 2352 1966 nium
2399 1915 2772 1982 episcoporum
2824 1918 3162 1972 maledictum
3209 1920 3424 1975 habeat.
3460 1920 3528 1974 Et
3567 1921 3812 1976 omnium

2207 2007 2421 2062 illorum
2455 2009 2542 2077 qui
2572 2007 2656 2060 hic
2687 2021 2808 2061 sunt
2839 2021 3020 2064 testes.

2281 2102 2341 2155 Et
2371 2102 2467 2154 hoc
2490 2101 2750 2155 confirmo
2769 2104 2920 2170 signo
2937 2103 3108 2158 crucis
3131 2103 3344 2158 Christi.

2282 2193 2390 2260 Ego
2419 2192 2734 2247 Theodorus
2765 2194 3203 2262 archiepiscopus
3248 2196 3656 2252 Cantuariensis
3689 2215 3809 2255 sum

2207 2290 2359 2339 testis
2409 2284 2593 2353 scripti
2642 2285 2798 2352 hujus
2829 2286 2895 2341 de
2926 2286 3406 2352 Madeshamstede,
3457 2301 3510 2343 et
3542 2307 3644 2359 ego
3676 2309 3774 2345 Con
3802 2325 3808 2329 -

2207 2376 2362 2429 ﬁrmo
2400 2378 2603 2445 scripto
2633 2391 2783 2436 meo:
2837 2388 2885 2430 et
2933 2393 3033 2447 ego
3063 2381 3472 2433 excommunico
3505 2397 3696 2434 omnes
3718 2385 3811 2451 qni

2205 2467 2438 2532 aliquam
2484 2467 2600 2535 ejus
2643 2479 2848 2536 partem
2889 2467 3240 2537 violaverint,
3288 2480 3340 2527 et
3388 2473 3653 2528 benedico
3689 2490 3808 2528 ont-

2208 2563 2364 2616 nibus
2395 2562 2482 2630 qui
2520 2561 2647 2616 illud
2675 2563 3100 2618 observaverint.

2281 2680 2393 2749 Ego
2438 2677 2718 2733 Willridus
2774 2680 3204 2749 archiepiscopus
3261 2680 3623 2737 Eboracensis
3691 2700 3808 2739 sum

2210 2777 2357 2829 testis
2408 2773 2596 2844 scripti
2653 2773 2842 2844 hujus,
2882 2782 2938 2831 et
2973 2776 3234 2830 confirmo
3279 2773 3418 2830 idem
3465 2774 3597 2830 illud
3637 2778 3808 2830 male-

2208 2865 2428 2922 dictum.

2285 2985 2396 3055 Ego
2426 2983 2726 3052 Saxulphus
2777 2985 2862 3052 qui
2906 2984 3132 3052 primum
3185 2983 3349 3037 abbas
3377 2998 3548 3047 eram,
3582 2992 3637 3037 et
3668 2998 3810 3037 nunc

2209 3095 2328 3135 sum
2354 3078 2658 3147 episcopus,
2689 3077 3028 3133 maledictum
3081 3093 3257 3132 meum
3308 3086 3361 3130 et
3405 3081 3648 3131 omnium
3682 3093 3809 3131 suc-

2211 3189 2488 3229 cessorum
2522 3188 2762 3230 meorum
2805 3173 3061 3228 denuntio
3102 3173 3152 3228 in
3193 3187 3312 3228 eum
3342 3171 3431 3242 qui
3470 3171 3600 3226 illud
3635 3171 3807 3225 viola-

2209 3267 2364 3324 verit.

2276 3379 2387 3448 Ego
2409 3378 2624 3434 Ostride
2655 3376 2958 3433 Aethelredi
2990 3378 3169 3448 regina
3201 3376 3300 3430 hoc
3317 3385 3503 3432 testor.

2275 3472 2388 3542 Ego
2418 3472 2685 3526 Adrianus
2715 3472 2922 3540 legatus
2948 3471 3050 3524 hoc
3073 3472 3352 3524 confirmo.

2274 3566 2384 3631 ligo
2414 3564 2563 3616 Putta
2595 3564 2878 3632 episcopus
2913 3562 3182 3616 Roll'ensis
3208 3565 3306 3616 hoc
3334 3561 3536 3615 scribo.

2275 3655 2386 3724 Ego
2437 3653 2759 3710 Waldberus
2815 3655 3099 3725 episcopus
3143 3653 3502 3711 Londineusis
3533 3653 3637 3709 hoc
3675 3667 3808 3707 con-

2200 3745 2373 3799 lirnto.

2279 3838 2390 3907 Ego
2438 3837 2766 3892 Cntltbaldus
2812 3838 2977 3892 abbas
3034 3838 3134 3892 huc
3183 3839 3464 3897 conhrmo,
3498 3835 3570 3889 ita
3600 3844 3660 3889 ιιι
3689 3836 3810 3903 qui-

2202 3945 2413 3998 cunque
2443 3928 2722 3984 violaverit
2763 3931 2908 3994 illnd,
2959 3929 3199 3983 omnium
3245 3931 3624 3997 episcoporum
3687 3943 3808 3982 ma-

2206 4021 2419 4086 ledicta,
2454 4029 2508 4077 et
2529 4023 2705 4077 omnis
2734 4019 3023 4077 Christiani
3063 4022 3244 4093 populi
3290 4021 3505 4077 habeat.
3539 4023 3718 4077 Anien
3753 4023 3803 4074 ⁸.

1905 4105 2245 4171 EPISTULA
2290 4115 2376 4168 Ill.

495 4215 736 4289 Epistola
767 4219 1058 4291 Agathonis
1086 4231 1132 4276 et
1165 4219 1417 4276 Romana:
1446 4223 1859 4304 syn_odi_ce_ntum
1884 4226 2065 4304 viginti
2095 4226 2316 4304 quinque
2347 4227 2722 4304 episcoporum,
2747 4243 2861 4304 qua
2891 4229 2993 4299 fuit
3018 4229 3156 4285 velut
3184 4231 3457 4285 instructio
3485 4230 3803 4302 legatorum,

1457 4297 1547 4363 qui
1578 4297 1719 4350 misti
1752 4307 1870 4351 sunt
1901 4300 1969 4350 ad
1994 4300 2248 4370 synodum
2277 4309 2471 4354 sextam
2498 4297 2876 4356 celebrandam.

792 4409 1057 4479 Επιγραφή
1079 4413 1171 4466 τῆς
1198 4403 1464 4466 σννοδικῆς
1491 4407 1768 4481 ἀναφορᾶς.

566 4503 684 4556 Τοῖς
714 4497 1105 4558 εὖσιϐεστάτοις
1134 4495 1415 4557 δεσπόταις
1442 4501 1527 4551 καὶ
1555 4498 1915 4568 γαληνοτάτοις
1942 4521 2080 4558 νικη-

2515 4411 2836 4479 Subscriptio
2866 4410 3124 4480 synodica!
3148 4412 3507 4482 suggestionis.

2267 4499 2295 4540 δ
2337 4501 2599 4556 Piissiinis
2630 4504 2893 4570 dominis,
2928 4514 2980 4559 et
3020 4504 3381 4559 serenissimis
3413 4505 3709 4560 victoribus
3738 4520 3804 4561 ac

493 4595 607 4648 ταῖς
630 4592 712 4642 καί
742 4590 1397 4661 τίιοπαιούχονςφοθητοῐς
1418 4589 1601 4647 τέκνοις
1629 4595 1717 4642 τοῦ
1741 4593 1867 4642 Θεοῦ
1895 4591 1978 4642 καὶ
2007 4601 2094 4643 Δε-

2226 4596 2722 4662 rinmpbaloribus,
2757 4594 2972 4649 dilectis
3005 4597 3126 4649 filiis
3163 4595 3254 4650 Dei
3284 4605 3338 4651 et
3370 4596 3580 4652 Domini
3626 4601 3796 4653 nostri

495 4682 689 4736 σπὸτου
728 4679 896 4740 ἰησοῦ
927 4679 1150 4757 Χριστοῦ
1183 4689 1274 4736 τοῦ
1302 4688 1430 4737 Θεοῦ
1454 4683 1594 4755 ἡμῶν
1619 4683 1974 4751 timuerim-rivo:
1999 4702 2092 4746 με-

492 4776 627 4848 γάλῳ
666 4776 897 4847 βασιλεῖ,
931 4775 1202 4850 ἰιραχλείῳ
1229 4779 1310 4830 καὶ
1339 4776 1555 4850 Τιϐερίῳ
1583 4776 1911 4846 Ait/etiamm,
1947 4773 2094 4843 ’Λγὰο

494 4872 591 4922 οων
619 4871 896 4930 ἐπίσκοπος
928 4868 1102 4931 δοῦλος
1122 4878 1221 4924 τῶν
1248 4869 1437 4924 δούλων
1467 4875 1559 4923 τοῦ
1599 4874 1724 4922 Θεοῦ
1756 4869 1852 4920 σὺν
1894 4871 2096 4927 πάσαις

493 4972 611 5023 ταῖς
645 4961 877 5023 συνόδοις
922 4971 1032 5022 ταῖς
1061 4965 1359 5024 ἀνηκούσαις
1406 4970 1468 5038 τῇ
1519 4959 1716 5030 συνόδῳ
1743 4956 1835 5014 τοῦ
1870 4961 2096 5014 ἀποστο-

492 5058 624 5110 λικοῦ
651 5057 851 5131 θρόνου.
886 5061 1082 5109 Πάντων
1112 5063 1210 5110 τῶν
1241 5057 1436 5126 ἀγαθῶν
1482 5054 1619 5115 ἐλπὶς
1667 5054 1930 5130 ὑπάρχειν
1969 5074 2097 5123 γνω-

491 5156 716 5223 ρίζεται,
746 5152 887 5210 ἡνίκα
917 5153 947 5208 ἡ
977 5149 1209 5222 βασιλική
1255 5156 1441 5226 κορυφὴ
1472 5150 1555 5205 τὸν
1586 5149 1854 5220 στέψαντα
1895 5152 2058 5208 αὐτὴν
2077 5188 2094 5214 ,

496 5247 569 5296 καὶ
599 5254 702 5304 τοῖς
735 5246 1018 5318 ἀνθρώποις
1050 5245 1497 5317 ἐγκαταστήσαντα
1525 5245 1654 5318 πρὸς
1686 5243 1989 5319 σωτηριὼδη
2007 5265 2097 5297 κυ-

497 5337 759 5409 C’s'pvm—zv,
780 5338 1184 5408 ἐπιγινώσκσνσα
1199 5344 1289 5396 τήν
1310 5343 1424 5414 περί
1444 5339 1592 5392 αὐτοῦ
1623 5339 1777 5398 ἀληθῆ
1805 5337 2094 5408 ὁμολογίαν,

499 5424 622 5486 Ξτινι
831 5431 961 5504 ὑπὲρ
993 5436 1159 5486 πάντα
1214 5433 1276 5485 τὰ
1321 5429 1459 5503 δῶρα
1504 5433 1862 5506 ἐπιτέρπεται,
1893 5439 2098 5493 πιστῶς

494 5520 724 5584 ἐπιζητεῖ
742 5562 755 5584 ,
797 5525 876 5576 καὶ
920 5525 1339 5598 ἁναζωπνροῦντι
1387 5524 1617 5596 λογισμῷ
1656 5524 2095 5595 περιπτύσσεσθαι

566 5635 591 5660 ⁸
621 5633 765 5687 llanc
790 5636 1066 5703 epistolam
1109 5636 1258 5692 dedit
1292 5633 1533 5688 Labbeus
1557 5648 1616 5686 cx
1651 5632 1900 5687 versione
1939 5633 2092 5700 Spel-

496 5707 694 5758 tuauui.
727 5706 856 5774 Ego,
882 5722 942 5759 ea
976 5707 1256 5772 subducta,
1287 5704 1711 5759 substituendam
1761 5703 1945 5756 censui
1997 5719 2090 5756 no-

496 5789 615 5829 vam
660 5792 724 5831 ex
779 5779 1043 5835 Saxonico
1106 5781 1404 5834 versionem
1432 5774 1730 5832 Wilckinsii
1761 5775 1970 5845 qualem
2005 5776 2093 5830 ille

495 5858 848 5916 repraesentat
867 5864 988 5905 cum
1017 5851 1414 5906 accessionibus
1440 5866 1501 5902 ex
1538 5845 1804 5905 Saxonico
1826 5845 2096 5901 Chronico

2206 4686 2332 4740 Jcsu
2365 4687 2562 4739 Christi
2589 4729 2602 4748 ,
2635 4687 2988 4741 Constantino
3021 4701 3214 4754 magno
3247 4687 3556 4755 imperatori
3578 4690 3801 4755 ,.llera-

2207 4780 2310 4833 clio
2353 4788 2406 4833 et
2441 4780 2658 4834 Tiberio
2704 4779 2993 4848 Augustis,
3029 4781 3235 4848 Agatho
3274 4781 3568 4850 episc0pus
3611 4797 3801 4838 servus

2203 4887 2485 4926 serVnrum
2524 4871 2647 4936 Dei,
2677 4887 2797 4925 cum
2836 4872 3098 4926 universis
3129 4873 3352 4942 synodis
3394 4873 3799 4942 suhjacentibus

2206 4963 2440 5018 concilio
2489 4964 2800 5031 apostolicae
2844 4963 3012 5016 sedis.
3062 4964 3314 5018 Omnium
3363 4965 3625 5019 bonorum
3674 4982 3800 5032 spes

2204 5057 2383 5111 inesse
2415 5059 2784 5126 praenoscitur,
2816 5057 2942 5110 dum
2978 5057 3253 5123 imperiale
3285 5055 3551 5125 fastigium
3586 5058 3732 5126 ejus,
3767 5075 3797 5111 ει

2203 5163 2311 5216 quo
2341 5162 2399 5202 se
2429 5162 2744 5202 Coronatnm
2777 5159 2829 5202 et
2863 5149 3170 5203 hominibus
3215 5149 3578 5217 pra‘stitututn
3614 5151 3678 5204 ad
3709 5166 3798 5204 sa-

2204 5245 2435 5299 lubriter
2462 5243 2867 5314 gubernandum
2911 5246 3222 5313 cognoscit,
3255 5259 3437 5297 veram
3483 5243 3798 5296 confessio-

2202 5355 2361 5402 nem,
2395 5355 2495 5407 qua
2541 5339 2654 5392 sola
2698 5353 2806 5406 pra:
2839 5339 3090 5391 ()llltlllltls
3126 5337 3438 5390 n‘iuneribns
3470 5336 3793 5399 delectatur,

2208 5432 2432 5501 inquirit
2467 5431 2720 5496 fideliter,
2752 5441 2804 5484 et
2836 5431 3091 5484 vivaciter
3118 5431 3365 5498 amplecti
3399 5429 3686 5484 desiderat.
3733 5429 3798 5481 Et

2208 5528 2306 5578 huc
2337 5525 2425 5578 Dei
2457 5524 2949 5593 praestantissimum
2994 5539 3184 5578 munus
3209 5533 3289 5578 est
3311 5564 3327 5592 ,
3359 5538 3387 5576 a
3417 5538 3522 5594 quo
3556 5522 3793 5593 procedit

2201 5635 2394 5689 ibidem
2428 5634 2494 5684 ab
2522 5648 2585 5686 eo
2608 5632 2765 5687 datis.
2803 5633 2991 5687 MAN-1.

2273 5705 2296 5744 ιι
2331 5704 2494 5759 Vetus
2521 5707 2889 5770 interpretatio
2921 5720 2982 5759 ex
3019 5702 3226 5768 Graeco,
3258 5705 3341 5758 cui
3373 5704 3603 5758 similem
3632 5705 3791 5759 aliam

2198 5791 2438 5837 asservat
2468 5777 2752 5849 collegium
2786 5777 3091 5836 l’arisiense
3115 5792 3228 5835 suo.
3253 5776 3401 5834 Jesu.
3433 5776 3609 5832 Hann.
