4016 6354
170 322 318 394 ut?

1634 308 2020 373 EPISTOLE.

3339 310 3481 371 1218

169 465 337 507 omne
362 445 508 519 quod
538 443 735 502 bonum
766 448 849 500 est
875 455 890 496 τ
922 438 988 497 ad
1020 453 1176 509 quem
1219 434 1504 507 redigitur,
1532 432 1672 506 quod
1701 431 1770 488 de

1903 436 2135 506 πιθυμεῖ.
2169 428 2272 489 Καί
2288 432 2443 489 τοῦτο
2463 432 2593 487 Θεοῦ
2625 428 2769 487 ἐστιν
2793 428 3120 500 ἐξοχώτατοι)
3145 424 3323 507 δῶρον,
3346 429 3397 493 ἐξ
3421 425 3479 483 οὗ

171 548 294 615 ejus
347 542 628 612 majestate
674 548 982 610 perceptum
1032 545 1157 591 est:
1190 535 1340 602 cujus
1386 531 1577 603 spiritu
1642 544 1778 598 prae-

171 648 422 703 struente
444 636 496 691 in
535 636 729 691 mentis
754 633 984 697 arcanis,
999 640 1053 687 et
1072 628 1484 685 convalescente
1509 621 1777 693 spirituali

172 730 485 800 flagrantia,
511 728 613 798 pia:
640 724 957 781 intentionis
982 721 1117 778 radii
1146 722 1567 786 circumquaque
1598 715 1777 784 perlu-

170 833 386 888 strant,
415 831 470 877 et
498 819 787 875 suavitatis
816 818 951 871 odor
981 817 1048 869 de
1077 814 1348 868 sacriﬁcio
1377 811 1557 866 cordis
1586 823 1778 862 ascen-

171 918 251 973 dit
283 919 351 971 ad
387 916 671 970 Dominum
696 953 711 975 ,
741 910 831 979 qui
863 910 950 963 tali
980 922 1206 962 munere
1227 906 1613 973 complacatur,
1639 899 1782 956 unde

171 1023 226 1065 et
255 1013 308 1063 in
340 1006 686 1063 terrestribus
706 1001 1018 1059 felicitatem
1045 1001 1210 1053 donet
1236 1007 1290 1052 et
1316 1006 1504 1071 gentes
1532 993 1785 1065 subjuget

178 1104 491 1162 universas,
520 1113 657 1168 quas
682 1095 748 1149 ad
778 1108 919 1148 verae
945 1092 1013 1147 de
1044 1107 1104 1147 se
1133 1090 1459 1162 cognitionis
1489 1088 1785 1143 confessio-

174 1208 300 1247 nem
334 1191 593 1256 asciscat,
625 1204 764 1259 quas
811 1184 1085 1255 subjectae
1129 1184 1434 1242 Christiano
1466 1181 1691 1250 imperio
1717 1180 1785 1235 de

175 1291 451 1354 potestate
482 1282 679 1335 liberet
711 1278 1055 1333 tenebrarum
1077 1316 1094 1343 ,
1123 1285 1180 1329 ut
1205 1274 1390 1329 felices
1419 1270 1578 1327 faciat
1604 1271 1785 1325 humi-

174 1376 364 1442 liatos,
389 1388 527 1443 quos
553 1369 843 1426 infeliciter
866 1368 1090 1423 exaltari
1120 1367 1187 1421 ad
1213 1381 1401 1422 eorum
1428 1365 1785 1434 dejectionem

176 1469 530 1538 permiserat.
556 1464 691 1533 Quia
716 1479 869 1528 vero,
895 1460 1122 1531 piissimi
1150 1469 1310 1529 atque
1333 1458 1610 1513 fortissimi
1640 1457 1787 1526 prin-

177 1564 365 1630 cipum
408 1559 673 1631 Augusti,
722 1566 916 1611 vestra:
963 1554 1175 1624 pietatis
1203 1567 1324 1607 cum
1361 1551 1517 1606 laude
1549 1550 1786 1604 admira-

175 1670 300 1708 mur
334 1654 445 1707 Deo
490 1652 708 1721 dignum
742 1647 1111 1718 propositum,
1144 1645 1287 1715 quod
1326 1647 1468 1699 circa
1515 1641 1780 1713 apostoli-

176 1761 301 1801 cam
332 1756 570 1800 nostram
604 1744 764 1796 ﬁdem
793 1740 995 1795 habere
1017 1738 1316 1808 dignamini
1337 1774 1353 1801 ,
1382 1736 1493 1791 Deo
1519 1735 1786 1791 secretius

177 1838 549 1894 satisfaciente
569 1876 585 1902 ,
614 1850 720 1888 non
752 1834 929 1887 verbis
961 1831 1255 1886 ﬂuentibus
1274 1871 1288 1894 ,
1325 1844 1424 1883 nec
1454 1827 1783 1898 loquacitate
1811 1813 1862 1875 B

186 1928 405 1992 fallaci,
438 1927 531 1981 sed
562 1925 744 1981 divina
772 1938 867 1979 sua
898 1923 1067 1993 gratia
1090 1920 1500 1988 'commonente,
1528 1920 1785 1989 omnique

183 2018 541 2090 ambiguitate
565 2016 795 2075 sublata,
818 2012 1142 2069 desideratis
1169 2027 1519 2083 cognoscere,
1547 2025 1666 2080 quae
1695 2022 1785 2063 ve.

181 2112 324 2173 ritas
351 2111 668 2165 orthodoxa:
689 2118 745 2163 et
764 2107 1075 2178 apostolica:
1100 2106 1223 2159 fidei
1252 2105 1559 2171 contineat,
1597 2114 1788 2157 omnes
1814 2176 1817 2179 _

183 2218 289 2259 nos
328 2202 507 2271 exigui
554 2198 917 2254 Ecclesiarum
964 2198 1256 2266 praesules,
1289 2198 1454 2251 vestri
1487 2193 1786 2250 Christiani

187 2295 405 2362 imperii
468 2290 692 2357 famuli,
745 2291 796 2344 in
849 2288 1364 2358 septentrionalibus
1416 2284 1498 2340 vel
1550 2283 1790 2339 occiduis

186 2386 434 2458 partibus
465 2382 785 2452 constituti,
820 2381 946 2436 licet
974 2381 1122 2450 parvi
1152 2389 1208 2434 et
1235 2378 1507 2448 simplices
1538 2378 1786 2441 scientia,

189 2480 299 2535 fide
326 2488 507 2533 tamen
541 2491 636 2547 per
664 2477 759 2531 Dei
785 2472 1013 2545 gratiam
1044 2470 1289 2538 stabiles,
1323 2484 1419 2538 pro
1446 2470 1513 2524 iis
1542 2483 1661 2537 quae
1694 2483 1790 2537 per

190 2575 430 2630 divalem
472 2585 678 2627 sacrum
729 2579 997 2638 praecepta
1040 2566 1426 2636 cognovimus,
1471 2559 1789 2632 coregnanti

191 2686 259 2725 ac
308 2666 646 2736 tﬁspensanti
694 2665 968 2718 vobiscum
1016 2657 1284 2714 conditori
1330 2666 1385 2711 et
1429 2653 1791 2725 dispensatori

190 2761 442 2817 omnium
482 2757 590 2811 Deo
623 2752 939 2818 exhilarati,
981 2767 1078 2823 pro
1108 2747 1414 2819 hujusmodi
1463 2747 1547 2816 pio
1593 2758 1792 2815 propo-

192 2856 304 2908 sito
368 2867 490 2906 eum
548 2850 748 2904 intimis
797 2847 981 2904 cordis
1034 2847 1248 2900 fletibus
1299 2844 1499 2913 gratias
1558 2840 1788 2895 reddere

192 2947 501 3015 cmpimus,
530 2942 671 3011 quod
705 2953 811 2995 tam
844 2938 1111 2993 laudabile
1132 2977 1146 3003 ,
1182 2947 1286 2990 tam
1319 2932 1636 2997 miriﬁcum,
1688 2940 1795 2985 tam

196 3039 659 3102 saluberrimum,
689 3046 798 3089 tam
849 3034 1193 3103 singulariter
1235 3031 1345 3085 Deo
1388 3042 1498 3097 pra:
1545 3026 1794 3081 omnibus

195 3140 434 3195 terrenis
492 3133 769 3191 sacrificiis
826 3130 1155 3200 acceptabile
1208 3128 1565 3197 tranquillitas
1620 3134 1796 3179 vestra

195 3248 337 3302 opus
385 3228 624 3284 creditur
673 3225 1023 3293 concupisse,
1074 3219 1215 3290 quod
1268 3236 1297 3273 a
1359 3217 1537 3272 multis
1584 3217 1800 3287 quidem

199 3327 404 3397 pietate
457 3332 511 3377 et
557 3319 761 3392 justitia
816 3317 1053 3387 praeditis
1121 3313 1336 3383 regibus
1394 3311 1801 3373 desideratum,

199 3416 554 3491 paucissimis
603 3422 781 3468 tamen
827 3425 1058 3477 raroque
1089 3410 1153 3462 ad
1184 3408 1432 3462 effectum
1480 3405 1588 3457 Deo
1635 3403 1796 3473 placi-

200 3523 319 3568 tum
346 3553 360 3576 ,
389 3525 508 3563 cum
542 3507 858 3562 sinceritate
892 3503 1201 3572 apostolicae
1232 3500 1351 3554 fidei
1388 3496 1604 3568 perduci
1636 3496 1805 3565 possi-

203 3606 314 3660 bile
342 3604 775 3657 demnnstratum
807 3607 910 3652 est.
943 3594 1228 3650 Credimus
1260 3603 1472 3656 autem,
1509 3592 1628 3657 quia
1662 3588 1802 3657 quod

200 3698 400 3770 paucis
451 3706 682 3762 raroque
729 3703 1050 3745 concessum
1084 3696 1197 3752 est,
1228 3700 1258 3739 a
1291 3686 1398 3738 Deo
1428 3691 1684 3736 coronato
1712 3695 1808 3734 ve-

207 3799 327 3844 stro
376 3787 604 3856 imperio
634 3784 892 3839 divinitus
919 3780 1265 3843 concedetur,
1301 3784 1360 3829 ut
1391 3790 1484 3845 per
1517 3774 1687 3843 ipsum
1720 3786 1808 3825 ca-

207 3883 427 3938 tholica:
453 3890 613 3948 atque
643 3875 951 3947 apostolicae
983 3886 1122 3926 verae
1153 3880 1353 3924 nostrae
1398 3866 1518 3921 fidei
1567 3862 1807 3934 splendi-

204 3972 495 4028 dissimum
530 3971 582 4022 in
613 3968 851 4021 omnium
884 3962 1160 4018 mentibus
1190 3959 1385 4014 emicet
1414 3958 1591 4011 lumen
1618 3974 1631 4009 :
1665 3955 1807 4024 quod

209 4080 280 4122 ex
307 4062 426 4119 veri
471 4059 690 4115 luminis
721 4057 870 4112 fonte
902 4066 1156 4124 tanquam
1189 4054 1256 4107 de
1288 4050 1441 4106 radio
1473 4048 1667 4102 viviﬁci
1699 4048 1808 4101 ful-

211 4158 360 4229 goris
386 4196 404 4225 ,
439 4170 534 4225 per
568 4152 849 4206 ministros
880 4149 1065 4203 beatos
1096 4146 1311 4200 Petrum
1346 4152 1399 4198 et
1428 4141 1648 4195 Paulum
1680 4154 1811 4209 apo-

210 4248 482 4304 stolorum
530 4244 827 4314 principes,
857 4252 1153 4307 eorumque
1186 4233 1481 4304 discipulos
1510 4240 1565 4286 et
1596 4241 1809 4301 aposto-

212 4348 349 4402 licos
378 4355 745 4405 successores,
773 4338 1037 4405 gradatim
1066 4348 1234 4402 usque
1266 4331 1330 4386 ad
1366 4339 1600 4385 nostram
1633 4327 1811 4397 ρει-νίν

218 4449 407 4505 tatem,
442 4433 535 4489 Dei
570 4431 923 4502 opitulatione
955 4436 1225 4482 servatum
1259 4431 1374 4488 est,
1406 4422 1548 4477 nulla
1575 4419 1809 4475 haeretici

1884 530 2033 580 πᾶσα
2060 523 2200 586 δόσις
2226 524 2390 595 ἀγαθή
2415 524 2737 598 προέρχεται
2756 534 2770 550 '
2803 520 2935 596 πρὸς
2980 516 3035 573 ὃν
3078 518 3447 595 ἐπαναφέρεται
3464 556 3480 585 ,

1886 616 2016 693 ὅπερ
2058 616 2379 687 προσελήφθη
2407 616 2512 669 ἀπὸ
2552 622 2645 675 τῆς
2669 606 2819 667 αὐτοῦ
2849 607 3259 684 μεγαλειότητος·
3281 604 3482 669 οὗτινος

1882 717 1957 784 τῷ
1998 711 2253 779 πνεύματι
2276 707 2327 762 ἐν
2372 714 2482 767 τοῖς
2523 713 2615 766 τῆς
2656 703 2884 764 διανοίας
2927 702 3239 775 ἀποκρύφοις
3286 695 3480 754 οἰκοδο-

1884 811 2129 873 μοῦντος,
2180 803 2260 855 καί
2287 800 2695 876 ἀναῤῥωννῦντος
2825 800 3141 869 πνευματικῇ
3185 791 3364 868 βρᾶσει
3392 799 3485 851 τῆς

1884 898 2085 955 ἀκτῖνος
2115 900 2203 948 τοῦ
2232 887 2474 955 εὐσεϐοῦς
2505 896 2707 946 σκοποῦ
2745 889 2908 961 κύκλῳ
2934 886 3111 943 πάντα
3138 882 3487 960 διακαθαίρον-

1884 1010 1972 1045 ται
1992 986 2103 1059 ιι..
2132 987 2376 1047 εὐσεϐοῦς
2402 990 2600 1041 σκοποῦ
2628 986 2827 1042 ἀκτῖνες
2852 980 3019 1050 κύκλῳ
3044 971 3383 1045 διάττουσιν],
3404 977 3486 1029 καί

1885 1087 1977 1140 τῆς
2021 1076 2237 1138 εὐωδίας
2264 1080 2295 1136 ἠ
2320 1079 2453 1148 ὀσμὴ
2493 1077 2594 1130 ἀπό
2620 1084 2711 1135 τῆς
2751 1075 2932 1135 θυσίας
2957 1081 3050 1133 τῆς
3089 1068 3297 1149 καρδίας
3338 1068 3487 1141 ἀνέρ-

1888 1194 2045 1245 χεται
2076 1173 2204 1246 πρός
2242 1172 2328 1225 τόν
2351 1172 2565 1245 Κύριον,
2600 1166 2744 1227 ὅστις
2781 1162 2855 1237 τῷ
2894 1165 3111 1235 τοιούτῳ
3137 1160 3285 1234 δώρῳ
3315 1159 3491 1231 εὐαρε-

1889 1273 2123 1321 στεῖται’
2152 1264 2263 1320 ὅθεν
2282 1268 2367 1318 καί
2403 1265 2453 1317 ἐν
2472 1270 2579 1322 τοῖς
2604 1261 2841 1331 ἐπιγείοις
2876 1259 3123 1327 εὐτυχίαν
3164 1253 3485 1327 δωργὲσηται,

1889 1361 1975 1412 καί
2016 1357 2221 1412 ἅπαντα
2253 1358 2320 1410 τά
2362 1353 2482 1411 ἔθνη
2515 1355 2781 1418 ὐποτάξοι,
2818 1350 2951 1423 άπερ
2980 1347 3327 1423 προσκαλῆται
3358 1346 3489 1420 πρὸς

1888 1458 1979 1511 τὴν
2006 1450 2274 1522 ὁμολογίαν
2300 1457 2393 1509 τῆς
2417 1448 2628 1507 ἀληθοῦς
2650 1448 2809 1501 αὐτοῦ
2834 1444 3176 1516 ἐπιγνώσεως,
3207 1442 3274 1496 τά
3295 1438 3487 1493 ὑποτε-

1890 1545 2118 1618 ταγμένα
2149 1540 2220 1608 τῷ
2246 1540 2729 1616 Χριστιανικωτάτῳ
2754 1538 2927 1612 κράτει
2952 1535 3124 1609 [ἅτινα
3143 1539 3237 1588 ῦπ.
3267 1554 3317 1588 τ.
3349 1553 3410 1601 χ.
3436 1552 3489 1585 κ.

1890 1644 1981 1697 τῆς
2000 1643 2089 1693 τοῦ
2117 1637 2331 1696 σκότους
2358 1636 2594 1699 ἐξουσίας
2617 1633 2967 1707 ἐλευθερώσοι,
2993 1628 3103 1700 LJ,
3137 1628 3221 1682 ἶνα
3244 1627 3492 1695 εὐτυχεῖς

1891 1736 2079 1805 ποιήσῃ
2140 1730 2640 1799 τεταπεινωμένους,
2693 1724 2783 1787 οὓς
2842 1725 3184 1797 ταλαιπώρως
3234 1719 3495 1791 ὑψοῦσθαι

1890 1827 2024 1902 πρὸς
2068 1824 2382 1881 κατάϐλησιν
2405 1822 2601 1876 ἑαυτῶν
2629 1820 2931 1894 παρείασεν.
2962 1817 3106 1869 Ἐπεί
3162 1811 3247 1878 δέ,
3291 1811 3494 1865 εὐσεϐέ-

1888 1940 2073 1977 στατοι
2098 1922 2183 1974 καί
2209 1916 2555 1988 ἀνδρειότατοι
2594 1913 2876 1986 βασιλέων,
2908 1919 3001 1973 τῆς
3023 1909 3309 1983 σεϐασμίας
3354 1907 3496 1977 ὑμῶν

1889 2014 2158 2075 εὐσεϐείας
2182 2016 2279 2067 σὺν
2318 2014 2510 2082 ἐπαίνῳ
2550 2011 2876 2081 θαυμάζομεν
2919 2012 3011 2065 τήν
3040 2006 3322 2079 Θεάρεστον
3362 2000 3494 2075 πρό·

1889 2107 2047 2171 θεσιν,
2094 2106 2252 2179 ἥνπερ
2284 2104 2416 2177 πρὸς
2461 2106 2550 2160 τὴν
2592 2099 2934 2156 ἀποστολικὴν
2979 2099 3119 2166 ημῶν
3144 2096 3320 2149 πίστιν
3345 2090 3377 2146 ἔ
3380 2111 3496 2160 χειν

1891 2198 2274 2261 κατηξιώσατε,
2304 2200 2397 2249 τοῦ
2444 2199 2570 2249 Θεοῦ
2620 2199 2881 2263 μυστικῶς
2923 2182 3392 2264 πλιηροφοροῦντος,
3435 2182 3495 2236 οὐ

1891 2292 2086 2368 ῥήμασι
2110 2291 2389 2363 ῥευστοῖς,
2435 2286 2551 2343 οὔτε
2598 2286 2746 2356 λαλιᾷ
2796 2286 3032 2346 ἀπάτης,
3083 2282 3207 2335 ἀλλά
3336 2278 3494 2332 αὐτοῦ

1891 2385 2002 2458 θείᾳ
2048 2384 2230 2458 χάριτι
2276 2383 2787 2451 ὑπομιμνήσκοντος,
2841 2378 2925 2431 καί
2973 2376 3147 2435 πάσης
3194 2372 3496 2444 ἀμφιιῗολίας

1892 2477 2305 2552 περιαιρεθείσης
2347 2475 2635 2543 ἐπιθυμεῖτε
2681 2472 2986 2544 ἐπιγνῶναι,
3033 2468 3171 2544 ’άπερ
3218 2467 3250 2525 ἡ
3293 2466 3500 2524 ἀλήθεια

1893 2576 1986 2629 τῆς
2012 2566 2277 2642 ὀρθοδόξου
2306 2571 2392 2621 καί
2424 2566 2766 2625 ἀποστολικῆς
2792 2565 3029 2640 περιέχει
3069 2566 3318 2620 πίστεως’
3345 2560 3497 2629 ἡμεῖς

1896 2661 2086 2720 πάντες
2109 2660 2154 2714 οἱ
2181 2659 2457 2729 ἐλάχιστοι
2496 2664 2598 2712 τῶν
2634 2656 2940 2714 Ἐκκλησιῶν
2965 2660 3057 2710 τοῦ
3079 2658 3302 2727 Χριστοῦ
3343 2649 3497 2723 πρόεο

1898 2751 2010 2827 ὅροι
2027 2791 2040 2815 ,
2064 2752 2110 2804 οἱ
2134 2748 2304 2804 δοῦλοι
2328 2755 2418 2803 τοῦ
2446 2749 2947 2824 Χριστιανικωτάτου
2988 2746 3130 2814 ὑμῶν
3160 2744 3382 2818 κράτους
3401 2781 3414 2804 ,
3442 2739 3498 2795 ἕν

1898 2867 1953 2903 τε
1979 2854 2084 2907 τοῖς
2106 2843 2333 2904 δυτικοῖς
2355 2846 2438 2897 καί
2463 2845 2708 2918 ἀρκτῴοις
2739 2842 2919 2917 μέρεσι
2943 2841 3313 2911 τυγχάνοντες,
3343 2839 3389 2890 εί
3409 2836 3493 2888 καί

1906 2939 2061 3011 ὀλίγοι
2110 2939 2196 2992 καί
2235 2935 2571 3010 ἁπλούστεροι
2593 2942 2656 3004 τῇ
2695 2936 2897 3005 γνώσει,
2924 2939 3017 2991 τῆς
3043 2933 3268 2988 πίστεως
3413 2927 3497 2979 πί-

1901 3052 2036 3097 στει,
2064 3046 2126 3085 ea:
2152 3028 2239 3102 L.]
2266 3027 2402 3102 ὅμως
2445 3026 2530 3083 διὰ
2568 3034 2659 3087 τῆς
2684 3032 2773 3081 τοῦ
2816 3031 2944 3079 Θεοῦ
2978 3024 3195 3095 χάριτος
3234 3020 3496 3093 σταθεροί,

1904 3127 2068 3181 ἕνεκεν
2110 3130 2209 3179 τῶν
2257 3122 2694 3197 προσταχθέντων
2751 3116 2834 3173 διά
2872 3132 2964 3177 τῆς
3002 3113 3240 3173 θειώδους
3283 3113 3497 3186 σάκρας,

1908 3217 2179 3290 ἐγνωκότες
2219 3217 2303 3271 τόν
2347 3214 2793 3284 συμϐασιλεύοντα
2815 3212 2894 3264 καί
2930 3206 3211 3263 διοικοῦντα
3235 3208 3331 3261 σὺν
3359 3205 3499 3273 ὑμῖν,

1906 3318 1997 3371 τήν
2044 3316 2251 3368 κτίστην
2295 3312 2382 3363 καί
2420 3309 2667 3380 πρύτανιν
2707 3314 2808 3360 τῶν
2846 3305 3049 3359 πάντων
3093 3304 3247 3367 Θεὸν,
3272 3297 3501 3375 ίλαρευό·

1907 3424 2046 3475 μενοι
2081 3406 2319 3477 περὶτῆς
2359 3402 2605 3459 τοιαύτης
2646 3397 2892 3458 εὐσεϐοῦς
2930 3392 3218 3468 προθέσεως
3255 3394 3505 3461 μετὰτῶν

1906 3499 1963 3550 ἐκ
2003 3497 2193 3567 βάθους
2228 3503 2318 3552 τῆς
2362 3491 2579 3568 καρδίας
2620 3489 2854 3565 ὀδυρμῶν
2893 3489 3227 3561 εὐχαριστεῖν
3270 3484 3503 3557 ἀπηρξά-

1907 3590 2064 3659 μεθα,
2111 3587 2189 3643 ὅτι
2226 3588 2283 3643 τὸ
2326 3587 2489 3645 οὕτως
2517 3586 2890 3647 ἀξιεπαίνετον,
2939 3581 2996 3635 τὸ
3037 3579 3169 3634 οὕτω
3210 3576 3506 3646 θαυμαστόν

1911 3687 1992 3739 καί
2037 3680 2393 3754 σωτηριῶδες,
2441 3678 2576 3734 οὕτω
2605 3682 2879 3750 μονογενῶς
2925 3682 2998 3746 τῷ
3035 3680 3144 3741 Θεῷ
3163 3671 3296 3747 ῦπέρ
3324 3673 3501 3729 πάσας

1908 3775 2004 3837 τὰς
2046 3775 2215 3847 γηῖνας
2256 3774 2436 3831 θυσίας
2475 3769 2845 3843 εὐπρόσδεκτον
2890 3765 3035 3842 ἔργον
3078 3768 3108 3823 ἡ
3149 3764 3373 3839 ὑμετέρα
3422 3783 3506 3834 φι-

1908 3869 2203 3941 λανθρωπία
2227 3866 2659 3919 καταπιστεύεται
2679 3862 3014 3931 ἐπιθυμῆσαι,
3041 3856 3167 3931 ὅπερ
3190 3854 3394 3914 πολλοῖς
3415 3855 3507 3923 μὲν

1911 3960 2144 4015 εὐσεϐεία
2182 3962 2266 4013 καί
2309 3956 2597 4029 δικαιοσύνῃ
2634 3952 2938 4028 προῦχουσι
2984 3942 3282 4022 βασιλεῦσιν
3329 3946 3511 4000 ἐπεθυ-

1912 4065 2077 4128 μεῖτο,
2122 4053 2259 4127 ὅμως
2299 4053 2483 4127 ὀλίγοις
2524 4055 2607 4105 καί
2644 4052 2848 4123 ἀραιοῖς
2886 4048 3014 4122 πρὸς
3043 4052 3327 4117 Θεάριστον
3378 4041 3510 4095 ἀπο-

1912 4153 2131 4223 τέλεσμα
2153 4148 2283 4221 μετά
2302 4147 2651 4221 ἀκεραιότητος
2676 4152 2766 4203 τῆς
2793 4141 3127 4198 ἀποστολικῖκ
3148 4138 3372 4195 πίστεως
3398 4133 3510 4188 δια-

1918 4246 2140 4301 σωθῆναι
2198 4238 2411 4295 δυνατόν
2465 4235 2769 4307 ἀπεδείχθη.
2804 4234 3113 4303 Πιστεύομεν
3148 4226 3236 4293 δὲ,
3282 4224 3361 4282 ὅτι
3383 4223 3511 4299 ὅπερ

1916 4339 2100 4411 ὀλίγοις
2146 4338 2232 4391 καί
2265 4338 2470 4410 ἀραιοῖς
2502 4330 2822 4403 συνεφωνήθη
2871 4324 3265 4399 [συνεχωρήθη,
3295 4315 3400 4387 In],
3436 4324 3510 4388 τῷ

1915 4432 2220 4499 Θεοστέπτῳ
2246 4429 2386 4498 ὑμῶν
2405 4428 2576 4499 κράτει
2600 4423 2759 4477 θεόθεν
2784 4419 3248 4495 δωρηθησεται,ἶνα
3275 4411 3339 4468 δι’
3355 4413 3510 4465 αὐτοῦ

215 4532 423 4589 erroris
456 4540 592 4585 tetra
624 4526 855 4597 caligine
889 4527 1223 4580 teuehratum
1248 4562 1264 4587 ,
1299 4536 1399 4576 nec
1433 4519 1680 4574 falsitatis
1711 4531 1799 4570 ne-

1918 4535 2010 4589 τῆς
2036 4525 2318 4588 καθολικῆς,
2341 4524 2425 4576 καί
2447 4518 2788 4574 ἀποστολικῆς
2809 4515 2951 4572 ἡμῶν
2975 4514 3200 4567 πίστεως
3231 4508 3291 4561 τό
3332 4504 3515 4562 τηλαυ-

2519 4613 2556 4616 -ξ
2592 4612 2603 4616 -
2637 4612 2645 4616 -
2714 4608 2724 4616 .
2784 4605 2802 4616 τ
2830 4612 2839 4616 -
2965 4614 2981 4616 _
3086 4606 3095 4616 .
3361 4598 3403 4615 η.
3504 4611 3513 4616 Α

223 4628 369 4684 bulis
402 4623 766 4680 conftrdatum
789 4660 807 4688 ,
841 4633 942 4674 nec
971 4615 1289 4672 intermistis
1319 4613 1589 4669 haereticis
1632 4613 1814 4681 pravi-

225 4720 432 4774 tatibus
480 4717 625 4770 velut
653 4711 960 4783 caliginosis
993 4709 1206 4764 nebulis
1240 4709 1638 4775 pcrumbratum
1662 4745 1676 4768 ,
1712 4703 1814 4757 im-

172 4808 187 4823 “
222 4831 387 4871 mune
418 4824 577 4879 atque
608 4811 879 4866 sincerum
899 4849 915 4876 ,
948 4818 1003 4862 et
1032 4808 1144 4861 suis
1190 4803 1353 4859 radiis
1394 4802 1813 4871 perlustratum,

222 4914 247 4942 ο
270 4904 527 4975 piissimis
553 4902 833 4958 conatibus
860 4910 1182 4953 conservare
1209 4895 1354 4964 cupit
1378 4905 1612 4948 vestrum
1644 4912 1671 4947 a
1710 4895 1818 4947 Deo

222 5008 542 5053 coronatum
595 4995 889 5063 fastigium.
945 4992 999 5046 In
1055 4993 1156 5045 hoc
1195 4988 1337 5045 enim
1372 4997 1479 5041 tam
1512 4985 1820 5054 apostolicae

222 5092 404 5155 sedis,
436 5103 710 5158 quamque
758 5086 925 5140 nostri
974 5084 1148 5154 exigui
1184 5082 1470 5137 famulatus
1522 5083 1821 5150 praedeces-

222 5186 381 5239 stires
431 5197 601 5251 usque
645 5180 821 5233 adhuc
872 5193 977 5233 non
1026 5178 1143 5231 sine
1176 5176 1429 5245 periculis
1458 5174 1820 5242 desudarunt,

229 5289 376 5329 nunc
410 5260 667 5328 dec‘retali
698 5268 1121 5326 commonitione
1150 5282 1270 5323 cum
1304 5269 1616 5337 apostolicis
1649 5269 1823 5337 ponti-

230 5370 427 5421 ficibus
457 5366 837 5437 CQIhlliBlllCS,
874 5378 1015 5418 nunc
1044 5363 1290 5435 synodali
1323 5364 1669 5433 deﬁnitione,
1704 5378 1823 5432 quae

230 5462 481 5516 veritatis
504 5460 720 5531 regulas
744 5457 1084 5524 continebat,
1115 5456 1366 5511 omnibus
1398 5457 1822 5511 innotescentes:

232 5572 283 5612 ct
316 5557 575 5612 terminus
599 5553 981 5628 [sempiternos
1005 5548 1185 5621 term.]
1208 5564 1344 5619 quos
1373 5550 1644 5619 trangredi
1675 5550 1825 5606 nefas

234 5664 348 5714 est,
383 5665 553 5720 usque
581 5650 645 5703 ad
681 5646 872 5701 animre
920 5645 1086 5713 ipsius
1134 5645 1333 5699 exitum
1379 5654 1689 5706 constanter
1731 5645 1825 5701 de-

240 5748 559 5811 fendentes,
592 5757 697 5798 non
731 5741 937 5797 seducti
984 5735 1255 5794 blanditiis
1302 5736 1741 5809 [adulationibus
1768 5739 1819 5810 Ῑ,

317 5869 342 5897 ε
373 5859 704 5920 Piissimis...
735 5854 1004 5919 fastigium
1030 5851 1215 5909 desunt
1240 5854 1295 5908 in
1324 5849 1526 5909 Greco.
1554 5853 1700 5913 EDIT.

1918 4625 2166 4694 γέστατον
2198 4616 2373 4688 λάμψῃ
2394 4622 2495 4685 φῶς
2518 4605 2805 4684 [ἐκλάμψοι]
2823 4612 2873 4661 ἐν
2894 4614 3008 4665 ταῖς
3029 4606 3234 4660 πάντων
3257 4598 3489 4674 καρδίαις
3504 4611 3514 4625 ’

1925 4712 2054 4787 ὅπερ
2097 4713 2150 4765 ἐκ
2184 4718 2276 4769 τῆς
2310 4716 2478 4778 πηγῆς
2503 4710 2595 4760 τοῦ
2636 4702 2865 4761 ἀληθινοῦ
2907 4698 3179 4770 φωτός,ὠς
3214 4692 3278 4750 δι’
3304 4694 3514 4748 ἀκτίνων

1921 4785 2288 4870 τῆςγζωοποιοῦ
2314 4795 2636 4873 λαμπηδόνος
2665 4802 2775 4855 τοῖς
2798 4796 3066 4867 μακαρίοις
3085 4789 3402 4864 λειτουργοῖς
3434 4785 3515 4838 1ιέ-

1922 4921 2027 4975 τρῳ
2048 4901 2132 4953 καί
2159 4893 2338 4966 Παύλῳ
2380 4899 2483 4951 τοῖς
2505 4898 2606 4946 τῶν
2635 4887 2929 4943 ἀποστόλων
2953 4885 3268 4960 κορυφαίοις,
3286 4882 3371 4937 καί
3410 4885 3511 4936 τοῖς

1924 4991 2120 5049 τούτων
2151 4988 2405 5061 μαθηταῖς
2428 4986 2511 5038 καί
2542 4972 2809 5052 διαδόχοις
2851 4986 2965 5040 τοῖς
3007 4976 3363 5034 ἀποστολικοῖς
3390 4972 3517 5025 κατά

1924 5087 2119 5163 βαθμὸν
2133 5085 2297 5158 μέχρι
2315 5088 2406 5139 τῆς
2430 5079 2679 5149 ἡμετέρας
2700 5072 3016 5134 οὐδενότητος
3035 5078 3098 5145 τῇ
3118 5076 3209 5125 τοῦ
3232 5071 3357 5122 Θεοῦ
3395 5064 3518 5133 βοηο

1923 5152 2035 5253 θεία
2063 5152 2342 5248 ἐφυλάχθη,
2367 5168 2584 5245 μηδεμιᾷ
2627 5174 2718 5227 τῆς
2760 5172 3015 5237 αἱρετικῆς
3050 5162 3243 5221 πλάνης
3288 5152 3518 5211 δυσώδε-

1926 5249 2117 5328 στάτου
2146 5266 2362 5324 σκότους
2390 5262 2572 5334 ἀχλύῑ,
2600 5264 2723 5334 μήτε
2752 5259 2971 5330 νεφέλαις
3009 5251 3253 5325 ψεύδους.
3277 5249 3309 5308 ἦ
3329 5250 3518 5320 νέφεσιν

1926 5366 2129 5422 ἀπάτης
2169 5358 2426 5430 μολυνθέν,
2446 5360 2569 5428 μήτε
2587 5352 3061 5426 παραμεμιγμέναις
3094 5346 3356 5423 αἱρετικῶν
3386 5362 3517 5413 φαυο

1925 5459 2138 5518 λότησι,
2165 5454 2387 5528 καθάπερ
2419 5454 2668 5528 ἀμαυροῖς
2711 5449 2883 5521 νέφεσι
2903 5440 3306 5504 κατασκιασθέν,
3330 5437 3520 5510 ἀϐαρὲς

1927 5553 2011 5606 καί
2031 5551 2263 5623 ἀκέραιον
2306 5549 2388 5601 καί
2418 5551 2535 5604 ταῖς
2559 5541 2705 5602 ἰδίαις
2734 5541 2904 5593 ἀκτῖσι
2943 5533 3252 5606 διαλάμψαν.
3278 5530 3360 5585 Ἐν
3400 5530 3521 5583 τού·

1927 5669 2001 5717 τῳ
2046 5646 2146 5719 γὰρ
2176 5640 2282 5698 ὅτε
2327 5637 2664 5698 ἀποστολικός
2709 5635 2903 5709 θρόνος,
2932 5632 2979 5683 οἷ
3007 5648 3063 5684 τε
3111 5627 3523 5701 προηγησάμενοι

1916 5709 2019 5799 την
2054 5709 2313 5816 ¹ημειι-ἐραν
2352 5730 2664 5810 μετριότητα
2702 5728 2863 5802 μέχρι
2895 5724 3148 5781 τοσούτου
3177 5719 3413 5793 [τούτων,
3439 5709 3523 5786 ιμ]
