  <div class='ocr_page' id='page_1' title='image "/cluster/home/n/w/nwhite01/storage/ocr_20150623/87/hvd.32044015469471/629.png"; bbox 0 0 4016 6354; ppageno 0'>
   <div class='ocr_carea' id='block_1_1' title="bbox 521 386 661 445">
    <p class='ocr_par' dir='ltr' id='par_1_1' title="bbox 521 386 661 445">
     <span class='ocr_line' id='line_1_1' title="bbox 521 386 661 445; baseline 0 0"><span class='ocrx_word' id='word_1_1' title='bbox 521 386 661 445; x_wconf 71' lang='grc'><strong>1228</strong></span> 
     </span>
    </p>
   </div>
   <div class='ocr_carea' id='block_1_2' title="bbox 1773 386 2503 445">
    <p class='ocr_par' dir='ltr' id='par_1_2' title="bbox 1773 386 2503 445">
     <span class='ocr_line' id='line_1_2' title="bbox 1773 386 2503 445; baseline -0.003 -2"><span class='ocrx_word' id='word_1_2' title='bbox 1773 388 1829 443; x_wconf 90' lang='lat' dir='ltr'><strong>S.</strong></span> <span class='ocrx_word' id='word_1_3' title='bbox 1876 386 2258 445; x_wconf 72' lang='lat' dir='ltr'><strong>ACA&#39;HIONIS</strong></span> <span class='ocrx_word' id='word_1_4' title='bbox 2298 386 2503 444; x_wconf 63' lang='lat' dir='ltr'><strong>PAPA‘.</strong></span> 
     </span>
    </p>
   </div>
   <div class='ocr_carea' id='block_1_3' title="bbox 3626 388 3781 444">
    <p class='ocr_par' dir='ltr' id='par_1_3' title="bbox 3626 388 3781 444">
     <span class='ocr_line' id='line_1_3' title="bbox 3626 388 3781 444; baseline -0.026 -3"><span class='ocrx_word' id='word_1_5' title='bbox 3626 388 3781 444; x_wconf 61' lang='lat'><strong>12%,</strong></span> 
     </span>
    </p>
   </div>
   <div class='ocr_carea' id='block_1_4' title="bbox 520 496 2081 576">
    <p class='ocr_par' dir='ltr' id='par_1_4' title="bbox 520 496 2081 576">
     <span class='ocr_line' id='line_1_4' title="bbox 520 496 2081 576; baseline 0.001 -21"><span class='ocrx_word' id='word_1_6' title='bbox 520 498 692 560; x_wconf 77' lang='grc' dir='ltr'>ἔπειδή</span> <span class='ocrx_word' id='word_1_7' title='bbox 743 496 899 558; x_wconf 78' lang='grc' dir='ltr'>τοῦτο</span> <span class='ocrx_word' id='word_1_8' title='bbox 952 501 1085 571; x_wconf 78' lang='grc' dir='ltr'><strong>ἡμᾶς</strong></span> <span class='ocrx_word' id='word_1_9' title='bbox 1122 498 1301 572; x_wconf 70' lang='grc' dir='ltr'><strong>[ἡμῖν]</strong></span> <span class='ocrx_word' id='word_1_10' title='bbox 1334 503 1361 560; x_wconf 79' lang='grc' dir='ltr'><strong>ό</strong></span> <span class='ocrx_word' id='word_1_11' title='bbox 1395 498 1699 559; x_wconf 73' lang='grc' dir='ltr'>ἀποστολική</span> <span class='ocrx_word' id='word_1_12' title='bbox 1754 504 1837 555; x_wconf 82' lang='grc' dir='ltr'>καὶ</span> <span class='ocrx_word' id='word_1_13' title='bbox 1888 503 2081 576; x_wconf 60' lang='lat' dir='ltr'><strong>trior/7r</strong></span> 
     </span>
    </p>
   </div>
   <div class='ocr_carea' id='block_1_5' title="bbox 2182 496 3767 576">
    <p class='ocr_par' dir='ltr' id='par_1_5' title="bbox 2192 500 3767 575">
     <span class='ocr_line' id='line_1_5' title="bbox 2192 500 3767 575; baseline 0.003 -20"><span class='ocrx_word' id='word_1_14' title='bbox 2192 517 2328 555; x_wconf 88' lang='lat' dir='ltr'><strong>mus.</strong></span> <span class='ocrx_word' id='word_1_15' title='bbox 2362 502 2471 557; x_wconf 82' lang='lat' dir='ltr'><strong>Hoc</strong></span> <span class='ocrx_word' id='word_1_16' title='bbox 2500 500 2647 557; x_wconf 87' lang='lat' dir='ltr'><strong>enim</strong></span> <span class='ocrx_word' id='word_1_17' title='bbox 2674 501 2947 558; x_wconf 82' lang='lat' dir='ltr'><strong>credimus</strong></span> <span class='ocrx_word' id='word_1_18' title='bbox 2970 504 3113 574; x_wconf 85' lang='lat' dir='ltr'><strong>quod</strong></span> <span class='ocrx_word' id='word_1_19' title='bbox 3143 517 3238 575; x_wconf 78' lang='lat' dir='ltr'><strong>per</strong></span> <span class='ocrx_word' id='word_1_20' title='bbox 3266 503 3609 560; x_wconf 90' lang='lat' dir='ltr'><strong>traditionem</strong></span> <span class='ocrx_word' id='word_1_21' title='bbox 3638 524 3767 575; x_wconf 75' lang='lat' dir='ltr'><strong>apo-</strong></span> 
     </span>
    </p>
   </div>
   <div class='ocr_carea' id='block_1_6' title="bbox 518 592 2089 670">
    <p class='ocr_par' dir='ltr' id='par_1_6' title="bbox 518 592 2089 670">
     <span class='ocr_line' id='line_1_6' title="bbox 518 592 2089 670; baseline 0.003 -24"><span class='ocrx_word' id='word_1_22' title='bbox 518 593 623 651; x_wconf 83' lang='grc' dir='ltr'>λικη</span> <span class='ocrx_word' id='word_1_23' title='bbox 674 592 978 670; x_wconf 79' lang='grc' dir='ltr'><strong>παράδοσις,</strong></span> <span class='ocrx_word' id='word_1_24' title='bbox 1001 596 1083 648; x_wconf 84' lang='grc' dir='ltr'>καί</span> <span class='ocrx_word' id='word_1_25' title='bbox 1127 603 1227 648; x_wconf 87' lang='grc' dir='ltr'>τῶν</span> <span class='ocrx_word' id='word_1_26' title='bbox 1258 593 1411 666; x_wconf 81' lang='grc' dir='ltr'>ἀγίων</span> <span class='ocrx_word' id='word_1_27' title='bbox 1453 595 1686 667; x_wconf 86' lang='grc' dir='ltr'>Πατέρων</span> <span class='ocrx_word' id='word_1_28' title='bbox 1716 597 1744 652; x_wconf 73' lang='grc' dir='ltr'>ἡ</span> <span class='ocrx_word' id='word_1_29' title='bbox 1772 594 2089 661; x_wconf 82' lang='grc' dir='ltr'>διδασκαλία,</span> 
     </span>
    </p>
   </div>
   <div class='ocr_carea' id='block_1_7' title="bbox 516 684 2087 757">
    <p class='ocr_par' dir='ltr' id='par_1_7' title="bbox 516 684 2087 757">
     <span class='ocr_line' id='line_1_7' title="bbox 516 684 2087 757; baseline 0.004 -21"><span class='ocrx_word' id='word_1_30' title='bbox 516 684 755 755; x_wconf 74' lang='grc' dir='ltr'>οὕστινας</span> <span class='ocrx_word' id='word_1_31' title='bbox 801 688 832 744; x_wconf 75' lang='grc' dir='ltr'>ἡ</span> <span class='ocrx_word' id='word_1_32' title='bbox 882 685 1001 757; x_wconf 81' lang='grc' dir='ltr'>ἁγία</span> <span class='ocrx_word' id='word_1_33' title='bbox 1048 686 1270 743; x_wconf 77' lang='grc' dir='ltr'>καθολική</span> <span class='ocrx_word' id='word_1_34' title='bbox 1319 687 1403 739; x_wconf 80' lang='grc' dir='ltr'>καί</span> <span class='ocrx_word' id='word_1_35' title='bbox 1464 685 1765 745; x_wconf 80' lang='grc' dir='ltr'>ἀποστολικὴ</span> <span class='ocrx_word' id='word_1_36' title='bbox 1809 685 2087 751; x_wconf 75' lang='grc' dir='ltr'><strong>Ἐκκλησία,</strong></span> 
     </span>
    </p>
   </div>
   <div class='ocr_carea' id='block_1_8' title="bbox 516 774 2089 853">
    <p class='ocr_par' dir='ltr' id='par_1_8' title="bbox 516 774 2089 853">
     <span class='ocr_line' id='line_1_8' title="bbox 516 774 2089 853; baseline 0.004 -25"><span class='ocrx_word' id='word_1_37' title='bbox 516 782 601 831; x_wconf 87' lang='grc' dir='ltr'>καὶ</span> <span class='ocrx_word' id='word_1_38' title='bbox 652 779 703 831; x_wconf 84' lang='grc' dir='ltr'>αἱ</span> <span class='ocrx_word' id='word_1_39' title='bbox 751 779 1030 845; x_wconf 70' lang='grc' dir='ltr'>σεϐάσμιαι</span> <span class='ocrx_word' id='word_1_40' title='bbox 1057 775 1264 831; x_wconf 77' lang='grc' dir='ltr'><strong>σύνοδοι</strong></span> <span class='ocrx_word' id='word_1_41' title='bbox 1289 774 1551 847; x_wconf 82' lang='grc' dir='ltr'>δέχονται,</span> <span class='ocrx_word' id='word_1_42' title='bbox 1578 778 1750 853; x_wconf 89' lang='grc' dir='ltr'>ὁρίσαι</span> <span class='ocrx_word' id='word_1_43' title='bbox 1792 778 2089 835; x_wconf 77' lang='grc' dir='ltr'><strong>δείκνυνται.</strong></span> 
     </span>
    </p>
   </div>
   <div class='ocr_carea' id='block_1_9' title="bbox 513 864 2090 946">
    <p class='ocr_par' dir='ltr' id='par_1_9' title="bbox 513 864 2090 946">
     <span class='ocr_line' id='line_1_9' title="bbox 513 864 2090 946; baseline 0.001 -25"><span class='ocrx_word' id='word_1_44' title='bbox 513 865 589 933; x_wconf 81' lang='grc' dir='ltr'><strong>Ἐξ</strong></span> <span class='ocrx_word' id='word_1_45' title='bbox 637 867 702 921; x_wconf 82' lang='grc' dir='ltr'><strong>ὧν</strong></span> <span class='ocrx_word' id='word_1_46' title='bbox 738 867 1067 924; x_wconf 72' lang='grc' dir='ltr'><strong>διδασκαλιῶν</strong></span> <span class='ocrx_word' id='word_1_47' title='bbox 1109 874 1275 923; x_wconf 80' lang='grc' dir='ltr'>ταῦτα</span> <span class='ocrx_word' id='word_1_48' title='bbox 1319 864 1662 937; x_wconf 72' lang='grc' dir='ltr'><strong>ἀναλεξάμενοι</strong></span> <span class='ocrx_word' id='word_1_49' title='bbox 1703 868 1787 924; x_wconf 75' lang='grc' dir='ltr'><strong>διὰ</strong></span> <span class='ocrx_word' id='word_1_50' title='bbox 1850 870 2090 946; x_wconf 80' lang='grc' dir='ltr'>βραχέων</span> 
     </span>
    </p>
   </div>
   <div class='ocr_carea' id='block_1_10' title="bbox 517 959 2092 1036">
    <p class='ocr_par' dir='ltr' id='par_1_10' title="bbox 517 959 2092 1036">
     <span class='ocr_line' id='line_1_10' title="bbox 517 959 2092 1036; baseline 0.001 -21"><span class='ocrx_word' id='word_1_51' title='bbox 517 962 885 1033; x_wconf 77' lang='grc' dir='ltr'><strong>συνηγάγομεν.</strong></span> <span class='ocrx_word' id='word_1_52' title='bbox 926 968 1085 1015; x_wconf 88' lang='grc' dir='ltr'>Τοῦτο</span> <span class='ocrx_word' id='word_1_53' title='bbox 1128 965 1226 1036; x_wconf 80' lang='grc' dir='ltr'>γὰρ</span> <span class='ocrx_word' id='word_1_54' title='bbox 1268 962 1603 1030; x_wconf 77' lang='grc' dir='ltr'>πιστεύομεν,</span> <span class='ocrx_word' id='word_1_55' title='bbox 1658 959 1781 1036; x_wconf 85' lang='grc' dir='ltr'>ὅπερ</span> <span class='ocrx_word' id='word_1_56' title='bbox 1828 965 1954 1017; x_wconf 83' lang='grc' dir='ltr'><strong>κατά</strong></span> <span class='ocrx_word' id='word_1_57' title='bbox 2001 969 2092 1022; x_wconf 72' lang='grc' dir='ltr'><strong>τήν</strong></span> 
     </span>
    </p>
   </div>
   <div class='ocr_carea' id='block_1_11' title="bbox 515 1052 2085 1130">
    <p class='ocr_par' dir='ltr' id='par_1_11' title="bbox 515 1052 2085 1130">
     <span class='ocr_line' id='line_1_11' title="bbox 515 1052 2085 1130; baseline 0.002 -23"><span class='ocrx_word' id='word_1_58' title='bbox 515 1054 855 1113; x_wconf 73' lang='grc' dir='ltr'>ἀποστολικὴν</span> <span class='ocrx_word' id='word_1_59' title='bbox 902 1052 1189 1127; x_wconf 77' lang='grc' dir='ltr'><strong>παράδοσιν</strong></span> <span class='ocrx_word' id='word_1_60' title='bbox 1242 1054 1605 1127; x_wconf 78' lang='grc' dir='ltr'>παρελάϐομεν,</span> <span class='ocrx_word' id='word_1_61' title='bbox 1639 1054 1836 1115; x_wconf 72' lang='grc' dir='ltr'>ἧστινος</span> <span class='ocrx_word' id='word_1_62' title='bbox 1994 1058 2085 1110; x_wconf 86' lang='grc' dir='ltr'>αύ-</span> 
     </span>
    </p>
   </div>
   <div class='ocr_carea' id='block_1_12' title="bbox 513 1147 2087 1222">
    <p class='ocr_par' dir='ltr' id='par_1_12' title="bbox 513 1147 2087 1222">
     <span class='ocr_line' id='line_1_12' title="bbox 513 1147 2087 1222; baseline 0.005 -25"><span class='ocrx_word' id='word_1_63' title='bbox 513 1147 680 1218; x_wconf 82' lang='grc' dir='ltr'>θεντίᾳ</span> <span class='ocrx_word' id='word_1_64' title='bbox 731 1147 785 1200; x_wconf 73' lang='grc' dir='ltr'><strong>εν</strong></span> <span class='ocrx_word' id='word_1_65' title='bbox 836 1150 998 1202; x_wconf 81' lang='grc' dir='ltr'>πᾶσιν</span> <span class='ocrx_word' id='word_1_66' title='bbox 1051 1148 1288 1218; x_wconf 80' lang='grc' dir='ltr'><strong>ἑπόμεθα·</strong></span> <span class='ocrx_word' id='word_1_67' title='bbox 1360 1152 1419 1203; x_wconf 84' lang='grc' dir='ltr'><strong>τὸ</strong></span> <span class='ocrx_word' id='word_1_68' title='bbox 1475 1152 1600 1204; x_wconf 86' lang='grc' dir='ltr'>αύτὸ</span> <span class='ocrx_word' id='word_1_69' title='bbox 1641 1152 1737 1222; x_wconf 79' lang='grc' dir='ltr'>γὰρ</span> <span class='ocrx_word' id='word_1_70' title='bbox 1784 1154 2087 1222; x_wconf 82' lang='grc' dir='ltr'>γινώσκομεν</span> 
     </span>
    </p>
   </div>
   <div class='ocr_carea' id='block_1_13' title="bbox 512 1237 2088 1316">
    <p class='ocr_par' dir='ltr' id='par_1_13' title="bbox 512 1237 2088 1316">
     <span class='ocr_line' id='line_1_13' title="bbox 512 1237 2088 1316; baseline 0.005 -29"><span class='ocrx_word' id='word_1_71' title='bbox 512 1240 592 1289; x_wconf 84' lang='grc' dir='ltr'><strong>καὶ</strong></span> <span class='ocrx_word' id='word_1_72' title='bbox 640 1238 759 1296; x_wconf 86' lang='grc' dir='ltr'>τούς</span> <span class='ocrx_word' id='word_1_73' title='bbox 804 1237 928 1312; x_wconf 83' lang='grc' dir='ltr'>παρ’</span> <span class='ocrx_word' id='word_1_74' title='bbox 960 1240 1118 1298; x_wconf 76' lang='grc' dir='ltr'><strong>αὐτῆς</strong></span> <span class='ocrx_word' id='word_1_75' title='bbox 1161 1241 1514 1301; x_wconf 80' lang='grc' dir='ltr'><strong>καταστάντας</strong></span> <span class='ocrx_word' id='word_1_76' title='bbox 1557 1243 1677 1301; x_wconf 84' lang='grc' dir='ltr'>τούς</span> <span class='ocrx_word' id='word_1_77' title='bbox 1728 1244 2088 1316; x_wconf 71' lang='grc' dir='ltr'>προηγησαμέ-</span> 
     </span>
    </p>
   </div>
   <div class='ocr_carea' id='block_1_14' title="bbox 510 1327 2086 1411">
    <p class='ocr_par' dir='ltr' id='par_1_14' title="bbox 510 1327 2086 1411">
     <span class='ocr_line' id='line_1_14' title="bbox 510 1327 2086 1411; baseline 0.006 -31"><span class='ocrx_word' id='word_1_78' title='bbox 510 1346 623 1387; x_wconf 87' lang='grc' dir='ltr'>νους</span> <span class='ocrx_word' id='word_1_79' title='bbox 675 1328 797 1399; x_wconf 85' lang='grc' dir='ltr'>[καί</span> <span class='ocrx_word' id='word_1_80' title='bbox 842 1327 1180 1400; x_wconf 75' lang='grc' dir='ltr'><strong>διδαχθέντας</strong></span> <span class='ocrx_word' id='word_1_81' title='bbox 1230 1332 1356 1407; x_wconf 81' lang='grc' dir='ltr'>παρ’</span> <span class='ocrx_word' id='word_1_82' title='bbox 1378 1336 1532 1394; x_wconf 75' lang='grc' dir='ltr'>αὐτῆς</span> <span class='ocrx_word' id='word_1_83' title='bbox 1588 1338 1705 1395; x_wconf 81' lang='grc' dir='ltr'>τοὺς</span> <span class='ocrx_word' id='word_1_84' title='bbox 1768 1356 1951 1411; x_wconf 82' lang='grc' dir='ltr'>προη.,</span> <span class='ocrx_word' id='word_1_85' title='bbox 1992 1334 2086 1406; x_wconf 70' lang='grc' dir='ltr'><strong>1η]</strong></span> 
     </span>
    </p>
   </div>
   <div class='ocr_carea' id='block_1_15' title="bbox 512 1421 2087 1501">
    <p class='ocr_par' dir='ltr' id='par_1_15' title="bbox 512 1421 2087 1501">
     <span class='ocr_line' id='line_1_15' title="bbox 512 1421 2087 1501; baseline 0.008 -29"><span class='ocrx_word' id='word_1_86' title='bbox 512 1423 601 1476; x_wconf 73' lang='grc' dir='ltr'>τήν</span> <span class='ocrx_word' id='word_1_87' title='bbox 643 1421 886 1497; x_wconf 72' lang='grc' dir='ltr'>ἡμετέραν</span> <span class='ocrx_word' id='word_1_88' title='bbox 943 1424 1270 1497; x_wconf 83' lang='grc' dir='ltr'>μετριότητα,</span> <span class='ocrx_word' id='word_1_89' title='bbox 1318 1426 1377 1484; x_wconf 76' lang='grc' dir='ltr'><strong>ἣν</strong></span> <span class='ocrx_word' id='word_1_90' title='bbox 1424 1430 1510 1480; x_wconf 80' lang='grc' dir='ltr'><strong>καί</strong></span> <span class='ocrx_word' id='word_1_91' title='bbox 1554 1428 1716 1501; x_wconf 77' lang='grc' dir='ltr'>μέχρι</span> <span class='ocrx_word' id='word_1_92' title='bbox 1772 1431 1945 1489; x_wconf 79' lang='grc' dir='ltr'>τέλους</span> <span class='ocrx_word' id='word_1_93' title='bbox 1988 1453 2087 1484; x_wconf 84' lang='grc' dir='ltr'>πα-</span> 
     </span>
    </p>
   </div>
   <div class='ocr_carea' id='block_1_16' title="bbox 510 1510 2085 1593">
    <p class='ocr_par' dir='ltr' id='par_1_16' title="bbox 510 1510 2085 1593">
     <span class='ocr_line' id='line_1_16' title="bbox 510 1510 2085 1593; baseline 0.008 -30"><span class='ocrx_word' id='word_1_94' title='bbox 510 1510 891 1583; x_wconf 81' lang='grc' dir='ltr'>ραφυλαχθῆναι</span> <span class='ocrx_word' id='word_1_95' title='bbox 958 1515 1071 1586; x_wconf 70' lang='grc' dir='ltr'>ἡμῖν</span> <span class='ocrx_word' id='word_1_96' title='bbox 1145 1516 1242 1571; x_wconf 74' lang='grc' dir='ltr'>εἷ’τε</span> <span class='ocrx_word' id='word_1_97' title='bbox 1307 1517 1353 1569; x_wconf 67' lang='grc' dir='ltr'>ἐν</span> <span class='ocrx_word' id='word_1_98' title='bbox 1416 1522 1520 1590; x_wconf 81' lang='grc' dir='ltr'><strong>ζωῇ</strong></span> <span class='ocrx_word' id='word_1_99' title='bbox 1544 1559 1561 1585; x_wconf 88' lang='grc'><strong>,</strong></span> <span class='ocrx_word' id='word_1_100' title='bbox 1618 1516 1715 1573; x_wconf 79' lang='grc' dir='ltr'>εἴτε</span> <span class='ocrx_word' id='word_1_101' title='bbox 1776 1522 1826 1573; x_wconf 78' lang='grc' dir='ltr'><strong>ἐν</strong></span> <span class='ocrx_word' id='word_1_102' title='bbox 1888 1522 2085 1593; x_wconf 81' lang='grc' dir='ltr'><strong>θανάτῳ</strong></span> 
     </span>
    </p>
   </div>
   <div class='ocr_carea' id='block_1_17' title="bbox 510 1600 2088 1686">
    <p class='ocr_par' dir='ltr' id='par_1_17' title="bbox 510 1600 2088 1686">
     <span class='ocr_line' id='line_1_17' title="bbox 510 1600 2088 1686; baseline 0.008 -31"><span class='ocrx_word' id='word_1_103' title='bbox 510 1600 784 1673; x_wconf 82' lang='grc' dir='ltr'>εὐχόμεθα.</span> <span class='ocrx_word' id='word_1_104' title='bbox 847 1612 1037 1662; x_wconf 87' lang='grc' dir='ltr'>Τοῦτον</span> <span class='ocrx_word' id='word_1_105' title='bbox 1090 1614 1356 1683; x_wconf 76' lang='grc' dir='ltr'><strong>τοιγαροῦν</strong></span> <span class='ocrx_word' id='word_1_106' title='bbox 1414 1618 1506 1669; x_wconf 80' lang='grc' dir='ltr'>τῆς</span> <span class='ocrx_word' id='word_1_107' title='bbox 1568 1612 1793 1686; x_wconf 82' lang='grc' dir='ltr'>καθαρᾶς</span> <span class='ocrx_word' id='word_1_108' title='bbox 1834 1614 2088 1676; x_wconf 76' lang='grc' dir='ltr'>καθολικῆς</span> 
     </span>
    </p>
   </div>
   <div class='ocr_carea' id='block_1_18' title="bbox 506 1694 2086 1774">
    <p class='ocr_par' dir='ltr' id='par_1_18' title="bbox 506 1694 2086 1774">
     <span class='ocr_line' id='line_1_18' title="bbox 506 1694 2086 1774; baseline 0.009 -30"><span class='ocrx_word' id='word_1_109' title='bbox 506 1694 592 1745; x_wconf 80' lang='grc' dir='ltr'><strong>καὶ</strong></span> <span class='ocrx_word' id='word_1_110' title='bbox 644 1694 984 1757; x_wconf 85' lang='grc' dir='ltr'>ἀποστολικῆς</span> <span class='ocrx_word' id='word_1_111' title='bbox 1043 1696 1306 1771; x_wconf 79' lang='grc' dir='ltr'>ὁμολογίας</span> <span class='ocrx_word' id='word_1_112' title='bbox 1367 1700 1450 1754; x_wconf 88' lang='grc' dir='ltr'>τόν</span> <span class='ocrx_word' id='word_1_113' title='bbox 1512 1703 1691 1756; x_wconf 64' lang='lat' dir='ltr'><strong>aer/v6.0:</strong></span> <span class='ocrx_word' id='word_1_114' title='bbox 1746 1706 1827 1756; x_wconf 82' lang='grc' dir='ltr'><strong>καί</strong></span> <span class='ocrx_word' id='word_1_115' title='bbox 1882 1706 1911 1761; x_wconf 78' lang='grc' dir='ltr'><em>ἡ</em></span> <span class='ocrx_word' id='word_1_116' title='bbox 1966 1704 2086 1774; x_wconf 82' lang='grc' dir='ltr'>ἁγία</span> 
     </span>
    </p>
   </div>
   <div class='ocr_carea' id='block_1_19' title="bbox 506 1781 2081 1866">
    <p class='ocr_par' dir='ltr' id='par_1_19' title="bbox 506 1781 2081 1866">
     <span class='ocr_line' id='line_1_19' title="bbox 506 1781 2081 1866; baseline 0.008 -31"><span class='ocrx_word' id='word_1_117' title='bbox 506 1781 753 1847; x_wconf 76' lang='grc' dir='ltr'>σύνοδος,</span> <span class='ocrx_word' id='word_1_118' title='bbox 808 1786 917 1845; x_wconf 80' lang='grc' dir='ltr'>ἥτις</span> <span class='ocrx_word' id='word_1_119' title='bbox 972 1787 1020 1839; x_wconf 74' lang='grc' dir='ltr'>ἕν</span> <span class='ocrx_word' id='word_1_120' title='bbox 1076 1784 1237 1859; x_wconf 77' lang='grc' dir='ltr'>ταύτῃ</span> <span class='ocrx_word' id='word_1_121' title='bbox 1302 1797 1364 1864; x_wconf 79' lang='grc' dir='ltr'>τῇ</span> <span class='ocrx_word' id='word_1_122' title='bbox 1426 1788 1625 1864; x_wconf 68' lang='grc' dir='ltr'>δουλικῇ</span> <span class='ocrx_word' id='word_1_123' title='bbox 1688 1789 1778 1847; x_wconf 76' lang='grc' dir='ltr'><strong>τοῦ</strong></span> <span class='ocrx_word' id='word_1_124' title='bbox 1836 1796 2081 1866; x_wconf 74' lang='grc' dir='ltr'><strong>ὑμετέρου</strong></span> 
     </span>
    </p>
   </div>
   <div class='ocr_carea' id='block_1_20' title="bbox 502 1880 2086 1953">
    <p class='ocr_par' dir='ltr' id='par_1_20' title="bbox 502 1880 2086 1953">
     <span class='ocr_line' id='line_1_20' title="bbox 502 1880 2086 1953; baseline 0.01 -27"><span class='ocrx_word' id='word_1_125' title='bbox 502 1880 993 1945; x_wconf 82' lang='grc' dir='ltr'>Χριστιανικωτάτου</span> <span class='ocrx_word' id='word_1_126' title='bbox 1061 1882 1275 1953; x_wconf 77' lang='grc' dir='ltr'><strong>κράτους</strong></span> <span class='ocrx_word' id='word_1_127' title='bbox 1329 1888 1429 1936; x_wconf 86' lang='grc' dir='ltr'>τῶν</span> <span class='ocrx_word' id='word_1_128' title='bbox 1470 1880 1725 1953; x_wconf 71' lang='grc' dir='ltr'>Ῥωμαίων</span> <span class='ocrx_word' id='word_1_129' title='bbox 1787 1887 1925 1941; x_wconf 69' lang='grc' dir='ltr'>πόλει</span> <span class='ocrx_word' id='word_1_130' title='bbox 2002 1888 2086 1942; x_wconf 78' lang='grc' dir='ltr'><strong>έπί</strong></span> 
     </span>
    </p>
   </div>
   <div class='ocr_carea' id='block_1_21' title="bbox 501 1967 2087 2048">
    <p class='ocr_par' dir='ltr' id='par_1_21' title="bbox 501 1967 2087 2048">
     <span class='ocr_line' id='line_1_21' title="bbox 501 1967 2087 2048; baseline 0.009 -31"><span class='ocrx_word' id='word_1_131' title='bbox 501 1971 592 2018; x_wconf 88' lang='grc' dir='ltr'><strong>τοῦ</strong></span> <span class='ocrx_word' id='word_1_132' title='bbox 657 1974 751 2025; x_wconf 80' lang='grc' dir='ltr'><strong>τῆς</strong></span> <span class='ocrx_word' id='word_1_133' title='bbox 799 1967 1144 2030; x_wconf 75' lang='grc' dir='ltr'>ἀποστολικής</span> <span class='ocrx_word' id='word_1_134' title='bbox 1209 1975 1407 2043; x_wconf 79' lang='grc' dir='ltr'><strong>μνήμης</strong></span> <span class='ocrx_word' id='word_1_135' title='bbox 1472 1978 1726 2048; x_wconf 80' lang='grc' dir='ltr'>Μαρτίνου</span> <span class='ocrx_word' id='word_1_136' title='bbox 1782 1981 1875 2029; x_wconf 87' lang='grc' dir='ltr'><strong>τοῦ</strong></span> <span class='ocrx_word' id='word_1_137' title='bbox 1934 1978 2087 2031; x_wconf 84' lang='grc' dir='ltr'><strong>πάπα</strong></span> 
     </span>
    </p>
   </div>
   <div class='ocr_carea' id='block_1_22' title="bbox 504 2056 2088 2137">
    <p class='ocr_par' dir='ltr' id='par_1_22' title="bbox 504 2056 2088 2137">
     <span class='ocr_line' id='line_1_22' title="bbox 504 2056 2088 2137; baseline 0.01 -29"><span class='ocrx_word' id='word_1_138' title='bbox 504 2056 737 2120; x_wconf 81' lang='grc' dir='ltr'>συνῆλθε,</span> <span class='ocrx_word' id='word_1_139' title='bbox 787 2058 1062 2121; x_wconf 84' lang='grc' dir='ltr'>συνοδικῶς</span> <span class='ocrx_word' id='word_1_140' title='bbox 1113 2064 1321 2137; x_wconf 82' lang='grc' dir='ltr'>κηρύξαι</span> <span class='ocrx_word' id='word_1_141' title='bbox 1346 2106 1359 2129; x_wconf 89' lang='grc'><strong>,</strong></span> <span class='ocrx_word' id='word_1_142' title='bbox 1404 2068 1490 2118; x_wconf 82' lang='grc' dir='ltr'><strong>καί</strong></span> <span class='ocrx_word' id='word_1_143' title='bbox 1535 2074 1859 2127; x_wconf 81' lang='grc' dir='ltr'>συστατικῶς</span> <span class='ocrx_word' id='word_1_144' title='bbox 1906 2066 2088 2123; x_wconf 86' lang='grc' dir='ltr'>διεκδι-</span> 
     </span>
    </p>
   </div>
   <div class='ocr_carea' id='block_1_23' title="bbox 504 2148 2082 2226">
    <p class='ocr_par' dir='ltr' id='par_1_23' title="bbox 504 2148 2082 2226">
     <span class='ocr_line' id='line_1_23' title="bbox 504 2148 2082 2226; baseline 0.01 -28"><span class='ocrx_word' id='word_1_145' title='bbox 504 2155 681 2211; x_wconf 79' lang='grc' dir='ltr'>κῆσαι,</span> <span class='ocrx_word' id='word_1_146' title='bbox 730 2148 922 2210; x_wconf 79' lang='grc' dir='ltr'>πάντες</span> <span class='ocrx_word' id='word_1_147' title='bbox 970 2154 1131 2221; x_wconf 77' lang='grc' dir='ltr'>ἡμεῖς,</span> <span class='ocrx_word' id='word_1_148' title='bbox 1177 2151 1517 2213; x_wconf 72' lang='grc' dir='ltr'>ὁστισδηποτε</span> <span class='ocrx_word' id='word_1_149' title='bbox 1564 2155 1881 2216; x_wconf 74' lang='grc' dir='ltr'><strong>ὁπουδήποτε</strong></span> <span class='ocrx_word' id='word_1_150' title='bbox 1934 2157 2082 2226; x_wconf 76' lang='grc' dir='ltr'>ἦσαν,</span> 
     </span>
    </p>
   </div>
   <div class='ocr_carea' id='block_1_24' title="bbox 502 2240 2086 2325">
    <p class='ocr_par' dir='ltr' id='par_1_24' title="bbox 502 2240 2086 2325">
     <span class='ocr_line' id='line_1_24' title="bbox 502 2240 2086 2325; baseline 0.01 -35"><span class='ocrx_word' id='word_1_151' title='bbox 502 2240 549 2291; x_wconf 89' lang='grc' dir='ltr'><strong>οί</strong></span> <span class='ocrx_word' id='word_1_152' title='bbox 604 2240 878 2309; x_wconf 76' lang='grc' dir='ltr'>ἑλὰχιστοι</span> <span class='ocrx_word' id='word_1_153' title='bbox 930 2250 1028 2296; x_wconf 86' lang='grc' dir='ltr'>τῶν</span> <span class='ocrx_word' id='word_1_154' title='bbox 1083 2244 1384 2303; x_wconf 78' lang='grc' dir='ltr'>Ἐκγλησιῶν</span> <span class='ocrx_word' id='word_1_155' title='bbox 1422 2254 1511 2301; x_wconf 87' lang='grc' dir='ltr'><strong>τοῦ</strong></span> <span class='ocrx_word' id='word_1_156' title='bbox 1569 2257 1792 2323; x_wconf 81' lang='grc' dir='ltr'>Χριστοῦ</span> <span class='ocrx_word' id='word_1_157' title='bbox 1845 2250 2086 2325; x_wconf 79' lang='grc' dir='ltr'>πρόεδροι</span> 
     </span>
    </p>
   </div>
   <div class='ocr_carea' id='block_1_25' title="bbox 502 2333 2086 2415">
    <p class='ocr_par' dir='ltr' id='par_1_25' title="bbox 502 2333 2086 2415">
     <span class='ocr_line' id='line_1_25' title="bbox 502 2333 2086 2415; baseline 0.007 -29"><span class='ocrx_word' id='word_1_158' title='bbox 502 2334 809 2405; x_wconf 69' lang='grc' dir='ltr'>ἕπέγνωμενσ</span> <span class='ocrx_word' id='word_1_159' title='bbox 867 2334 919 2390; x_wconf 83' lang='grc' dir='ltr'><strong>ἐν</strong></span> <span class='ocrx_word' id='word_1_160' title='bbox 1036 2340 1121 2390; x_wconf 81' lang='grc' dir='ltr'>καί</span> <span class='ocrx_word' id='word_1_161' title='bbox 1158 2338 1203 2390; x_wconf 90' lang='grc' dir='ltr'>οί</span> <span class='ocrx_word' id='word_1_162' title='bbox 1244 2341 1653 2415; x_wconf 82' lang='grc' dir='ltr'>προηγησάμενοι</span> <span class='ocrx_word' id='word_1_163' title='bbox 1698 2352 1787 2400; x_wconf 66' lang='grc' dir='ltr'><strong>τήν</strong></span> <span class='ocrx_word' id='word_1_164' title='bbox 1834 2343 2086 2413; x_wconf 73' lang='grc' dir='ltr'><strong>ὑμετέραν</strong></span> 
     </span>
    </p>
   </div>
   <div class='ocr_carea' id='block_1_26' title="bbox 502 2425 2081 2505">
    <p class='ocr_par' dir='ltr' id='par_1_26' title="bbox 502 2425 2081 2505">
     <span class='ocr_line' id='line_1_26' title="bbox 502 2425 2081 2505; baseline 0.006 -26"><span class='ocrx_word' id='word_1_165' title='bbox 502 2425 770 2497; x_wconf 77' lang='grc' dir='ltr'><strong>ὀλιγότητα</strong></span> <span class='ocrx_word' id='word_1_166' title='bbox 833 2428 1155 2489; x_wconf 74' lang='grc' dir='ltr'><strong>συνελθόντες</strong></span> <span class='ocrx_word' id='word_1_167' title='bbox 1216 2436 1306 2488; x_wconf 80' lang='grc' dir='ltr'><strong>την</strong></span> <span class='ocrx_word' id='word_1_168' title='bbox 1366 2432 1706 2493; x_wconf 75' lang='grc' dir='ltr'>ἀποστολικην</span> <span class='ocrx_word' id='word_1_169' title='bbox 1775 2432 2041 2505; x_wconf 76' lang='grc' dir='ltr'>ὁμολογίαν</span> <span class='ocrx_word' id='word_1_170' title='bbox 2067 2474 2081 2498; x_wconf 84' lang='grc'><strong>,</strong></span> 
     </span>
    </p>
   </div>
   <div class='ocr_carea' id='block_1_27' title="bbox 500 2517 2086 2596">
    <p class='ocr_par' dir='ltr' id='par_1_27' title="bbox 500 2517 2086 2596">
     <span class='ocr_line' id='line_1_27' title="bbox 500 2517 2086 2596; baseline 0.008 -29"><span class='ocrx_word' id='word_1_171' title='bbox 500 2517 559 2574; x_wconf 77' lang='grc' dir='ltr'><strong>ἢν</strong></span> <span class='ocrx_word' id='word_1_172' title='bbox 587 2517 635 2580; x_wconf 76' lang='grc' dir='ltr'><strong>ἐξ</strong></span> <span class='ocrx_word' id='word_1_173' title='bbox 682 2519 855 2587; x_wconf 74' lang='grc' dir='ltr'>ἀρχῆς</span> <span class='ocrx_word' id='word_1_174' title='bbox 895 2519 1203 2589; x_wconf 70' lang='grc' dir='ltr'>παρέλαϐον.</span> <span class='ocrx_word' id='word_1_175' title='bbox 1237 2525 1320 2575; x_wconf 86' lang='grc' dir='ltr'>καί</span> <span class='ocrx_word' id='word_1_176' title='bbox 1364 2520 1607 2596; x_wconf 83' lang='grc' dir='ltr'>συνοδικῷ</span> <span class='ocrx_word' id='word_1_177' title='bbox 1645 2526 1935 2596; x_wconf 75' lang='grc' dir='ltr'><strong>κηρύγματι</strong></span> <span class='ocrx_word' id='word_1_178' title='bbox 1974 2529 2086 2585; x_wconf 77' lang='grc' dir='ltr'><strong>ἐκή-</strong></span> 
     </span>
    </p>
   </div>
   <div class='ocr_carea' id='block_1_28' title="bbox 497 2608 2084 2684">
    <p class='ocr_par' dir='ltr' id='par_1_28' title="bbox 497 2608 2084 2684">
     <span class='ocr_line' id='line_1_28' title="bbox 497 2608 2084 2684; baseline 0.006 -24"><span class='ocrx_word' id='word_1_179' title='bbox 497 2608 694 2679; x_wconf 84' lang='grc' dir='ltr'>ρυξαν,</span> <span class='ocrx_word' id='word_1_180' title='bbox 744 2612 825 2664; x_wconf 85' lang='grc' dir='ltr'><strong>καὶ</strong></span> <span class='ocrx_word' id='word_1_181' title='bbox 890 2614 1055 2684; x_wconf 87' lang='grc' dir='ltr'>χωρίς</span> <span class='ocrx_word' id='word_1_182' title='bbox 1117 2610 1429 2671; x_wconf 81' lang='grc' dir='ltr'>οίασδηποτε</span> <span class='ocrx_word' id='word_1_183' title='bbox 1500 2619 1820 2684; x_wconf 60' lang='grc' dir='ltr'>καινοτομίας</span> <span class='ocrx_word' id='word_1_184' title='bbox 1893 2618 2084 2679; x_wconf 81' lang='grc' dir='ltr'><strong>πλάνης</strong></span> 
     </span>
    </p>
   </div>
   <div class='ocr_carea' id='block_1_29' title="bbox 495 2702 2080 2784">
    <p class='ocr_par' dir='ltr' id='par_1_29' title="bbox 495 2702 2080 2784">
     <span class='ocr_line' id='line_1_29' title="bbox 495 2702 2080 2784; baseline 0.004 -28"><span class='ocrx_word' id='word_1_185' title='bbox 495 2702 849 2775; x_wconf 69' lang='grc' dir='ltr'>ἀναμφιϐόλως</span> <span class='ocrx_word' id='word_1_186' title='bbox 884 2706 1095 2779; x_wconf 81' lang='grc' dir='ltr'>ὥρισαν.</span> <span class='ocrx_word' id='word_1_187' title='bbox 1135 2710 1307 2761; x_wconf 82' lang='grc' dir='ltr'>Τοίνυν</span> <span class='ocrx_word' id='word_1_188' title='bbox 1361 2716 1453 2769; x_wconf 77' lang='grc' dir='ltr'>τῆς</span> <span class='ocrx_word' id='word_1_189' title='bbox 1511 2710 1773 2772; x_wconf 77' lang='grc' dir='ltr'>εὐσεϐείας</span> <span class='ocrx_word' id='word_1_190' title='bbox 1810 2719 1884 2784; x_wconf 81' lang='grc' dir='ltr'><strong>τῷ</strong></span> <span class='ocrx_word' id='word_1_191' title='bbox 1928 2712 2080 2780; x_wconf 72' lang='grc' dir='ltr'>ζήλῳ,</span> 
     </span>
    </p>
   </div>
   <div class='ocr_carea' id='block_1_30' title="bbox 496 2796 2083 2874">
    <p class='ocr_par' dir='ltr' id='par_1_30' title="bbox 496 2796 2083 2874">
     <span class='ocr_line' id='line_1_30' title="bbox 496 2796 2083 2874; baseline 0.008 -27"><span class='ocrx_word' id='word_1_192' title='bbox 496 2799 577 2849; x_wconf 87' lang='grc' dir='ltr'>καί</span> <span class='ocrx_word' id='word_1_193' title='bbox 632 2803 705 2868; x_wconf 84' lang='grc' dir='ltr'><strong>τῷ</strong></span> <span class='ocrx_word' id='word_1_194' title='bbox 751 2796 890 2866; x_wconf 85' lang='grc' dir='ltr'>πόθῳ</span> <span class='ocrx_word' id='word_1_195' title='bbox 936 2805 1027 2857; x_wconf 79' lang='grc' dir='ltr'><strong>τῆς</strong></span> <span class='ocrx_word' id='word_1_196' title='bbox 1075 2798 1409 2861; x_wconf 81' lang='grc' dir='ltr'>ἀποστολικῆς</span> <span class='ocrx_word' id='word_1_197' title='bbox 1461 2799 1728 2874; x_wconf 76' lang='grc' dir='ltr'>ὁμολογίας</span> <span class='ocrx_word' id='word_1_198' title='bbox 1780 2804 1810 2861; x_wconf 78' lang='grc' dir='ltr'>ἡ</span> <span class='ocrx_word' id='word_1_199' title='bbox 1862 2804 2083 2874; x_wconf 80' lang='grc' dir='ltr'><strong>εὐμένεια</strong></span> 
     </span>
    </p>
   </div>
   <div class='ocr_carea' id='block_1_31' title="bbox 492 2888 2080 2966">
    <p class='ocr_par' dir='ltr' id='par_1_31' title="bbox 492 2888 2080 2966">
     <span class='ocr_line' id='line_1_31' title="bbox 492 2888 2080 2966; baseline 0.005 -25"><span class='ocrx_word' id='word_1_200' title='bbox 492 2895 585 2946; x_wconf 81' lang='grc' dir='ltr'><strong>τῆς</strong></span> <span class='ocrx_word' id='word_1_201' title='bbox 636 2888 887 2960; x_wconf 74' lang='grc' dir='ltr'>ὑμετέρας</span> <span class='ocrx_word' id='word_1_202' title='bbox 933 2890 1268 2960; x_wconf 85' lang='grc' dir='ltr'>γαληνότητος</span> <span class='ocrx_word' id='word_1_203' title='bbox 1323 2896 1577 2951; x_wconf 77' lang='grc' dir='ltr'>κινηθεῖσα</span> <span class='ocrx_word' id='word_1_204' title='bbox 1623 2894 1707 2949; x_wconf 75' lang='grc' dir='ltr'><strong>ἐπὶ</strong></span> <span class='ocrx_word' id='word_1_205' title='bbox 1760 2894 1906 2949; x_wconf 83' lang='grc' dir='ltr'>πλέον</span> <span class='ocrx_word' id='word_1_206' title='bbox 1954 2895 2080 2966; x_wconf 87' lang='grc' dir='ltr'>λαμ-</span> 
     </span>
    </p>
   </div>
   <div class='ocr_carea' id='block_1_32' title="bbox 494 2982 2083 3057">
    <p class='ocr_par' dir='ltr' id='par_1_32' title="bbox 494 2982 2083 3057">
     <span class='ocr_line' id='line_1_32' title="bbox 494 2982 2083 3057; baseline 0.004 -24"><span class='ocrx_word' id='word_1_207' title='bbox 494 2984 685 3053; x_wconf 84' lang='grc' dir='ltr'>πρῦναι</span> <span class='ocrx_word' id='word_1_208' title='bbox 732 2982 945 3041; x_wconf 86' lang='grc' dir='ltr'>ταύτην,</span> <span class='ocrx_word' id='word_1_209' title='bbox 992 2982 1077 3035; x_wconf 86' lang='grc' dir='ltr'>’ἱνα</span> <span class='ocrx_word' id='word_1_210' title='bbox 1109 2990 1172 3056; x_wconf 75' lang='grc' dir='ltr'>τῇ</span> <span class='ocrx_word' id='word_1_211' title='bbox 1207 2983 1444 3057; x_wconf 79' lang='grc' dir='ltr'>βασιλικῇ</span> <span class='ocrx_word' id='word_1_212' title='bbox 1483 2983 1659 3054; x_wconf 74' lang='grc' dir='ltr'>θαλψει</span> <span class='ocrx_word' id='word_1_213' title='bbox 1716 2984 1842 3039; x_wconf 88' lang='grc' dir='ltr'>πολύ</span> <span class='ocrx_word' id='word_1_214' title='bbox 1892 2986 2083 3055; x_wconf 81' lang='grc' dir='ltr'>μᾶλλον</span> 
     </span>
    </p>
   </div>
   <div class='ocr_carea' id='block_1_33' title="bbox 496 3069 2080 3148">
    <p class='ocr_par' dir='ltr' id='par_1_33' title="bbox 496 3069 2080 3148">
     <span class='ocr_line' id='line_1_33' title="bbox 496 3069 2080 3148; baseline 0.008 -25"><span class='ocrx_word' id='word_1_215' title='bbox 496 3069 835 3147; x_wconf 65' lang='grc' dir='ltr'>ἐξαστράψαι,</span> <span class='ocrx_word' id='word_1_216' title='bbox 876 3074 1158 3146; x_wconf 82' lang='grc' dir='ltr'>ἀποκαμεῖν</span> <span class='ocrx_word' id='word_1_217' title='bbox 1209 3078 1462 3148; x_wconf 76' lang='grc' dir='ltr'>φροντίση³</span> <span class='ocrx_word' id='word_1_218' title='bbox 1523 3075 1581 3137; x_wconf 79' lang='grc' dir='ltr'>ἧς</span> <span class='ocrx_word' id='word_1_219' title='bbox 1624 3079 1654 3137; x_wconf 79' lang='grc' dir='ltr'>ἡ</span> <span class='ocrx_word' id='word_1_220' title='bbox 1696 3080 1847 3148; x_wconf 80' lang='grc' dir='ltr'>εύχη,</span> <span class='ocrx_word' id='word_1_221' title='bbox 1907 3080 2080 3141; x_wconf 67' lang='grc' dir='ltr'>ἔπειδή</span> 
     </span>
    </p>
   </div>
   <div class='ocr_carea' id='block_1_34' title="bbox 2191 596 3764 667">
    <p class='ocr_par' dir='ltr' id='par_1_34' title="bbox 2191 596 3764 667">
     <span class='ocr_line' id='line_1_34' title="bbox 2191 596 3764 667; baseline 0.004 -19"><span class='ocrx_word' id='word_1_222' title='bbox 2191 596 2437 650; x_wconf 85' lang='lat' dir='ltr'><strong>stolicanr</strong></span> <span class='ocrx_word' id='word_1_223' title='bbox 2460 597 2763 664; x_wconf 80' lang='lat' dir='ltr'><strong>accepimus</strong></span> <span class='ocrx_word' id='word_1_224' title='bbox 2782 637 2798 662; x_wconf 91' lang='lat'><strong>,</strong></span> <span class='ocrx_word' id='word_1_225' title='bbox 2826 598 2978 667; x_wconf 86' lang='lat' dir='ltr'><strong>cujus</strong></span> <span class='ocrx_word' id='word_1_226' title='bbox 3004 600 3372 655; x_wconf 65' lang='lat' dir='ltr'><strong>auctoritatem</strong></span> <span class='ocrx_word' id='word_1_227' title='bbox 3410 601 3463 654; x_wconf 91' lang='lat' dir='ltr'><strong>in</strong></span> <span class='ocrx_word' id='word_1_228' title='bbox 3513 602 3764 655; x_wconf 87' lang='lat' dir='ltr'><strong>omnibus</strong></span> 
     </span>
    </p>
   </div>
   <div class='ocr_carea' id='block_1_35' title="bbox 2191 691 3767 761">
    <p class='ocr_par' dir='ltr' id='par_1_35' title="bbox 2191 691 3767 761">
     <span class='ocr_line' id='line_1_35' title="bbox 2191 691 3767 761; baseline 0.004 -19"><span class='ocrx_word' id='word_1_229' title='bbox 2191 691 2501 757; x_wconf 74' lang='lat' dir='ltr'><strong>sequimur:</strong></span> <span class='ocrx_word' id='word_1_230' title='bbox 2552 704 2581 744; x_wconf 91' lang='lat' dir='ltr'><strong>a</strong></span> <span class='ocrx_word' id='word_1_231' title='bbox 2626 705 2728 759; x_wconf 80' lang='lat' dir='ltr'><strong>qua</strong></span> <span class='ocrx_word' id='word_1_232' title='bbox 2776 698 2832 745; x_wconf 88' lang='lat' dir='ltr'><strong>et</strong></span> <span class='ocrx_word' id='word_1_233' title='bbox 2875 691 3147 745; x_wconf 88' lang='lat' dir='ltr'><strong>institutos</strong></span> <span class='ocrx_word' id='word_1_234' title='bbox 3192 693 3293 746; x_wconf 90' lang='lat' dir='ltr'><strong>hoc</strong></span> <span class='ocrx_word' id='word_1_235' title='bbox 3340 693 3512 761; x_wconf 87' lang='lat' dir='ltr'><strong>ipsum</strong></span> <span class='ocrx_word' id='word_1_236' title='bbox 3566 704 3767 749; x_wconf 76' lang='lat' dir='ltr'><strong>nostra:</strong></span> 
     </span>
    </p>
   </div>
   <div class='ocr_carea' id='block_1_36' title="bbox 2192 780 3768 856">
    <p class='ocr_par' dir='ltr' id='par_1_36' title="bbox 2192 780 3768 856">
     <span class='ocr_line' id='line_1_36' title="bbox 2192 780 3768 856; baseline 0.006 -24"><span class='ocrx_word' id='word_1_237' title='bbox 2192 780 2503 833; x_wconf 79' lang='lat' dir='ltr'><strong>humilitatis</strong></span> <span class='ocrx_word' id='word_1_238' title='bbox 2554 781 2975 848; x_wconf 57' lang='lat' dir='ltr'><strong>praedecessor”</strong></span> <span class='ocrx_word' id='word_1_239' title='bbox 3041 784 3429 852; x_wconf 72' lang='lat' dir='ltr'><strong>cognovimus,</strong></span> <span class='ocrx_word' id='word_1_240' title='bbox 3482 801 3647 856; x_wconf 86' lang='lat' dir='ltr'><strong>quam</strong></span> <span class='ocrx_word' id='word_1_241' title='bbox 3714 797 3768 841; x_wconf 87' lang='lat' dir='ltr'><strong>et</strong></span> 
     </span>
    </p>
   </div>
   <div class='ocr_carea' id='block_1_37' title="bbox 2192 870 3769 944">
    <p class='ocr_par' dir='ltr' id='par_1_37' title="bbox 2192 870 3769 944">
     <span class='ocr_line' id='line_1_37' title="bbox 2192 870 3769 944; baseline 0.007 -22"><span class='ocrx_word' id='word_1_242' title='bbox 2192 884 2357 938; x_wconf 88' lang='lat' dir='ltr'><strong>usque</strong></span> <span class='ocrx_word' id='word_1_243' title='bbox 2399 870 2464 923; x_wconf 88' lang='lat' dir='ltr'><strong>ad</strong></span> <span class='ocrx_word' id='word_1_244' title='bbox 2511 871 2668 926; x_wconf 83' lang='lat' dir='ltr'><strong>finem</strong></span> <span class='ocrx_word' id='word_1_245' title='bbox 2712 871 2920 926; x_wconf 81' lang='lat' dir='ltr'><strong>servari</strong></span> <span class='ocrx_word' id='word_1_246' title='bbox 2971 874 3126 928; x_wconf 88' lang='lat' dir='ltr'><strong>nobis</strong></span> <span class='ocrx_word' id='word_1_247' title='bbox 3151 875 3265 928; x_wconf 84' lang='lat' dir='ltr'><strong>sive</strong></span> <span class='ocrx_word' id='word_1_248' title='bbox 3295 890 3390 944; x_wconf 83' lang='lat' dir='ltr'><strong>per</strong></span> <span class='ocrx_word' id='word_1_249' title='bbox 3419 877 3585 930; x_wconf 86' lang='lat' dir='ltr'><strong>vitam</strong></span> <span class='ocrx_word' id='word_1_250' title='bbox 3606 917 3622 940; x_wconf 91' lang='lat'><strong>,</strong></span> <span class='ocrx_word' id='word_1_251' title='bbox 3655 877 3769 933; x_wconf 81' lang='lat' dir='ltr'><strong>sive</strong></span> 
     </span>
    </p>
   </div>
   <div class='ocr_carea' id='block_1_38' title="bbox 2192 962 3771 1033">
    <p class='ocr_par' dir='ltr' id='par_1_38' title="bbox 2192 962 3771 1033">
     <span class='ocr_line' id='line_1_38' title="bbox 2192 962 3771 1033; baseline 0.008 -22"><span class='ocrx_word' id='word_1_252' title='bbox 2192 974 2285 1027; x_wconf 90' lang='lat' dir='ltr'><strong>per</strong></span> <span class='ocrx_word' id='word_1_253' title='bbox 2328 970 2551 1015; x_wconf 82' lang='lat' dir='ltr'><strong>mortem</strong></span> <span class='ocrx_word' id='word_1_254' title='bbox 2594 970 2875 1029; x_wconf 60' lang='lat' dir='ltr'><strong>optamus.</strong></span> <span class='ocrx_word' id='word_1_255' title='bbox 2921 962 3066 1017; x_wconf 83' lang='lat' dir='ltr'><strong>Hanc</strong></span> <span class='ocrx_word' id='word_1_256' title='bbox 3104 965 3265 1033; x_wconf 89' lang='lat' dir='ltr'><strong>igitur</strong></span> <span class='ocrx_word' id='word_1_257' title='bbox 3294 981 3456 1020; x_wconf 69' lang='lat' dir='ltr'><strong>mera:</strong></span> <span class='ocrx_word' id='word_1_258' title='bbox 3485 968 3771 1023; x_wconf 69' lang='lat' dir='ltr'><strong>catholicas</strong></span> 
     </span>
    </p>
   </div>
   <div class='ocr_carea' id='block_1_39' title="bbox 2189 1055 3833 1126">
    <p class='ocr_par' dir='ltr' id='par_1_39' title="bbox 2189 1055 3833 1126">
     <span class='ocr_line' id='line_1_39' title="bbox 2189 1055 3833 1126; baseline 0.008 -22"><span class='ocrx_word' id='word_1_259' title='bbox 2189 1062 2348 1120; x_wconf 88' lang='lat' dir='ltr'><strong>atque</strong></span> <span class='ocrx_word' id='word_1_260' title='bbox 2376 1055 2680 1121; x_wconf 75' lang='lat' dir='ltr'><strong>apostolica:</strong></span> <span class='ocrx_word' id='word_1_261' title='bbox 2713 1056 3069 1110; x_wconf 72' lang='lat' dir='ltr'><strong>confessionis</strong></span> <span class='ocrx_word' id='word_1_262' title='bbox 3100 1062 3332 1126; x_wconf 86' lang='lat' dir='ltr'><strong>regulam</strong></span> <span class='ocrx_word' id='word_1_263' title='bbox 3354 1100 3371 1124; x_wconf 94' lang='lat'><strong>,</strong></span> <span class='ocrx_word' id='word_1_264' title='bbox 3420 1069 3475 1114; x_wconf 91' lang='lat' dir='ltr'><strong>et</strong></span> <span class='ocrx_word' id='word_1_265' title='bbox 3517 1071 3767 1116; x_wconf 88' lang='lat' dir='ltr'><strong>sanctum</strong></span> <span class='ocrx_word' id='word_1_266' title='bbox 3830 1063 3833 1067; x_wconf 83' lang='grc'><em>’</em></span> 
     </span>
    </p>
   </div>
   <div class='ocr_carea' id='block_1_40' title="bbox 2189 1146 3765 1211">
    <p class='ocr_par' dir='ltr' id='par_1_40' title="bbox 2189 1146 3765 1211">
     <span class='ocr_line' id='line_1_40' title="bbox 2189 1146 3765 1211; baseline 0.006 -13"><span class='ocrx_word' id='word_1_267' title='bbox 2189 1146 2509 1211; x_wconf 89' lang='lat' dir='ltr'><strong>concilium,</strong></span> <span class='ocrx_word' id='word_1_268' title='bbox 2541 1146 2680 1210; x_wconf 90' lang='lat' dir='ltr'><strong>quod</strong></span> <span class='ocrx_word' id='word_1_269' title='bbox 2713 1148 2763 1201; x_wconf 92' lang='lat' dir='ltr'><strong>in</strong></span> <span class='ocrx_word' id='word_1_270' title='bbox 2799 1148 2935 1201; x_wconf 90' lang='lat' dir='ltr'><strong>hanc</strong></span> <span class='ocrx_word' id='word_1_271' title='bbox 2966 1148 3260 1204; x_wconf 81' lang='lat' dir='ltr'><strong>Romanam</strong></span> <span class='ocrx_word' id='word_1_272' title='bbox 3291 1150 3476 1206; x_wconf 85' lang='lat' dir='ltr'><strong>urbem</strong></span> <span class='ocrx_word' id='word_1_273' title='bbox 3507 1156 3765 1208; x_wconf 78' lang='lat' dir='ltr'><strong>servilem</strong></span> 
     </span>
    </p>
   </div>
   <div class='ocr_carea' id='block_1_41' title="bbox 2189 1236 3771 1310">
    <p class='ocr_par' dir='ltr' id='par_1_41' title="bbox 2189 1236 3771 1310">
     <span class='ocr_line' id='line_1_41' title="bbox 2189 1236 3771 1310; baseline 0.006 -22"><span class='ocrx_word' id='word_1_274' title='bbox 2189 1236 2350 1290; x_wconf 85' lang='lat' dir='ltr'><strong>vestri</strong></span> <span class='ocrx_word' id='word_1_275' title='bbox 2379 1238 2811 1293; x_wconf 70' lang='lat' dir='ltr'><strong>Christianissimi</strong></span> <span class='ocrx_word' id='word_1_276' title='bbox 2843 1239 3052 1308; x_wconf 86' lang='lat' dir='ltr'><strong>imperii</strong></span> <span class='ocrx_word' id='word_1_277' title='bbox 3101 1244 3199 1295; x_wconf 88' lang='lat' dir='ltr'><strong>sub</strong></span> <span class='ocrx_word' id='word_1_278' title='bbox 3225 1246 3536 1310; x_wconf 77' lang='lat' dir='ltr'><strong>apostolicae</strong></span> <span class='ocrx_word' id='word_1_279' title='bbox 3566 1260 3771 1299; x_wconf 86' lang='lat' dir='ltr'><strong>memn-</strong></span> 
     </span>
    </p>
   </div>
   <div class='ocr_carea' id='block_1_42' title="bbox 2190 1328 3770 1406">
    <p class='ocr_par' dir='ltr' id='par_1_42' title="bbox 2190 1328 3770 1406">
     <span class='ocr_line' id='line_1_42' title="bbox 2190 1328 3770 1406; baseline 0.006 -25"><span class='ocrx_word' id='word_1_280' title='bbox 2190 1328 2283 1381; x_wconf 75' lang='lat' dir='ltr'><strong>ria:</strong></span> <span class='ocrx_word' id='word_1_281' title='bbox 2315 1328 2539 1382; x_wconf 83' lang='lat' dir='ltr'><strong>Martino</strong></span> <span class='ocrx_word' id='word_1_282' title='bbox 2568 1344 2699 1397; x_wconf 87' lang='lat' dir='ltr'><strong>papa</strong></span> <span class='ocrx_word' id='word_1_283' title='bbox 2729 1334 3006 1393; x_wconf 86' lang='lat' dir='ltr'><strong>convenit,</strong></span> <span class='ocrx_word' id='word_1_284' title='bbox 3041 1334 3359 1400; x_wconf 71' lang='lat' dir='ltr'><strong>prardicasSe</strong></span> <span class='ocrx_word' id='word_1_285' title='bbox 3390 1336 3675 1406; x_wconf 81' lang='lat' dir='ltr'><strong>synodiee,</strong></span> <span class='ocrx_word' id='word_1_286' title='bbox 3708 1352 3770 1393; x_wconf 83' lang='lat' dir='ltr'><strong>ac</strong></span> 
     </span>
    </p>
   </div>
   <div class='ocr_carea' id='block_1_43' title="bbox 2188 1422 3771 1497">
    <p class='ocr_par' dir='ltr' id='par_1_43' title="bbox 2188 1422 3771 1497">
     <span class='ocr_line' id='line_1_43' title="bbox 2188 1422 3771 1497; baseline 0.005 -22"><span class='ocrx_word' id='word_1_287' title='bbox 2188 1430 2499 1476; x_wconf 83' lang='lat' dir='ltr'><strong>constanter</strong></span> <span class='ocrx_word' id='word_1_288' title='bbox 2550 1422 2856 1478; x_wconf 87' lang='lat' dir='ltr'><strong>defendisse</strong></span> <span class='ocrx_word' id='word_1_289' title='bbox 2877 1467 2891 1488; x_wconf 90' lang='lat'><strong>,</strong></span> <span class='ocrx_word' id='word_1_290' title='bbox 2922 1440 3111 1479; x_wconf 87' lang='lat' dir='ltr'><strong>omnes</strong></span> <span class='ocrx_word' id='word_1_291' title='bbox 3141 1442 3267 1491; x_wconf 89' lang='lat' dir='ltr'><strong>nos,</strong></span> <span class='ocrx_word' id='word_1_292' title='bbox 3301 1428 3542 1497; x_wconf 81' lang='lat' dir='ltr'><strong>quisquis</strong></span> <span class='ocrx_word' id='word_1_293' title='bbox 3574 1430 3771 1496; x_wconf 87' lang='lat' dir='ltr'><strong>ubique</strong></span> 
     </span>
    </p>
   </div>
   <div class='ocr_carea' id='block_1_44' title="bbox 2187 1512 3770 1589">
    <p class='ocr_par' dir='ltr' id='par_1_44' title="bbox 2187 1512 3770 1589">
     <span class='ocr_line' id='line_1_44' title="bbox 2187 1512 3770 1589; baseline 0.005 -23"><span class='ocrx_word' id='word_1_294' title='bbox 2187 1524 2268 1566; x_wconf 70' lang='grc' dir='ltr'><strong>εει</strong></span> <span class='ocrx_word' id='word_1_295' title='bbox 2288 1554 2302 1577; x_wconf 89' lang='grc'><strong>,</strong></span> <span class='ocrx_word' id='word_1_296' title='bbox 2333 1512 2608 1567; x_wconf 86' lang='lat' dir='ltr'><strong>humillimi</strong></span> <span class='ocrx_word' id='word_1_297' title='bbox 2637 1514 2997 1569; x_wconf 75' lang='lat' dir='ltr'><strong>Ecclesia‘rum</strong></span> <span class='ocrx_word' id='word_1_298' title='bbox 3024 1517 3220 1572; x_wconf 73' lang='lat' dir='ltr'><strong>Christi</strong></span> <span class='ocrx_word' id='word_1_299' title='bbox 3261 1521 3548 1586; x_wconf 82' lang='lat' dir='ltr'><strong>antistites,</strong></span> <span class='ocrx_word' id='word_1_300' title='bbox 3571 1536 3770 1589; x_wconf 76' lang='lat' dir='ltr'><strong>cogno—</strong></span> 
     </span>
    </p>
   </div>
   <div class='ocr_carea' id='block_1_45' title="bbox 2187 1604 3769 1678">
    <p class='ocr_par' dir='ltr' id='par_1_45' title="bbox 2187 1604 3769 1678">
     <span class='ocr_line' id='line_1_45' title="bbox 2187 1604 3769 1678; baseline 0.008 -22"><span class='ocrx_word' id='word_1_301' title='bbox 2187 1604 2427 1657; x_wconf 83' lang='lat' dir='ltr'><strong>scimus:</strong></span> <span class='ocrx_word' id='word_1_302' title='bbox 2473 1605 2524 1657; x_wconf 92' lang='lat' dir='ltr'><strong>in</strong></span> <span class='ocrx_word' id='word_1_303' title='bbox 2566 1620 2667 1674; x_wconf 89' lang='lat' dir='ltr'><strong>qua</strong></span> <span class='ocrx_word' id='word_1_304' title='bbox 2711 1618 2763 1660; x_wconf 90' lang='lat' dir='ltr'><strong>ct</strong></span> <span class='ocrx_word' id='word_1_305' title='bbox 2808 1620 2998 1661; x_wconf 79' lang='lat' dir='ltr'><strong>nostra:</strong></span> <span class='ocrx_word' id='word_1_306' title='bbox 3031 1610 3306 1677; x_wconf 77' lang='lat' dir='ltr'><strong>parvitatis</strong></span> <span class='ocrx_word' id='word_1_307' title='bbox 3336 1613 3769 1678; x_wconf 56' lang='lat' dir='ltr'><strong>pradocessores</strong></span> 
     </span>
    </p>
   </div>
   <div class='ocr_carea' id='block_1_46' title="bbox 2185 1699 3767 1774">
    <p class='ocr_par' dir='ltr' id='par_1_46' title="bbox 2185 1699 3767 1774">
     <span class='ocr_line' id='line_1_46' title="bbox 2185 1699 3767 1774; baseline 0.005 -23"><span class='ocrx_word' id='word_1_308' title='bbox 2185 1699 2596 1763; x_wconf 85' lang='lat' dir='ltr'><strong>convenientes,</strong></span> <span class='ocrx_word' id='word_1_309' title='bbox 2645 1701 2997 1767; x_wconf 83' lang='lat' dir='ltr'><strong>apostolicam</strong></span> <span class='ocrx_word' id='word_1_310' title='bbox 3044 1702 3475 1770; x_wconf 79' lang='lat' dir='ltr'><strong>confessionem,</strong></span> <span class='ocrx_word' id='word_1_311' title='bbox 3528 1720 3691 1774; x_wconf 86' lang='lat' dir='ltr'><strong>quam</strong></span> <span class='ocrx_word' id='word_1_312' title='bbox 3735 1720 3767 1759; x_wconf 76' lang='grc' dir='ltr'><strong>ει</strong></span> 
     </span>
    </p>
   </div>
   <div class='ocr_carea' id='block_1_47' title="bbox 2187 1788 3767 1864">
    <p class='ocr_par' dir='ltr' id='par_1_47' title="bbox 2187 1788 3767 1864">
     <span class='ocr_line' id='line_1_47' title="bbox 2187 1788 3767 1864; baseline 0.006 -25"><span class='ocrx_word' id='word_1_313' title='bbox 2187 1788 2452 1855; x_wconf 84' lang='lat' dir='ltr'><strong>principio</strong></span> <span class='ocrx_word' id='word_1_314' title='bbox 2476 1800 2859 1857; x_wconf 84' lang='lat' dir='ltr'><strong>perceperunt,</strong></span> <span class='ocrx_word' id='word_1_315' title='bbox 2883 1792 3044 1845; x_wconf 85' lang='lat' dir='ltr'><strong>etiam</strong></span> <span class='ocrx_word' id='word_1_316' title='bbox 3067 1794 3307 1862; x_wconf 82' lang='lat' dir='ltr'><strong>synodali</strong></span> <span class='ocrx_word' id='word_1_317' title='bbox 3335 1796 3602 1861; x_wconf 75' lang='lat' dir='ltr'><strong>prazconio</strong></span> <span class='ocrx_word' id='word_1_318' title='bbox 3633 1812 3767 1864; x_wconf 75' lang='lat' dir='ltr'><strong>pne-</strong></span> 
     </span>
    </p>
   </div>
   <div class='ocr_carea' id='block_1_48' title="bbox 2189 1879 3764 1955">
    <p class='ocr_par' dir='ltr' id='par_1_48' title="bbox 2189 1879 3764 1955">
     <span class='ocr_line' id='line_1_48' title="bbox 2189 1879 3764 1955; baseline 0.007 -22"><span class='ocrx_word' id='word_1_319' title='bbox 2189 1879 2469 1948; x_wconf 82' lang='lat' dir='ltr'><strong>dicarunt,</strong></span> <span class='ocrx_word' id='word_1_320' title='bbox 2494 1893 2549 1936; x_wconf 88' lang='lat' dir='ltr'><strong>et</strong></span> <span class='ocrx_word' id='word_1_321' title='bbox 2577 1884 2779 1951; x_wconf 87' lang='lat' dir='ltr'><strong>absque</strong></span> <span class='ocrx_word' id='word_1_322' title='bbox 2796 1886 3104 1955; x_wconf 73' lang='lat' dir='ltr'><strong>cujuspiam</strong></span> <span class='ocrx_word' id='word_1_323' title='bbox 3139 1889 3387 1943; x_wconf 76' lang='lat' dir='ltr'><strong>novitatis</strong></span> <span class='ocrx_word' id='word_1_324' title='bbox 3414 1905 3599 1945; x_wconf 87' lang='lat' dir='ltr'><strong>errore</strong></span> <span class='ocrx_word' id='word_1_325' title='bbox 3625 1892 3764 1945; x_wconf 85' lang='lat' dir='ltr'><strong>citra</strong></span> 
     </span>
    </p>
   </div>
   <div class='ocr_carea' id='block_1_49' title="bbox 2187 1973 3767 2053">
    <p class='ocr_par' dir='ltr' id='par_1_49' title="bbox 2187 1973 3767 2053">
     <span class='ocr_line' id='line_1_49' title="bbox 2187 1973 3767 2053; baseline 0.01 -28"><span class='ocrx_word' id='word_1_326' title='bbox 2187 1973 2589 2042; x_wconf 79' lang='lat' dir='ltr'><strong>ambiguitatem</strong></span> <span class='ocrx_word' id='word_1_327' title='bbox 2659 1977 3107 2033; x_wconf 89' lang='lat' dir='ltr'><strong>determinarunt.</strong></span> <span class='ocrx_word' id='word_1_328' title='bbox 3156 1980 3375 2035; x_wconf 86' lang='lat' dir='ltr'><strong>Pietatis</strong></span> <span class='ocrx_word' id='word_1_329' title='bbox 3423 1982 3606 2053; x_wconf 88' lang='lat' dir='ltr'><strong>itaque</strong></span> <span class='ocrx_word' id='word_1_330' title='bbox 3649 1987 3767 2040; x_wconf 82' lang='lat' dir='ltr'><strong>zelo</strong></span> 
     </span>
    </p>
   </div>
   <div class='ocr_carea' id='block_1_50' title="bbox 2186 2070 3767 2138">
    <p class='ocr_par' dir='ltr' id='par_1_50' title="bbox 2186 2070 3767 2138">
     <span class='ocr_line' id='line_1_50' title="bbox 2186 2070 3767 2138; baseline 0.011 -25"><span class='ocrx_word' id='word_1_331' title='bbox 2186 2072 2346 2129; x_wconf 89' lang='lat' dir='ltr'><strong>atque</strong></span> <span class='ocrx_word' id='word_1_332' title='bbox 2392 2080 2575 2118; x_wconf 82' lang='lat' dir='ltr'><strong>:nnnre</strong></span> <span class='ocrx_word' id='word_1_333' title='bbox 2617 2081 2758 2119; x_wconf 69' lang='lat' dir='ltr'><strong>verae</strong></span> <span class='ocrx_word' id='word_1_334' title='bbox 2804 2070 3116 2135; x_wconf 77' lang='lat' dir='ltr'><strong>apostolica:</strong></span> <span class='ocrx_word' id='word_1_335' title='bbox 3146 2072 3538 2138; x_wconf 78' lang='lat' dir='ltr'><strong>conleSsionis,</strong></span> <span class='ocrx_word' id='word_1_336' title='bbox 3572 2086 3767 2130; x_wconf 79' lang='lat' dir='ltr'><strong>vestrae</strong></span> 
     </span>
    </p>
   </div>
   <div class='ocr_carea' id='block_1_51' title="bbox 2186 2156 3763 2233">
    <p class='ocr_par' dir='ltr' id='par_1_51' title="bbox 2186 2156 3763 2233">
     <span class='ocr_line' id='line_1_51' title="bbox 2186 2156 3763 2233; baseline 0.008 -26"><span class='ocrx_word' id='word_1_337' title='bbox 2186 2156 2493 2208; x_wconf 85' lang='lat' dir='ltr'><strong>serenitatis</strong></span> <span class='ocrx_word' id='word_1_338' title='bbox 2522 2156 2823 2228; x_wconf 81' lang='lat' dir='ltr'><strong>benignitas</strong></span> <span class='ocrx_word' id='word_1_339' title='bbox 2856 2169 3021 2228; x_wconf 85' lang='lat' dir='ltr'><strong>mota,</strong></span> <span class='ocrx_word' id='word_1_340' title='bbox 3054 2162 3289 2229; x_wconf 86' lang='lat' dir='ltr'><strong>amplius</strong></span> <span class='ocrx_word' id='word_1_341' title='bbox 3316 2162 3595 2220; x_wconf 81' lang='lat' dir='ltr'><strong>declarare</strong></span> <span class='ocrx_word' id='word_1_342' title='bbox 3624 2182 3763 2233; x_wconf 85' lang='lat' dir='ltr'><strong>eam,</strong></span> 
     </span>
    </p>
   </div>
   <div class='ocr_carea' id='block_1_52' title="bbox 2188 2248 3765 2329">
    <p class='ocr_par' dir='ltr' id='par_1_52' title="bbox 2188 2248 3765 2329">
     <span class='ocr_line' id='line_1_52' title="bbox 2188 2248 3765 2329; baseline 0.01 -31"><span class='ocrx_word' id='word_1_343' title='bbox 2188 2256 2243 2299; x_wconf 90' lang='lat' dir='ltr'><strong>ut</strong></span> <span class='ocrx_word' id='word_1_344' title='bbox 2278 2248 2438 2317; x_wconf 77' lang='lat' dir='ltr'><strong>regali</strong></span> <span class='ocrx_word' id='word_1_345' title='bbox 2470 2249 2656 2303; x_wconf 80' lang='lat' dir='ltr'><strong>fomite</strong></span> <span class='ocrx_word' id='word_1_346' title='bbox 2685 2253 2853 2307; x_wconf 93' lang='lat' dir='ltr'><strong>multo</strong></span> <span class='ocrx_word' id='word_1_347' title='bbox 2883 2254 3052 2322; x_wconf 89' lang='lat' dir='ltr'><strong>magis</strong></span> <span class='ocrx_word' id='word_1_348' title='bbox 3080 2256 3310 2321; x_wconf 83' lang='lat' dir='ltr'><strong>fulgeat,</strong></span> <span class='ocrx_word' id='word_1_349' title='bbox 3334 2258 3616 2313; x_wconf 82' lang='lat' dir='ltr'><strong>elaborare</strong></span> <span class='ocrx_word' id='word_1_350' title='bbox 3642 2276 3765 2329; x_wconf 80' lang='lat' dir='ltr'><strong>pro-</strong></span> 
     </span>
    </p>
   </div>
   <div class='ocr_carea' id='block_1_53' title="bbox 2184 2338 3763 2421">
    <p class='ocr_par' dir='ltr' id='par_1_53' title="bbox 2184 2338 3763 2421">
     <span class='ocr_line' id='line_1_53' title="bbox 2184 2338 3763 2421; baseline 0.008 -30"><span class='ocrx_word' id='word_1_351' title='bbox 2184 2349 2373 2391; x_wconf 86' lang='lat' dir='ltr'><strong>curet:</strong></span> <span class='ocrx_word' id='word_1_352' title='bbox 2410 2338 2562 2409; x_wconf 87' lang='lat' dir='ltr'><strong>cujus</strong></span> <span class='ocrx_word' id='word_1_353' title='bbox 2593 2352 2773 2395; x_wconf 84' lang='lat' dir='ltr'><strong>votum</strong></span> <span class='ocrx_word' id='word_1_354' title='bbox 2796 2386 2809 2406; x_wconf 89' lang='lat'><strong>,</strong></span> <span class='ocrx_word' id='word_1_355' title='bbox 2845 2348 2968 2414; x_wconf 87' lang='lat' dir='ltr'><strong>quia</strong></span> <span class='ocrx_word' id='word_1_356' title='bbox 2998 2360 3061 2400; x_wconf 75' lang='lat' dir='ltr'><strong>ex</strong></span> <span class='ocrx_word' id='word_1_357' title='bbox 3100 2347 3207 2401; x_wconf 85' lang='lat' dir='ltr'><strong>Deo</strong></span> <span class='ocrx_word' id='word_1_358' title='bbox 3235 2360 3351 2413; x_wconf 88' lang='lat' dir='ltr'><strong>est,</strong></span> <span class='ocrx_word' id='word_1_359' title='bbox 3382 2364 3410 2401; x_wconf 92' lang='lat' dir='ltr'><strong>a</strong></span> <span class='ocrx_word' id='word_1_360' title='bbox 3446 2349 3557 2404; x_wconf 88' lang='lat' dir='ltr'><strong>Deo</strong></span> <span class='ocrx_word' id='word_1_361' title='bbox 3602 2354 3763 2421; x_wconf 85' lang='lat' dir='ltr'><strong>perfi-</strong></span> 
     </span>
    </p>
   </div>
   <div class='ocr_carea' id='block_1_54' title="bbox 2184 2434 3765 2517">
    <p class='ocr_par' dir='ltr' id='par_1_54' title="bbox 2184 2434 3765 2517">
     <span class='ocr_line' id='line_1_54' title="bbox 2184 2434 3765 2517; baseline 0.012 -32"><span class='ocrx_word' id='word_1_362' title='bbox 2184 2434 2326 2488; x_wconf 86' lang='lat' dir='ltr'><strong>citur</strong></span> <span class='ocrx_word' id='word_1_363' title='bbox 2352 2453 2363 2487; x_wconf 91' lang='lat'><strong>:</strong></span> <span class='ocrx_word' id='word_1_364' title='bbox 2396 2445 2453 2489; x_wconf 88' lang='lat' dir='ltr'><strong>ut</strong></span> <span class='ocrx_word' id='word_1_365' title='bbox 2484 2445 2538 2489; x_wconf 91' lang='lat' dir='ltr'><strong>et</strong></span> <span class='ocrx_word' id='word_1_366' title='bbox 2564 2438 2760 2491; x_wconf 81' lang='lat' dir='ltr'><strong>veritas</strong></span> <span class='ocrx_word' id='word_1_367' title='bbox 2787 2440 2961 2496; x_wconf 91' lang='lat' dir='ltr'><strong>adhuc</strong></span> <span class='ocrx_word' id='word_1_368' title='bbox 2987 2442 3036 2495; x_wconf 93' lang='lat' dir='ltr'><strong>in</strong></span> <span class='ocrx_word' id='word_1_369' title='bbox 3070 2444 3289 2511; x_wconf 89' lang='lat' dir='ltr'><strong>ancipiti</strong></span> <span class='ocrx_word' id='word_1_370' title='bbox 3321 2446 3510 2508; x_wconf 86' lang='lat' dir='ltr'><strong>positis</strong></span> <span class='ocrx_word' id='word_1_371' title='bbox 3537 2448 3765 2517; x_wconf 87' lang='lat' dir='ltr'><strong>clareat,</strong></span> 
     </span>
    </p>
   </div>
   <div class='ocr_carea' id='block_1_55' title="bbox 2184 2528 3767 2605">
    <p class='ocr_par' dir='ltr' id='par_1_55' title="bbox 2184 2528 3767 2605">
     <span class='ocr_line' id='line_1_55' title="bbox 2184 2528 3767 2605; baseline 0.009 -25"><span class='ocrx_word' id='word_1_372' title='bbox 2184 2534 2238 2580; x_wconf 90' lang='lat' dir='ltr'><strong>et</strong></span> <span class='ocrx_word' id='word_1_373' title='bbox 2278 2541 2398 2581; x_wconf 90' lang='lat' dir='ltr'><strong>eam</strong></span> <span class='ocrx_word' id='word_1_374' title='bbox 2444 2528 2725 2585; x_wconf 87' lang='lat' dir='ltr'><strong>sinceriter</strong></span> <span class='ocrx_word' id='word_1_375' title='bbox 2764 2532 3212 2602; x_wconf 86' lang='lat' dir='ltr'><strong>amplectentibus</strong></span> <span class='ocrx_word' id='word_1_376' title='bbox 3257 2539 3420 2602; x_wconf 83' lang='lat' dir='ltr'><strong>robur</strong></span> <span class='ocrx_word' id='word_1_377' title='bbox 3461 2552 3767 2605; x_wconf 82' lang='lat' dir='ltr'><strong>accrescat,</strong></span> 
     </span>
    </p>
   </div>
   <div class='ocr_carea' id='block_1_56' title="bbox 2184 2618 3766 2694">
    <p class='ocr_par' dir='ltr' id='par_1_56' title="bbox 2184 2618 3766 2694">
     <span class='ocr_line' id='line_1_56' title="bbox 2184 2618 3766 2694; baseline 0.008 -21"><span class='ocrx_word' id='word_1_378' title='bbox 2184 2628 2239 2673; x_wconf 88' lang='lat' dir='ltr'><strong>ct</strong></span> <span class='ocrx_word' id='word_1_379' title='bbox 2269 2618 2594 2675; x_wconf 84' lang='lat' dir='ltr'><strong>zizaniorum</strong></span> <span class='ocrx_word' id='word_1_380' title='bbox 2630 2624 2898 2690; x_wconf 88' lang='lat' dir='ltr'><strong>genimina</strong></span> <span class='ocrx_word' id='word_1_381' title='bbox 2928 2625 3192 2694; x_wconf 89' lang='lat' dir='ltr'><strong>spirituali</strong></span> <span class='ocrx_word' id='word_1_382' title='bbox 3223 2627 3388 2694; x_wconf 82' lang='lat' dir='ltr'><strong>falce,</strong></span> <span class='ocrx_word' id='word_1_383' title='bbox 3427 2638 3484 2681; x_wconf 88' lang='lat' dir='ltr'><strong>ut</strong></span> <span class='ocrx_word' id='word_1_384' title='bbox 3507 2629 3766 2685; x_wconf 68' lang='lat' dir='ltr'><strong>offensio-</strong></span> 
     </span>
    </p>
   </div>
   <div class='ocr_carea' id='block_1_57' title="bbox 2184 2717 3769 2785">
    <p class='ocr_par' dir='ltr' id='par_1_57' title="bbox 2184 2717 3769 2785">
     <span class='ocr_line' id='line_1_57' title="bbox 2184 2717 3769 2785; baseline 0.01 -18"><span class='ocrx_word' id='word_1_385' title='bbox 2184 2717 2266 2768; x_wconf 89' lang='lat' dir='ltr'><strong>nis</strong></span> <span class='ocrx_word' id='word_1_386' title='bbox 2298 2732 2359 2770; x_wconf 89' lang='lat' dir='ltr'><strong>ac</strong></span> <span class='ocrx_word' id='word_1_387' title='bbox 2389 2717 2725 2785; x_wconf 80' lang='lat' dir='ltr'><strong>dcccptionis</strong></span> <span class='ocrx_word' id='word_1_388' title='bbox 2766 2724 2979 2775; x_wconf 82' lang='lat' dir='ltr'><strong>occasio</strong></span> <span class='ocrx_word' id='word_1_389' title='bbox 3018 2722 3085 2775; x_wconf 89' lang='lat' dir='ltr'><strong>de</strong></span> <span class='ocrx_word' id='word_1_390' title='bbox 3125 2724 3304 2780; x_wconf 87' lang='lat' dir='ltr'><strong>medio</strong></span> <span class='ocrx_word' id='word_1_391' title='bbox 3339 2726 3535 2779; x_wconf 77' lang='lat' dir='ltr'><strong>Christi</strong></span> <span class='ocrx_word' id='word_1_392' title='bbox 3582 2725 3769 2783; x_wconf 81' lang='lat' dir='ltr'><strong>Eccle-</strong></span> 
     </span>
    </p>
   </div>
   <div class='ocr_carea' id='block_1_58' title="bbox 2182 2808 3768 2881">
    <p class='ocr_par' dir='ltr' id='par_1_58' title="bbox 2182 2808 3768 2881">
     <span class='ocr_line' id='line_1_58' title="bbox 2182 2808 3768 2881; baseline 0.007 -21"><span class='ocrx_word' id='word_1_393' title='bbox 2182 2808 2380 2861; x_wconf 87' lang='lat' dir='ltr'><strong>siarum</strong></span> <span class='ocrx_word' id='word_1_394' title='bbox 2409 2809 2642 2877; x_wconf 90' lang='lat' dir='ltr'><strong>tollatur,</strong></span> <span class='ocrx_word' id='word_1_395' title='bbox 2668 2812 3067 2867; x_wconf 85' lang='lat' dir='ltr'><strong>ahscindantur.</strong></span> <span class='ocrx_word' id='word_1_396' title='bbox 3095 2815 3328 2881; x_wconf 89' lang='lat' dir='ltr'><strong>Quorum</strong></span> <span class='ocrx_word' id='word_1_397' title='bbox 3376 2826 3623 2872; x_wconf 83' lang='lat' dir='ltr'><strong>auctores</strong></span> <span class='ocrx_word' id='word_1_398' title='bbox 3676 2833 3768 2873; x_wconf 74' lang='lat' dir='ltr'><strong>ex-</strong></span> 
     </span>
    </p>
   </div>
   <div class='ocr_carea' id='block_1_59' title="bbox 2182 2901 3770 2977">
    <p class='ocr_par' dir='ltr' id='par_1_59' title="bbox 2182 2901 3770 2977">
     <span class='ocr_line' id='line_1_59' title="bbox 2182 2901 3770 2977; baseline 0.006 -26"><span class='ocrx_word' id='word_1_399' title='bbox 2182 2901 2431 2953; x_wconf 89' lang='lat' dir='ltr'><strong>stiterunt</strong></span> <span class='ocrx_word' id='word_1_400' title='bbox 2455 2901 2772 2957; x_wconf 81' lang='lat' dir='ltr'><strong>Theodorus</strong></span> <span class='ocrx_word' id='word_1_401' title='bbox 2801 2904 3210 2971; x_wconf 86' lang='lat' dir='ltr'><strong>Pharanitanus,</strong></span> <span class='ocrx_word' id='word_1_402' title='bbox 3236 2905 3407 2977; x_wconf 87' lang='lat' dir='ltr'><strong>Cyrus</strong></span> <span class='ocrx_word' id='word_1_403' title='bbox 3449 2906 3770 2962; x_wconf 75' lang='lat' dir='ltr'><strong>Alexandri-</strong></span> 
     </span>
    </p>
   </div>
   <div class='ocr_carea' id='block_1_60' title="bbox 2182 2993 3770 3064">
    <p class='ocr_par' dir='ltr' id='par_1_60' title="bbox 2182 2993 3770 3064">
     <span class='ocr_line' id='line_1_60' title="bbox 2182 2993 3770 3064; baseline 0.008 -22"><span class='ocrx_word' id='word_1_404' title='bbox 2182 3006 2324 3055; x_wconf 85' lang='lat' dir='ltr'><strong>nus,</strong></span> <span class='ocrx_word' id='word_1_405' title='bbox 2382 2993 2638 3061; x_wconf 80' lang='lat' dir='ltr'><strong>Sergius,</strong></span> <span class='ocrx_word' id='word_1_406' title='bbox 2698 2994 2972 3064; x_wconf 77' lang='lat' dir='ltr'><strong>Pyrrhus,</strong></span> <span class='ocrx_word' id='word_1_407' title='bbox 3030 2998 3223 3053; x_wconf 81' lang='lat' dir='ltr'><strong>Pauius</strong></span> <span class='ocrx_word' id='word_1_408' title='bbox 3273 3007 3329 3053; x_wconf 82' lang='lat' dir='ltr'><strong>et</strong></span> <span class='ocrx_word' id='word_1_409' title='bbox 3384 3000 3575 3053; x_wconf 85' lang='lat' dir='ltr'><strong>Petrus</strong></span> <span class='ocrx_word' id='word_1_410' title='bbox 3628 3002 3770 3055; x_wconf 82' lang='lat' dir='ltr'><strong>Cou-</strong></span> 
     </span>
    </p>
   </div>
   <div class='ocr_carea' id='block_1_61' title="bbox 2186 3087 3769 3164">
    <p class='ocr_par' dir='ltr' id='par_1_61' title="bbox 2186 3087 3769 3164">
     <span class='ocr_line' id='line_1_61' title="bbox 2186 3087 3769 3164; baseline 0.006 -25"><span class='ocrx_word' id='word_1_411' title='bbox 2186 3087 2682 3157; x_wconf 79' lang='lat' dir='ltr'><strong>stantinOpolitani,</strong></span> <span class='ocrx_word' id='word_1_412' title='bbox 2735 3090 2815 3143; x_wconf 90' lang='lat' dir='ltr'><strong>vel</strong></span> <span class='ocrx_word' id='word_1_413' title='bbox 2864 3091 3035 3156; x_wconf 85' lang='lat' dir='ltr'><strong>quivis</strong></span> <span class='ocrx_word' id='word_1_414' title='bbox 3079 3094 3157 3145; x_wconf 89' lang='lat' dir='ltr'><strong>eis</strong></span> <span class='ocrx_word' id='word_1_415' title='bbox 3202 3094 3549 3149; x_wconf 87' lang='lat' dir='ltr'><strong>consentanei</strong></span> <span class='ocrx_word' id='word_1_416' title='bbox 3599 3110 3769 3164; x_wconf 85' lang='lat' dir='ltr'><strong>usque</strong></span> 
     </span>
    </p>
   </div>
   <div class='ocr_carea' id='block_1_62' title="bbox 494 3158 2081 3265">
    <p class='ocr_par' dir='ltr' id='par_1_62' title="bbox 494 3158 2077 3231">
     <span class='ocr_line' id='line_1_62' title="bbox 494 3158 2077 3231; baseline 0.007 -15"><span class='ocrx_word' id='word_1_417' title='bbox 494 3164 550 3217; x_wconf 69' lang='grc' dir='ltr'>ἑκ</span> <span class='ocrx_word' id='word_1_418' title='bbox 594 3170 685 3217; x_wconf 90' lang='grc' dir='ltr'><strong>τοῦ</strong></span> <span class='ocrx_word' id='word_1_419' title='bbox 734 3172 862 3220; x_wconf 87' lang='grc' dir='ltr'>Θεοῦ</span> <span class='ocrx_word' id='word_1_420' title='bbox 900 3168 1057 3231; x_wconf 75' lang='grc' dir='ltr'>ἐστιν,</span> <span class='ocrx_word' id='word_1_421' title='bbox 1086 3167 1139 3220; x_wconf 70' lang='grc' dir='ltr'>ἔκ</span> <span class='ocrx_word' id='word_1_422' title='bbox 1172 3158 1434 3223; x_wconf 67' lang='grc' dir='ltr'>τοῦ”Θεοῦ</span> <span class='ocrx_word' id='word_1_423' title='bbox 1478 3171 1851 3228; x_wconf 80' lang='grc' dir='ltr'>ἀποτελεσθείη’</span> <span class='ocrx_word' id='word_1_424' title='bbox 1880 3174 1960 3227; x_wconf 87' lang='grc' dir='ltr'>’ίνα</span> <span class='ocrx_word' id='word_1_425' title='bbox 2000 3176 2077 3228; x_wconf 70' lang='grc' dir='ltr'><strong>καί</strong></span> 
     </span>
    </p>
   </div>
   <div class='ocr_carea' id='block_1_63' title="bbox 2182 3158 3764 3265">
    <p class='ocr_par' dir='ltr' id='par_1_63' title="bbox 2185 3175 3764 3254">
     <span class='ocr_line' id='line_1_63' title="bbox 2185 3175 3764 3254; baseline 0.009 -26"><span class='ocrx_word' id='word_1_426' title='bbox 2185 3175 2235 3229; x_wconf 91' lang='lat' dir='ltr'><strong>in</strong></span> <span class='ocrx_word' id='word_1_427' title='bbox 2267 3178 2421 3231; x_wconf 82' lang='lat' dir='ltr'><strong>linem</strong></span> <span class='ocrx_word' id='word_1_428' title='bbox 2452 3180 2799 3234; x_wconf 89' lang='lat' dir='ltr'><strong>demonstrati</strong></span> <span class='ocrx_word' id='word_1_429' title='bbox 2831 3191 2970 3245; x_wconf 89' lang='lat' dir='ltr'><strong>sunt,</strong></span> <span class='ocrx_word' id='word_1_430' title='bbox 3002 3184 3088 3251; x_wconf 91' lang='lat' dir='ltr'><strong>qui</strong></span> <span class='ocrx_word' id='word_1_431' title='bbox 3120 3186 3239 3239; x_wconf 87' lang='lat' dir='ltr'><strong>novi</strong></span> <span class='ocrx_word' id='word_1_432' title='bbox 3264 3187 3464 3241; x_wconf 89' lang='lat' dir='ltr'><strong>erroris</strong></span> <span class='ocrx_word' id='word_1_433' title='bbox 3488 3200 3764 3254; x_wconf 88' lang='lat' dir='ltr'><strong>auctores,</strong></span> 
     </span>
    </p>
   </div>
   <div class='ocr_carea' id='block_1_64' title="bbox 495 3260 2081 3345">
    <p class='ocr_par' dir='ltr' id='par_1_64' title="bbox 495 3260 2077 3336">
     <span class='ocr_line' id='line_1_64' title="bbox 495 3260 2077 3336; baseline 0.005 -25"><span class='ocrx_word' id='word_1_434' title='bbox 495 3262 525 3316; x_wconf 79' lang='grc' dir='ltr'>ἡ</span> <span class='ocrx_word' id='word_1_435' title='bbox 554 3260 756 3317; x_wconf 77' lang='grc' dir='ltr'>ἀλήθεια</span> <span class='ocrx_word' id='word_1_436' title='bbox 805 3263 918 3323; x_wconf 81' lang='grc' dir='ltr'>ἥτις</span> <span class='ocrx_word' id='word_1_437' title='bbox 967 3264 1125 3332; x_wconf 65' lang='grc' dir='ltr'>ἀκμήν</span> <span class='ocrx_word' id='word_1_438' title='bbox 1172 3270 1284 3323; x_wconf 87' lang='grc' dir='ltr'>τοῖς</span> <span class='ocrx_word' id='word_1_439' title='bbox 1327 3263 1375 3315; x_wconf 78' lang='grc' dir='ltr'><strong>ἐν</strong></span> <span class='ocrx_word' id='word_1_440' title='bbox 1425 3261 1687 3335; x_wconf 64' lang='grc' dir='ltr'>δισταγψῇ</span> <span class='ocrx_word' id='word_1_441' title='bbox 1732 3264 1871 3334; x_wconf 82' lang='grc' dir='ltr'>[τοῖς</span> <span class='ocrx_word' id='word_1_442' title='bbox 1919 3268 2077 3336; x_wconf 80' lang='grc' dir='ltr'>ἀκμήν</span> 
     </span>
    </p>
   </div>
   <div class='ocr_carea' id='block_1_65' title="bbox 2182 3260 3764 3345">
    <p class='ocr_par' dir='ltr' id='par_1_65' title="bbox 2183 3269 3764 3345">
     <span class='ocr_line' id='line_1_65' title="bbox 2183 3269 3764 3345; baseline 0.006 -23"><span class='ocrx_word' id='word_1_443' title='bbox 2183 3269 2535 3337; x_wconf 66' lang='lat' dir='ltr'><strong>perfectaeque</strong></span> <span class='ocrx_word' id='word_1_444' title='bbox 2578 3271 2999 3340; x_wconf 80' lang='lat' dir='ltr'><strong>dispensationi,</strong></span> <span class='ocrx_word' id='word_1_445' title='bbox 3032 3290 3132 3343; x_wconf 91' lang='lat' dir='ltr'><strong>qua</strong></span> <span class='ocrx_word' id='word_1_446' title='bbox 3176 3278 3361 3330; x_wconf 84' lang='lat' dir='ltr'><strong>salvati</strong></span> <span class='ocrx_word' id='word_1_447' title='bbox 3411 3294 3631 3345; x_wconf 86' lang='lat' dir='ltr'><strong>smnus,</strong></span> <span class='ocrx_word' id='word_1_448' title='bbox 3684 3282 3764 3332; x_wconf 89' lang='lat' dir='ltr'><strong>in-</strong></span> 
     </span>
    </p>
   </div>
   <div class='ocr_carea' id='block_1_66' title="bbox 494 3350 2080 3431">
    <p class='ocr_par' dir='ltr' id='par_1_66' title="bbox 494 3350 2080 3431">
     <span class='ocr_line' id='line_1_66' title="bbox 494 3350 2080 3431; baseline 0.004 -25"><span class='ocrx_word' id='word_1_449' title='bbox 494 3353 547 3406; x_wconf 72' lang='grc' dir='ltr'><strong>ἐν</strong></span> <span class='ocrx_word' id='word_1_450' title='bbox 581 3350 761 3423; x_wconf 78' lang='grc' dir='ltr'>διστ.]</span> <span class='ocrx_word' id='word_1_451' title='bbox 791 3356 1117 3425; x_wconf 80' lang='grc' dir='ltr'>τυγχάνουσι</span> <span class='ocrx_word' id='word_1_452' title='bbox 1147 3363 1283 3430; x_wconf 80' lang='grc' dir='ltr'>φανῇ.</span> <span class='ocrx_word' id='word_1_453' title='bbox 1325 3357 1408 3409; x_wconf 62' lang='grc' dir='ltr'>καὶ</span> <span class='ocrx_word' id='word_1_454' title='bbox 1436 3365 1542 3416; x_wconf 90' lang='grc' dir='ltr'>τοῖς</span> <span class='ocrx_word' id='word_1_455' title='bbox 1586 3357 1773 3414; x_wconf 68' lang='grc' dir='ltr'>ταύτην</span> <span class='ocrx_word' id='word_1_456' title='bbox 1812 3358 2080 3431; x_wconf 78' lang='grc' dir='ltr'>εἰλικρινῶς</span> 
     </span>
    </p>
   </div>
   <div class='ocr_carea' id='block_1_67' title="bbox 493 3446 2080 3524">
    <p class='ocr_par' dir='ltr' id='par_1_67' title="bbox 493 3446 2080 3524">
     <span class='ocr_line' id='line_1_67' title="bbox 493 3446 2080 3524; baseline 0.003 -22"><span class='ocrx_word' id='word_1_457' title='bbox 493 3450 990 3522; x_wconf 84' lang='grc' dir='ltr'>περιπτυσσομίνοις</span> <span class='ocrx_word' id='word_1_458' title='bbox 1019 3446 1226 3524; x_wconf 82' lang='grc' dir='ltr'>ἀνδρεία</span> <span class='ocrx_word' id='word_1_459' title='bbox 1270 3452 1547 3523; x_wconf 79' lang='grc' dir='ltr'>προστεθῇ,</span> <span class='ocrx_word' id='word_1_460' title='bbox 1593 3454 1675 3505; x_wconf 85' lang='grc' dir='ltr'><strong>καί</strong></span> <span class='ocrx_word' id='word_1_461' title='bbox 1713 3460 1811 3506; x_wconf 84' lang='grc' dir='ltr'>τῶν</span> <span class='ocrx_word' id='word_1_462' title='bbox 1851 3457 2080 3517; x_wconf 80' lang='grc' dir='ltr'><strong>ζιζανίων</strong></span> 
     </span>
    </p>
   </div>
   <div class='ocr_carea' id='block_1_68' title="bbox 495 3541 2073 3623">
    <p class='ocr_par' dir='ltr' id='par_1_68' title="bbox 495 3541 2073 3623">
     <span class='ocr_line' id='line_1_68' title="bbox 495 3541 2073 3623; baseline 0.005 -30"><span class='ocrx_word' id='word_1_463' title='bbox 495 3541 560 3594; x_wconf 82' lang='grc' dir='ltr'><strong>τὰ</strong></span> <span class='ocrx_word' id='word_1_464' title='bbox 615 3543 888 3617; x_wconf 81' lang='grc' dir='ltr'>σπέρματα</span> <span class='ocrx_word' id='word_1_465' title='bbox 936 3550 999 3616; x_wconf 78' lang='grc' dir='ltr'><strong>τῇ</strong></span> <span class='ocrx_word' id='word_1_466' title='bbox 1043 3552 1362 3616; x_wconf 81' lang='grc' dir='ltr'>πνευματικῇ</span> <span class='ocrx_word' id='word_1_467' title='bbox 1416 3543 1658 3619; x_wconf 81' lang='grc' dir='ltr'>δρεπάνη,</span> <span class='ocrx_word' id='word_1_468' title='bbox 1708 3548 1774 3606; x_wconf 84' lang='grc' dir='ltr'>ὡς</span> <span class='ocrx_word' id='word_1_469' title='bbox 1823 3550 2073 3623; x_wconf 83' lang='grc' dir='ltr'>προσκόμ-</span> 
     </span>
    </p>
   </div>
   <div class='ocr_carea' id='block_1_69' title="bbox 494 3634 2081 3715">
    <p class='ocr_par' dir='ltr' id='par_1_69' title="bbox 494 3634 2081 3715">
     <span class='ocr_line' id='line_1_69' title="bbox 494 3634 2081 3715; baseline 0.007 -31"><span class='ocrx_word' id='word_1_470' title='bbox 494 3650 656 3699; x_wconf 87' lang='grc' dir='ltr'>ματος</span> <span class='ocrx_word' id='word_1_471' title='bbox 702 3634 784 3686; x_wconf 83' lang='grc' dir='ltr'><strong>καί</strong></span> <span class='ocrx_word' id='word_1_472' title='bbox 823 3634 1023 3692; x_wconf 64' lang='grc' dir='ltr'>ιᾷπάτης</span> <span class='ocrx_word' id='word_1_473' title='bbox 1069 3634 1265 3707; x_wconf 77' lang='grc' dir='ltr'>ἀφορμή</span> <span class='ocrx_word' id='word_1_474' title='bbox 1297 3636 1346 3687; x_wconf 82' lang='grc' dir='ltr'>ἐκ</span> <span class='ocrx_word' id='word_1_475' title='bbox 1378 3642 1468 3690; x_wconf 90' lang='grc' dir='ltr'><strong>τοῦ</strong></span> <span class='ocrx_word' id='word_1_476' title='bbox 1503 3638 1658 3707; x_wconf 82' lang='grc' dir='ltr'>μέσου</span> <span class='ocrx_word' id='word_1_477' title='bbox 1690 3646 1789 3691; x_wconf 78' lang='grc' dir='ltr'>τῶν</span> <span class='ocrx_word' id='word_1_478' title='bbox 1827 3646 1918 3694; x_wconf 90' lang='grc' dir='ltr'><strong>τοῦ</strong></span> <span class='ocrx_word' id='word_1_479' title='bbox 1959 3650 2081 3715; x_wconf 81' lang='grc' dir='ltr'><strong>Χρι-</strong></span> 
     </span>
    </p>
   </div>
   <div class='ocr_carea' id='block_1_70' title="bbox 494 3720 2080 3802">
    <p class='ocr_par' dir='ltr' id='par_1_70' title="bbox 494 3720 2080 3802">
     <span class='ocr_line' id='line_1_70' title="bbox 494 3720 2080 3802; baseline 0.008 -26"><span class='ocrx_word' id='word_1_480' title='bbox 494 3728 619 3778; x_wconf 91' lang='grc' dir='ltr'>στοῦ</span> <span class='ocrx_word' id='word_1_481' title='bbox 674 3720 969 3782; x_wconf 78' lang='grc' dir='ltr'>Ἐκκλησιῶν</span> <span class='ocrx_word' id='word_1_482' title='bbox 1043 3726 1244 3802; x_wconf 76' lang='grc' dir='ltr'>ἐκκοπῇ.</span> <span class='ocrx_word' id='word_1_483' title='bbox 1298 3724 1544 3783; x_wconf 77' lang='grc' dir='ltr'>Ὠντινων</span> <span class='ocrx_word' id='word_1_484' title='bbox 1619 3732 1850 3787; x_wconf 72' lang='grc' dir='ltr'>αὐθένται</span> <span class='ocrx_word' id='word_1_485' title='bbox 1918 3734 2080 3789; x_wconf 80' lang='grc' dir='ltr'>ύπάο-</span> 
     </span>
    </p>
   </div>
   <div class='ocr_carea' id='block_1_71' title="bbox 494 3819 2075 3902">
    <p class='ocr_par' dir='ltr' id='par_1_71' title="bbox 494 3819 2075 3902">
     <span class='ocr_line' id='line_1_71' title="bbox 494 3819 2075 3902; baseline 0.007 -30"><span class='ocrx_word' id='word_1_486' title='bbox 494 3838 659 3889; x_wconf 88' lang='grc' dir='ltr'>χουσι</span> <span class='ocrx_word' id='word_1_487' title='bbox 725 3819 981 3894; x_wconf 84' lang='grc' dir='ltr'>Θεόδωρος</span> <span class='ocrx_word' id='word_1_488' title='bbox 1030 3819 1056 3876; x_wconf 89' lang='grc' dir='ltr'><strong>ὁ</strong></span> <span class='ocrx_word' id='word_1_489' title='bbox 1110 3824 1411 3895; x_wconf 76' lang='grc' dir='ltr'>Φαρανίτης,</span> <span class='ocrx_word' id='word_1_490' title='bbox 1464 3831 1625 3895; x_wconf 64' lang='grc' dir='ltr'>κῦρος</span> <span class='ocrx_word' id='word_1_491' title='bbox 1682 3826 2075 3902; x_wconf 75' lang='grc' dir='ltr'>’Δλεξανδρείας,</span> 
     </span>
    </p>
   </div>
   <div class='ocr_carea' id='block_1_72' title="bbox 493 3912 2076 3991">
    <p class='ocr_par' dir='ltr' id='par_1_72' title="bbox 493 3912 2076 3991">
     <span class='ocr_line' id='line_1_72' title="bbox 493 3912 2076 3991; baseline 0.008 -27"><span class='ocrx_word' id='word_1_492' title='bbox 493 3912 731 3985; x_wconf 78' lang='grc' dir='ltr'>Σέργιος,</span> <span class='ocrx_word' id='word_1_493' title='bbox 808 3913 1035 3984; x_wconf 80' lang='grc' dir='ltr'>Πύρῥος,</span> <span class='ocrx_word' id='word_1_494' title='bbox 1116 3916 1309 3975; x_wconf 79' lang='grc' dir='ltr'>Παῦλος</span> <span class='ocrx_word' id='word_1_495' title='bbox 1381 3919 1466 3970; x_wconf 86' lang='grc' dir='ltr'>καί</span> <span class='ocrx_word' id='word_1_496' title='bbox 1553 3920 1739 3991; x_wconf 78' lang='grc' dir='ltr'>Πέτρος</span> <span class='ocrx_word' id='word_1_497' title='bbox 1805 3920 1851 3973; x_wconf 82' lang='grc' dir='ltr'><strong>οἰ</strong></span> <span class='ocrx_word' id='word_1_498' title='bbox 1932 3927 2076 3975; x_wconf 79' lang='grc' dir='ltr'><strong>Κωνο</strong></span> 
     </span>
    </p>
   </div>
   <div class='ocr_carea' id='block_1_73' title="bbox 497 4006 2078 4088">
    <p class='ocr_par' dir='ltr' id='par_1_73' title="bbox 497 4006 2078 4088">
     <span class='ocr_line' id='line_1_73' title="bbox 497 4006 2078 4088; baseline 0.007 -31"><span class='ocrx_word' id='word_1_499' title='bbox 497 4006 997 4068; x_wconf 71' lang='grc' dir='ltr'>σταντινουπόλεως,</span> <span class='ocrx_word' id='word_1_500' title='bbox 1029 4009 1114 4060; x_wconf 86' lang='grc' dir='ltr'><strong>καί</strong></span> <span class='ocrx_word' id='word_1_501' title='bbox 1143 4007 1188 4060; x_wconf 83' lang='grc' dir='ltr'>οί</span> <span class='ocrx_word' id='word_1_502' title='bbox 1226 4008 1418 4063; x_wconf 87' lang='grc' dir='ltr'>τούτων</span> <span class='ocrx_word' id='word_1_503' title='bbox 1469 4007 1736 4082; x_wconf 79' lang='grc' dir='ltr'>ὁμόφρονες</span> <span class='ocrx_word' id='word_1_504' title='bbox 1784 4015 1945 4088; x_wconf 83' lang='grc' dir='ltr'>μέχρι</span> <span class='ocrx_word' id='word_1_505' title='bbox 1998 4017 2078 4070; x_wconf 82' lang='grc' dir='ltr'><strong>τέ-</strong></span> 
     </span>
    </p>
   </div>
   <div class='ocr_carea' id='block_1_74' title="bbox 491 4091 2081 4163">
    <p class='ocr_par' dir='ltr' id='par_1_74' title="bbox 491 4091 2081 4163">
     <span class='ocr_line' id='line_1_74' title="bbox 491 4091 2081 4163; baseline 0.009 -19"><span class='ocrx_word' id='word_1_506' title='bbox 491 4091 614 4154; x_wconf 87' lang='grc' dir='ltr'>λους</span> <span class='ocrx_word' id='word_1_507' title='bbox 676 4092 1085 4163; x_wconf 79' lang='grc' dir='ltr'>ἀποδειχθέντες,</span> <span class='ocrx_word' id='word_1_508' title='bbox 1121 4096 1299 4156; x_wconf 78' lang='grc' dir='ltr'>οἵτινες</span> <span class='ocrx_word' id='word_1_509' title='bbox 1365 4106 1456 4159; x_wconf 79' lang='grc' dir='ltr'><strong>τῆς</strong></span> <span class='ocrx_word' id='word_1_510' title='bbox 1519 4109 1690 4160; x_wconf 80' lang='grc' dir='ltr'>καινῆς</span> <span class='ocrx_word' id='word_1_511' title='bbox 1747 4102 1938 4163; x_wconf 81' lang='grc' dir='ltr'>πλάνης</span> <span class='ocrx_word' id='word_1_512' title='bbox 1995 4106 2081 4158; x_wconf 86' lang='grc' dir='ltr'><strong>αύ-</strong></span> 
     </span>
    </p>
   </div>
   <div class='ocr_carea' id='block_1_75' title="bbox 491 4190 2074 4270">
    <p class='ocr_par' dir='ltr' id='par_1_75' title="bbox 491 4190 2074 4270">
     <span class='ocr_line' id='line_1_75' title="bbox 491 4190 2074 4270; baseline 0.007 -28"><span class='ocrx_word' id='word_1_513' title='bbox 491 4190 676 4251; x_wconf 81' lang='grc' dir='ltr'>θίνται,</span> <span class='ocrx_word' id='word_1_514' title='bbox 694 4192 779 4243; x_wconf 81' lang='grc' dir='ltr'><strong>καί</strong></span> <span class='ocrx_word' id='word_1_515' title='bbox 809 4198 899 4250; x_wconf 80' lang='grc' dir='ltr'>τῆς</span> <span class='ocrx_word' id='word_1_516' title='bbox 928 4190 1117 4250; x_wconf 81' lang='grc' dir='ltr'>τελείας</span> <span class='ocrx_word' id='word_1_517' title='bbox 1139 4192 1433 4263; x_wconf 79' lang='grc' dir='ltr'>οἰκονομίας,</span> <span class='ocrx_word' id='word_1_518' title='bbox 1460 4196 1511 4248; x_wconf 80' lang='grc' dir='ltr'><strong>ἐν</strong></span> <span class='ocrx_word' id='word_1_519' title='bbox 1538 4192 1775 4269; x_wconf 70' lang='grc' dir='ltr'>ᾖπάντες</span> <span class='ocrx_word' id='word_1_520' title='bbox 1800 4198 2074 4270; x_wconf 79' lang='grc' dir='ltr'>ἐσώθημεν,</span> 
     </span>
    </p>
   </div>
   <div class='ocr_carea' id='block_1_76' title="bbox 494 4280 2079 4358">
    <p class='ocr_par' dir='ltr' id='par_1_76' title="bbox 494 4280 2079 4358">
     <span class='ocr_line' id='line_1_76' title="bbox 494 4280 2079 4358; baseline 0.008 -25"><span class='ocrx_word' id='word_1_521' title='bbox 494 4280 673 4356; x_wconf 66' lang='grc' dir='ltr'>ἐχθροί</span> <span class='ocrx_word' id='word_1_522' title='bbox 717 4280 771 4335; x_wconf 88' lang='grc' dir='ltr'><strong>ού</strong></span> <span class='ocrx_word' id='word_1_523' title='bbox 808 4281 952 4353; x_wconf 89' lang='grc' dir='ltr'>μόνον</span> <span class='ocrx_word' id='word_1_524' title='bbox 1004 4291 1096 4343; x_wconf 79' lang='grc' dir='ltr'><strong>τῆς</strong></span> <span class='ocrx_word' id='word_1_525' title='bbox 1140 4284 1355 4348; x_wconf 82' lang='grc' dir='ltr'>ἀληθοῦς</span> <span class='ocrx_word' id='word_1_526' title='bbox 1398 4286 1663 4358; x_wconf 74' lang='grc' dir='ltr'>ὁμολογίας</span> <span class='ocrx_word' id='word_1_527' title='bbox 1699 4289 1930 4353; x_wconf 78' lang='grc' dir='ltr'>ἐναντίοι,</span> <span class='ocrx_word' id='word_1_528' title='bbox 1973 4292 2079 4345; x_wconf 83' lang='grc' dir='ltr'>ἀλλ’</span> 
     </span>
    </p>
   </div>
   <div class='ocr_carea' id='block_1_77' title="bbox 493 4371 2080 4445">
    <p class='ocr_par' dir='ltr' id='par_1_77' title="bbox 493 4371 2080 4445">
     <span class='ocr_line' id='line_1_77' title="bbox 493 4371 2080 4445; baseline 0.007 -17"><span class='ocrx_word' id='word_1_529' title='bbox 493 4371 581 4428; x_wconf 80' lang='grc' dir='ltr'>ἅτε</span> <span class='ocrx_word' id='word_1_530' title='bbox 631 4371 692 4433; x_wconf 79' lang='grc' dir='ltr'>δὴ</span> <span class='ocrx_word' id='word_1_531' title='bbox 749 4374 1065 4441; x_wconf 79' lang='grc' dir='ltr'>πλανώμενοι</span> <span class='ocrx_word' id='word_1_532' title='bbox 1116 4376 1217 4431; x_wconf 85' lang='grc' dir='ltr'>ἀπὸ</span> <span class='ocrx_word' id='word_1_533' title='bbox 1264 4386 1352 4439; x_wconf 80' lang='grc' dir='ltr'>τῆς</span> <span class='ocrx_word' id='word_1_534' title='bbox 1406 4378 1524 4434; x_wconf 83' lang='grc' dir='ltr'>ὁδοῦ</span> <span class='ocrx_word' id='word_1_535' title='bbox 1584 4389 1677 4441; x_wconf 84' lang='grc' dir='ltr'><strong>τῆς</strong></span> <span class='ocrx_word' id='word_1_536' title='bbox 1738 4382 1969 4445; x_wconf 81' lang='grc' dir='ltr'>ἀληθείας</span> <span class='ocrx_word' id='word_1_537' title='bbox 2012 4384 2080 4439; x_wconf 89' lang='grc' dir='ltr'><strong>τά</strong></span> 
     </span>
    </p>
   </div>
   <div class='ocr_carea' id='block_1_78' title="bbox 492 4464 2073 4548">
    <p class='ocr_par' dir='ltr' id='par_1_78' title="bbox 492 4464 2073 4548">
     <span class='ocr_line' id='line_1_78' title="bbox 492 4464 2073 4548; baseline 0.009 -30"><span class='ocrx_word' id='word_1_538' title='bbox 492 4465 691 4521; x_wconf 70' lang='grc' dir='ltr'><strong>ἐναντία</strong></span> <span class='ocrx_word' id='word_1_539' title='bbox 741 4464 1001 4531; x_wconf 80' lang='grc' dir='ltr'>ἐδίδαξαν,</span> <span class='ocrx_word' id='word_1_540' title='bbox 1054 4465 1214 4529; x_wconf 72' lang='grc' dir='ltr'>ἄλλως</span> <span class='ocrx_word' id='word_1_541' title='bbox 1266 4473 1352 4524; x_wconf 84' lang='grc' dir='ltr'>καί</span> <span class='ocrx_word' id='word_1_542' title='bbox 1400 4470 1559 4533; x_wconf 79' lang='grc' dir='ltr'>ὅλλως</span> <span class='ocrx_word' id='word_1_543' title='bbox 1604 4473 2073 4548; x_wconf 84' lang='grc' dir='ltr'>δικαιολογούμενοι,</span> 
     </span>
    </p>
   </div>
   <div class='ocr_carea' id='block_1_79' title="bbox 2180 3359 3763 3437">
    <p class='ocr_par' dir='ltr' id='par_1_79' title="bbox 2180 3359 3763 3437">
     <span class='ocr_line' id='line_1_79' title="bbox 2180 3359 3763 3437; baseline 0.009 -25"><span class='ocrx_word' id='word_1_544' title='bbox 2180 3359 2335 3425; x_wconf 81' lang='lat' dir='ltr'><strong>festi,</strong></span> <span class='ocrx_word' id='word_1_545' title='bbox 2369 3376 2472 3414; x_wconf 88' lang='lat' dir='ltr'><strong>non</strong></span> <span class='ocrx_word' id='word_1_546' title='bbox 2501 3363 2671 3417; x_wconf 91' lang='lat' dir='ltr'><strong>solum</strong></span> <span class='ocrx_word' id='word_1_547' title='bbox 2705 3379 2843 3419; x_wconf 69' lang='lat' dir='ltr'><strong>verae</strong></span> <span class='ocrx_word' id='word_1_548' title='bbox 2883 3368 3232 3423; x_wconf 83' lang='lat' dir='ltr'><strong>confessionis</strong></span> <span class='ocrx_word' id='word_1_549' title='bbox 3276 3369 3601 3432; x_wconf 80' lang='lat' dir='ltr'><strong>adversarii,</strong></span> <span class='ocrx_word' id='word_1_550' title='bbox 3639 3376 3763 3437; x_wconf 89' lang='lat' dir='ltr'><strong>sed,</strong></span> 
     </span>
    </p>
   </div>
   <div class='ocr_carea' id='block_1_80' title="bbox 2182 3456 3766 3531">
    <p class='ocr_par' dir='ltr' id='par_1_80' title="bbox 2182 3456 3766 3531">
     <span class='ocr_line' id='line_1_80' title="bbox 2182 3456 3766 3531; baseline 0.008 -25"><span class='ocrx_word' id='word_1_551' title='bbox 2182 3463 2365 3520; x_wconf 87' lang='lat' dir='ltr'><strong>utpote</strong></span> <span class='ocrx_word' id='word_1_552' title='bbox 2394 3470 2419 3507; x_wconf 86' lang='lat' dir='ltr'><strong>a</strong></span> <span class='ocrx_word' id='word_1_553' title='bbox 2453 3456 2538 3508; x_wconf 78' lang='lat' dir='ltr'><strong>via</strong></span> <span class='ocrx_word' id='word_1_554' title='bbox 2572 3459 2806 3511; x_wconf 79' lang='lat' dir='ltr'><strong>veritatis</strong></span> <span class='ocrx_word' id='word_1_555' title='bbox 2835 3460 3168 3527; x_wconf 85' lang='lat' dir='ltr'><strong>aberrantes,</strong></span> <span class='ocrx_word' id='word_1_556' title='bbox 3192 3462 3292 3517; x_wconf 90' lang='lat' dir='ltr'><strong>sibi</strong></span> <span class='ocrx_word' id='word_1_557' title='bbox 3340 3465 3464 3531; x_wconf 91' lang='lat' dir='ltr'><strong>ipsis</strong></span> <span class='ocrx_word' id='word_1_558' title='bbox 3493 3469 3766 3519; x_wconf 80' lang='lat' dir='ltr'><strong>contraria</strong></span> 
     </span>
    </p>
   </div>
   <div class='ocr_carea' id='block_1_81' title="bbox 2180 3544 3764 3619">
    <p class='ocr_par' dir='ltr' id='par_1_81' title="bbox 2180 3544 3764 3619">
     <span class='ocr_line' id='line_1_81' title="bbox 2180 3544 3764 3619; baseline 0.008 -23"><span class='ocrx_word' id='word_1_559' title='bbox 2180 3544 2508 3611; x_wconf 88' lang='lat' dir='ltr'><strong>docuerunt,</strong></span> <span class='ocrx_word' id='word_1_560' title='bbox 2538 3547 2690 3601; x_wconf 84' lang='lat' dir='ltr'><strong>aliter</strong></span> <span class='ocrx_word' id='word_1_561' title='bbox 2731 3559 2785 3603; x_wconf 90' lang='lat' dir='ltr'><strong>et</strong></span> <span class='ocrx_word' id='word_1_562' title='bbox 2824 3550 2979 3602; x_wconf 85' lang='lat' dir='ltr'><strong>aliter</strong></span> <span class='ocrx_word' id='word_1_563' title='bbox 3004 3563 3340 3619; x_wconf 84' lang='lat' dir='ltr'><strong>asserentes,</strong></span> <span class='ocrx_word' id='word_1_564' title='bbox 3364 3563 3418 3606; x_wconf 92' lang='lat' dir='ltr'><strong>et</strong></span> <span class='ocrx_word' id='word_1_565' title='bbox 3444 3556 3764 3609; x_wconf 88' lang='lat' dir='ltr'><strong>alterutrmu</strong></span> 
     </span>
    </p>
   </div>
   <div class='ocr_carea' id='block_1_82' title="bbox 2179 3633 3765 3704">
    <p class='ocr_par' dir='ltr' id='par_1_82' title="bbox 2179 3633 3765 3704">
     <span class='ocr_line' id='line_1_82' title="bbox 2179 3633 3765 3704; baseline 0.008 -17"><span class='ocrx_word' id='word_1_566' title='bbox 2179 3633 2423 3701; x_wconf 82' lang='lat' dir='ltr'><strong>dogmata</strong></span> <span class='ocrx_word' id='word_1_567' title='bbox 2453 3635 2812 3693; x_wconf 87' lang='lat' dir='ltr'><strong>destruentes.</strong></span> <span class='ocrx_word' id='word_1_568' title='bbox 2842 3639 2992 3704; x_wconf 79' lang='lat' dir='ltr'><strong>Quod</strong></span> <span class='ocrx_word' id='word_1_569' title='bbox 3024 3645 3165 3695; x_wconf 90' lang='lat' dir='ltr'><strong>enim</strong></span> <span class='ocrx_word' id='word_1_570' title='bbox 3215 3644 3356 3697; x_wconf 86' lang='lat' dir='ltr'><strong>nulla</strong></span> <span class='ocrx_word' id='word_1_571' title='bbox 3392 3646 3618 3701; x_wconf 87' lang='lat' dir='ltr'><strong>veritate</strong></span> <span class='ocrx_word' id='word_1_572' title='bbox 3650 3647 3765 3700; x_wconf 89' lang='lat' dir='ltr'><strong>fun-</strong></span> 
     </span>
    </p>
   </div>
   <div class='ocr_carea' id='block_1_83' title="bbox 2178 3725 3767 3791">
    <p class='ocr_par' dir='ltr' id='par_1_83' title="bbox 2178 3725 3767 3791">
     <span class='ocr_line' id='line_1_83' title="bbox 2178 3725 3767 3791; baseline 0.008 -12"><span class='ocrx_word' id='word_1_573' title='bbox 2178 3725 2356 3779; x_wconf 88' lang='lat' dir='ltr'><strong>datum</strong></span> <span class='ocrx_word' id='word_1_574' title='bbox 2389 3734 2489 3790; x_wconf 82' lang='lat' dir='ltr'><strong>cst,</strong></span> <span class='ocrx_word' id='word_1_575' title='bbox 2525 3744 2744 3784; x_wconf 84' lang='lat' dir='ltr'><strong>necesse</strong></span> <span class='ocrx_word' id='word_1_576' title='bbox 2771 3739 2853 3783; x_wconf 91' lang='lat' dir='ltr'><strong>est</strong></span> <span class='ocrx_word' id='word_1_577' title='bbox 2882 3740 2937 3784; x_wconf 91' lang='lat' dir='ltr'><strong>ut</strong></span> <span class='ocrx_word' id='word_1_578' title='bbox 2964 3735 3162 3787; x_wconf 89' lang='lat' dir='ltr'><strong>erroris</strong></span> <span class='ocrx_word' id='word_1_579' title='bbox 3204 3736 3555 3790; x_wconf 87' lang='lat' dir='ltr'><strong>inconstantia</strong></span> <span class='ocrx_word' id='word_1_580' title='bbox 3594 3739 3767 3791; x_wconf 81' lang='lat' dir='ltr'><strong>varie-</strong></span> 
     </span>
    </p>
   </div>
   <div class='ocr_carea' id='block_1_84' title="bbox 2182 3817 3765 3894">
    <p class='ocr_par' dir='ltr' id='par_1_84' title="bbox 2182 3817 3765 3894">
     <span class='ocr_line' id='line_1_84' title="bbox 2182 3817 3765 3894; baseline 0.012 -25"><span class='ocrx_word' id='word_1_581' title='bbox 2182 3827 2282 3870; x_wconf 93' lang='lat' dir='ltr'><strong>tur.</strong></span> <span class='ocrx_word' id='word_1_582' title='bbox 2311 3817 2442 3872; x_wconf 82' lang='lat' dir='ltr'><strong>Nam</strong></span> <span class='ocrx_word' id='word_1_583' title='bbox 2476 3833 2602 3873; x_wconf 74' lang='lat' dir='ltr'><strong>vena</strong></span> <span class='ocrx_word' id='word_1_584' title='bbox 2638 3821 2771 3874; x_wconf 87' lang='lat' dir='ltr'><strong>fides</strong></span> <span class='ocrx_word' id='word_1_585' title='bbox 2802 3823 3067 3877; x_wconf 84' lang='lat' dir='ltr'><strong>immutari</strong></span> <span class='ocrx_word' id='word_1_586' title='bbox 3101 3841 3201 3879; x_wconf 86' lang='lat' dir='ltr'><strong>non</strong></span> <span class='ocrx_word' id='word_1_587' title='bbox 3234 3829 3446 3894; x_wconf 88' lang='lat' dir='ltr'><strong>poterit,</strong></span> <span class='ocrx_word' id='word_1_588' title='bbox 3480 3845 3578 3885; x_wconf 89' lang='lat' dir='ltr'><strong>nec</strong></span> <span class='ocrx_word' id='word_1_589' title='bbox 3608 3832 3765 3887; x_wconf 85' lang='lat' dir='ltr'><strong>aliter</strong></span> 
     </span>
    </p>
   </div>
   <div class='ocr_carea' id='block_1_85' title="bbox 2180 3912 3764 3990">
    <p class='ocr_par' dir='ltr' id='par_1_85' title="bbox 2180 3912 3764 3990">
     <span class='ocr_line' id='line_1_85' title="bbox 2180 3912 3764 3990; baseline 0.012 -27"><span class='ocrx_word' id='word_1_590' title='bbox 2180 3925 2354 3978; x_wconf 89' lang='lat' dir='ltr'><strong>nunc,</strong></span> <span class='ocrx_word' id='word_1_591' title='bbox 2386 3912 2537 3966; x_wconf 88' lang='lat' dir='ltr'><strong>aliter</strong></span> <span class='ocrx_word' id='word_1_592' title='bbox 2587 3916 2921 3981; x_wconf 81' lang='lat' dir='ltr'><strong>postmodum</strong></span> <span class='ocrx_word' id='word_1_593' title='bbox 2974 3920 3265 3986; x_wconf 69' lang='lat' dir='ltr'><strong>prmdicari.</strong></span> <span class='ocrx_word' id='word_1_594' title='bbox 3309 3923 3444 3990; x_wconf 82' lang='lat' dir='ltr'><strong>Quia</strong></span> <span class='ocrx_word' id='word_1_595' title='bbox 3485 3923 3551 3979; x_wconf 77' lang='lat' dir='ltr'><strong>sit</strong></span> <span class='ocrx_word' id='word_1_596' title='bbox 3600 3942 3764 3982; x_wconf 78' lang='lat' dir='ltr'><strong>sermo</strong></span> 
     </span>
    </p>
   </div>
   <div class='ocr_carea' id='block_1_86' title="bbox 2182 4005 3761 4087">
    <p class='ocr_par' dir='ltr' id='par_1_86' title="bbox 2182 4005 3761 4087">
     <span class='ocr_line' id='line_1_86' title="bbox 2182 4005 3761 4087; baseline 0.014 -35"><span class='ocrx_word' id='word_1_597' title='bbox 2182 4011 2362 4069; x_wconf 78' lang='lat' dir='ltr'><strong>vester,</strong></span> <span class='ocrx_word' id='word_1_598' title='bbox 2396 4014 2449 4055; x_wconf 90' lang='lat' dir='ltr'><strong>ut</strong></span> <span class='ocrx_word' id='word_1_599' title='bbox 2482 4008 2764 4070; x_wconf 82' lang='lat' dir='ltr'><strong>ApOSloltts</strong></span> <span class='ocrx_word' id='word_1_600' title='bbox 2794 4005 2968 4071; x_wconf 88' lang='lat' dir='ltr'><strong>docet,</strong></span> <span class='ocrx_word' id='word_1_601' title='bbox 3006 4009 3120 4076; x_wconf 82' lang='lat' dir='ltr'><strong>Est,</strong></span> <span class='ocrx_word' id='word_1_602' title='bbox 3152 4022 3247 4079; x_wconf 79' lang='grc' dir='ltr'>εει,</span> <span class='ocrx_word' id='word_1_603' title='bbox 3280 4030 3403 4077; x_wconf 82' lang='lat' dir='ltr'><strong>non,</strong></span> <span class='ocrx_word' id='word_1_604' title='bbox 3437 4032 3539 4070; x_wconf 83' lang='lat' dir='ltr'><strong>non</strong></span> <span class='ocrx_word' id='word_1_605' title='bbox 3571 4033 3592 4072; x_wconf 90' lang='lat'><strong>:</strong></span> <span class='ocrx_word' id='word_1_606' title='bbox 3624 4020 3761 4087; x_wconf 76' lang='lat' dir='ltr'><strong>quod</strong></span> 
     </span>
    </p>
   </div>
   <div class='ocr_carea' id='block_1_87' title="bbox 2179 4100 3755 4182">
    <p class='ocr_par' dir='ltr' id='par_1_87' title="bbox 2179 4100 3755 4182">
     <span class='ocr_line' id='line_1_87' title="bbox 2179 4100 3755 4182; baseline 0.015 -36"><span class='ocrx_word' id='word_1_607' title='bbox 2179 4100 2294 4164; x_wconf 79' lang='lat' dir='ltr'><strong>plus</strong></span> <span class='ocrx_word' id='word_1_608' title='bbox 2322 4108 2428 4165; x_wconf 80' lang='lat' dir='ltr'><strong>est,</strong></span> <span class='ocrx_word' id='word_1_609' title='bbox 2458 4117 2490 4152; x_wconf 84' lang='grc' dir='ltr'><strong>α</strong></span> <span class='ocrx_word' id='word_1_610' title='bbox 2531 4101 2666 4154; x_wconf 87' lang='lat' dir='ltr'><strong>man</strong></span> <span class='ocrx_word' id='word_1_611' title='bbox 2707 4111 2781 4155; x_wconf 80' lang='lat' dir='ltr'><strong>est</strong></span> <span class='ocrx_word' id='word_1_612' title='bbox 2812 4100 2893 4174; x_wconf 90' lang='lat' dir='ltr'><strong>(Il</strong></span> <span class='ocrx_word' id='word_1_613' title='bbox 2927 4102 3044 4159; x_wconf 86' lang='lat' dir='ltr'><strong>Cor.</strong></span> <span class='ocrx_word' id='word_1_614' title='bbox 3075 4124 3121 4173; x_wconf 86' lang='lat' dir='ltr'><strong>t;</strong></span> <span class='ocrx_word' id='word_1_615' title='bbox 3153 4106 3337 4164; x_wconf 62' lang='lat' dir='ltr'><strong>Matt/1.</strong></span> <span class='ocrx_word' id='word_1_616' title='bbox 3372 4127 3435 4176; x_wconf 94' lang='lat' dir='ltr'><strong>v;</strong></span> <span class='ocrx_word' id='word_1_617' title='bbox 3466 4110 3648 4167; x_wconf 75' lang='lat' dir='ltr'><strong>Iacob.</strong></span> <span class='ocrx_word' id='word_1_618' title='bbox 3686 4118 3755 4182; x_wconf 89' lang='lat' dir='ltr'><strong>v).</strong></span> 
     </span>
    </p>
   </div>
   <div class='ocr_carea' id='block_1_88' title="bbox 2183 4193 3761 4273">
    <p class='ocr_par' dir='ltr' id='par_1_88' title="bbox 2183 4193 3761 4273">
     <span class='ocr_line' id='line_1_88' title="bbox 2183 4193 3761 4273; baseline 0.011 -27"><span class='ocrx_word' id='word_1_619' title='bbox 2183 4193 2442 4247; x_wconf 71' lang='lat' dir='ltr'><strong>Przeterea</strong></span> <span class='ocrx_word' id='word_1_620' title='bbox 2468 4195 2901 4252; x_wconf 88' lang='lat' dir='ltr'><strong>satisfaciendum</strong></span> <span class='ocrx_word' id='word_1_621' title='bbox 2934 4210 3017 4254; x_wconf 80' lang='lat' dir='ltr'><strong>est</strong></span> <span class='ocrx_word' id='word_1_622' title='bbox 3048 4215 3226 4257; x_wconf 90' lang='lat' dir='ltr'><strong>nostro</strong></span> <span class='ocrx_word' id='word_1_623' title='bbox 3262 4207 3455 4273; x_wconf 75' lang='lat' dir='ltr'><strong>exiguo</strong></span> <span class='ocrx_word' id='word_1_624' title='bbox 3488 4208 3761 4263; x_wconf 75' lang='lat' dir='ltr'><strong>famulaturi</strong></span> 
     </span>
    </p>
   </div>
   <div class='ocr_carea' id='block_1_89' title="bbox 2180 4286 3762 4355">
    <p class='ocr_par' dir='ltr' id='par_1_89' title="bbox 2180 4286 3762 4355">
     <span class='ocr_line' id='line_1_89' title="bbox 2180 4286 3762 4355; baseline 0.01 -16"><span class='ocrx_word' id='word_1_625' title='bbox 2180 4286 2317 4353; x_wconf 89' lang='lat' dir='ltr'><strong>apud</strong></span> <span class='ocrx_word' id='word_1_626' title='bbox 2340 4289 2805 4345; x_wconf 76' lang='lat' dir='ltr'><strong>serenissimorunt</strong></span> <span class='ocrx_word' id='word_1_627' title='bbox 2830 4292 3168 4349; x_wconf 89' lang='lat' dir='ltr'><strong>dominormn</strong></span> <span class='ocrx_word' id='word_1_628' title='bbox 3195 4307 3503 4354; x_wconf 84' lang='lat' dir='ltr'><strong>nostrorum</strong></span> <span class='ocrx_word' id='word_1_629' title='bbox 3526 4301 3762 4355; x_wconf 87' lang='lat' dir='ltr'><strong>clemen-</strong></span> 
     </span>
    </p>
   </div>
   <div class='ocr_carea' id='block_1_90' title="bbox 2183 4374 3764 4462">
    <p class='ocr_par' dir='ltr' id='par_1_90' title="bbox 2183 4374 3764 4462">
     <span class='ocr_line' id='line_1_90' title="bbox 2183 4374 3764 4462; baseline 0.013 -35"><span class='ocrx_word' id='word_1_630' title='bbox 2183 4374 2331 4440; x_wconf 87' lang='lat' dir='ltr'><strong>tiam,</strong></span> <span class='ocrx_word' id='word_1_631' title='bbox 2364 4392 2458 4448; x_wconf 90' lang='lat' dir='ltr'><strong>pro</strong></span> <span class='ocrx_word' id='word_1_632' title='bbox 2484 4381 2732 4435; x_wconf 88' lang='lat' dir='ltr'><strong>tarditate</strong></span> <span class='ocrx_word' id='word_1_633' title='bbox 2761 4383 3042 4440; x_wconf 86' lang='lat' dir='ltr'><strong>missarum</strong></span> <span class='ocrx_word' id='word_1_634' title='bbox 3075 4403 3138 4441; x_wconf 83' lang='lat' dir='ltr'><strong>ex</strong></span> <span class='ocrx_word' id='word_1_635' title='bbox 3169 4391 3399 4444; x_wconf 84' lang='lat' dir='ltr'><strong>concilio</strong></span> <span class='ocrx_word' id='word_1_636' title='bbox 3429 4404 3616 4447; x_wconf 90' lang='lat' dir='ltr'><strong>nostro</strong></span> <span class='ocrx_word' id='word_1_637' title='bbox 3647 4410 3764 4462; x_wconf 81' lang='lat' dir='ltr'><strong>pcr-</strong></span> 
     </span>
    </p>
   </div>
   <div class='ocr_carea' id='block_1_91' title="bbox 2179 4472 3760 4551">
    <p class='ocr_par' dir='ltr' id='par_1_91' title="bbox 2179 4472 3760 4551">
     <span class='ocr_line' id='line_1_91' title="bbox 2179 4472 3760 4551; baseline 0.013 -32"><span class='ocrx_word' id='word_1_638' title='bbox 2179 4480 2431 4522; x_wconf 65' lang='lat' dir='ltr'><strong>sonarum</strong></span> <span class='ocrx_word' id='word_1_639' title='bbox 2456 4510 2471 4534; x_wconf 89' lang='lat'><strong>,</strong></span> <span class='ocrx_word' id='word_1_640' title='bbox 2501 4486 2632 4540; x_wconf 84' lang='lat' dir='ltr'><strong>quas</strong></span> <span class='ocrx_word' id='word_1_641' title='bbox 2670 4472 2823 4543; x_wconf 87' lang='lat' dir='ltr'><strong>dirigi</strong></span> <span class='ocrx_word' id='word_1_642' title='bbox 2875 4492 2968 4545; x_wconf 86' lang='lat' dir='ltr'><strong>per</strong></span> <span class='ocrx_word' id='word_1_643' title='bbox 3012 4493 3162 4533; x_wconf 89' lang='lat' dir='ltr'><strong>suam</strong></span> <span class='ocrx_word' id='word_1_644' title='bbox 3208 4486 3644 4551; x_wconf 86' lang='lat' dir='ltr'><strong>augustissimam</strong></span> <span class='ocrx_word' id='word_1_645' title='bbox 3675 4499 3760 4539; x_wconf 82' lang='lat' dir='ltr'><strong>sa-</strong></span> 
     </span>
    </p>
   </div>
   <div class='ocr_carea' id='block_1_92' title="bbox 492 4555 2081 4643">
    <p class='ocr_par' dir='ltr' id='par_1_92' title="bbox 492 4555 2075 4640">
     <span class='ocr_line' id='line_1_92' title="bbox 492 4555 2075 4640; baseline 0.01 -31"><span class='ocrx_word' id='word_1_646' title='bbox 492 4560 577 4610; x_wconf 82' lang='grc' dir='ltr'><strong>καί</strong></span> <span class='ocrx_word' id='word_1_647' title='bbox 620 4556 835 4616; x_wconf 80' lang='grc' dir='ltr'>ἀλλήλων</span> <span class='ocrx_word' id='word_1_648' title='bbox 863 4560 929 4612; x_wconf 85' lang='grc' dir='ltr'><strong>τά</strong></span> <span class='ocrx_word' id='word_1_649' title='bbox 957 4555 1188 4631; x_wconf 85' lang='grc' dir='ltr'>δόγματα</span> <span class='ocrx_word' id='word_1_650' title='bbox 1216 4561 1567 4626; x_wconf 76' lang='grc' dir='ltr'>καταλύοντες.</span> <span class='ocrx_word' id='word_1_651' title='bbox 1609 4567 1676 4620; x_wconf 88' lang='grc' dir='ltr'><strong>Τὸ</strong></span> <span class='ocrx_word' id='word_1_652' title='bbox 1722 4570 1819 4640; x_wconf 78' lang='grc' dir='ltr'>γὰρ</span> <span class='ocrx_word' id='word_1_653' title='bbox 1854 4568 2075 4640; x_wconf 88' lang='grc' dir='ltr'>μηδεμιᾷ</span> 
     </span>
    </p>
   </div>
   <div class='ocr_carea' id='block_1_93' title="bbox 2182 4555 3761 4643">
    <p class='ocr_par' dir='ltr' id='par_1_93' title="bbox 2182 4565 3761 4643">
     <span class='ocr_line' id='line_1_93' title="bbox 2182 4565 3761 4643; baseline 0.013 -30"><span class='ocrx_word' id='word_1_654' title='bbox 2182 4573 2357 4626; x_wconf 79' lang='lat' dir='ltr'><strong>cram,</strong></span> <span class='ocrx_word' id='word_1_655' title='bbox 2391 4572 2625 4618; x_wconf 89' lang='lat' dir='ltr'><strong>vestrum</strong></span> <span class='ocrx_word' id='word_1_656' title='bbox 2681 4565 2973 4635; x_wconf 81' lang='lat' dir='ltr'><strong>piissimum</strong></span> <span class='ocrx_word' id='word_1_657' title='bbox 3015 4572 3281 4641; x_wconf 79' lang='lat' dir='ltr'><strong>fastigium</strong></span> <span class='ocrx_word' id='word_1_658' title='bbox 3315 4576 3491 4643; x_wconf 87' lang='lat' dir='ltr'><strong>jussit.</strong></span> <span class='ocrx_word' id='word_1_659' title='bbox 3527 4577 3761 4633; x_wconf 84' lang='lat' dir='ltr'><strong>Primum</strong></span> 
     </span>
    </p>
   </div>
   <div class='ocr_carea' id='block_1_94' title="bbox 492 4648 2075 4724">
    <p class='ocr_par' dir='ltr' id='par_1_94' title="bbox 492 4648 2075 4724">
     <span class='ocr_line' id='line_1_94' title="bbox 492 4648 2075 4724; baseline 0.008 -21"><span class='ocrx_word' id='word_1_660' title='bbox 492 4648 699 4723; x_wconf 78' lang='grc' dir='ltr'>ἀληθείᾳ</span> <span class='ocrx_word' id='word_1_661' title='bbox 745 4649 1056 4724; x_wconf 83' lang='grc' dir='ltr'>θεμελιωθέν,</span> <span class='ocrx_word' id='word_1_662' title='bbox 1099 4652 1371 4723; x_wconf 80' lang='grc' dir='ltr'>ἀναγκαῖόν</span> <span class='ocrx_word' id='word_1_663' title='bbox 1424 4657 1595 4721; x_wconf 74' lang='grc' dir='ltr'>ἔστιν,</span> <span class='ocrx_word' id='word_1_664' title='bbox 1619 4658 1704 4712; x_wconf 84' lang='grc' dir='ltr'>ἶνα</span> <span class='ocrx_word' id='word_1_665' title='bbox 1748 4668 1841 4721; x_wconf 80' lang='grc' dir='ltr'>τῆς</span> <span class='ocrx_word' id='word_1_666' title='bbox 1882 4661 2075 4723; x_wconf 82' lang='grc' dir='ltr'>πλάνης</span> 
     </span>
    </p>
   </div>
   <div class='ocr_carea' id='block_1_95' title="bbox 492 4742 2076 4829">
    <p class='ocr_par' dir='ltr' id='par_1_95' title="bbox 492 4742 2076 4829">
     <span class='ocr_line' id='line_1_95' title="bbox 492 4742 2076 4829; baseline 0.007 -34"><span class='ocrx_word' id='word_1_667' title='bbox 492 4748 566 4809; x_wconf 86' lang='grc' dir='ltr'><strong>τῷ</strong></span> <span class='ocrx_word' id='word_1_668' title='bbox 594 4742 874 4814; x_wconf 79' lang='grc' dir='ltr'>ἀσυστάτῳ</span> <span class='ocrx_word' id='word_1_669' title='bbox 916 4743 1226 4801; x_wconf 82' lang='grc' dir='ltr'>ποικίλληται</span> <span class='ocrx_word' id='word_1_670' title='bbox 1256 4744 1439 4816; x_wconf 84' lang='grc' dir='ltr'>[ὁπότε</span> <span class='ocrx_word' id='word_1_671' title='bbox 1469 4751 1569 4823; x_wconf 78' lang='grc' dir='ltr'>γὰρ</span> <span class='ocrx_word' id='word_1_672' title='bbox 1608 4747 1830 4821; x_wconf 81' lang='grc' dir='ltr'>μηδεμιᾷ</span> <span class='ocrx_word' id='word_1_673' title='bbox 1873 4753 2076 4829; x_wconf 78' lang='grc' dir='ltr'>ἀληθείᾳ</span> 
     </span>
    </p>
   </div>
   <div class='ocr_carea' id='block_1_96' title="bbox 493 4831 2075 4907">
    <p class='ocr_par' dir='ltr' id='par_1_96' title="bbox 493 4831 2075 4907">
     <span class='ocr_line' id='line_1_96' title="bbox 493 4831 2075 4907; baseline 0.011 -23"><span class='ocrx_word' id='word_1_674' title='bbox 493 4831 787 4903; x_wconf 73' lang='grc' dir='ltr'>δθεμελιὼθη</span> <span class='ocrx_word' id='word_1_675' title='bbox 813 4874 828 4898; x_wconf 89' lang='grc'><strong>,</strong></span> <span class='ocrx_word' id='word_1_676' title='bbox 860 4834 1135 4907; x_wconf 81' lang='grc' dir='ltr'>ἀναγκαῖόν</span> <span class='ocrx_word' id='word_1_677' title='bbox 1177 4837 1339 4903; x_wconf 78' lang='grc' dir='ltr'>ἔστιν,</span> <span class='ocrx_word' id='word_1_678' title='bbox 1373 4840 1456 4895; x_wconf 80' lang='grc' dir='ltr'><strong>ἵνα</strong></span> <span class='ocrx_word' id='word_1_679' title='bbox 1493 4848 1585 4900; x_wconf 82' lang='grc' dir='ltr'>τῆς</span> <span class='ocrx_word' id='word_1_680' title='bbox 1630 4842 1818 4903; x_wconf 78' lang='grc' dir='ltr'>πλάνης</span> <span class='ocrx_word' id='word_1_681' title='bbox 1851 4845 1909 4899; x_wconf 87' lang='grc' dir='ltr'>τό</span> <span class='ocrx_word' id='word_1_682' title='bbox 1954 4848 2075 4900; x_wconf 53' lang='grc' dir='ltr'>ἀνα*</span> 
     </span>
    </p>
   </div>
   <div class='ocr_carea' id='block_1_97' title="bbox 494 4923 2075 5005">
    <p class='ocr_par' dir='ltr' id='par_1_97' title="bbox 494 4923 2075 5005">
     <span class='ocr_line' id='line_1_97' title="bbox 494 4923 2075 5005; baseline 0.009 -29"><span class='ocrx_word' id='word_1_683' title='bbox 494 4923 728 4995; x_wconf 74' lang='grc' dir='ltr'>κολουθον</span> <span class='ocrx_word' id='word_1_684' title='bbox 768 4924 1135 4998; x_wconf 54' lang='lat' dir='ltr'><strong>nominarat].</strong></span> <span class='ocrx_word' id='word_1_685' title='bbox 1179 4938 1230 4981; x_wconf 82' lang='grc' dir='ltr'><strong>Ἦ</strong></span> <span class='ocrx_word' id='word_1_686' title='bbox 1274 4931 1373 5005; x_wconf 79' lang='grc' dir='ltr'>γὰρ</span> <span class='ocrx_word' id='word_1_687' title='bbox 1421 4930 1622 4991; x_wconf 80' lang='grc' dir='ltr'>ἀληθινή</span> <span class='ocrx_word' id='word_1_688' title='bbox 1664 4936 1840 4994; x_wconf 86' lang='grc' dir='ltr'>πίστις</span> <span class='ocrx_word' id='word_1_689' title='bbox 1874 4936 2075 4991; x_wconf 79' lang='grc' dir='ltr'>ἐναλλα-</span> 
     </span>
    </p>
   </div>
   <div class='ocr_carea' id='block_1_98' title="bbox 492 5015 2076 5093">
    <p class='ocr_par' dir='ltr' id='par_1_98' title="bbox 492 5015 2076 5093">
     <span class='ocr_line' id='line_1_98' title="bbox 492 5015 2076 5093; baseline 0.008 -24"><span class='ocrx_word' id='word_1_690' title='bbox 492 5023 642 5088; x_wconf 79' lang='grc' dir='ltr'><strong>γῆναι</strong></span> <span class='ocrx_word' id='word_1_691' title='bbox 681 5018 740 5071; x_wconf 86' lang='grc' dir='ltr'><strong>ού</strong></span> <span class='ocrx_word' id='word_1_692' title='bbox 783 5015 1011 5072; x_wconf 87' lang='grc' dir='ltr'>δύναται·</span> <span class='ocrx_word' id='word_1_693' title='bbox 1048 5018 1078 5078; x_wconf 75' lang='grc' dir='ltr'><strong>ἦ</strong></span> <span class='ocrx_word' id='word_1_694' title='bbox 1128 5022 1251 5076; x_wconf 78' lang='grc' dir='ltr'>ποτὲ</span> <span class='ocrx_word' id='word_1_695' title='bbox 1295 5026 1384 5093; x_wconf 82' lang='grc' dir='ltr'><strong>μὲν</strong></span> <span class='ocrx_word' id='word_1_696' title='bbox 1430 5020 1611 5087; x_wconf 75' lang='grc' dir='ltr'>ἄλλως,</span> <span class='ocrx_word' id='word_1_697' title='bbox 1650 5029 1775 5080; x_wconf 86' lang='grc' dir='ltr'>ποτέ</span> <span class='ocrx_word' id='word_1_698' title='bbox 1820 5026 1873 5080; x_wconf 86' lang='grc' dir='ltr'><strong><em>δέ</em></strong></span> <span class='ocrx_word' id='word_1_699' title='bbox 1917 5024 2076 5090; x_wconf 74' lang='grc' dir='ltr'>ἄλλως</span> 
     </span>
    </p>
   </div>
   <div class='ocr_carea' id='block_1_99' title="bbox 493 5102 2074 5191">
    <p class='ocr_par' dir='ltr' id='par_1_99' title="bbox 493 5102 2074 5191">
     <span class='ocr_line' id='line_1_99' title="bbox 493 5102 2074 5191; baseline 0.009 -29"><span class='ocrx_word' id='word_1_700' title='bbox 493 5102 625 5177; x_wconf 86' lang='grc' dir='ltr'><strong>μετά</strong></span> <span class='ocrx_word' id='word_1_701' title='bbox 650 5114 819 5165; x_wconf 88' lang='grc' dir='ltr'><strong>ταῦτα</strong></span> <span class='ocrx_word' id='word_1_702' title='bbox 850 5112 1185 5183; x_wconf 82' lang='grc' dir='ltr'>κηρυχθῆναι.</span> <span class='ocrx_word' id='word_1_703' title='bbox 1215 5112 1417 5174; x_wconf 82' lang='grc' dir='ltr'>Ἐπειδή</span> <span class='ocrx_word' id='word_1_704' title='bbox 1454 5132 1474 5167; x_wconf 73' lang='grc' dir='ltr'><strong>ε</strong></span> <span class='ocrx_word' id='word_1_705' title='bbox 1503 5114 1652 5172; x_wconf 58' lang='grc' dir='ltr'>ἔσται</span> <span class='ocrx_word' id='word_1_706' title='bbox 1677 5123 1839 5191; x_wconf 83' lang='grc' dir='ltr'>ὑμῶν,</span> <span class='ocrx_word' id='word_1_707' title='bbox 1874 5138 1892 5171; x_wconf 74' lang='grc' dir='ltr'>ι</span> <span class='ocrx_word' id='word_1_708' title='bbox 1928 5123 1995 5181; x_wconf 85' lang='grc' dir='ltr'>ὡς</span> <span class='ocrx_word' id='word_1_709' title='bbox 2048 5120 2074 5176; x_wconf 90' lang='grc' dir='ltr'><strong>ό</strong></span> 
     </span>
    </p>
   </div>
   <div class='ocr_carea' id='block_1_100' title="bbox 489 5196 2075 5285">
    <p class='ocr_par' dir='ltr' id='par_1_100' title="bbox 489 5196 2075 5285">
     <span class='ocr_line' id='line_1_100' title="bbox 489 5196 2075 5285; baseline 0.009 -32"><span class='ocrx_word' id='word_1_710' title='bbox 489 5196 795 5262; x_wconf 78' lang='grc' dir='ltr'>’Δπὸστολος</span> <span class='ocrx_word' id='word_1_711' title='bbox 820 5199 1068 5269; x_wconf 84' lang='grc' dir='ltr'>διδάσκει,</span> <span class='ocrx_word' id='word_1_712' title='bbox 1108 5221 1127 5254; x_wconf 80' lang='grc' dir='ltr'><strong>ε</strong></span> <span class='ocrx_word' id='word_1_713' title='bbox 1151 5208 1207 5260; x_wconf 80' lang='grc' dir='ltr'><strong>τὸ</strong></span> <span class='ocrx_word' id='word_1_714' title='bbox 1247 5209 1329 5259; x_wconf 87' lang='grc' dir='ltr'><strong>ναί</strong></span> <span class='ocrx_word' id='word_1_715' title='bbox 1355 5210 1456 5270; x_wconf 86' lang='grc' dir='ltr'>ναὶ,</span> <span class='ocrx_word' id='word_1_716' title='bbox 1489 5211 1576 5262; x_wconf 83' lang='grc' dir='ltr'>καὶ</span> <span class='ocrx_word' id='word_1_717' title='bbox 1602 5209 1659 5265; x_wconf 84' lang='grc' dir='ltr'><strong>τὸ</strong></span> <span class='ocrx_word' id='word_1_718' title='bbox 1683 5205 1742 5263; x_wconf 82' lang='grc' dir='ltr'><strong>ού</strong></span> <span class='ocrx_word' id='word_1_719' title='bbox 1768 5207 1828 5273; x_wconf 72' lang='grc' dir='ltr'><strong>οὗ</strong></span> <span class='ocrx_word' id='word_1_720' title='bbox 1845 5224 1859 5239; x_wconf 80' lang='grc'><strong>⁸</strong></span> <span class='ocrx_word' id='word_1_721' title='bbox 1891 5214 1947 5266; x_wconf 87' lang='grc' dir='ltr'><strong>τό</strong></span> <span class='ocrx_word' id='word_1_722' title='bbox 1976 5214 2075 5285; x_wconf 80' lang='grc' dir='ltr'>γὰρ</span> 
     </span>
    </p>
   </div>
   <div class='ocr_carea' id='block_1_101' title="bbox 493 5290 2073 5377">
    <p class='ocr_par' dir='ltr' id='par_1_101' title="bbox 493 5290 2073 5377">
     <span class='ocr_line' id='line_1_101' title="bbox 493 5290 2073 5377; baseline 0.006 -30"><span class='ocrx_word' id='word_1_723' title='bbox 493 5290 642 5347; x_wconf 80' lang='grc' dir='ltr'>πλέον</span> <span class='ocrx_word' id='word_1_724' title='bbox 685 5293 784 5347; x_wconf 85' lang='grc' dir='ltr'>ἀπὸ</span> <span class='ocrx_word' id='word_1_725' title='bbox 819 5300 906 5348; x_wconf 82' lang='grc' dir='ltr'><strong>τοῦ</strong></span> <span class='ocrx_word' id='word_1_726' title='bbox 946 5300 1161 5369; x_wconf 86' lang='grc' dir='ltr'>πονηροῦ</span> <span class='ocrx_word' id='word_1_727' title='bbox 1194 5295 1351 5351; x_wconf 72' lang='grc' dir='ltr'>ἐστιν.</span> <span class='ocrx_word' id='word_1_728' title='bbox 1378 5315 1396 5348; x_wconf 76' lang='grc' dir='ltr'><strong>ι</strong></span> <span class='ocrx_word' id='word_1_729' title='bbox 1422 5300 1551 5374; x_wconf 84' lang='grc' dir='ltr'>Πρός</span> <span class='ocrx_word' id='word_1_730' title='bbox 1580 5301 1778 5361; x_wconf 81' lang='grc' dir='ltr'>τούτοις</span> <span class='ocrx_word' id='word_1_731' title='bbox 1821 5303 2073 5377; x_wconf 81' lang='grc' dir='ltr'>ἀπολογη-</span> 
     </span>
    </p>
   </div>
   <div class='ocr_carea' id='block_1_102' title="bbox 491 5387 2075 5470">
    <p class='ocr_par' dir='ltr' id='par_1_102' title="bbox 491 5387 2075 5470">
     <span class='ocr_line' id='line_1_102' title="bbox 491 5387 2075 5470; baseline 0.005 -27"><span class='ocrx_word' id='word_1_732' title='bbox 491 5387 601 5443; x_wconf 85' lang='grc' dir='ltr'>τέον</span> <span class='ocrx_word' id='word_1_733' title='bbox 654 5389 795 5444; x_wconf 71' lang='grc' dir='ltr'>ὶστίν</span> <span class='ocrx_word' id='word_1_734' title='bbox 848 5390 969 5460; x_wconf 76' lang='grc' dir='ltr'>ἡμῖν</span> <span class='ocrx_word' id='word_1_735' title='bbox 1030 5396 1137 5450; x_wconf 85' lang='grc' dir='ltr'>τοῖς</span> <span class='ocrx_word' id='word_1_736' title='bbox 1196 5390 1496 5462; x_wconf 70' lang='grc' dir='ltr'>ἐλαχίστοις</span> <span class='ocrx_word' id='word_1_737' title='bbox 1544 5395 1759 5455; x_wconf 80' lang='grc' dir='ltr'>οἰκέταις</span> <span class='ocrx_word' id='word_1_738' title='bbox 1807 5398 1937 5470; x_wconf 85' lang='grc' dir='ltr'>πρὸς</span> <span class='ocrx_word' id='word_1_739' title='bbox 1985 5402 2075 5456; x_wconf 76' lang='grc' dir='ltr'>τήν</span> 
     </span>
    </p>
   </div>
   <div class='ocr_carea' id='block_1_103' title="bbox 493 5480 2078 5560">
    <p class='ocr_par' dir='ltr' id='par_1_103' title="bbox 493 5480 2078 5560">
     <span class='ocr_line' id='line_1_103' title="bbox 493 5480 2078 5560; baseline 0.006 -27"><span class='ocrx_word' id='word_1_740' title='bbox 493 5480 745 5551; x_wconf 75' lang='grc' dir='ltr'>εὐμένειαν</span> <span class='ocrx_word' id='word_1_741' title='bbox 788 5488 888 5535; x_wconf 86' lang='grc' dir='ltr'><strong>τῶν</strong></span> <span class='ocrx_word' id='word_1_742' title='bbox 927 5481 1278 5554; x_wconf 86' lang='grc' dir='ltr'>γαληνοτάτων</span> <span class='ocrx_word' id='word_1_743' title='bbox 1327 5486 1465 5555; x_wconf 80' lang='grc' dir='ltr'><strong>ἡμῶν</strong></span> <span class='ocrx_word' id='word_1_744' title='bbox 1511 5481 1771 5541; x_wconf 86' lang='grc' dir='ltr'>δεσποτῶν</span> <span class='ocrx_word' id='word_1_745' title='bbox 1800 5489 1960 5560; x_wconf 78' lang='grc' dir='ltr'>χάριν</span> <span class='ocrx_word' id='word_1_746' title='bbox 1984 5497 2078 5549; x_wconf 81' lang='grc' dir='ltr'>τῆς</span> 
     </span>
    </p>
   </div>
   <div class='ocr_carea' id='block_1_104' title="bbox 493 5569 2074 5650">
    <p class='ocr_par' dir='ltr' id='par_1_104' title="bbox 493 5569 2074 5650">
     <span class='ocr_line' id='line_1_104' title="bbox 493 5569 2074 5650; baseline 0.006 -25"><span class='ocrx_word' id='word_1_747' title='bbox 493 5569 811 5644; x_wconf 85' lang='grc' dir='ltr'>βραδύτητος</span> <span class='ocrx_word' id='word_1_748' title='bbox 858 5579 959 5628; x_wconf 88' lang='grc' dir='ltr'><strong>τῶν</strong></span> <span class='ocrx_word' id='word_1_749' title='bbox 1010 5576 1295 5630; x_wconf 81' lang='grc' dir='ltr'>σταλέντων</span> <span class='ocrx_word' id='word_1_750' title='bbox 1338 5577 1394 5629; x_wconf 72' lang='grc' dir='ltr'><strong>εκ</strong></span> <span class='ocrx_word' id='word_1_751' title='bbox 1440 5584 1529 5635; x_wconf 78' lang='grc' dir='ltr'>τῆς</span> <span class='ocrx_word' id='word_1_752' title='bbox 1568 5579 1817 5650; x_wconf 73' lang='grc' dir='ltr'>ἡμετέρας</span> <span class='ocrx_word' id='word_1_753' title='bbox 1864 5578 2074 5634; x_wconf 85' lang='grc' dir='ltr'>συνόδου</span> 
     </span>
    </p>
   </div>
   <div class='ocr_carea' id='block_1_105' title="bbox 495 5668 2076 5741">
    <p class='ocr_par' dir='ltr' id='par_1_105' title="bbox 495 5668 2076 5741">
     <span class='ocr_line' id='line_1_105' title="bbox 495 5668 2076 5741; baseline 0.005 -19"><span class='ocrx_word' id='word_1_754' title='bbox 495 5671 825 5740; x_wconf 78' lang='grc' dir='ltr'>προσώπων,</span> <span class='ocrx_word' id='word_1_755' title='bbox 874 5668 961 5730; x_wconf 77' lang='grc' dir='ltr'>οὓς</span> <span class='ocrx_word' id='word_1_756' title='bbox 1010 5671 1257 5729; x_wconf 78' lang='grc' dir='ltr'>σταλῆναι</span> <span class='ocrx_word' id='word_1_757' title='bbox 1305 5670 1389 5726; x_wconf 86' lang='grc' dir='ltr'><strong>διά</strong></span> <span class='ocrx_word' id='word_1_758' title='bbox 1436 5679 1528 5730; x_wconf 81' lang='grc' dir='ltr'>τῆς</span> <span class='ocrx_word' id='word_1_759' title='bbox 1578 5672 1869 5741; x_wconf 80' lang='grc' dir='ltr'>σεϐασμίας</span> <span class='ocrx_word' id='word_1_760' title='bbox 1922 5677 2076 5736; x_wconf 79' lang='grc' dir='ltr'>αὐτῆς</span> 
     </span>
    </p>
   </div>
   <div class='ocr_carea' id='block_1_106' title="bbox 495 5762 2079 5846">
    <p class='ocr_par' dir='ltr' id='par_1_106' title="bbox 495 5762 2079 5846">
     <span class='ocr_line' id='line_1_106' title="bbox 495 5762 2079 5846; baseline 0.008 -33"><span class='ocrx_word' id='word_1_761' title='bbox 495 5766 692 5833; x_wconf 78' lang='grc' dir='ltr'>σακρας</span> <span class='ocrx_word' id='word_1_762' title='bbox 718 5765 749 5821; x_wconf 76' lang='grc' dir='ltr'><em>ἦ</em></span> <span class='ocrx_word' id='word_1_763' title='bbox 776 5762 996 5835; x_wconf 77' lang='grc' dir='ltr'>ύμετέρα</span> <span class='ocrx_word' id='word_1_764' title='bbox 1042 5770 1230 5839; x_wconf 76' lang='grc' dir='ltr'>κορυφή</span> <span class='ocrx_word' id='word_1_765' title='bbox 1278 5766 1699 5842; x_wconf 87' lang='grc' dir='ltr'>παρεκελεύσατο.</span> <span class='ocrx_word' id='word_1_766' title='bbox 1749 5775 1945 5846; x_wconf 78' lang='grc' dir='ltr'>Πρῶτον</span> <span class='ocrx_word' id='word_1_767' title='bbox 1988 5773 2079 5841; x_wconf 78' lang='grc' dir='ltr'>μὲν</span> 
     </span>
    </p>
   </div>
   <div class='ocr_carea' id='block_1_107' title="bbox 494 5845 2078 5938">
    <p class='ocr_par' dir='ltr' id='par_1_107' title="bbox 494 5845 2078 5938">
     <span class='ocr_line' id='line_1_107' title="bbox 494 5845 2078 5938; baseline 0.007 -31"><span class='ocrx_word' id='word_1_768' title='bbox 494 5845 608 5919; x_wconf 73' lang='grc' dir='ltr'>οὖν,</span> <span class='ocrx_word' id='word_1_769' title='bbox 634 5850 713 5908; x_wconf 82' lang='grc' dir='ltr'>ὅτι</span> <span class='ocrx_word' id='word_1_770' title='bbox 760 5853 1093 5928; x_wconf 71' lang='grc' dir='ltr'>ἀναρίθμητον</span> <span class='ocrx_word' id='word_1_771' title='bbox 1119 5854 1299 5918; x_wconf 77' lang='grc' dir='ltr'>πλῆθος</span> <span class='ocrx_word' id='word_1_772' title='bbox 1342 5864 1440 5912; x_wconf 76' lang='grc' dir='ltr'><strong>τῶν</strong></span> <span class='ocrx_word' id='word_1_773' title='bbox 1476 5860 1729 5935; x_wconf 74' lang='grc' dir='ltr'>ἡμετέρων</span> <span class='ocrx_word' id='word_1_774' title='bbox 1769 5861 1930 5938; x_wconf 73' lang='grc' dir='ltr'>μέχρι</span> <span class='ocrx_word' id='word_1_775' title='bbox 1979 5870 2078 5919; x_wconf 75' lang='grc' dir='ltr'>τῶν</span> 
     </span>
    </p>
   </div>
   <div class='ocr_carea' id='block_1_108' title="bbox 2176 4655 3764 4743">
    <p class='ocr_par' dir='ltr' id='par_1_108' title="bbox 2176 4655 3764 4743">
     <span class='ocr_line' id='line_1_108' title="bbox 2176 4655 3764 4743; baseline 0.014 -36"><span class='ocrx_word' id='word_1_776' title='bbox 2176 4655 2411 4724; x_wconf 90' lang='lat' dir='ltr'><strong>quidem,</strong></span> <span class='ocrx_word' id='word_1_777' title='bbox 2444 4660 2583 4727; x_wconf 90' lang='lat' dir='ltr'><strong>quod</strong></span> <span class='ocrx_word' id='word_1_778' title='bbox 2618 4677 2901 4719; x_wconf 86' lang='lat' dir='ltr'><strong>numerosa</strong></span> <span class='ocrx_word' id='word_1_779' title='bbox 2942 4668 3227 4723; x_wconf 89' lang='lat' dir='ltr'><strong>multitudo</strong></span> <span class='ocrx_word' id='word_1_780' title='bbox 3260 4683 3560 4730; x_wconf 86' lang='lat' dir='ltr'><strong>nostrorum</strong></span> <span class='ocrx_word' id='word_1_781' title='bbox 3594 4691 3764 4743; x_wconf 85' lang='lat' dir='ltr'><strong>usque</strong></span> 
     </span>
    </p>
   </div>
   <div class='ocr_carea' id='block_1_109' title="bbox 2178 4747 3762 4839">
    <p class='ocr_par' dir='ltr' id='par_1_109' title="bbox 2178 4747 3762 4839">
     <span class='ocr_line' id='line_1_109' title="bbox 2178 4747 3762 4839; baseline 0.015 -40"><span class='ocrx_word' id='word_1_782' title='bbox 2178 4747 2241 4799; x_wconf 88' lang='lat' dir='ltr'><strong>ad</strong></span> <span class='ocrx_word' id='word_1_783' title='bbox 2276 4750 2460 4802; x_wconf 81' lang='lat' dir='ltr'><strong>oceani</strong></span> <span class='ocrx_word' id='word_1_784' title='bbox 2495 4752 2740 4819; x_wconf 75' lang='lat' dir='ltr'><strong>regiones</strong></span> <span class='ocrx_word' id='word_1_785' title='bbox 2769 4759 3111 4825; x_wconf 87' lang='lat' dir='ltr'><strong>extenditur,</strong></span> <span class='ocrx_word' id='word_1_786' title='bbox 3138 4762 3290 4831; x_wconf 87' lang='lat' dir='ltr'><strong>cujus</strong></span> <span class='ocrx_word' id='word_1_787' title='bbox 3318 4767 3522 4821; x_wconf 86' lang='lat' dir='ltr'><strong>itineris</strong></span> <span class='ocrx_word' id='word_1_788' title='bbox 3553 4767 3762 4839; x_wconf 90' lang='lat' dir='ltr'><strong>longin-</strong></span> 
     </span>
    </p>
   </div>
   <div class='ocr_carea' id='block_1_110' title="bbox 2176 4840 3760 4930">
    <p class='ocr_par' dir='ltr' id='par_1_110' title="bbox 2176 4840 3760 4930">
     <span class='ocr_line' id='line_1_110' title="bbox 2176 4840 3760 4930; baseline 0.016 -40"><span class='ocrx_word' id='word_1_789' title='bbox 2176 4840 2348 4906; x_wconf 88' lang='lat' dir='ltr'><strong>quitas</strong></span> <span class='ocrx_word' id='word_1_790' title='bbox 2380 4846 2430 4896; x_wconf 88' lang='lat' dir='ltr'><strong>in</strong></span> <span class='ocrx_word' id='word_1_791' title='bbox 2470 4844 2619 4898; x_wconf 91' lang='lat' dir='ltr'><strong>multi</strong></span> <span class='ocrx_word' id='word_1_792' title='bbox 2656 4851 2913 4915; x_wconf 83' lang='lat' dir='ltr'><strong>temporis</strong></span> <span class='ocrx_word' id='word_1_793' title='bbox 2954 4867 3167 4907; x_wconf 89' lang='lat' dir='ltr'><strong>cursum</strong></span> <span class='ocrx_word' id='word_1_794' title='bbox 3203 4860 3517 4925; x_wconf 86' lang='lat' dir='ltr'><strong>protelatnr.</strong></span> <span class='ocrx_word' id='word_1_795' title='bbox 3564 4861 3760 4930; x_wconf 67' lang='lat' dir='ltr'><strong>Spera-</strong></span> 
     </span>
    </p>
   </div>
   <div class='ocr_carea' id='block_1_111' title="bbox 2177 4929 3763 5010">
    <p class='ocr_par' dir='ltr' id='par_1_111' title="bbox 2177 4929 3763 5010">
     <span class='ocr_line' id='line_1_111' title="bbox 2177 4929 3763 5010; baseline 0.017 -27"><span class='ocrx_word' id='word_1_796' title='bbox 2177 4929 2365 4987; x_wconf 87' lang='lat' dir='ltr'><strong>bamus</strong></span> <span class='ocrx_word' id='word_1_797' title='bbox 2394 4933 2589 4991; x_wconf 83' lang='lat' dir='ltr'><strong>deinde</strong></span> <span class='ocrx_word' id='word_1_798' title='bbox 2619 4936 2687 4992; x_wconf 91' lang='lat' dir='ltr'><strong>de</strong></span> <span class='ocrx_word' id='word_1_799' title='bbox 2720 4939 2989 4997; x_wconf 88' lang='lat' dir='ltr'><strong>Britannia</strong></span> <span class='ocrx_word' id='word_1_800' title='bbox 3024 4943 3362 5003; x_wconf 84' lang='lat' dir='ltr'><strong>Theodorum</strong></span> <span class='ocrx_word' id='word_1_801' title='bbox 3394 4929 3763 5010; x_wconf 76' lang='lat' dir='ltr'><strong>confamuluni</strong></span> 
     </span>
    </p>
   </div>
   <div class='ocr_carea' id='block_1_112' title="bbox 2176 5027 3766 5109">
    <p class='ocr_par' dir='ltr' id='par_1_112' title="bbox 2176 5027 3766 5109">
     <span class='ocr_line' id='line_1_112' title="bbox 2176 5027 3766 5109; baseline 0.019 -36"><span class='ocrx_word' id='word_1_802' title='bbox 2176 5031 2334 5092; x_wconf 88' lang='lat' dir='ltr'><strong>atque</strong></span> <span class='ocrx_word' id='word_1_803' title='bbox 2364 5027 2740 5096; x_wconf 80' lang='lat' dir='ltr'><strong>coepiscopum</strong></span> <span class='ocrx_word' id='word_1_804' title='bbox 2776 5042 3047 5101; x_wconf 86' lang='lat' dir='ltr'><strong>nostrum,</strong></span> <span class='ocrx_word' id='word_1_805' title='bbox 3088 5054 3291 5109; x_wconf 66' lang='lat' dir='ltr'><strong>magna:</strong></span> <span class='ocrx_word' id='word_1_806' title='bbox 3330 5042 3519 5099; x_wconf 72' lang='lat' dir='ltr'><strong>insula:</strong></span> <span class='ocrx_word' id='word_1_807' title='bbox 3553 5047 3766 5103; x_wconf 76' lang='lat' dir='ltr'><strong>Britan-</strong></span> 
     </span>
    </p>
   </div>
   <div class='ocr_carea' id='block_1_113' title="bbox 2178 5114 3767 5212">
    <p class='ocr_par' dir='ltr' id='par_1_113' title="bbox 2178 5114 3767 5212">
     <span class='ocr_line' id='line_1_113' title="bbox 2178 5114 3767 5212; baseline 0.021 -47"><span class='ocrx_word' id='word_1_808' title='bbox 2178 5114 2280 5167; x_wconf 66' lang='lat' dir='ltr'><strong>niae</strong></span> <span class='ocrx_word' id='word_1_809' title='bbox 2309 5116 2767 5190; x_wconf 75' lang='lat' dir='ltr'><strong>archiepisnopum</strong></span> <span class='ocrx_word' id='word_1_810' title='bbox 2798 5134 2851 5179; x_wconf 88' lang='lat' dir='ltr'><strong>et</strong></span> <span class='ocrx_word' id='word_1_811' title='bbox 2889 5128 3299 5200; x_wconf 82' lang='lat' dir='ltr'><strong>philosOpltum,</strong></span> <span class='ocrx_word' id='word_1_812' title='bbox 3340 5151 3457 5191; x_wconf 88' lang='lat' dir='ltr'><strong>cum</strong></span> <span class='ocrx_word' id='word_1_813' title='bbox 3512 5140 3635 5195; x_wconf 86' lang='lat' dir='ltr'><strong>aliis</strong></span> <span class='ocrx_word' id='word_1_814' title='bbox 3674 5143 3767 5212; x_wconf 80' lang='lat' dir='ltr'><strong>qui</strong></span> 
     </span>
    </p>
   </div>
   <div class='ocr_carea' id='block_1_114' title="bbox 2177 5202 3763 5287">
    <p class='ocr_par' dir='ltr' id='par_1_114' title="bbox 2177 5202 3763 5287">
     <span class='ocr_line' id='line_1_114' title="bbox 2177 5202 3763 5287; baseline 0.019 -31"><span class='ocrx_word' id='word_1_815' title='bbox 2177 5202 2372 5259; x_wconf 89' lang='lat' dir='ltr'><strong>ibidem</strong></span> <span class='ocrx_word' id='word_1_816' title='bbox 2416 5222 2581 5277; x_wconf 88' lang='lat' dir='ltr'><strong>usque</strong></span> <span class='ocrx_word' id='word_1_817' title='bbox 2621 5210 2874 5268; x_wconf 86' lang='lat' dir='ltr'><strong>hactenus</strong></span> <span class='ocrx_word' id='word_1_818' title='bbox 2910 5216 3285 5287; x_wconf 82' lang='lat' dir='ltr'><strong>demorantur,</strong></span> <span class='ocrx_word' id='word_1_819' title='bbox 3321 5214 3513 5281; x_wconf 61' lang='lat' dir='ltr'><strong>exinde</strong></span> <span class='ocrx_word' id='word_1_820' title='bbox 3555 5229 3621 5283; x_wconf 89' lang='lat' dir='ltr'><strong>ad</strong></span> <span class='ocrx_word' id='word_1_821' title='bbox 3664 5202 3763 5285; x_wconf 47' lang='lat' dir='ltr'><strong>n-o-</strong></span> 
     </span>
    </p>
   </div>
   <div class='ocr_carea' id='block_1_115' title="bbox 2174 5300 3763 5393">
    <p class='ocr_par' dir='ltr' id='par_1_115' title="bbox 2174 5300 3763 5393">
     <span class='ocr_line' id='line_1_115' title="bbox 2174 5300 3763 5393; baseline 0.02 -45"><span class='ocrx_word' id='word_1_822' title='bbox 2174 5306 2342 5376; x_wconf 71' lang='lat' dir='ltr'><strong>stram</strong></span> <span class='ocrx_word' id='word_1_823' title='bbox 2379 5300 2726 5358; x_wconf 90' lang='lat' dir='ltr'><strong>humilitatem</strong></span> <span class='ocrx_word' id='word_1_824' title='bbox 2754 5305 3111 5379; x_wconf 83' lang='lat' dir='ltr'><strong>conjungere,</strong></span> <span class='ocrx_word' id='word_1_825' title='bbox 3145 5323 3304 5383; x_wconf 89' lang='lat' dir='ltr'><strong>atque</strong></span> <span class='ocrx_word' id='word_1_826' title='bbox 3333 5318 3575 5375; x_wconf 84' lang='lat' dir='ltr'><strong>diversos</strong></span> <span class='ocrx_word' id='word_1_827' title='bbox 3606 5322 3763 5393; x_wconf 82' lang='lat' dir='ltr'><strong>hujus</strong></span> 
     </span>
    </p>
   </div>
   <div class='ocr_carea' id='block_1_116' title="bbox 2178 5393 3761 5481">
    <p class='ocr_par' dir='ltr' id='par_1_116' title="bbox 2178 5393 3761 5481">
     <span class='ocr_line' id='line_1_116' title="bbox 2178 5393 3761 5481; baseline 0.018 -38"><span class='ocrx_word' id='word_1_828' title='bbox 2178 5393 2388 5447; x_wconf 90' lang='lat' dir='ltr'><strong>concilii</strong></span> <span class='ocrx_word' id='word_1_829' title='bbox 2420 5396 2701 5464; x_wconf 90' lang='lat' dir='ltr'><strong>episcopos</strong></span> <span class='ocrx_word' id='word_1_830' title='bbox 2733 5400 2783 5452; x_wconf 89' lang='lat' dir='ltr'><strong>iu</strong></span> <span class='ocrx_word' id='word_1_831' title='bbox 2825 5401 3050 5459; x_wconf 86' lang='lat' dir='ltr'><strong>diversis</strong></span> <span class='ocrx_word' id='word_1_832' title='bbox 3089 5408 3394 5475; x_wconf 78' lang='lat' dir='ltr'><strong>regionibus</strong></span> <span class='ocrx_word' id='word_1_833' title='bbox 3419 5414 3761 5481; x_wconf 81' lang='lat' dir='ltr'><strong>conStitutos,</strong></span> 
     </span>
    </p>
   </div>
   <div class='ocr_carea' id='block_1_117' title="bbox 2179 5492 3764 5576">
    <p class='ocr_par' dir='ltr' id='par_1_117' title="bbox 2179 5492 3764 5576">
     <span class='ocr_line' id='line_1_117' title="bbox 2179 5492 3764 5576; baseline 0.016 -38"><span class='ocrx_word' id='word_1_834' title='bbox 2179 5497 2293 5540; x_wconf 87' lang='lat' dir='ltr'><strong>uta</strong></span> <span class='ocrx_word' id='word_1_835' title='bbox 2321 5492 2668 5555; x_wconf 87' lang='lat' dir='ltr'><strong>generalitate</strong></span> <span class='ocrx_word' id='word_1_836' title='bbox 2717 5495 2876 5549; x_wconf 89' lang='lat' dir='ltr'><strong>totius</strong></span> <span class='ocrx_word' id='word_1_837' title='bbox 2923 5499 3132 5553; x_wconf 89' lang='lat' dir='ltr'><strong>concilii</strong></span> <span class='ocrx_word' id='word_1_838' title='bbox 3180 5503 3387 5557; x_wconf 85' lang='lat' dir='ltr'><strong>servilis</strong></span> <span class='ocrx_word' id='word_1_839' title='bbox 3429 5516 3611 5561; x_wconf 64' lang='lat' dir='ltr'><strong>uestra</strong></span> <span class='ocrx_word' id='word_1_840' title='bbox 3643 5523 3764 5576; x_wconf 89' lang='lat' dir='ltr'><strong>sug-</strong></span> 
     </span>
    </p>
   </div>
   <div class='ocr_carea' id='block_1_118' title="bbox 2177 5579 3763 5665">
    <p class='ocr_par' dir='ltr' id='par_1_118' title="bbox 2177 5579 3763 5665">
     <span class='ocr_line' id='line_1_118' title="bbox 2177 5579 3763 5665; baseline 0.015 -33"><span class='ocrx_word' id='word_1_841' title='bbox 2177 5579 2347 5648; x_wconf 86' lang='lat' dir='ltr'><strong>gestio</strong></span> <span class='ocrx_word' id='word_1_842' title='bbox 2376 5585 2545 5650; x_wconf 91' lang='lat' dir='ltr'><strong>fieret,</strong></span> <span class='ocrx_word' id='word_1_843' title='bbox 2579 5601 2647 5641; x_wconf 91' lang='lat' dir='ltr'><strong>ne</strong></span> <span class='ocrx_word' id='word_1_844' title='bbox 2668 5587 2712 5641; x_wconf 90' lang='lat' dir='ltr'><strong>si</strong></span> <span class='ocrx_word' id='word_1_845' title='bbox 2746 5598 2945 5645; x_wconf 90' lang='lat' dir='ltr'><strong>tantum</strong></span> <span class='ocrx_word' id='word_1_846' title='bbox 2985 5606 3110 5660; x_wconf 88' lang='lat' dir='ltr'><strong>pars</strong></span> <span class='ocrx_word' id='word_1_847' title='bbox 3134 5634 3147 5658; x_wconf 86' lang='lat'><strong>,</strong></span> <span class='ocrx_word' id='word_1_848' title='bbox 3181 5597 3322 5662; x_wconf 83' lang='lat' dir='ltr'><strong>quod</strong></span> <span class='ocrx_word' id='word_1_849' title='bbox 3351 5598 3635 5665; x_wconf 90' lang='lat' dir='ltr'><strong>agebatur,</strong></span> <span class='ocrx_word' id='word_1_850' title='bbox 3673 5616 3763 5655; x_wconf 87' lang='lat' dir='ltr'><strong>co-</strong></span> 
     </span>
    </p>
   </div>
   <div class='ocr_carea' id='block_1_119' title="bbox 2176 5679 3766 5760">
    <p class='ocr_par' dir='ltr' id='par_1_119' title="bbox 2176 5679 3766 5760">
     <span class='ocr_line' id='line_1_119' title="bbox 2176 5679 3766 5760; baseline 0.014 -33"><span class='ocrx_word' id='word_1_851' title='bbox 2176 5687 2475 5744; x_wconf 86' lang='lat' dir='ltr'><strong>gnosceret,</strong></span> <span class='ocrx_word' id='word_1_852' title='bbox 2508 5689 2708 5747; x_wconf 86' lang='lat' dir='ltr'><strong>partem</strong></span> <span class='ocrx_word' id='word_1_853' title='bbox 2740 5681 2964 5737; x_wconf 85' lang='lat' dir='ltr'><strong>lateret:</strong></span> <span class='ocrx_word' id='word_1_854' title='bbox 2988 5695 3041 5739; x_wconf 90' lang='lat' dir='ltr'><strong>et</strong></span> <span class='ocrx_word' id='word_1_855' title='bbox 3070 5687 3321 5753; x_wconf 81' lang='lat' dir='ltr'><strong>maxime,</strong></span> <span class='ocrx_word' id='word_1_856' title='bbox 3354 5689 3472 5760; x_wconf 86' lang='lat' dir='ltr'><strong>quia</strong></span> <span class='ocrx_word' id='word_1_857' title='bbox 3502 5692 3555 5745; x_wconf 90' lang='lat' dir='ltr'><strong>in</strong></span> <span class='ocrx_word' id='word_1_858' title='bbox 3584 5679 3766 5750; x_wconf 76' lang='lat' dir='ltr'><strong>medio</strong></span> 
     </span>
    </p>
   </div>
   <div class='ocr_carea' id='block_1_120' title="bbox 2177 5771 3761 5854">
    <p class='ocr_par' dir='ltr' id='par_1_120' title="bbox 2177 5771 3761 5854">
     <span class='ocr_line' id='line_1_120' title="bbox 2177 5771 3761 5854; baseline 0.012 -32"><span class='ocrx_word' id='word_1_859' title='bbox 2177 5771 2437 5837; x_wconf 89' lang='lat' dir='ltr'><strong>gentium,</strong></span> <span class='ocrx_word' id='word_1_860' title='bbox 2471 5780 2576 5827; x_wconf 91' lang='lat' dir='ltr'><strong>tam</strong></span> <span class='ocrx_word' id='word_1_861' title='bbox 2607 5771 3101 5845; x_wconf 83' lang='lat' dir='ltr'><strong>Longobardorum,</strong></span> <span class='ocrx_word' id='word_1_862' title='bbox 3125 5795 3389 5851; x_wconf 86' lang='lat' dir='ltr'><strong>quamque</strong></span> <span class='ocrx_word' id='word_1_863' title='bbox 3418 5782 3761 5854; x_wconf 85' lang='lat' dir='ltr'><strong>Sclavorum,</strong></span> 
     </span>
    </p>
   </div>
   <div class='ocr_carea' id='block_1_121' title="bbox 2181 5870 3760 5960">
    <p class='ocr_par' dir='ltr' id='par_1_121' title="bbox 2181 5870 3760 5960">
     <span class='ocr_line' id='line_1_121' title="bbox 2181 5870 3760 5960; baseline 0.011 -34"><span class='ocrx_word' id='word_1_864' title='bbox 2181 5885 2281 5928; x_wconf 90' lang='lat' dir='ltr'><strong>nec</strong></span> <span class='ocrx_word' id='word_1_865' title='bbox 2312 5885 2416 5926; x_wconf 86' lang='lat' dir='ltr'><strong>non</strong></span> <span class='ocrx_word' id='word_1_866' title='bbox 2448 5870 2811 5949; x_wconf 68' lang='lat' dir='ltr'><strong>Francorum,</strong></span> <span class='ocrx_word' id='word_1_867' title='bbox 2841 5876 3134 5953; x_wconf 84' lang='lat' dir='ltr'><strong>Gallorum,</strong></span> <span class='ocrx_word' id='word_1_868' title='bbox 3161 5892 3215 5938; x_wconf 88' lang='lat' dir='ltr'><strong>et</strong></span> <span class='ocrx_word' id='word_1_869' title='bbox 3241 5885 3535 5945; x_wconf 84' lang='lat' dir='ltr'><strong>Gothorum</strong></span> <span class='ocrx_word' id='word_1_870' title='bbox 3558 5927 3570 5950; x_wconf 89' lang='lat'><strong>,</strong></span> <span class='ocrx_word' id='word_1_871' title='bbox 3599 5899 3760 5960; x_wconf 72' lang='lat' dir='ltr'><strong>atque</strong></span> 
     </span>
    </p>
   </div>
  </div>
