4016 6354
239 360 379 422 1225

1582 416 1585 417 ν
1676 376 2056 438 EPISTOLZE.

3385 400 3528 463 1226

235 477 638 546 Britannorum,
669 478 882 550 plurimi
904 483 1328 543 confamulorum
1358 498 1667 549 nostrorum
1695 509 1806 552 esse

1923 497 2171 569 κλιμάτων
2214 507 2307 555 τοῦ
2359 504 2583 559 ὠκεανοῦ
2629 506 2988 566 ἑπεκτείνεταν
3056 510 3260 576 ἧστινος
3307 519 3527 575 συνόδου

233 580 551 641 noscuntur,
595 574 687 644 qui
725 584 780 631 et
820 577 889 634 de
931 580 1031 635 hoc
1058 583 1270 639 curiose
1310 593 1552 657 satagere
1596 604 1701 645 non
1732 590 1826 646 de-

229 662 463 729 sistunt,
495 673 553 719 ut
575 680 904 736 cognoscant
932 672 1058 742 quid
1091 674 1144 729 in
1174 691 1335 731 causa
1359 680 1670 748 apostolica:
1702 682 1824 738 ﬁdei

230 766 516 825 peragatur
548 774 559 810 :
591 759 681 829 qui
707 774 967 831 quantum
1001 766 1259 835 prodesse
1303 782 1558 839 possunt,
1602 773 1729 829 dum
1769 777 1824 832 in

226 851 577 903 consonantia
612 848 736 907 ﬁdei
768 854 1051 911 nobiscum
1095 868 1362 930 tenentur,
1397 863 1657 935 nobisque
1695 882 1826 923 con-

226 937 462 993 corditer
495 938 751 1011 sentiunt,
811 953 1015 1001 tantum
1036 986 1050 1011 ,
1083 952 1221 1019 quod
1253 953 1412 1023 absit,
1437 957 1482 1010 si
1510 958 1639 1026 quid
1669 974 1826 1016 scan-

225 1027 330 1083 dali
371 1029 424 1084 in
456 1028 595 1088 ﬁdei
643 1037 886 1105 capitulo
928 1042 1218 1111 patiantur,
1262 1046 1603 1104 inveniuntur
1641 1053 1823 1109 infesti

224 1130 385 1191 atque
416 1128 688 1183 contrarii.
721 1130 830 1186 Nos
860 1143 1064 1199 autem,
1095 1136 1221 1194 licet
1259 1140 1564 1210 humillimi,
1597 1148 1820 1203 summis

226 1214 431 1270 viribus
460 1218 745 1290 enitimur,
784 1232 841 1277 ut
875 1222 1167 1283 Christiani
1195 1233 1359 1287 vestri
1389 1234 1596 1304 imperii
1628 1253 1818 1309 respu-

222 1303 387 1372 blica,
427 1308 481 1362 in
511 1325 615 1380 qua
648 1313 787 1369 beati
818 1315 960 1372 Petri
991 1322 1354 1390 apostolorum
1384 1303 1639 1395 principis
1666 1303 1822 1387 sedes

223 1395 443 1453 fundata
468 1410 551 1457 est
570 1440 585 1467 ,
617 1405 769 1473 cujus
795 1410 1118 1467 auctoritate
1161 1429 1350 1469 omnes
1374 1415 1690 1476 Christianae
1721 1437 1817 1477 no-

222 1488 433 1545 biscum
487 1493 727 1552 nationes
772 1510 1097 1559 venerantur
1144 1514 1199 1560 et
1244 1508 1461 1578 colunt,
1502 1526 1600 1581 per
1652 1513 1821 1583 ipsius

222 1582 367 1639 beati
413 1585 558 1642 Petri
591 1593 818 1659 apostoli
864 1599 1268 1668 reverentiam,
1310 1604 1548 1660 omnium
1578 1582 1819 1677 gentium

220 1677 507 1735 sublimior
526 1696 645 1738 esse
666 1695 1013 1744 monstretur.
1042 1689 1308 1749 Personas
1329 1708 1505 1753 autem
1528 1699 1597 1754 de
1618 1709 1821 1757 nostra:

224 1769 551 1829 humilitatis
585 1776 774 1834 ordine
821 1783 1160 1849 praevidimus
1206 1788 1435 1861 dirigere
1465 1792 1532 1847 ad
1567 1804 1757 1851 vestrae
1786 1811 1815 1851 a

225 1862 337 1918 Deo
373 1869 713 1938 protegenda:
757 1871 1089 1931 fortitudinis
1138 1880 1393 1952 vestigia,
1431 1899 1549 1953 quae
1577 1890 1817 1943 omnium

225 1964 499 2024 nostrum,
535 1958 585 2014 id
637 1971 754 2029 est,
805 1965 1177 2024 universorum
1226 1986 1321 2041 per
1369 1977 1817 2044 septentrionales

224 2048 309 2103 vel
343 2049 596 2106 occiduas
630 2053 875 2124 regiones
904 2058 1278 2131 episcoporum
1312 2069 1728 2138 suggestionem,
1762 2074 1815 2129 in

221 2156 325 2211 qua
362 2142 415 2197 et
445 2146 754 2213 apostolica:
777 2158 975 2206 nostra:
997 2153 1117 2209 ﬁdei
1146 2155 1537 2214 confessionem
1572 2164 1816 2231 praeliba-

224 2236 435 2304 vimus,
464 2237 663 2295 oﬁ'erre
693 2242 960 2312 debeant,
993 2262 1099 2303 non
1133 2258 1310 2306 tamen
1353 2263 1600 2324 tanquam
1632 2259 1698 2314 de
1729 2260 1813 2315 in-

217 2330 385 2381 certis
416 2331 777 2402 contendere,
826 2336 921 2391 sed
963 2348 1018 2393 ut
1056 2351 1236 2411 certa,
1267 2355 1426 2414 atque
1465 2348 1815 2407 immutabilia

218 2411 602 2487 compendiosa
638 2424 951 2485 deﬁnitione
994 2433 1233 2499 proferre
1264 2451 1278 2489 :
1308 2411 1624 2507 suppliciter
1652 2443 1812 2500 obse-

218 2522 471 2579 crantes,
517 2522 576 2569 ut
618 2530 647 2570 a
684 2516 795 2573 Deo
822 2533 1085 2597 coronato,
1117 2538 1297 2583 vestro
1324 2529 1550 2599 imperio
1579 2534 1809 2605 favente,

214 2602 333 2658 haec
378 2605 566 2661 eadem
614 2610 863 2667 omnibus
905 2615 1218 2683 prmdicari,
1251 2630 1412 2689 atque
1446 2626 1587 2693 apud
1625 2641 1813 2685 omnes

213 2696 321 2749 vim
376 2696 619 2753 obtinere
664 2699 896 2770 iubeatis
922 2747 935 2770 ,
978 2714 1035 2760 ut
1080 2707 1258 2778 Deus,
1292 2712 1381 2781 qui
1434 2715 1718 2773 veritatem
1760 2728 1814 2775 et

208 2786 476 2857 justitiam
507 2790 713 2861 diligit,
738 2796 917 2851 omnia
946 2814 1199 2871 prospera
1232 2814 1424 2861 vestra:
1453 2810 1812 2870 serenissimre

216 2877 571 2950 benignitatis
602 2888 931 2956 temporibus
960 2891 1155 2961 donet,
1187 2894 1241 2950 in
1277 2897 1470 2965 quibus
1503 2903 1813 2971 apostolicae

211 2973 617 3049 praedicationis
639 2988 693 3033 et
723 2980 935 3047 pietatis
982 2986 1181 3041 veritas
1210 2986 1443 3059 fulgeat,
1474 2994 1719 3062 meliori,
1749 3012 1812 3053 ac

212 3079 477 3135 prospero
528 3084 778 3129 successu
831 3090 1016 3131 eorum
1067 3078 1371 3137 fortissima:
1414 3088 1811 3157 tranquillitatis

208 3159 499 3232 imperium
536 3167 704 3224 laetari
745 3172 813 3227 de
854 3174 1084 3232 hostium
1124 3181 1458 3251 subjectionc
1479 3191 1803 3249 concedens.

208 3254 498 3327 Suscipere
548 3259 729 3332 itaque
770 3263 1091 3337 dignamiui,
1138 3274 1364 3341 piissimi
1407 3281 1739 3352 principum,
1775 3303 1806 3343 a

211 3362 398 3409 nostra
447 3355 745 3415 humilitate
797 3360 1030 3420 directos
1074 3368 1359 3440 episcopos
1406 3388 1526 3429 cum
1584 3379 1806 3449 reliquis

217 3448 576 3505 ecclesiastici
604 3452 809 3510 ordinis
838 3458 966 3514 viris
994 3469 1154 3531 atque
1183 3466 1447 3537 religiosis
1485 3473 1657 3528 servis
1686 3475 1799 3544 Dei,

205 3550 328 3591 eum
378 3540 555 3597 solitae
607 3547 1007 3615 tranquillitatis
1053 3553 1375 3625 clementia,
1424 3570 1685 3631 quatenus
1739 3540 1806 3624 es

211 3628 455 3700 ipsorum
484 3635 791 3694 testimonio
821 3654 939 3697 cum
960 3646 1253 3714 gratiarum
1278 3653 1487 3712 actione
1511 3658 1561 3712 in
1590 3661 1803 3729 propria

206 3727 595 3799 remeantium,
629 3735 770 3803 apud
811 3752 999 3796 omnes
1050 3745 1292 3803 nationes
1347 3749 1460 3806 laus
1501 3753 1804 3813 clementia:

205 3832 401 3876 vesurte
430 3825 767 3884 crebrescat:
793 3831 931 3887 sicut
961 3838 1134 3903 magni
1164 3839 1310 3897 illius
1331 3843 1681 3915 Constantini,
1703 3865 1801 3905 cu-

204 3909 295 3978 jus
324 3920 445 3980 post
484 3915 685 3972 obitum
726 3919 1009 3980 laudabilis
1041 3926 1179 3983 fama
1217 3932 1383 3990 nihilo
1423 3937 1598 3993 minus
1637 3909 1798 4011 viget,

206 4001 363 4073 cujus
395 4005 605 4076 insigne
644 4024 749 4066 non
781 4022 980 4070 tantum
1016 4024 1294 4088 potestatis
1324 4035 1439 4094 est,
1472 4028 1567 4084 sed
1605 4038 1662 4085 et
1688 4001 1802 4101 pie-

212 4096 336 4151 tatis
369 4114 381 4149 :
416 4111 538 4153 cum
580 4116 686 4170 quo
731 4103 863 4160 illud
910 4111 1329 4170 sacratissimum
1376 4119 1658 4175 concilium
1688 4096 1798 4177 ire-

208 4196 490 4245 centorum
530 4192 715 4251 decem
750 4206 805 4252 et
841 4208 964 4255 octo
1000 4204 1297 4261 antistitum
1330 4207 1384 4264 in
1425 4211 1636 4267 Nicaena
1666 4215 1799 4271 civi-

207 4287 349 4347 tate,
382 4283 435 4337 in
475 4284 837 4344 defensionem
873 4297 1342 4356 consubstantialis
1371 4302 1645 4361 Trinitatis
1670 4322 1798 4364 con-

204 4375 375 4429 venit.
423 4376 491 4433 Et
531 4378 668 4434 sicut
709 4381 997 4441 Theodosii
1036 4391 1245 4462 magni,
1284 4395 1437 4465 cujus
1482 4398 1624 4455 inter
1662 4401 1795 4459 alias

202 4463 321 4534 ejus
359 4467 583 4524 virtutes
625 4473 909 4541 singularis
954 4479 1120 4547 pietas
1162 4463 1481 4552 praedicatur
1514 4509 1525 4544 :
1558 4507 1664 4562 quo
1700 4508 1795 4549 an-

202 4556 411 4613 nitente
428 4600 443 4625 ,
472 4575 565 4630 per
588 4566 757 4620 sancti
783 4565 1011 4636 Spiritus
1038 4574 1263 4642 gratiam
1292 4590 1506 4636 centum
1533 4556 1793 4655 quinqua-

202 4652 348 4721 ginta
365 4652 579 4712 Patrum
607 4664 893 4732 sententia,
918 4666 1007 4734 qui
1027 4665 1228 4739 [quam,
1255 4671 1346 4743 G.]
1370 4675 1449 4729 eis
1471 4652 1782 4750 inspirabat,

202 4744 439 4813 Spiritus
467 4760 679 4808 sanctus
708 4756 1182 4816 consubstantialis
1217 4763 1359 4819 Patri
1396 4776 1451 4822 et
1480 4744 1615 4824 Filio
1654 4786 1787 4841 pra-

201 4835 411 4893 dicatus
433 4850 536 4895 est.
572 4843 635 4897 Et
668 4848 807 4902 sicut
844 4851 1043 4919 egregii
1086 4854 1330 4911 veritatis
1364 4862 1617 4917 amatoris
1646 4835 1791 4920 hlar-

200 4930 341 4986 ciani
374 4934 647 5005 principis,
674 4940 761 5008 qui
788 4950 844 4996 et
871 4942 1103 5011 primum
1130 4950 1414 5007 concilium
1440 4954 1786 5027 Ephesinum,

199 5035 403 5093 utpote
433 5030 753 5089 catholicam
783 5044 837 5091 et
877 5042 1225 5107 apostolicam
1270 5045 1425 5102 ﬁdem
1470 5051 1786 5122 praedicans,

196 5129 383 5173 sancta
409 5118 834 5183 Chalcedonensi
860 5131 1066 5203 synodo
1098 5138 1295 5206 suscipi
1316 5135 1443 5194 fecit
1459 5118 1481 5207 ,ί
1504 5150 1559 5199 et
1577 5158 1790 5201 errores

197 5208 312 5283 [G.,
346 5214 634 5288 terrores],
674 5221 762 5288 qui
800 5235 1173 5293 accreverant,
1203 5228 1271 5285 de
1309 5231 1403 5286 Dei
1433 5233 1672 5293 Ecclesia
1703 5254 1791 5294 re-

196 5305 365 5374 pulit,
395 5321 606 5365 sacrum
644 5311 793 5369 illum
823 5322 1026 5374 tomum
1067 5321 1350 5392 amplexus
1375 5330 1654 5397 apostolici
1683 5332 1788 5388 viri

193 5412 349 5467 papae
391 5400 620 5472 Leonis,
664 5420 822 5474 quem
864 5408 1050 5466 beatus
1090 5413 1280 5474 Petrus
1307 5421 1579 5490 apostolus
1608 5425 1788 5481 verbis

197 5493 316 5561 ejus
346 5496 607 5554 ediderat.
648 5501 715 5556 Et
746 5503 883 5560 sicut
910 5512 1132 5564 extremi
1172 5514 1388 5582 quidem
1408 5556 1423 5581 ,
1456 5520 1788 5587 praesumis-

195 5586 319 5641 simi
358 5598 533 5647 tamen
570 5596 841 5664 omnium,
875 5602 1053 5671 magni
1094 5603 1234 5661 illius
1271 5586 1589 5681 Justiniani,
1637 5614 1788 5685 cujus

198 5687 260 5731 ut
300 5680 505 5748 virtus,
546 5684 617 5740 ita
655 5694 709 5742 et
747 5689 916 5757 pietas
941 5695 1120 5749 omnia
1154 5694 1211 5752 in
1238 5700 1517 5758 meliorem
1540 5680 1784 5762 ordinem

195 5774 518 5829 restauravit
551 5792 563 5827 :
598 5778 753 5848 cujus
790 5782 956 5839 instar
996 5784 1301 5847 fortissimae
1326 5805 1521 5852 vestrae
1549 5797 1788 5854 clemen-

194 5864 283 5923 tia:
310 5868 666 5939 principatus,
699 5874 909 5932 virtutis
936 5880 1159 5951 quidem
1182 5888 1466 5953 conatibus
1494 5894 1788 5967 rempubli-
1826 5958 1847 5965 ,

478 5963 1188 6065 ΡιτηοιηιΧΧΧνιι,

1821 4622 1871 4682 ι)

1812 5974 1838 5981 .-

1931 586 2104 661 [όδοιλ
2133 588 2231 661 1η]
2259 593 2316 648 τὸ
2347 603 2506 664 μῆκος
2536 598 2586 651 ἓν
2630 600 2789 676 πολλῇ
2830 610 3013 677 καιροῦ
3053 607 3364 685 παραδρομῇ
3407 610 3523 669 δια-

1928 683 2093 737 τείνει.
2142 679 2263 741 Εἷτα
2310 687 2578 761 ἠλπίζομεν
2622 693 2729 747 ἀπὸ
2788 700 3092 769 Βρεττανίας
3138 700 3392 778 Θεόδωρον
3437 706 3528 765 τὸν

1928 776 2200 834 σύνδουλόν
2245 783 2382 855 ἡμῶν
2413 788 2496 841 καί
2526 792 2936 862 συνεπίσκοπον,
2970 804 3063 855 τῆς
3103 799 3324 870 μεγάλης
3364 805 3525 860 νήσου

1926 874 2231 944 Βρεττανίας
2275 875 2691 949 ἀρχιεπίσκοπον
2742 886 2823 937 καὶ
2859 885 3141 965 φιλόσοφον,
3189 894 3321 959 μετὰ
3368 888 3531 947 ἄλλων

1927 962 2088 1019 ἐκεῖσε
2139 970 2269 1023 κατά
2310 970 2396 1023 τόν
2430 973 2588 1027 τόπον
2636 972 2934 1046 διαγόντων,
2966 981 3156 1033 ἐκεῖθεν
3199 990 3262 1054 τῇ
3304 984 3529 1060 ἡμετέρᾳ

1927 1052 2161 1116 ἕνωθῆναι
2185 1062 2504 1134 μετριότητι,
2540 1069 2624 1121 καὶ
2661 1066 2935 1142 διαφόρους
2963 1074 3157 1132 ταύτης
3186 1082 3277 1134 τῆς
3304 1075 3526 1131 συνόδου

1928 1146 2235 1211 ἐπισκόπους
2275 1153 2325 1206 ἐν
2370 1153 2626 1232 διαφόροις
2672 1160 2881 1230 κλίμασι
2928 1162 3308 1234 τυγχάνοντας,
3344 1170 3427 1223 ⁴’ἱνα
3474 1169 3528 1234 ἐξ

1926 1237 2042 1301 ὅλης
2074 1250 2167 1303 τῆς
2196 1246 2475 1308 κοινότητος
2514 1259 2606 1310 τῆς
2646 1250 2883 1316 devitari};
2911 1258 3049 1328 ἡμῶν
3096 1256 3314 1313 συνόδου
3345 1261 3375 1318 ἡ
3402 1262 3529 1333 ἡμε-

1924 1333 2050 1410 τέρα
2098 1336 2324 1408 ἀναφορά
2371 1338 2675 1412 γενήσοιτο,
2729 1350 2915 1415 μήπως
2980 1349 3067 1402 ἐάν
3117 1358 3412 1424 μονομερῶς
3466 1353 3527 1408 τὸ

1923 1427 2270 1498 πραττόμενον
2314 1435 2690 1503 γνωσθήσηται,
2713 1439 2769 1491 τὸ
2804 1441 2960 1514 μέρος
3001 1441 3144 1514 λάθῃ⁹
3176 1446 3257 1498 καὶ
3300 1445 3525 1515 μάλιστα

1926 1520 2099 1581 ἐπειδὴ
2154 1525 2201 1577 ἐν
2246 1527 2388 1598 μέσῳ
2434 1537 2531 1585 τῶν
2580 1532 2726 1585 ἐθνῶν
2765 1541 2863 1589 τῶν
2909 1556 2964 1591 τε
3010 1538 3403 1612 Λογγοϐάρδων,
3434 1542 3525 1598 καί

1923 1612 2167 1679 Σκλάϐων,
2197 1617 2254 1669 ού
2294 1623 2390 1688 μὴν
2434 1620 2560 1676 άλλά
2604 1627 2690 1677 καί
2726 1627 2983 1701 Φράγκων,
3016 1629 3232 1695 Γότθων,
3253 1634 3341 1686 καί
3369 1642 3522 1707 Βρετα

1922 1712 2087 1760 τανῶν
2138 1707 2368 1766 πλεῖστοι
2420 1712 2472 1765 ἐκ
2520 1720 2620 1768 τῶν
2668 1714 2963 1773 συνδούλων
3014 1721 3153 1792 ἡμῶν
3213 1718 3334 1777 εἶναι
3385 1745 3521 1797 γνωυ

1920 1800 2143 1871 ρίςονται
2166 1840 2183 1867 ,
2246 1804 2427 1865 οἵτινες
2487 1809 2577 1861 καὶ
2654 1811 2776 1883 περὶ
2841 1812 3024 1866 τούτου
3101 1817 3525 1891 περιεργάζεσθαι

1924 1894 2011 1948 οὐκ
2063 1898 2408 1969 ἀφίστανται,
2462 1902 2547 1957 ἵνα
2598 1907 2935 1976 γνὼσωνται,
2984 1912 3035 1964 τί
3079 1913 3150 1971 εἰς
3205 1914 3262 1966 τὸ
3308 1918 3527 1985 πρᾶγμα

1918 1996 2010 2049 τῆς
2061 1990 2401 2055 ἀποστολικῆς
2461 1997 2685 2059 πίστεως
2736 2002 3042 2078 πράττεται“
3102 2004 3281 2067 οἵτινες
3330 2005 3523 2062 ὁπόσον

1920 2082 2171 2153 ὠφελῆσαι
2211 2082 2465 2152 δύνανται,
2495 2088 2621 2144 ἐπὰν
2663 2092 2713 2144 ἐν
2756 2100 2819 2167 τῇ
2868 2098 3136 2169 συμφωνία
3176 2105 3268 2158 τῆς
3294 2099 3527 2160 πίστεως

1917 2171 2021 2245 μεθ’
2041 2177 2181 2245 ἡμῶν
2231 2186 2557 2254 κρατῶνται,
2586 2186 2666 2237 καί
2714 2186 2832 2256 ἡμῖν
2886 2185 3209 2260 ὄμοφωνῶσι,
3249 2200 3517 2263 τοσοῦτον,

1922 2268 2053 2345 ὅπερ
2099 2274 2327 2343 ἀπέστω,
2367 2278 2449 2330 ἐὰν
2500 2277 2782 2335 σκάνδαλόν
2825 2285 2875 2336 τί
2919 2305 3039 2340 ποτε
3080 2287 3127 2339 ἐν
3162 2296 3234 2357 τῷ
3270 2290 3521 2361 κεφαλαίῳ

1916 2376 2008 2426 τῆς·
2037 2368 2653 2445 πίστεωςύπομείνωσιν,
2681 2380 2998 2456 εὑρίσκονται
3035 2384 3213 2459 ἐχθροὶ
3252 2390 3340 2441 καὶ
3382 2388 3521 2443 ἐναν·

1917 2463 2036 2515 τίοι.
2089 2459 2263 2531 Ἡμεῖς
2311 2462 2364 2519 δέ
2401 2469 2443 2520 εἰ
2492 2472 2580 2523 καί
2634 2470 2927 2543 ἐλάχιστοι,
2957 2474 3060 2531 ἀλλ’
3082 2476 3223 2548 ὅμως
3264 2479 3365 2536 ἀπὸ
3403 2480 3526 2546 ὅλης

1919 2554 2114 2623 ἰσχύος
2168 2557 2447 2633 θαρροῦμεν
2493 2559 2603 2632 [1η
2631 2567 2957 2640 κειρώμεθα],
3001 2572 3085 2629 ἵνα
3129 2582 3219 2629 τοῦ
3266 2586 3520 2651 Χριστια-

1915 2648 2191 2702 νικωτάτου
2223 2655 2364 2720 ύμῶν
2392 2655 2612 2727 κράτους
2646 2660 2677 2716 ἡ
2706 2660 2951 2728 πολιτεία,
2982 2664 3032 2718 ἐν
3125 2674 3215 2723 τοῦ
3252 2676 3517 2747 μακαρίου

1916 2741 2104 2815 Πέτρου
2152 2749 2242 2798 τοῦ
2298 2750 2568 2822 κορυφαίου
2611 2758 2711 2805 τῶν
2762 2755 3118 2815 ἀποστόλωνό
3170 2763 3340 2834 θρόνος
3372 2768 3518 2822 τεθε-

1915 2830 2174 2901 μελίωται,
2235 2831 2435 2898 οὗτινος
2490 2844 2580 2898 τήν
2635 2842 2896 2900 αὖθεντίαν
3080 2850 3287 2927 ἀληθείᾳ
3341 2854 3513 2911 πάντα

1914 2929 2013 2976 τῶν
2065 2934 2383 2996 Χριστιανῶν
2432 2932 2498 2986 τά
2554 2930 2669 2992 ἔθνη
2708 2934 2812 3007 ἅμα
2858 2938 2980 3011 ἡμῖν
3027 2951 3378 3017 προσκυνοῦσι
3424 2950 3517 3002 καί

1918 3017 2172 3084 σέϐουσι,
2222 3024 2353 3077 κατά
2396 3029 2487 3083 τὴν
2535 3027 2698 3083 αὐτοῦ
2749 3036 2840 3084 τοῦ
2886 3034 3136 3108 μακαρίου
3180 3038 3371 3110 Πέτρου
3415 3046 3510 3095 τοῦ

1916 3110 2202 3166 ἀποστόλου
2254 3119 2403 3186 τιμὴν
2454 3119 2657 3174 πάντων
2701 3128 2801 3195 νῦν
2847 3124 2996 3179 ἐθνῶν
3048 3125 3338 3203 ἀποδειχθῇ
3376 3130 3516 3201 ὑψη-

1913 3200 2115 3279 λοτέρα.
2152 3206 2227 3260 Ῥά
2278 3204 2333 3260 δὲ
2386 3210 2668 3284 πρόσωπα,
2717 3212 2749 3268 ἃ
2791 3215 2937 3290 παρὰ
2990 3226 3081 3278 τῆς
3128 3222 3378 3295 ἡμετέρας
3422 3244 3513 3293 με-

1908 3295 2171 3371 τριότητος
2227 3301 2358 3355 κατά
2427 3304 2568 3367 τάξιν
2624 3305 2943 3371 ἐπιλέξασθαι
2991 3307 3090 3380 [L.
3136 3313 3391 3388 πρόσωπα
3455 3315 3509 3371 δὲ

1909 3388 1964 3443 ἐκ
1998 3398 2091 3451 τῆς
2130 3393 2317 3457 τάξεως
2350 3406 2442 3457 τῆς
2478 3400 2726 3474 ἡμετέρας
2769 3402 3100 3479 μετριότητος
3136 3406 3244 3477 Em]
3277 3408 3509 3465 συνείδο-

1906 3504 1996 3555 μεν
2021 3487 2149 3559 πρὸς
2178 3492 2243 3543 τά
2273 3487 2403 3561 ἴχνη
2431 3501 2524 3553 τῆς
2554 3494 2804 3572 ὑμετέρας
2819 3498 3218 3557 Θεοσκεπάστου
3245 3502 3502 3579 ἀνδρείας,
3544 3535 3553 3544 ~

1906 3574 2164 3647 ὀφείλοντα
2212 3592 2563 3659 προσαγαγεῖν
2610 3592 2702 3646 τήν
2768 3591 3021 3670 ἀναφορὰν
3078 3596 3282 3652 πάντων
3341 3600 3502 3668 ἡμῶν,

1905 3670 2169 3726 τουτέστιν
2203 3672 2442 3731 ἁπάντων
2490 3685 2589 3733 τῶν
2633 3683 2767 3738 κατά
2805 3684 2869 3739 τά
2921 3687 3134 3761 ἀρκτῷα
3188 3693 3271 3745 καί
3321 3690 3503 3749 δυτικά

1903 3762 2123 3833 κλίματα
2170 3767 2485 3836 ἐπισκόπων,
2544 3774 2593 3825 ἐν
2714 3778 2798 3829 καί
2843 3786 2933 3837 τῆς
2970 3780 3319 3844 ἀποστολικῆς
3364 3787 3503 3855 ἡμῶν

1904 3856 2127 3917 πίστεως
2161 3864 2253 3917 τήν
2296 3859 2556 3936 ὁμολογίαν
2600 3871 3063 3945 πρωπηρξάμεθα*
3111 3872 3247 3946 ὅμως
3291 3880 3397 3950 οὐχ
3435 3883 3506 3941 ὡς

1902 3951 2021 4023 περὶ
2069 3948 2264 4009 ἀδήλων
2314 3955 2633 4026 φιλονεικεῖν,
2676 3958 2868 4024 ἀλλ’ὡς
2915 3965 3105 4040 βέϐαια
3153 3973 3237 4025 καί
3294 3948 3505 4050 ἄτρωτοι

1902 4040 2158 4098 συνελόντι
2202 4043 2303 4122 ὅρῳ
2346 4052 2663 4127 προσφέρειν
2690 4054 3011 4120 ίκετευτικῶς
3052 4066 3499 4139 παρακαλοῦντες,

1896 4130 1979 4187 ἶνα
1993 4140 2081 4189 τοῦ
2110 4136 2362 4213 ὑμετέρου
2381 4146 2705 4202 Θεοστέπτου
2726 4151 2949 4223 κράτους
2979 4153 3311 4226 ἐπινεύοντος,
3336 4170 3503 4219 ταῦτα

1899 4224 2035 4279 αύτά
2079 4232 2212 4283 πᾶσι
2258 4236 2580 4305 κηρυχθῆναι
2606 4281 2620 4303 ,
2675 4243 2760 4295 καὶ
2800 4244 2929 4315 πρὸς
2973 4247 3171 4307 πάντας
3220 4250 3503 4324 ἐπικρατεῖν

1897 4316 2184 4378 κελεύσητε⁹
2226 4323 2304 4378 ἶνα
2343 4324 2367 4378 ό
2414 4329 2539 4387 Θεὸς
2587 4328 2611 4382 ὁ
2655 4335 2742 4389 τὴν
2779 4333 3009 4391 ἀλήθειαν
3056 4340 3135 4393 καί
3179 4343 3267 4399 τήν
3308 4340 3497 4399 δικαιο-

1895 4413 2050 4472 σύνην
2102 4418 2353 4486 ἀγαπῶν,
2406 4423 2569 4476 πάντα
2611 4421 2755 4478 αἴσια
2792 4430 3077 4501 χαρίσηται
3128 4438 3236 4491 τοῖς
3290 4434 3499 4504 χρόνοις

1894 4509 1985 4561 τῆς
2030 4504 2279 4579 ὑμετέρας
2306 4509 2649 4579 γαληνοτάτης
2684 4515 2965 4584 εὐμενείας,
3000 4519 3052 4571 ἓν
3097 4516 3171 4579 οἷς
3220 4528 3312 4575 τοῦ
3361 4525 3495 4579 ἀπο-

1894 4595 2124 4650 στολικοῦ
2161 4600 2479 4676 κηρύγματος
2508 4606 2701 4666 καὶτῆς
2731 4607 2994 4669 εὐσεϐείας
3022 4612 3051 4667 ἡ
3082 4611 3284 4669 ἀλήθεια
3307 4615 3492 4688 ἐκλάμ-

1893 4709 1998 4759 πῃ,
2054 4693 2295 4767 κρείττονι
2340 4697 2423 4749 καί
2490 4698 2635 4771 αἰσία
2682 4699 2891 4754 ἐκϐάσει
2940 4710 3031 4763 τῆς
3070 4705 3211 4776 ὑμῶν
3262 4709 3492 4786 ἀνδρειο-

1893 4780 2051 4841 τάτης
2079 4783 2417 4854 γαληνότητος
2442 4788 2500 4842 τὸ
2526 4792 2711 4862 κράτος
2740 4788 3068 4864 εὐφρανθῆναι
3104 4802 3223 4872 περὶ
3261 4810 3352 4864 τῆς
3392 4813 3493 4859 τῶν

1892 4872 2142 4942 πολεμίων
2169 4874 2430 4951 ύποταγῆς
2462 4880 2824 4954 χαριζόμενος.
2866 4886 3110 4949 Δέξασθαι
3138 4893 3303 4946 τοίνυν
3334 4915 3491 4949 κατει-

1890 4965 2107 5029 ξιὼσατε
2149 4970 2518 5027 εὐσεϐέστατα
2561 4973 2814 5044 βασιλέων
2855 4982 2976 5039 τούς
3024 4982 3303 5047 σταλέντες
3344 4991 3489 5062 παρὰ

1890 5066 1984 5120 τῆς
2022 5063 2272 5138 ἡμετέρας
2302 5066 2633 5139 μετριότητος
2673 5068 2983 5134 ἐπισκόπους
3029 5077 3159 5143 μετά
3212 5084 3311 5131 τῶν
3351 5078 3485 5130 sm-

1889 5153 2075 5208 λοίπων
2125 5165 2217 5218 τῆς
2262 5159 2674 5223 ἑκκλησιαστικῆς
2733 5166 2924 5231 τάξεως
2978 5168 3203 5242 ἀνδρῶν,
3252 5174 3335 5225 καί
3384 5181 3485 5227 τῶν

1890 5248 2281 5308 εὖλαϐεστάτων
2336 5250 2525 5308 δούλων
2572 5262 2666 5311 τοῦ
2720 5255 2848 5313 Θεοῦ
2913 5259 3023 5330 μετ’
3078 5263 3335 5333 εὐμενείας
3390 5271 3484 5323 τῆς·

1889 5342 2169 5403 είθισαένης
2214 5345 2588 5417 γαληνότητος,
2634 5347 2775 5411 ὅπως
2816 5355 2901 5407 καὶ
2942 5360 3003 5424 τῇ
3051 5354 3102 5417 ἐξ
3142 5357 3303 5409 αὐτῶν
3346 5377 3484 5427 μαρ-
3536 5386 3539 5389 ν

1889 5437 2042 5510 τυρίᾳ
2080 5438 2193 5507 μετ’
2240 5441 2588 5516 εὖχαριστίας
2628 5449 2701 5505 εἰς
2751 5447 2815 5499 τά
2863 5448 3029 5500 οἰκεῖα
3077 5449 3241 5503 αὐτῶν
3296 5451 3485 5507 ἐπανα-

1889 5531 2185 5603 στρέφοντες
2218 5532 2757 5611 [ἓπαναστρεφόντων]
2789 5541 2934 5612 παρά
2989 5544 3125 5597 πᾶσι
3168 5551 3276 5604 τοῖς
3319 5542 3482 5601 ἔθνεσι

1889 5626 2133 5699 συχνάση
2184 5628 2211 5681 o'
2257 5627 2458 5690 ἔπαινος
2512 5640 2604 5692 τῆς
2657 5633 2909 5707 ὑμετέρας
2963 5636 3356 5712 φιλανθρωπίας,
3410 5642 3480 5701 ὡς

1890 5714 2077 5771 δκείνου
2114 5725 2209 5775 τοῦ
2248 5724 2467 5793 μεγάλου
2498 5728 2901 5791 Κωνσταντίνουι,
2973 5723 3164 5788 οὗτινος
3207 5730 3336 5800 μετὰ
3385 5736 3477 5791 την

1887 5808 2119 5869 τελευτήν
2161 5812 2449 5879 ἀξιέπαινος
2490 5812 2910 5888 [ἀξιεπαίνετος]
2950 5817 3093 5875 οὐδὲν
3143 5818 3292 5881 ἧττον
3335 5825 3472 5892 φήμη

1887 5898 2362 5979 ἀκμάζειορῦτινος
2396 5905 2454 5963 οὐ
2501 5903 2655 5977 μόνον
2700 5907 2757 5967 τὸ
2808 5908 3053 5983 ἐπίσημον
3095 5920 3187 5975 τῆς
3240 5914 3478 5978 ἐξουσίας

3042 6106 3045 6109 .
