  <div class='ocr_page' id='page_1' title='image "/cluster/home/n/w/nwhite01/storage/ocr_20150623/87/hvd.32044015469471/633.png"; bbox 0 0 4016 6354; ppageno 0'>
   <div class='ocr_carea' id='block_1_1' title="bbox 482 351 616 416">
    <p class='ocr_par' dir='ltr' id='par_1_1' title="bbox 482 351 616 416">
     <span class='ocr_line' id='line_1_1' title="bbox 482 351 616 416; baseline -0.045 0"><span class='ocrx_word' id='word_1_1' title='bbox 482 351 616 416; x_wconf 66' lang='grc'><strong>1231</strong></span> 
     </span>
    </p>
   </div>
   <div class='ocr_carea' id='block_1_2' title="bbox 548 462 2142 547">
    <p class='ocr_par' dir='ltr' id='par_1_2' title="bbox 548 462 2142 547">
     <span class='ocr_line' id='line_1_2' title="bbox 548 462 2142 547; baseline -0.006 -16"><span class='ocrx_word' id='word_1_2' title='bbox 548 472 833 538; x_wconf 84' lang='grc' dir='ltr'><strong>Γαυδιῶζος</strong></span> <span class='ocrx_word' id='word_1_3' title='bbox 855 469 860 473; x_wconf 64' lang='grc'><em>’</em></span> <span class='ocrx_word' id='word_1_4' title='bbox 873 472 1057 547; x_wconf 84' lang='grc' dir='ltr'><strong>χάριτι</strong></span> <span class='ocrx_word' id='word_1_5' title='bbox 1096 477 1225 526; x_wconf 80' lang='grc' dir='ltr'>Θεοῦ</span> <span class='ocrx_word' id='word_1_6' title='bbox 1268 471 1542 528; x_wconf 79' lang='grc' dir='ltr'><strong>ἐπίσκοπος</strong></span> <span class='ocrx_word' id='word_1_7' title='bbox 1579 473 1670 526; x_wconf 79' lang='grc' dir='ltr'><strong>τῆς</strong></span> <span class='ocrx_word' id='word_1_8' title='bbox 1711 462 1858 536; x_wconf 76' lang='grc' dir='ltr'><strong>ἁγίας</strong></span> <span class='ocrx_word' id='word_1_9' title='bbox 1889 465 1938 518; x_wconf 82' lang='grc' dir='ltr'>ἐν</span> <span class='ocrx_word' id='word_1_10' title='bbox 1967 474 2064 520; x_wconf 78' lang='grc' dir='ltr'><strong>Ποο</strong></span> <span class='ocrx_word' id='word_1_11' title='bbox 2091 465 2142 521; x_wconf 80' lang='grc' dir='ltr'><strong>Δ</strong></span> 
     </span>
    </p>
   </div>
   <div class='ocr_carea' id='block_1_3' title="bbox 479 554 2067 639">
    <p class='ocr_par' dir='ltr' id='par_1_3' title="bbox 479 558 2067 639">
     <span class='ocr_line' id='line_1_3' title="bbox 479 558 2067 639; baseline -0.009 -15"><span class='ocrx_word' id='word_1_12' title='bbox 479 571 687 638; x_wconf 85' lang='grc' dir='ltr'>τιολάνῳ</span> <span class='ocrx_word' id='word_1_13' title='bbox 734 567 997 626; x_wconf 86' lang='grc' dir='ltr'><strong>ἐκκλησίας</strong></span> <span class='ocrx_word' id='word_1_14' title='bbox 1037 565 1302 639; x_wconf 85' lang='grc' dir='ltr'><strong>ἐπαρχίας</strong></span> <span class='ocrx_word' id='word_1_15' title='bbox 1344 561 1667 632; x_wconf 73' lang='grc' dir='ltr'><strong>Καμπανίας,</strong></span> <span class='ocrx_word' id='word_1_16' title='bbox 1699 558 1745 610; x_wconf 90' lang='grc' dir='ltr'>ἐν</span> <span class='ocrx_word' id='word_1_17' title='bbox 1794 559 1958 631; x_wconf 72' lang='grc' dir='ltr'>ταύτῃ</span> <span class='ocrx_word' id='word_1_18' title='bbox 2005 564 2067 628; x_wconf 76' lang='grc' dir='ltr'>τῇ</span> 
     </span>
    </p>
   </div>
   <div class='ocr_carea' id='block_1_4' title="bbox 479 648 2069 733">
    <p class='ocr_par' dir='ltr' id='par_1_4' title="bbox 479 648 2069 733">
     <span class='ocr_line' id='line_1_4' title="bbox 479 648 2069 733; baseline -0.008 -18"><span class='ocrx_word' id='word_1_19' title='bbox 479 661 733 733; x_wconf 80' lang='grc' dir='ltr'>ἀναφορᾷ,</span> <span class='ocrx_word' id='word_1_20' title='bbox 760 659 817 716; x_wconf 77' lang='grc' dir='ltr'>ἣν</span> <span class='ocrx_word' id='word_1_21' title='bbox 849 657 982 729; x_wconf 79' lang='grc' dir='ltr'><strong>ὑπὲρ</strong></span> <span class='ocrx_word' id='word_1_22' title='bbox 1012 664 1103 715; x_wconf 79' lang='grc' dir='ltr'><strong>τῆς</strong></span> <span class='ocrx_word' id='word_1_23' title='bbox 1133 654 1475 713; x_wconf 79' lang='grc' dir='ltr'><strong>ἀποστολικης</strong></span> <span class='ocrx_word' id='word_1_24' title='bbox 1512 655 1648 723; x_wconf 77' lang='grc' dir='ltr'>ἡμῶν</span> <span class='ocrx_word' id='word_1_25' title='bbox 1691 652 1913 710; x_wconf 88' lang='grc' dir='ltr'><strong>πίστεως</strong></span> <span class='ocrx_word' id='word_1_26' title='bbox 1943 648 2069 721; x_wconf 85' lang='grc' dir='ltr'>ὁμο·</span> 
     </span>
    </p>
   </div>
   <div class='ocr_carea' id='block_1_5' title="bbox 476 743 1632 824">
    <p class='ocr_par' dir='ltr' id='par_1_5' title="bbox 476 743 1632 824">
     <span class='ocr_line' id='line_1_5' title="bbox 476 743 1632 824; baseline -0.01 -18"><span class='ocrx_word' id='word_1_27' title='bbox 476 749 700 824; x_wconf 86' lang='grc' dir='ltr'>θυμαδὸν</span> <span class='ocrx_word' id='word_1_28' title='bbox 727 749 1087 818; x_wconf 76' lang='grc' dir='ltr'><strong>συνετάξαμεν,</strong></span> <span class='ocrx_word' id='word_1_29' title='bbox 1119 746 1303 818; x_wconf 87' lang='grc' dir='ltr'><strong>ὁμοίως</strong></span> <span class='ocrx_word' id='word_1_30' title='bbox 1328 743 1632 818; x_wconf 67' lang='grc' dir='ltr'><strong>ὑπέγραψα.</strong></span> 
     </span>
    </p>
   </div>
   <div class='ocr_carea' id='block_1_6' title="bbox 547 833 2060 920">
    <p class='ocr_par' dir='ltr' id='par_1_6' title="bbox 547 833 2060 920">
     <span class='ocr_line' id='line_1_6' title="bbox 547 833 2060 920; baseline -0.009 -19"><span class='ocrx_word' id='word_1_31' title='bbox 547 849 790 920; x_wconf 83' lang='grc' dir='ltr'><strong>Στέφανος</strong></span> <span class='ocrx_word' id='word_1_32' title='bbox 842 844 1038 907; x_wconf 79' lang='grc' dir='ltr'>ἀνάξιος</span> <span class='ocrx_word' id='word_1_33' title='bbox 1108 840 1388 898; x_wconf 79' lang='grc' dir='ltr'><strong>ἐπίσκοπος</strong></span> <span class='ocrx_word' id='word_1_34' title='bbox 1442 846 1534 898; x_wconf 80' lang='grc' dir='ltr'><strong>τῆς</strong></span> <span class='ocrx_word' id='word_1_35' title='bbox 1585 837 1732 910; x_wconf 74' lang='grc' dir='ltr'><strong>ἁγίας</strong></span> <span class='ocrx_word' id='word_1_36' title='bbox 1794 833 2060 895; x_wconf 77' lang='grc' dir='ltr'><strong>ἐκκλησίας</strong></span> 
     </span>
    </p>
   </div>
   <div class='ocr_carea' id='block_1_7' title="bbox 478 932 2068 1014">
    <p class='ocr_par' dir='ltr' id='par_1_7' title="bbox 478 932 2068 1014">
     <span class='ocr_line' id='line_1_7' title="bbox 478 932 2068 1014; baseline -0.006 -23"><span class='ocrx_word' id='word_1_37' title='bbox 478 938 779 1014; x_wconf 82' lang='grc' dir='ltr'><strong>Δουκριτίας</strong></span> <span class='ocrx_word' id='word_1_38' title='bbox 806 936 1068 1010; x_wconf 76' lang='grc' dir='ltr'><strong>ἐπαρχίας</strong></span> <span class='ocrx_word' id='word_1_39' title='bbox 1098 932 1415 1008; x_wconf 75' lang='grc' dir='ltr'><strong>Καλαϐρίας,</strong></span> <span class='ocrx_word' id='word_1_40' title='bbox 1447 933 1496 985; x_wconf 72' lang='grc' dir='ltr'>ἂν</span> <span class='ocrx_word' id='word_1_41' title='bbox 1538 933 1702 1007; x_wconf 80' lang='grc' dir='ltr'>ταύτῃ</span> <span class='ocrx_word' id='word_1_42' title='bbox 1723 940 1786 1004; x_wconf 78' lang='grc' dir='ltr'>τῇ</span> <span class='ocrx_word' id='word_1_43' title='bbox 1816 933 2068 1003; x_wconf 76' lang='grc' dir='ltr'><strong>ἀναφορᾷ,</strong></span> 
     </span>
    </p>
   </div>
   <div class='ocr_carea' id='block_1_8' title="bbox 477 1019 2069 1106">
    <p class='ocr_par' dir='ltr' id='par_1_8' title="bbox 477 1019 2069 1106">
     <span class='ocr_line' id='line_1_8' title="bbox 477 1019 2069 1106; baseline -0.004 -22"><span class='ocrx_word' id='word_1_44' title='bbox 477 1033 537 1093; x_wconf 70' lang='grc' dir='ltr'>ἢν</span> <span class='ocrx_word' id='word_1_45' title='bbox 574 1019 716 1106; x_wconf 78' lang='grc' dir='ltr'><strong>ὑπὲρ</strong></span> <span class='ocrx_word' id='word_1_46' title='bbox 753 1039 844 1090; x_wconf 79' lang='grc' dir='ltr'><strong>τῆς</strong></span> <span class='ocrx_word' id='word_1_47' title='bbox 891 1028 1226 1087; x_wconf 79' lang='grc' dir='ltr'><strong>ἀποστολικῆς</strong></span> <span class='ocrx_word' id='word_1_48' title='bbox 1288 1029 1425 1096; x_wconf 77' lang='grc' dir='ltr'>ἡμῶν</span> <span class='ocrx_word' id='word_1_49' title='bbox 1471 1029 1696 1087; x_wconf 88' lang='grc' dir='ltr'><strong>πίστεως</strong></span> <span class='ocrx_word' id='word_1_50' title='bbox 1751 1023 2069 1098; x_wconf 69' lang='grc' dir='ltr'><strong>ὁμοθυμαδὸν</strong></span> 
     </span>
    </p>
   </div>
   <div class='ocr_carea' id='block_1_9' title="bbox 481 1119 1235 1192">
    <p class='ocr_par' dir='ltr' id='par_1_9' title="bbox 481 1119 1235 1192">
     <span class='ocr_line' id='line_1_9' title="bbox 481 1119 1235 1192; baseline -0.008 -14"><span class='ocrx_word' id='word_1_51' title='bbox 481 1120 846 1189; x_wconf 77' lang='grc' dir='ltr'><strong>συνετάξαμεν,</strong></span> <span class='ocrx_word' id='word_1_52' title='bbox 878 1119 1063 1190; x_wconf 89' lang='grc' dir='ltr'><strong>ὁμοίως</strong></span> <span class='ocrx_word' id='word_1_53' title='bbox 1083 1120 1235 1192; x_wconf 78' lang='grc' dir='ltr'><strong>ῦπέγ.</strong></span> 
     </span>
    </p>
   </div>
   <div class='ocr_carea' id='block_1_10' title="bbox 547 1209 2074 1285">
    <p class='ocr_par' dir='ltr' id='par_1_10' title="bbox 547 1209 2074 1285">
     <span class='ocr_line' id='line_1_10' title="bbox 547 1209 2074 1285; baseline -0.003 -18"><span class='ocrx_word' id='word_1_54' title='bbox 547 1214 801 1284; x_wconf 78' lang='grc' dir='ltr'><strong>’Δγνέλλος</strong></span> <span class='ocrx_word' id='word_1_55' title='bbox 831 1213 946 1285; x_wconf 79' lang='grc' dir='ltr'><strong>ἐλέῳ</strong></span> <span class='ocrx_word' id='word_1_56' title='bbox 983 1218 1110 1268; x_wconf 87' lang='grc' dir='ltr'>Θεοῦ</span> <span class='ocrx_word' id='word_1_57' title='bbox 1149 1213 1430 1273; x_wconf 79' lang='grc' dir='ltr'><strong>ἐπίσκοπος</strong></span> <span class='ocrx_word' id='word_1_58' title='bbox 1457 1220 1550 1272; x_wconf 74' lang='grc' dir='ltr'><strong>τῆς</strong></span> <span class='ocrx_word' id='word_1_59' title='bbox 1578 1210 1721 1282; x_wconf 68' lang='grc' dir='ltr'><strong>ἁγίας</strong></span> <span class='ocrx_word' id='word_1_60' title='bbox 1753 1211 1801 1262; x_wconf 84' lang='grc' dir='ltr'>ἐν</span> <span class='ocrx_word' id='word_1_61' title='bbox 1830 1209 2074 1264; x_wconf 76' lang='grc' dir='ltr'><strong>Νεαπόλει</strong></span> 
     </span>
    </p>
   </div>
   <div class='ocr_carea' id='block_1_11' title="bbox 477 1304 2064 1383">
    <p class='ocr_par' dir='ltr' id='par_1_11' title="bbox 477 1304 2064 1383">
     <span class='ocr_line' id='line_1_11' title="bbox 477 1304 2064 1383; baseline -0.005 -21"><span class='ocrx_word' id='word_1_62' title='bbox 477 1309 743 1380; x_wconf 80' lang='grc' dir='ltr'><strong>ἐκκλησίας</strong></span> <span class='ocrx_word' id='word_1_63' title='bbox 773 1309 1035 1383; x_wconf 76' lang='grc' dir='ltr'><strong>ἐπαρχίας</strong></span> <span class='ocrx_word' id='word_1_64' title='bbox 1076 1308 1389 1377; x_wconf 70' lang='grc' dir='ltr'><strong>Καμπανίας,</strong></span> <span class='ocrx_word' id='word_1_65' title='bbox 1425 1306 1474 1358; x_wconf 89' lang='grc' dir='ltr'>ἐν</span> <span class='ocrx_word' id='word_1_66' title='bbox 1514 1305 1676 1373; x_wconf 79' lang='grc' dir='ltr'><strong>ταύτῃ</strong></span> <span class='ocrx_word' id='word_1_67' title='bbox 1715 1312 1776 1378; x_wconf 76' lang='grc' dir='ltr'><strong>τῇ</strong></span> <span class='ocrx_word' id='word_1_68' title='bbox 1819 1304 2064 1378; x_wconf 84' lang='grc' dir='ltr'>ἀναφορᾷ,</span> 
     </span>
    </p>
   </div>
   <div class='ocr_carea' id='block_1_12' title="bbox 477 1395 2074 1482">
    <p class='ocr_par' dir='ltr' id='par_1_12' title="bbox 477 1395 2074 1482">
     <span class='ocr_line' id='line_1_12' title="bbox 477 1395 2074 1482; baseline -0.003 -26"><span class='ocrx_word' id='word_1_69' title='bbox 477 1403 536 1461; x_wconf 74' lang='grc' dir='ltr'>ἢν</span> <span class='ocrx_word' id='word_1_70' title='bbox 582 1404 714 1482; x_wconf 78' lang='grc' dir='ltr'><strong>ὐπέρ</strong></span> <span class='ocrx_word' id='word_1_71' title='bbox 763 1410 855 1463; x_wconf 81' lang='grc' dir='ltr'><strong>τῆς</strong></span> <span class='ocrx_word' id='word_1_72' title='bbox 908 1401 1243 1462; x_wconf 79' lang='grc' dir='ltr'><strong>ἀποστολικῆς</strong></span> <span class='ocrx_word' id='word_1_73' title='bbox 1291 1397 1430 1471; x_wconf 69' lang='grc' dir='ltr'><strong>ἠμῶν</strong></span> <span class='ocrx_word' id='word_1_74' title='bbox 1487 1405 1714 1461; x_wconf 87' lang='grc' dir='ltr'><strong>πίστεως</strong></span> <span class='ocrx_word' id='word_1_75' title='bbox 1760 1395 2074 1470; x_wconf 77' lang='grc' dir='ltr'><strong>ὁμοθυμαδὸν</strong></span> 
     </span>
    </p>
   </div>
   <div class='ocr_carea' id='block_1_13' title="bbox 477 1479 1274 1568">
    <p class='ocr_par' dir='ltr' id='par_1_13' title="bbox 477 1479 1274 1568">
     <span class='ocr_line' id='line_1_13' title="bbox 477 1479 1274 1568; baseline -0.006 -16"><span class='ocrx_word' id='word_1_76' title='bbox 477 1479 822 1568; x_wconf 73' lang='grc' dir='ltr'><strong>συνετάξαμεν</strong></span> <span class='ocrx_word' id='word_1_77' title='bbox 837 1536 852 1560; x_wconf 95' lang='grc'><strong>,</strong></span> <span class='ocrx_word' id='word_1_78' title='bbox 887 1493 1071 1565; x_wconf 88' lang='grc' dir='ltr'><strong>ὁμοίως</strong></span> <span class='ocrx_word' id='word_1_79' title='bbox 1097 1495 1248 1567; x_wconf 75' lang='grc' dir='ltr'><strong>ῦπέγ.</strong></span> <span class='ocrx_word' id='word_1_80' title='bbox 1271 1479 1274 1482; x_wconf 14' lang='grc' dir='ltr'><strong>ί</strong></span> 
     </span>
    </p>
   </div>
   <div class='ocr_carea' id='block_1_14' title="bbox 549 1583 2070 1660">
    <p class='ocr_par' dir='ltr' id='par_1_14' title="bbox 549 1583 2070 1660">
     <span class='ocr_line' id='line_1_14' title="bbox 549 1583 2070 1660; baseline -0.003 -20"><span class='ocrx_word' id='word_1_81' title='bbox 549 1585 850 1660; x_wconf 79' lang='grc' dir='ltr'><strong>Δύρηλιανὸς</strong></span> <span class='ocrx_word' id='word_1_82' title='bbox 905 1583 1178 1656; x_wconf 80' lang='grc' dir='ltr'>ἐλάχιστος</span> <span class='ocrx_word' id='word_1_83' title='bbox 1227 1584 1505 1645; x_wconf 81' lang='grc' dir='ltr'><strong>ἐπίσκοπος</strong></span> <span class='ocrx_word' id='word_1_84' title='bbox 1552 1593 1645 1646; x_wconf 80' lang='grc' dir='ltr'><strong>τῆς</strong></span> <span class='ocrx_word' id='word_1_85' title='bbox 1693 1583 1842 1658; x_wconf 79' lang='grc' dir='ltr'><strong>ἁγίας</strong></span> <span class='ocrx_word' id='word_1_86' title='bbox 1894 1583 2070 1642; x_wconf 85' lang='grc' dir='ltr'><strong>ἐκκλη-</strong></span> 
     </span>
    </p>
   </div>
   <div class='ocr_carea' id='block_1_15' title="bbox 479 1675 2072 1750">
    <p class='ocr_par' dir='ltr' id='par_1_15' title="bbox 479 1675 2072 1750">
     <span class='ocr_line' id='line_1_15' title="bbox 479 1675 2072 1750; baseline 0 -20"><span class='ocrx_word' id='word_1_87' title='bbox 479 1676 600 1735; x_wconf 82' lang='grc' dir='ltr'><strong>σίας</strong></span> <span class='ocrx_word' id='word_1_88' title='bbox 639 1675 870 1739; x_wconf 77' lang='grc' dir='ltr'>Νωλᾴνου</span> <span class='ocrx_word' id='word_1_89' title='bbox 911 1675 1177 1750; x_wconf 76' lang='grc' dir='ltr'><strong>ἐπαρχίας</strong></span> <span class='ocrx_word' id='word_1_90' title='bbox 1215 1678 1545 1744; x_wconf 77' lang='grc' dir='ltr'><strong>Καμπανίας,</strong></span> <span class='ocrx_word' id='word_1_91' title='bbox 1576 1676 1623 1728; x_wconf 89' lang='grc' dir='ltr'>ἐν</span> <span class='ocrx_word' id='word_1_92' title='bbox 1661 1676 1825 1748; x_wconf 78' lang='grc' dir='ltr'>ταύτῃ</span> <span class='ocrx_word' id='word_1_93' title='bbox 1855 1683 1916 1750; x_wconf 80' lang='grc' dir='ltr'>τῇ</span> <span class='ocrx_word' id='word_1_94' title='bbox 1947 1676 2072 1730; x_wconf 88' lang='grc' dir='ltr'>ἀνα-</span> 
     </span>
    </p>
   </div>
   <div class='ocr_carea' id='block_1_16' title="bbox 475 1763 2070 1842">
    <p class='ocr_par' dir='ltr' id='par_1_16' title="bbox 475 1763 2070 1842">
     <span class='ocr_line' id='line_1_16' title="bbox 475 1763 2070 1842; baseline 0 -22"><span class='ocrx_word' id='word_1_95' title='bbox 475 1771 626 1842; x_wconf 85' lang='grc' dir='ltr'>φορᾷ,</span> <span class='ocrx_word' id='word_1_96' title='bbox 653 1765 711 1825; x_wconf 74' lang='grc' dir='ltr'>ἣν</span> <span class='ocrx_word' id='word_1_97' title='bbox 749 1766 882 1841; x_wconf 78' lang='grc' dir='ltr'><strong>ὑπὲρ</strong></span> <span class='ocrx_word' id='word_1_98' title='bbox 925 1774 1017 1826; x_wconf 79' lang='grc' dir='ltr'><strong>τῆς</strong></span> <span class='ocrx_word' id='word_1_99' title='bbox 1055 1765 1396 1828; x_wconf 85' lang='grc' dir='ltr'><strong>ἀποστολικῆς</strong></span> <span class='ocrx_word' id='word_1_100' title='bbox 1443 1769 1582 1838; x_wconf 82' lang='grc' dir='ltr'>ἡμῶν</span> <span class='ocrx_word' id='word_1_101' title='bbox 1622 1768 1848 1825; x_wconf 86' lang='grc' dir='ltr'><strong>πίστεως</strong></span> <span class='ocrx_word' id='word_1_102' title='bbox 1884 1763 2070 1836; x_wconf 82' lang='grc' dir='ltr'>ὁμοθυ-</span> 
     </span>
    </p>
   </div>
   <div class='ocr_carea' id='block_1_17' title="bbox 471 1843 1428 1929">
    <p class='ocr_par' dir='ltr' id='par_1_17' title="bbox 471 1843 1428 1929">
     <span class='ocr_line' id='line_1_17' title="bbox 471 1843 1428 1929; baseline -0.003 -17"><span class='ocrx_word' id='word_1_103' title='bbox 471 1843 636 1927; x_wconf 81' lang='grc' dir='ltr'>μαδόν</span> <span class='ocrx_word' id='word_1_104' title='bbox 658 1858 996 1927; x_wconf 71' lang='grc' dir='ltr'><strong>συνετάξαμεν</strong></span> <span class='ocrx_word' id='word_1_105' title='bbox 1015 1899 1028 1923; x_wconf 93' lang='grc'><strong>,</strong></span> <span class='ocrx_word' id='word_1_106' title='bbox 1063 1856 1246 1928; x_wconf 84' lang='grc' dir='ltr'>ὁμοίως</span> <span class='ocrx_word' id='word_1_107' title='bbox 1275 1857 1428 1929; x_wconf 66' lang='grc' dir='ltr'><strong>ῦπέγ.</strong></span> 
     </span>
    </p>
   </div>
   <div class='ocr_carea' id='block_1_18' title="bbox 470 1969 2171 2046">
    <p class='ocr_par' dir='ltr' id='par_1_18' title="bbox 470 1969 2171 2046">
     <span class='ocr_line' id='line_1_18' title="bbox 470 1969 2171 2046; baseline -0.001 -22"><span class='ocrx_word' id='word_1_108' title='bbox 470 1999 485 2013; x_wconf 78' lang='grc' dir='ltr'><strong><em>ο</em></strong></span> <span class='ocrx_word' id='word_1_109' title='bbox 549 1971 811 2045; x_wconf 58' lang='grc' dir='ltr'>Μρϐάτος</span> <span class='ocrx_word' id='word_1_110' title='bbox 859 1972 1045 2046; x_wconf 88' lang='grc' dir='ltr'><strong>χάριτι</strong></span> <span class='ocrx_word' id='word_1_111' title='bbox 1091 1977 1217 2024; x_wconf 88' lang='grc' dir='ltr'>Θεοῦ</span> <span class='ocrx_word' id='word_1_112' title='bbox 1261 1971 1537 2031; x_wconf 83' lang='grc' dir='ltr'><strong>ἐπίσκοπος</strong></span> <span class='ocrx_word' id='word_1_113' title='bbox 1583 1979 1674 2031; x_wconf 81' lang='grc' dir='ltr'><strong>τῆς</strong></span> <span class='ocrx_word' id='word_1_114' title='bbox 1702 1971 1851 2044; x_wconf 68' lang='grc' dir='ltr'><strong>ἁγίας</strong></span> <span class='ocrx_word' id='word_1_115' title='bbox 1896 1969 2074 2028; x_wconf 79' lang='grc' dir='ltr'><strong>ἐκκλη-</strong></span> <span class='ocrx_word' id='word_1_116' title='bbox 2145 2007 2171 2035; x_wconf 87' lang='lat'><strong>_-</strong></span> 
     </span>
    </p>
   </div>
   <div class='ocr_carea' id='block_1_19' title="bbox 2117 2049 3778 2122">
    <p class='ocr_par' dir='ltr' id='par_1_19' title="bbox 2117 2049 3778 2122">
     <span class='ocr_line' id='line_1_19' title="bbox 2117 2049 3778 2122; baseline -0.005 -14"><span class='ocrx_word' id='word_1_117' title='bbox 2117 2049 2144 2054; x_wconf 78' lang='grc'>”</span> <span class='ocrx_word' id='word_1_118' title='bbox 2176 2051 2421 2108; x_wconf 86' lang='lat' dir='ltr'><strong>ecclesia</strong></span> <span class='ocrx_word' id='word_1_119' title='bbox 2458 2052 2750 2122; x_wconf 89' lang='lat' dir='ltr'><strong>provincia</strong></span> <span class='ocrx_word' id='word_1_120' title='bbox 2791 2052 3125 2121; x_wconf 87' lang='lat' dir='ltr'><strong>Campania,</strong></span> <span class='ocrx_word' id='word_1_121' title='bbox 3169 2053 3305 2106; x_wconf 88' lang='lat' dir='ltr'><strong>hanc</strong></span> <span class='ocrx_word' id='word_1_122' title='bbox 3351 2051 3778 2120; x_wconf 74' lang='lat' dir='ltr'><strong>suggestionem,</strong></span> 
     </span>
    </p>
   </div>
   <div class='ocr_carea' id='block_1_20' title="bbox 2133 2140 3779 2221">
    <p class='ocr_par' dir='ltr' id='par_1_20' title="bbox 2133 2140 3779 2221">
     <span class='ocr_line' id='line_1_20' title="bbox 2133 2140 3779 2221; baseline -0.002 -25"><span class='ocrx_word' id='word_1_123' title='bbox 2133 2143 2139 2149; x_wconf 84' lang='grc'><em>’</em></span> <span class='ocrx_word' id='word_1_124' title='bbox 2179 2157 2337 2212; x_wconf 88' lang='lat' dir='ltr'><strong>quam</strong></span> <span class='ocrx_word' id='word_1_125' title='bbox 2369 2158 2466 2213; x_wconf 89' lang='lat' dir='ltr'><strong>pro</strong></span> <span class='ocrx_word' id='word_1_126' title='bbox 2495 2145 2782 2213; x_wconf 85' lang='lat' dir='ltr'><strong>apostolica</strong></span> <span class='ocrx_word' id='word_1_127' title='bbox 2808 2153 2987 2198; x_wconf 87' lang='lat' dir='ltr'><strong>nostra</strong></span> <span class='ocrx_word' id='word_1_128' title='bbox 3032 2141 3134 2196; x_wconf 90' lang='lat' dir='ltr'><strong>ﬁde</strong></span> <span class='ocrx_word' id='word_1_129' title='bbox 3162 2140 3486 2196; x_wconf 88' lang='lat' dir='ltr'><strong>unanimiter</strong></span> <span class='ocrx_word' id='word_1_130' title='bbox 3522 2148 3779 2221; x_wconf 85' lang='lat' dir='ltr'><strong>constru-</strong></span> 
     </span>
    </p>
   </div>
   <div class='ocr_carea' id='block_1_21' title="bbox 2131 2235 2815 2316">
    <p class='ocr_par' dir='ltr' id='par_1_21' title="bbox 2131 2235 2815 2316">
     <span class='ocr_line' id='line_1_21' title="bbox 2131 2235 2815 2316; baseline 0.001 -27"><span class='ocrx_word' id='word_1_131' title='bbox 2131 2309 2139 2316; x_wconf 27' lang='grc' dir='ltr'><strong>Ι</strong></span> <span class='ocrx_word' id='word_1_132' title='bbox 2177 2235 2376 2301; x_wconf 80' lang='lat' dir='ltr'><strong>ximus,</strong></span> <span class='ocrx_word' id='word_1_133' title='bbox 2407 2236 2566 2292; x_wconf 90' lang='lat' dir='ltr'><strong>simil.</strong></span> <span class='ocrx_word' id='word_1_134' title='bbox 2605 2236 2815 2291; x_wconf 87' lang='lat' dir='ltr'><strong>subscr.</strong></span> 
     </span>
    </p>
   </div>
   <div class='ocr_carea' id='block_1_22' title="bbox 477 2064 2075 2137">
    <p class='ocr_par' dir='ltr' id='par_1_22' title="bbox 477 2064 2075 2137">
     <span class='ocr_line' id='line_1_22' title="bbox 477 2064 2075 2137; baseline 0 -18"><span class='ocrx_word' id='word_1_135' title='bbox 477 2065 596 2125; x_wconf 83' lang='grc' dir='ltr'><strong>σίας</strong></span> <span class='ocrx_word' id='word_1_136' title='bbox 641 2064 931 2119; x_wconf 81' lang='grc' dir='ltr'>Βενεϐέντου</span> <span class='ocrx_word' id='word_1_137' title='bbox 991 2065 1256 2135; x_wconf 81' lang='grc' dir='ltr'><strong>ἐπαρχίας</strong></span> <span class='ocrx_word' id='word_1_138' title='bbox 1311 2067 1646 2134; x_wconf 76' lang='grc' dir='ltr'><strong>Καμπανίας,</strong></span> <span class='ocrx_word' id='word_1_139' title='bbox 1700 2064 1748 2116; x_wconf 88' lang='grc' dir='ltr'>ἐν</span> <span class='ocrx_word' id='word_1_140' title='bbox 1803 2065 1969 2137; x_wconf 77' lang='grc' dir='ltr'>ταύτῃ</span> 
     </span>
    </p>
   </div>
   <div class='ocr_carea' id='block_1_23' title="bbox 477 2145 2076 2232">
    <p class='ocr_par' dir='ltr' id='par_1_23' title="bbox 477 2156 2076 2232">
     <span class='ocr_line' id='line_1_23' title="bbox 477 2156 2076 2232; baseline 0 -20"><span class='ocrx_word' id='word_1_141' title='bbox 477 2158 725 2232; x_wconf 86' lang='grc' dir='ltr'>ἀναφορᾷ,</span> <span class='ocrx_word' id='word_1_142' title='bbox 755 2157 812 2216; x_wconf 79' lang='grc' dir='ltr'>ἣν</span> <span class='ocrx_word' id='word_1_143' title='bbox 848 2157 979 2232; x_wconf 72' lang='grc' dir='ltr'><strong>ὑπὲρ</strong></span> <span class='ocrx_word' id='word_1_144' title='bbox 1015 2165 1107 2217; x_wconf 83' lang='grc' dir='ltr'><strong>τῆς</strong></span> <span class='ocrx_word' id='word_1_145' title='bbox 1148 2157 1487 2216; x_wconf 75' lang='grc' dir='ltr'><strong>ἀποστολικῆς</strong></span> <span class='ocrx_word' id='word_1_146' title='bbox 1519 2159 1656 2229; x_wconf 73' lang='grc' dir='ltr'>ἡμῶν</span> <span class='ocrx_word' id='word_1_147' title='bbox 1700 2160 1926 2217; x_wconf 88' lang='grc' dir='ltr'><strong>πίστεως</strong></span> <span class='ocrx_word' id='word_1_148' title='bbox 1953 2156 2076 2228; x_wconf 88' lang='grc' dir='ltr'>ὁμο·-</span> 
     </span>
    </p>
   </div>
   <div class='ocr_carea' id='block_1_24' title="bbox 480 2247 1500 2328">
    <p class='ocr_par' dir='ltr' id='par_1_24' title="bbox 480 2247 1500 2328">
     <span class='ocr_line' id='line_1_24' title="bbox 480 2247 1500 2328; baseline 0 -26"><span class='ocrx_word' id='word_1_149' title='bbox 480 2247 704 2322; x_wconf 85' lang='grc' dir='ltr'>θυμαδὸν</span> <span class='ocrx_word' id='word_1_150' title='bbox 741 2250 1102 2328; x_wconf 80' lang='grc' dir='ltr'>συνετάξαμεν,</span> <span class='ocrx_word' id='word_1_151' title='bbox 1137 2248 1318 2319; x_wconf 88' lang='grc' dir='ltr'>ὁμοίως</span> <span class='ocrx_word' id='word_1_152' title='bbox 1346 2250 1500 2322; x_wconf 77' lang='grc' dir='ltr'><strong>ῦπέγ.</strong></span> 
     </span>
    </p>
   </div>
   <div class='ocr_carea' id='block_1_25' title="bbox 513 2335 2072 2418">
    <p class='ocr_par' dir='ltr' id='par_1_25' title="bbox 513 2335 2072 2418">
     <span class='ocr_line' id='line_1_25' title="bbox 513 2335 2072 2418; baseline 0.001 -22"><span class='ocrx_word' id='word_1_153' title='bbox 513 2387 516 2390; x_wconf 86' lang='grc'>.</span> <span class='ocrx_word' id='word_1_154' title='bbox 546 2340 832 2416; x_wconf 87' lang='grc' dir='ltr'>Δεκὸρωσος</span> <span class='ocrx_word' id='word_1_155' title='bbox 874 2349 1056 2417; x_wconf 84' lang='grc' dir='ltr'><strong>χάριτι</strong></span> <span class='ocrx_word' id='word_1_156' title='bbox 1102 2351 1229 2398; x_wconf 90' lang='grc' dir='ltr'>Θεοῦ</span> <span class='ocrx_word' id='word_1_157' title='bbox 1259 2335 1556 2406; x_wconf 45' lang='grc' dir='ltr'><strong>’ἐπίσκοπος</strong></span> <span class='ocrx_word' id='word_1_158' title='bbox 1587 2352 1678 2404; x_wconf 75' lang='grc' dir='ltr'><strong>τῆς</strong></span> <span class='ocrx_word' id='word_1_159' title='bbox 1711 2343 1860 2418; x_wconf 68' lang='grc' dir='ltr'><strong>ἁγίας</strong></span> <span class='ocrx_word' id='word_1_160' title='bbox 1902 2343 2072 2402; x_wconf 77' lang='grc' dir='ltr'><strong>ἐκκλη-</strong></span> 
     </span>
    </p>
   </div>
   <div class='ocr_carea' id='block_1_26' title="bbox 478 2437 2076 2512">
    <p class='ocr_par' dir='ltr' id='par_1_26' title="bbox 478 2437 2076 2512">
     <span class='ocr_line' id='line_1_26' title="bbox 478 2437 2076 2512; baseline 0.003 -24"><span class='ocrx_word' id='word_1_161' title='bbox 478 2437 592 2495; x_wconf 90' lang='grc' dir='ltr'><strong>σίας</strong></span> <span class='ocrx_word' id='word_1_162' title='bbox 624 2437 860 2496; x_wconf 74' lang='grc' dir='ltr'><strong>ιίαπούας</strong></span> <span class='ocrx_word' id='word_1_163' title='bbox 901 2437 1162 2510; x_wconf 84' lang='grc' dir='ltr'><strong>ἐπαρχίας</strong></span> <span class='ocrx_word' id='word_1_164' title='bbox 1212 2439 1530 2506; x_wconf 77' lang='grc' dir='ltr'><strong>Καμπανίας,</strong></span> <span class='ocrx_word' id='word_1_165' title='bbox 1561 2439 1612 2490; x_wconf 78' lang='grc' dir='ltr'>ἐν</span> <span class='ocrx_word' id='word_1_166' title='bbox 1649 2437 1811 2512; x_wconf 77' lang='grc' dir='ltr'>ταύτῃ</span> <span class='ocrx_word' id='word_1_167' title='bbox 1850 2445 1912 2512; x_wconf 78' lang='grc' dir='ltr'><strong>τῇ</strong></span> <span class='ocrx_word' id='word_1_168' title='bbox 1943 2438 2076 2492; x_wconf 89' lang='grc' dir='ltr'>ἀνα-</span> 
     </span>
    </p>
   </div>
   <div class='ocr_carea' id='block_1_27' title="bbox 473 2527 2076 2603">
    <p class='ocr_par' dir='ltr' id='par_1_27' title="bbox 473 2527 2076 2603">
     <span class='ocr_line' id='line_1_27' title="bbox 473 2527 2076 2603; baseline 0.002 -23"><span class='ocrx_word' id='word_1_169' title='bbox 473 2531 628 2598; x_wconf 85' lang='grc' dir='ltr'>φορᾷ,</span> <span class='ocrx_word' id='word_1_170' title='bbox 657 2528 714 2586; x_wconf 79' lang='grc' dir='ltr'>ἣν</span> <span class='ocrx_word' id='word_1_171' title='bbox 759 2528 887 2603; x_wconf 79' lang='grc' dir='ltr'><strong>ὑπὲρ</strong></span> <span class='ocrx_word' id='word_1_172' title='bbox 928 2535 1020 2587; x_wconf 81' lang='grc' dir='ltr'><strong>τῆς</strong></span> <span class='ocrx_word' id='word_1_173' title='bbox 1061 2527 1398 2589; x_wconf 82' lang='grc' dir='ltr'><strong>ἀποστολικῆς</strong></span> <span class='ocrx_word' id='word_1_174' title='bbox 1438 2530 1577 2600; x_wconf 80' lang='grc' dir='ltr'>ἡμῶν</span> <span class='ocrx_word' id='word_1_175' title='bbox 1623 2530 1849 2591; x_wconf 87' lang='grc' dir='ltr'><strong>πίστεως</strong></span> <span class='ocrx_word' id='word_1_176' title='bbox 1891 2527 2076 2601; x_wconf 86' lang='grc' dir='ltr'>ὁμοθυ-</span> 
     </span>
    </p>
   </div>
   <div class='ocr_carea' id='block_1_28' title="bbox 476 2616 1426 2693">
    <p class='ocr_par' dir='ltr' id='par_1_28' title="bbox 476 2616 1426 2693">
     <span class='ocr_line' id='line_1_28' title="bbox 476 2616 1426 2693; baseline 0 -21"><span class='ocrx_word' id='word_1_177' title='bbox 476 2616 636 2690; x_wconf 87' lang='grc' dir='ltr'>μαδὸν</span> <span class='ocrx_word' id='word_1_178' title='bbox 664 2618 1023 2689; x_wconf 78' lang='grc' dir='ltr'>συνετάξαμεν,</span> <span class='ocrx_word' id='word_1_179' title='bbox 1059 2619 1244 2691; x_wconf 84' lang='grc' dir='ltr'><strong>ὁμοίως</strong></span> <span class='ocrx_word' id='word_1_180' title='bbox 1273 2621 1426 2693; x_wconf 53' lang='lat' dir='ltr'><strong>om.</strong></span> 
     </span>
    </p>
   </div>
   <div class='ocr_carea' id='block_1_29' title="bbox 501 2707 2075 2785">
    <p class='ocr_par' dir='ltr' id='par_1_29' title="bbox 501 2707 2075 2785">
     <span class='ocr_line' id='line_1_29' title="bbox 501 2707 2075 2785; baseline 0.004 -23"><span class='ocrx_word' id='word_1_181' title='bbox 501 2764 504 2767; x_wconf 95' lang='lat'><em>_</em></span> <span class='ocrx_word' id='word_1_182' title='bbox 545 2707 816 2781; x_wconf 67' lang='grc' dir='ltr'><strong>Ἰουλιανὸς</strong></span> <span class='ocrx_word' id='word_1_183' title='bbox 871 2712 1068 2776; x_wconf 84' lang='grc' dir='ltr'>ἀνάξιος</span> <span class='ocrx_word' id='word_1_184' title='bbox 1119 2713 1394 2774; x_wconf 76' lang='grc' dir='ltr'><strong>ἐπίσκοπος</strong></span> <span class='ocrx_word' id='word_1_185' title='bbox 1453 2719 1544 2774; x_wconf 78' lang='grc' dir='ltr'><strong>τῆς</strong></span> <span class='ocrx_word' id='word_1_186' title='bbox 1610 2711 1761 2785; x_wconf 73' lang='grc' dir='ltr'><strong>ἁγίας</strong></span> <span class='ocrx_word' id='word_1_187' title='bbox 1813 2713 2075 2776; x_wconf 78' lang='grc' dir='ltr'><strong>ἐκκλησίας</strong></span> 
     </span>
    </p>
   </div>
   <div class='ocr_carea' id='block_1_30' title="bbox 472 2801 2073 2881">
    <p class='ocr_par' dir='ltr' id='par_1_30' title="bbox 472 2801 2073 2881">
     <span class='ocr_line' id='line_1_30' title="bbox 472 2801 2073 2881; baseline 0.005 -27"><span class='ocrx_word' id='word_1_188' title='bbox 472 2801 771 2867; x_wconf 75' lang='grc' dir='ltr'>ιονσέντου,</span> <span class='ocrx_word' id='word_1_189' title='bbox 805 2801 1088 2879; x_wconf 72' lang='lat' dir='ltr'><strong>[omissum</strong></span> <span class='ocrx_word' id='word_1_190' title='bbox 1123 2815 1193 2858; x_wconf 85' lang='lat' dir='ltr'><strong>est</strong></span> <span class='ocrx_word' id='word_1_191' title='bbox 1233 2807 1494 2880; x_wconf 84' lang='grc' dir='ltr'><strong>ἐπαρχίας</strong></span> <span class='ocrx_word' id='word_1_192' title='bbox 1541 2803 1797 2878; x_wconf 76' lang='grc' dir='ltr'><strong>Βρυτίων]</strong></span> <span class='ocrx_word' id='word_1_193' title='bbox 1829 2806 1877 2859; x_wconf 88' lang='grc' dir='ltr'>ἐν</span> <span class='ocrx_word' id='word_1_194' title='bbox 1908 2809 2073 2881; x_wconf 75' lang='grc' dir='ltr'><strong>ταύτῃ</strong></span> 
     </span>
    </p>
   </div>
   <div class='ocr_carea' id='block_1_31' title="bbox 470 2894 2074 2970">
    <p class='ocr_par' dir='ltr' id='par_1_31' title="bbox 470 2894 2074 2970">
     <span class='ocr_line' id='line_1_31' title="bbox 470 2894 2074 2970; baseline 0.006 -25"><span class='ocrx_word' id='word_1_195' title='bbox 470 2899 536 2964; x_wconf 75' lang='grc' dir='ltr'>τῇ</span> <span class='ocrx_word' id='word_1_196' title='bbox 564 2894 807 2966; x_wconf 82' lang='grc' dir='ltr'>ἀναφορᾷ,</span> <span class='ocrx_word' id='word_1_197' title='bbox 842 2895 899 2952; x_wconf 78' lang='grc' dir='ltr'>ἣν</span> <span class='ocrx_word' id='word_1_198' title='bbox 948 2897 1080 2968; x_wconf 68' lang='grc' dir='ltr'><strong>ὑπὲρ</strong></span> <span class='ocrx_word' id='word_1_199' title='bbox 1129 2907 1222 2958; x_wconf 79' lang='grc' dir='ltr'><strong>τῆς</strong></span> <span class='ocrx_word' id='word_1_200' title='bbox 1269 2897 1610 2960; x_wconf 81' lang='grc' dir='ltr'><strong>ἀποστολικῆς</strong></span> <span class='ocrx_word' id='word_1_201' title='bbox 1658 2900 1796 2970; x_wconf 74' lang='grc' dir='ltr'>ἡμῶν</span> <span class='ocrx_word' id='word_1_202' title='bbox 1846 2903 2074 2962; x_wconf 85' lang='grc' dir='ltr'><strong>πίστεως</strong></span> 
     </span>
    </p>
   </div>
   <div class='ocr_carea' id='block_1_32' title="bbox 476 2979 1583 3060">
    <p class='ocr_par' dir='ltr' id='par_1_32' title="bbox 476 2979 1583 3060">
     <span class='ocr_line' id='line_1_32' title="bbox 476 2979 1583 3060; baseline 0.006 -25"><span class='ocrx_word' id='word_1_203' title='bbox 476 2979 793 3052; x_wconf 75' lang='grc' dir='ltr'>ὁμοθυμαδὸν</span> <span class='ocrx_word' id='word_1_204' title='bbox 823 2986 1188 3055; x_wconf 80' lang='grc' dir='ltr'>συνετάξαμεν,</span> <span class='ocrx_word' id='word_1_205' title='bbox 1217 2985 1400 3057; x_wconf 83' lang='grc' dir='ltr'>ὁμοίως</span> <span class='ocrx_word' id='word_1_206' title='bbox 1427 2988 1583 3060; x_wconf 60' lang='lat' dir='ltr'><strong>{orn-{7.</strong></span> 
     </span>
    </p>
   </div>
   <div class='ocr_carea' id='block_1_33' title="bbox 541 3071 2072 3152">
    <p class='ocr_par' dir='ltr' id='par_1_33' title="bbox 541 3071 2072 3152">
     <span class='ocr_line' id='line_1_33' title="bbox 541 3071 2072 3152; baseline 0.007 -26"><span class='ocrx_word' id='word_1_207' title='bbox 541 3071 769 3134; x_wconf 71' lang='grc' dir='ltr'>Ἰωάννης</span> <span class='ocrx_word' id='word_1_208' title='bbox 797 3077 982 3150; x_wconf 79' lang='grc' dir='ltr'><strong>χάριτι</strong></span> <span class='ocrx_word' id='word_1_209' title='bbox 1018 3084 1144 3131; x_wconf 83' lang='grc' dir='ltr'><strong>Θεοῦ</strong></span> <span class='ocrx_word' id='word_1_210' title='bbox 1187 3077 1466 3139; x_wconf 78' lang='grc' dir='ltr'><strong>ἐπίσκοπος</strong></span> <span class='ocrx_word' id='word_1_211' title='bbox 1495 3087 1587 3140; x_wconf 78' lang='grc' dir='ltr'><strong>τῆς</strong></span> <span class='ocrx_word' id='word_1_212' title='bbox 1618 3079 1769 3152; x_wconf 69' lang='grc' dir='ltr'><strong>ἁγίας</strong></span> <span class='ocrx_word' id='word_1_213' title='bbox 1798 3080 2072 3142; x_wconf 72' lang='grc' dir='ltr'><strong>ἐκκλησίας</strong></span> 
     </span>
    </p>
   </div>
   <div class='ocr_carea' id='block_1_34' title="bbox 471 3161 2066 3247">
    <p class='ocr_par' dir='ltr' id='par_1_34' title="bbox 471 3161 2066 3247">
     <span class='ocr_line' id='line_1_34' title="bbox 471 3161 2066 3247; baseline 0.007 -29"><span class='ocrx_word' id='word_1_214' title='bbox 471 3161 776 3238; x_wconf 74' lang='grc' dir='ltr'>’Υδρούντου</span> <span class='ocrx_word' id='word_1_215' title='bbox 809 3168 1070 3241; x_wconf 84' lang='grc' dir='ltr'><strong>ἐπαρχίας</strong></span> <span class='ocrx_word' id='word_1_216' title='bbox 1109 3169 1420 3243; x_wconf 64' lang='grc' dir='ltr'><strong>Καλαῧρίας,</strong></span> <span class='ocrx_word' id='word_1_217' title='bbox 1453 3171 1501 3225; x_wconf 89' lang='grc' dir='ltr'>ἐν</span> <span class='ocrx_word' id='word_1_218' title='bbox 1531 3173 1694 3246; x_wconf 74' lang='grc' dir='ltr'>ταύτῃ</span> <span class='ocrx_word' id='word_1_219' title='bbox 1725 3179 1787 3247; x_wconf 77' lang='grc' dir='ltr'><strong>τῇ</strong></span> <span class='ocrx_word' id='word_1_220' title='bbox 1816 3175 2066 3247; x_wconf 81' lang='grc' dir='ltr'>ἀναφορᾷ,</span> 
     </span>
    </p>
   </div>
   <div class='ocr_carea' id='block_1_35' title="bbox 471 3257 2072 3336">
    <p class='ocr_par' dir='ltr' id='par_1_35' title="bbox 471 3257 2072 3336">
     <span class='ocr_line' id='line_1_35' title="bbox 471 3257 2072 3336; baseline 0.006 -24"><span class='ocrx_word' id='word_1_221' title='bbox 471 3257 533 3316; x_wconf 76' lang='grc' dir='ltr'>ἣν</span> <span class='ocrx_word' id='word_1_222' title='bbox 568 3258 700 3333; x_wconf 78' lang='grc' dir='ltr'><strong>ὑπὲρ</strong></span> <span class='ocrx_word' id='word_1_223' title='bbox 749 3267 842 3320; x_wconf 81' lang='grc' dir='ltr'><strong>τῆς</strong></span> <span class='ocrx_word' id='word_1_224' title='bbox 895 3261 1233 3325; x_wconf 81' lang='grc' dir='ltr'><strong>ἀποστολικῆς</strong></span> <span class='ocrx_word' id='word_1_225' title='bbox 1286 3264 1425 3333; x_wconf 79' lang='grc' dir='ltr'>ἡμῶν</span> <span class='ocrx_word' id='word_1_226' title='bbox 1478 3267 1704 3327; x_wconf 88' lang='grc' dir='ltr'><strong>πίστεως</strong></span> <span class='ocrx_word' id='word_1_227' title='bbox 1750 3263 2072 3336; x_wconf 83' lang='grc' dir='ltr'>ὁμοθυμαδὸν</span> 
     </span>
    </p>
   </div>
   <div class='ocr_carea' id='block_1_36' title="bbox 395 3352 1239 3429">
    <p class='ocr_par' dir='ltr' id='par_1_36' title="bbox 395 3352 1239 3429">
     <span class='ocr_line' id='line_1_36' title="bbox 395 3352 1239 3429; baseline 0.002 -23"><span class='ocrx_word' id='word_1_228' title='bbox 395 3393 397 3395; x_wconf 61' lang='grc' dir='ltr'><strong>ι</strong></span> <span class='ocrx_word' id='word_1_229' title='bbox 472 3355 841 3426; x_wconf 77' lang='grc' dir='ltr'>συνετάξαμεν,</span> <span class='ocrx_word' id='word_1_230' title='bbox 874 3352 1059 3425; x_wconf 89' lang='grc' dir='ltr'><strong>ὁμοίως</strong></span> <span class='ocrx_word' id='word_1_231' title='bbox 1088 3357 1239 3429; x_wconf 74' lang='grc' dir='ltr'><strong>ῦπέγ.</strong></span> 
     </span>
    </p>
   </div>
   <div class='ocr_carea' id='block_1_37' title="bbox 542 3445 2074 3525">
    <p class='ocr_par' dir='ltr' id='par_1_37' title="bbox 542 3445 2074 3525">
     <span class='ocr_line' id='line_1_37' title="bbox 542 3445 2074 3525; baseline 0.007 -27"><span class='ocrx_word' id='word_1_232' title='bbox 542 3446 796 3520; x_wconf 79' lang='grc' dir='ltr'>Γερμανὸς</span> <span class='ocrx_word' id='word_1_233' title='bbox 837 3445 1114 3518; x_wconf 71' lang='grc' dir='ltr'><strong>ἐλάχιστος</strong></span> <span class='ocrx_word' id='word_1_234' title='bbox 1156 3450 1440 3512; x_wconf 78' lang='grc' dir='ltr'><strong>ἐπίσκοπος</strong></span> <span class='ocrx_word' id='word_1_235' title='bbox 1476 3458 1570 3512; x_wconf 79' lang='grc' dir='ltr'><strong>τῆς</strong></span> <span class='ocrx_word' id='word_1_236' title='bbox 1610 3449 1761 3525; x_wconf 65' lang='grc' dir='ltr'><strong>ἁγίας</strong></span> <span class='ocrx_word' id='word_1_237' title='bbox 1799 3452 2074 3515; x_wconf 81' lang='grc' dir='ltr'><strong>ἐκκλησίας</strong></span> 
     </span>
    </p>
   </div>
   <div class='ocr_carea' id='block_1_38' title="bbox 471 3537 2076 3620">
    <p class='ocr_par' dir='ltr' id='par_1_38' title="bbox 471 3537 2076 3620">
     <span class='ocr_line' id='line_1_38' title="bbox 471 3537 2076 3620; baseline 0.006 -28"><span class='ocrx_word' id='word_1_238' title='bbox 471 3539 736 3614; x_wconf 74' lang='grc' dir='ltr'><strong>Τάραντος</strong></span> <span class='ocrx_word' id='word_1_239' title='bbox 782 3537 1101 3615; x_wconf 76' lang='grc' dir='ltr'>[Ταρέντου]</span> <span class='ocrx_word' id='word_1_240' title='bbox 1147 3543 1410 3620; x_wconf 83' lang='grc' dir='ltr'><strong>ἐπαρχίας</strong></span> <span class='ocrx_word' id='word_1_241' title='bbox 1457 3542 1758 3618; x_wconf 74' lang='grc' dir='ltr'><strong>καλαϐρίας,</strong></span> <span class='ocrx_word' id='word_1_242' title='bbox 1812 3547 1864 3601; x_wconf 91' lang='grc' dir='ltr'>ἐν</span> <span class='ocrx_word' id='word_1_243' title='bbox 1909 3547 2076 3619; x_wconf 74' lang='grc' dir='ltr'><strong>ταύτῃ</strong></span> 
     </span>
    </p>
   </div>
   <div class='ocr_carea' id='block_1_39' title="bbox 470 3631 2076 3708">
    <p class='ocr_par' dir='ltr' id='par_1_39' title="bbox 470 3631 2076 3708">
     <span class='ocr_line' id='line_1_39' title="bbox 470 3631 2076 3708; baseline 0.006 -25"><span class='ocrx_word' id='word_1_244' title='bbox 470 3637 532 3704; x_wconf 77' lang='grc' dir='ltr'>τῇ</span> <span class='ocrx_word' id='word_1_245' title='bbox 563 3631 811 3703; x_wconf 80' lang='grc' dir='ltr'>ἀναφορᾷ,</span> <span class='ocrx_word' id='word_1_246' title='bbox 857 3631 916 3690; x_wconf 75' lang='grc' dir='ltr'>ἣν</span> <span class='ocrx_word' id='word_1_247' title='bbox 956 3633 1089 3708; x_wconf 74' lang='grc' dir='ltr'><strong>ὑπὲρ</strong></span> <span class='ocrx_word' id='word_1_248' title='bbox 1139 3643 1231 3694; x_wconf 80' lang='grc' dir='ltr'><strong>τῆς</strong></span> <span class='ocrx_word' id='word_1_249' title='bbox 1273 3636 1615 3708; x_wconf 13' lang='grc' dir='ltr'><strong>,ἀπωτολικῆς</strong></span> <span class='ocrx_word' id='word_1_250' title='bbox 1663 3639 1805 3708; x_wconf 72' lang='grc' dir='ltr'>ἡμῶν</span> <span class='ocrx_word' id='word_1_251' title='bbox 1850 3640 2076 3700; x_wconf 85' lang='grc' dir='ltr'><strong>πίστεως</strong></span> 
     </span>
    </p>
   </div>
   <div class='ocr_carea' id='block_1_40' title="bbox 472 3719 1577 3804">
    <p class='ocr_par' dir='ltr' id='par_1_40' title="bbox 472 3719 1577 3800">
     <span class='ocr_line' id='line_1_40' title="bbox 472 3719 1577 3800; baseline 0.005 -26"><span class='ocrx_word' id='word_1_252' title='bbox 472 3719 792 3794; x_wconf 81' lang='grc' dir='ltr'>ὁμοθυμαδὸν</span> <span class='ocrx_word' id='word_1_253' title='bbox 823 3725 1400 3800; x_wconf 11' lang='grc' dir='ltr'>συνετάξαμεν,ήὸμοίως</span> <span class='ocrx_word' id='word_1_254' title='bbox 1425 3728 1577 3800; x_wconf 67' lang='grc' dir='ltr'><strong>ῦπέγ.</strong></span> 
     </span>
    </p>
   </div>
   <div class='ocr_carea' id='block_1_41' title="bbox 543 3815 2077 3892">
    <p class='ocr_par' dir='ltr' id='par_1_41' title="bbox 543 3815 2077 3892">
     <span class='ocr_line' id='line_1_41' title="bbox 543 3815 2077 3892; baseline 0.008 -26"><span class='ocrx_word' id='word_1_255' title='bbox 543 3815 795 3884; x_wconf 79' lang='grc' dir='ltr'><strong>Θεοφάνης</strong></span> <span class='ocrx_word' id='word_1_256' title='bbox 839 3815 1120 3887; x_wconf 84' lang='grc' dir='ltr'><strong>ἐλάχιστος</strong></span> <span class='ocrx_word' id='word_1_257' title='bbox 1161 3816 1446 3880; x_wconf 85' lang='grc' dir='ltr'><strong>ἐπίσκοπος</strong></span> <span class='ocrx_word' id='word_1_258' title='bbox 1486 3827 1578 3881; x_wconf 82' lang='grc' dir='ltr'><strong>τῆς</strong></span> <span class='ocrx_word' id='word_1_259' title='bbox 1615 3820 1768 3892; x_wconf 78' lang='grc' dir='ltr'><strong>ἁγίας</strong></span> <span class='ocrx_word' id='word_1_260' title='bbox 1813 3822 2077 3883; x_wconf 77' lang='grc' dir='ltr'><strong>ἐκκλησίας</strong></span> 
     </span>
    </p>
   </div>
   <div class='ocr_carea' id='block_1_42' title="bbox 472 3902 2074 3987">
    <p class='ocr_par' dir='ltr' id='par_1_42' title="bbox 472 3902 2074 3987">
     <span class='ocr_line' id='line_1_42' title="bbox 472 3902 2074 3987; baseline 0.009 -31"><span class='ocrx_word' id='word_1_261' title='bbox 472 3903 673 3971; x_wconf 83' lang='grc' dir='ltr'><strong>Θούρης</strong></span> <span class='ocrx_word' id='word_1_262' title='bbox 726 3902 818 3972; x_wconf 72' lang='grc' dir='ltr'><strong>[ι.</strong></span> <span class='ocrx_word' id='word_1_263' title='bbox 850 3906 1130 3982; x_wconf 83' lang='grc' dir='ltr'>Θουρίνης]</span> <span class='ocrx_word' id='word_1_264' title='bbox 1160 3910 1424 3984; x_wconf 84' lang='grc' dir='ltr'><strong>ἐπαρχίας</strong></span> <span class='ocrx_word' id='word_1_265' title='bbox 1465 3912 1750 3987; x_wconf 72' lang='grc' dir='ltr'>Κάλαϐρίας</span> <span class='ocrx_word' id='word_1_266' title='bbox 1771 3954 1787 3979; x_wconf 89' lang='grc'><strong>,</strong></span> <span class='ocrx_word' id='word_1_267' title='bbox 1819 3915 1871 3966; x_wconf 88' lang='grc' dir='ltr'>ἐν</span> <span class='ocrx_word' id='word_1_268' title='bbox 1909 3915 2074 3985; x_wconf 80' lang='grc' dir='ltr'><strong>ταύτῃ</strong></span> 
     </span>
    </p>
   </div>
   <div class='ocr_carea' id='block_1_43' title="bbox 472 3998 2074 4078">
    <p class='ocr_par' dir='ltr' id='par_1_43' title="bbox 472 3998 2074 4078">
     <span class='ocr_line' id='line_1_43' title="bbox 472 3998 2074 4078; baseline 0.008 -29"><span class='ocrx_word' id='word_1_269' title='bbox 472 4003 536 4070; x_wconf 75' lang='grc' dir='ltr'>τῇ</span> <span class='ocrx_word' id='word_1_270' title='bbox 581 3998 823 4072; x_wconf 83' lang='grc' dir='ltr'>ἀναφορᾷ,</span> <span class='ocrx_word' id='word_1_271' title='bbox 855 3999 910 4057; x_wconf 75' lang='grc' dir='ltr'>ἣν</span> <span class='ocrx_word' id='word_1_272' title='bbox 949 4001 1081 4076; x_wconf 85' lang='grc' dir='ltr'>ῦπέρ</span> <span class='ocrx_word' id='word_1_273' title='bbox 1134 4012 1226 4062; x_wconf 83' lang='grc' dir='ltr'><strong>τῆς</strong></span> <span class='ocrx_word' id='word_1_274' title='bbox 1269 4005 1608 4067; x_wconf 52' lang='grc' dir='ltr'><strong>ἀποστολιής</strong></span> <span class='ocrx_word' id='word_1_275' title='bbox 1658 4008 1798 4078; x_wconf 80' lang='grc' dir='ltr'>ἡμῶν</span> <span class='ocrx_word' id='word_1_276' title='bbox 1845 4011 2074 4069; x_wconf 84' lang='grc' dir='ltr'><strong>πίστεως</strong></span> 
     </span>
    </p>
   </div>
   <div class='ocr_carea' id='block_1_44' title="bbox 477 4085 1596 4169">
    <p class='ocr_par' dir='ltr' id='par_1_44' title="bbox 477 4085 1596 4169">
     <span class='ocr_line' id='line_1_44' title="bbox 477 4085 1596 4169; baseline 0.008 -27"><span class='ocrx_word' id='word_1_277' title='bbox 477 4085 798 4158; x_wconf 82' lang='grc' dir='ltr'>ὁμοθυμαδὸν</span> <span class='ocrx_word' id='word_1_278' title='bbox 829 4093 1193 4164; x_wconf 75' lang='grc' dir='ltr'>συνετάξαμεν,</span> <span class='ocrx_word' id='word_1_279' title='bbox 1227 4094 1416 4166; x_wconf 82' lang='grc' dir='ltr'><strong>ὁμοίως</strong></span> <span class='ocrx_word' id='word_1_280' title='bbox 1443 4099 1596 4169; x_wconf 74' lang='grc' dir='ltr'><strong>ύπέογ.</strong></span> 
     </span>
    </p>
   </div>
   <div class='ocr_carea' id='block_1_45' title="bbox 548 4180 2075 4262">
    <p class='ocr_par' dir='ltr' id='par_1_45' title="bbox 548 4180 2075 4262">
     <span class='ocr_line' id='line_1_45' title="bbox 548 4180 2075 4262; baseline 0.01 -30"><span class='ocrx_word' id='word_1_281' title='bbox 548 4180 732 4254; x_wconf 78' lang='grc' dir='ltr'><strong>Πέτρος</strong></span> <span class='ocrx_word' id='word_1_282' title='bbox 776 4181 1052 4251; x_wconf 87' lang='grc' dir='ltr'><strong>ἐλάχιστος</strong></span> <span class='ocrx_word' id='word_1_283' title='bbox 1105 4183 1383 4246; x_wconf 87' lang='grc' dir='ltr'><strong>ἐπίσκοπος</strong></span> <span class='ocrx_word' id='word_1_284' title='bbox 1426 4195 1517 4246; x_wconf 68' lang='grc' dir='ltr'><strong>τῆς</strong></span> <span class='ocrx_word' id='word_1_285' title='bbox 1570 4186 1715 4256; x_wconf 76' lang='grc' dir='ltr'><strong>ἁγίας</strong></span> <span class='ocrx_word' id='word_1_286' title='bbox 1761 4189 1809 4242; x_wconf 88' lang='grc' dir='ltr'>ἐν</span> <span class='ocrx_word' id='word_1_287' title='bbox 1857 4186 2075 4262; x_wconf 71' lang='grc' dir='ltr'><strong>κρότωνι</strong></span> 
     </span>
    </p>
   </div>
   <div class='ocr_carea' id='block_1_46' title="bbox 475 4271 2075 4357">
    <p class='ocr_par' dir='ltr' id='par_1_46' title="bbox 475 4271 2075 4357">
     <span class='ocr_line' id='line_1_46' title="bbox 475 4271 2075 4357; baseline 0.008 -33"><span class='ocrx_word' id='word_1_288' title='bbox 475 4271 736 4334; x_wconf 87' lang='grc' dir='ltr'><strong>ἐκκλησίας</strong></span> <span class='ocrx_word' id='word_1_289' title='bbox 764 4276 1025 4348; x_wconf 82' lang='grc' dir='ltr'><strong>ἐπαρχίας</strong></span> <span class='ocrx_word' id='word_1_290' title='bbox 1055 4279 1277 4354; x_wconf 85' lang='grc' dir='ltr'>Βρυτίων</span> <span class='ocrx_word' id='word_1_291' title='bbox 1308 4274 1511 4350; x_wconf 66' lang='grc' dir='ltr'><strong>[ἅλλως,</strong></span> <span class='ocrx_word' id='word_1_292' title='bbox 1529 4276 1820 4353; x_wconf 79' lang='grc' dir='ltr'>Βρεττίων],</span> <span class='ocrx_word' id='word_1_293' title='bbox 1843 4279 1892 4335; x_wconf 85' lang='grc' dir='ltr'>ἐν</span> <span class='ocrx_word' id='word_1_294' title='bbox 1910 4285 2075 4357; x_wconf 71' lang='grc' dir='ltr'>ταύτῃ</span> 
     </span>
    </p>
   </div>
   <div class='ocr_carea' id='block_1_47' title="bbox 471 4364 2075 4442">
    <p class='ocr_par' dir='ltr' id='par_1_47' title="bbox 471 4364 2075 4442">
     <span class='ocr_line' id='line_1_47' title="bbox 471 4364 2075 4442; baseline 0.006 -25"><span class='ocrx_word' id='word_1_295' title='bbox 471 4370 534 4433; x_wconf 80' lang='grc' dir='ltr'>τῇ</span> <span class='ocrx_word' id='word_1_296' title='bbox 579 4364 827 4437; x_wconf 89' lang='grc' dir='ltr'>ἀναφορᾷ,</span> <span class='ocrx_word' id='word_1_297' title='bbox 854 4366 911 4423; x_wconf 81' lang='grc' dir='ltr'>ἢν</span> <span class='ocrx_word' id='word_1_298' title='bbox 958 4367 1090 4440; x_wconf 76' lang='grc' dir='ltr'><strong>ὑπὲρ</strong></span> <span class='ocrx_word' id='word_1_299' title='bbox 1134 4376 1226 4429; x_wconf 78' lang='grc' dir='ltr'><strong>τῆς</strong></span> <span class='ocrx_word' id='word_1_300' title='bbox 1274 4370 1621 4431; x_wconf 77' lang='grc' dir='ltr'><strong>ἀποστολικῆς</strong></span> <span class='ocrx_word' id='word_1_301' title='bbox 1667 4373 1806 4442; x_wconf 80' lang='grc' dir='ltr'>ἡμῶν</span> <span class='ocrx_word' id='word_1_302' title='bbox 1849 4377 2075 4435; x_wconf 82' lang='grc' dir='ltr'><strong>πίστεως</strong></span> 
     </span>
    </p>
   </div>
   <div class='ocr_carea' id='block_1_48' title="bbox 473 4453 1602 4536">
    <p class='ocr_par' dir='ltr' id='par_1_48' title="bbox 473 4453 1602 4536">
     <span class='ocr_line' id='line_1_48' title="bbox 473 4453 1602 4536; baseline 0.008 -28"><span class='ocrx_word' id='word_1_303' title='bbox 473 4453 793 4534; x_wconf 82' lang='grc' dir='ltr'>ὁμοθυμαδὸν</span> <span class='ocrx_word' id='word_1_304' title='bbox 824 4460 1190 4531; x_wconf 85' lang='grc' dir='ltr'>συνετάξαμεν,</span> <span class='ocrx_word' id='word_1_305' title='bbox 1227 4459 1414 4532; x_wconf 84' lang='grc' dir='ltr'>ὁμοίως</span> <span class='ocrx_word' id='word_1_306' title='bbox 1452 4463 1602 4536; x_wconf 73' lang='grc' dir='ltr'><strong>ὐπέγ.</strong></span> 
     </span>
    </p>
   </div>
   <div class='ocr_carea' id='block_1_49' title="bbox 1753 323 2484 435">
    <p class='ocr_par' dir='ltr' id='par_1_49' title="bbox 1753 323 2484 435">
     <span class='ocr_line' id='line_1_49' title="bbox 1753 323 2484 435; baseline 0.001 -35"><span class='ocrx_word' id='word_1_307' title='bbox 1753 345 1825 435; x_wconf 9' lang='lat' dir='ltr'><strong>s.‘</strong></span> <span class='ocrx_word' id='word_1_308' title='bbox 1850 337 2242 401; x_wconf 73' lang='lat' dir='ltr'><strong>AGA&#39;I‘HONIS</strong></span> <span class='ocrx_word' id='word_1_309' title='bbox 2281 323 2484 401; x_wconf 65' lang='lat' dir='ltr'><strong>papa:</strong></span> 
     </span>
    </p>
   </div>
   <div class='ocr_carea' id='block_1_50' title="bbox 3629 323 3790 403">
    <p class='ocr_par' dir='ltr' id='par_1_50' title="bbox 3629 323 3790 403">
     <span class='ocr_line' id='line_1_50' title="bbox 3629 323 3790 403; baseline -0.025 0"><span class='ocrx_word' id='word_1_310' title='bbox 3629 323 3790 403; x_wconf 67' lang='lat'><strong>4252‘</strong></span> 
     </span>
    </p>
   </div>
   <div class='ocr_carea' id='block_1_51' title="bbox 2240 457 3790 530">
    <p class='ocr_par' dir='ltr' id='par_1_51' title="bbox 2240 457 3790 530">
     <span class='ocr_line' id='line_1_51' title="bbox 2240 457 3790 530; baseline 0.003 -14"><span class='ocrx_word' id='word_1_311' title='bbox 2240 461 2267 490; x_wconf 76' lang='grc'><strong>⁸</strong></span> <span class='ocrx_word' id='word_1_312' title='bbox 2296 462 2595 517; x_wconf 87' lang='lat' dir='ltr'><strong>Gaudiosus</strong></span> <span class='ocrx_word' id='word_1_313' title='bbox 2616 457 2784 530; x_wconf 88' lang='lat' dir='ltr'><strong>gratia</strong></span> <span class='ocrx_word' id='word_1_314' title='bbox 2811 459 2904 515; x_wconf 87' lang='lat' dir='ltr'><strong>Dei</strong></span> <span class='ocrx_word' id='word_1_315' title='bbox 2927 459 3210 530; x_wconf 75' lang='lat' dir='ltr'><strong>episcbpus</strong></span> <span class='ocrx_word' id='word_1_316' title='bbox 3231 471 3433 517; x_wconf 85' lang='lat' dir='ltr'><strong>sancta</strong></span> <span class='ocrx_word' id='word_1_317' title='bbox 3457 461 3760 521; x_wconf 86' lang='lat' dir='ltr'><strong>Puteolana</strong></span> <span class='ocrx_word' id='word_1_318' title='bbox 3785 461 3790 468; x_wconf 87' lang='grc'><em>’</em></span> 
     </span>
    </p>
   </div>
   <div class='ocr_carea' id='block_1_52' title="bbox 2177 555 3790 628">
    <p class='ocr_par' dir='ltr' id='par_1_52' title="bbox 2177 555 3790 628">
     <span class='ocr_line' id='line_1_52' title="bbox 2177 555 3790 628; baseline 0.001 -16"><span class='ocrx_word' id='word_1_319' title='bbox 2177 556 2419 612; x_wconf 65' lang='lat' dir='ltr'><strong>ecclesia</strong></span> <span class='ocrx_word' id='word_1_320' title='bbox 2469 555 2754 624; x_wconf 77' lang='lat' dir='ltr'><strong>provincia</strong></span> <span class='ocrx_word' id='word_1_321' title='bbox 2797 555 3142 623; x_wconf 87' lang='lat' dir='ltr'><strong>Campania,</strong></span> <span class='ocrx_word' id='word_1_322' title='bbox 3186 555 3239 610; x_wconf 87' lang='lat' dir='ltr'><strong>in</strong></span> <span class='ocrx_word' id='word_1_323' title='bbox 3287 555 3426 612; x_wconf 81' lang='lat' dir='ltr'><strong>hanc</strong></span> <span class='ocrx_word' id='word_1_324' title='bbox 3471 562 3790 628; x_wconf 58' lang='lat' dir='ltr'><strong>suggestim&#39;</strong></span> 
     </span>
    </p>
   </div>
   <div class='ocr_carea' id='block_1_53' title="bbox 2176 650 3790 721">
    <p class='ocr_par' dir='ltr' id='par_1_53' title="bbox 2176 650 3790 721">
     <span class='ocr_line' id='line_1_53' title="bbox 2176 650 3790 721; baseline 0 -13"><span class='ocrx_word' id='word_1_325' title='bbox 2176 667 2341 718; x_wconf 87' lang='lat' dir='ltr'><strong>nem,</strong></span> <span class='ocrx_word' id='word_1_326' title='bbox 2390 667 2548 721; x_wconf 89' lang='lat' dir='ltr'><strong>quam</strong></span> <span class='ocrx_word' id='word_1_327' title='bbox 2594 667 2689 721; x_wconf 89' lang='lat' dir='ltr'><strong>pro</strong></span> <span class='ocrx_word' id='word_1_328' title='bbox 2738 650 3030 721; x_wconf 87' lang='lat' dir='ltr'><strong>apostolica</strong></span> <span class='ocrx_word' id='word_1_329' title='bbox 3071 661 3251 708; x_wconf 89' lang='lat' dir='ltr'><strong>nostra</strong></span> <span class='ocrx_word' id='word_1_330' title='bbox 3292 652 3396 708; x_wconf 97' lang='lat' dir='ltr'><strong>ﬁde</strong></span> <span class='ocrx_word' id='word_1_331' title='bbox 3438 650 3790 710; x_wconf 85' lang='lat' dir='ltr'><strong>unanimiter&#39;</strong></span> 
     </span>
    </p>
   </div>
   <div class='ocr_carea' id='block_1_54' title="bbox 2176 744 3514 811">
    <p class='ocr_par' dir='ltr' id='par_1_54' title="bbox 2176 744 3514 811">
     <span class='ocr_line' id='line_1_54' title="bbox 2176 744 3514 811; baseline -0.001 -9"><span class='ocrx_word' id='word_1_332' title='bbox 2176 746 2591 811; x_wconf 82' lang='lat' dir='ltr'><strong>construximus,</strong></span> <span class='ocrx_word' id='word_1_333' title='bbox 2626 744 2787 800; x_wconf 88' lang='lat' dir='ltr'><strong>simil.</strong></span> <span class='ocrx_word' id='word_1_334' title='bbox 2814 746 3023 800; x_wconf 83' lang='lat' dir='ltr'><strong>subscr.</strong></span> <span class='ocrx_word' id='word_1_335' title='bbox 3511 751 3514 754; x_wconf 83' lang='grc'><strong>’</strong></span> 
     </span>
    </p>
   </div>
   <div class='ocr_carea' id='block_1_55' title="bbox 2247 837 3769 910">
    <p class='ocr_par' dir='ltr' id='par_1_55' title="bbox 2247 837 3769 910">
     <span class='ocr_line' id='line_1_55' title="bbox 2247 837 3769 910; baseline 0.001 -16"><span class='ocrx_word' id='word_1_336' title='bbox 2247 838 2551 901; x_wconf 89' lang='lat' dir='ltr'><strong>Stephanus</strong></span> <span class='ocrx_word' id='word_1_337' title='bbox 2587 839 2752 910; x_wconf 83' lang='lat' dir='ltr'><strong>gratia</strong></span> <span class='ocrx_word' id='word_1_338' title='bbox 2791 839 2885 894; x_wconf 88' lang='lat' dir='ltr'><strong>Dei</strong></span> <span class='ocrx_word' id='word_1_339' title='bbox 2925 840 3212 909; x_wconf 89' lang='lat' dir='ltr'><strong>episcopus</strong></span> <span class='ocrx_word' id='word_1_340' title='bbox 3247 847 3445 894; x_wconf 87' lang='lat' dir='ltr'><strong>sancta</strong></span> <span class='ocrx_word' id='word_1_341' title='bbox 3484 837 3769 895; x_wconf 87' lang='lat' dir='ltr'><strong>Locrensis</strong></span> 
     </span>
    </p>
   </div>
   <div class='ocr_carea' id='block_1_56' title="bbox 2177 933 3769 1007">
    <p class='ocr_par' dir='ltr' id='par_1_56' title="bbox 2177 933 3769 1007">
     <span class='ocr_line' id='line_1_56' title="bbox 2177 933 3769 1007; baseline 0 -19"><span class='ocrx_word' id='word_1_342' title='bbox 2177 934 2416 988; x_wconf 86' lang='lat' dir='ltr'><strong>ecclesia</strong></span> <span class='ocrx_word' id='word_1_343' title='bbox 2440 933 2759 1007; x_wconf 87' lang='lat' dir='ltr'><strong>[Provincia</strong></span> <span class='ocrx_word' id='word_1_344' title='bbox 2780 933 3087 1006; x_wconf 81' lang='lat' dir='ltr'><strong>Calabriae],</strong></span> <span class='ocrx_word' id='word_1_345' title='bbox 3115 935 3165 987; x_wconf 93' lang='lat' dir='ltr'><strong>in</strong></span> <span class='ocrx_word' id='word_1_346' title='bbox 3185 935 3322 989; x_wconf 90' lang='lat' dir='ltr'><strong>hanc</strong></span> <span class='ocrx_word' id='word_1_347' title='bbox 3343 934 3769 1004; x_wconf 80' lang='lat' dir='ltr'><strong>suggestionem,</strong></span> 
     </span>
    </p>
   </div>
   <div class='ocr_carea' id='block_1_57' title="bbox 2176 1019 3796 1096">
    <p class='ocr_par' dir='ltr' id='par_1_57' title="bbox 2176 1019 3796 1096">
     <span class='ocr_line' id='line_1_57' title="bbox 2176 1019 3796 1096; baseline 0.001 -16"><span class='ocrx_word' id='word_1_348' title='bbox 2176 1040 2337 1095; x_wconf 87' lang='lat' dir='ltr'><strong>quam</strong></span> <span class='ocrx_word' id='word_1_349' title='bbox 2365 1041 2459 1095; x_wconf 89' lang='lat' dir='ltr'><strong>pro</strong></span> <span class='ocrx_word' id='word_1_350' title='bbox 2489 1027 2781 1096; x_wconf 88' lang='lat' dir='ltr'><strong>apostolica</strong></span> <span class='ocrx_word' id='word_1_351' title='bbox 2819 1035 3002 1081; x_wconf 87' lang='lat' dir='ltr'><strong>nostra</strong></span> <span class='ocrx_word' id='word_1_352' title='bbox 3033 1025 3137 1083; x_wconf 91' lang='lat' dir='ltr'><strong>ﬁde</strong></span> <span class='ocrx_word' id='word_1_353' title='bbox 3168 1027 3495 1081; x_wconf 79' lang='lat' dir='ltr'><strong>unanimiter</strong></span> <span class='ocrx_word' id='word_1_354' title='bbox 3518 1019 3796 1082; x_wconf 51' lang='lat' dir='ltr'><strong>constru?</strong></span> 
     </span>
    </p>
   </div>
   <div class='ocr_carea' id='block_1_58' title="bbox 2178 1118 3152 1183">
    <p class='ocr_par' dir='ltr' id='par_1_58' title="bbox 2178 1118 3152 1183">
     <span class='ocr_line' id='line_1_58' title="bbox 2178 1118 3152 1183; baseline 0.002 -9"><span class='ocrx_word' id='word_1_355' title='bbox 2178 1119 2369 1183; x_wconf 80' lang='lat' dir='ltr'><strong>ximus,</strong></span> <span class='ocrx_word' id='word_1_356' title='bbox 2406 1119 2565 1172; x_wconf 82' lang='lat' dir='ltr'><strong>simil.</strong></span> <span class='ocrx_word' id='word_1_357' title='bbox 2600 1118 2746 1173; x_wconf 89' lang='lat' dir='ltr'><strong>subs.</strong></span> <span class='ocrx_word' id='word_1_358' title='bbox 3150 1172 3152 1176; x_wconf 77' lang='grc'><strong>,</strong></span> 
     </span>
    </p>
   </div>
   <div class='ocr_carea' id='block_1_59' title="bbox 2247 1209 3772 1281">
    <p class='ocr_par' dir='ltr' id='par_1_59' title="bbox 2247 1209 3772 1281">
     <span class='ocr_line' id='line_1_59' title="bbox 2247 1209 3772 1281; baseline -0.001 -16"><span class='ocrx_word' id='word_1_359' title='bbox 2247 1211 2504 1280; x_wconf 87' lang='lat' dir='ltr'><strong>Agnellus</strong></span> <span class='ocrx_word' id='word_1_360' title='bbox 2553 1210 2774 1264; x_wconf 83' lang='lat' dir='ltr'><strong>humilis</strong></span> <span class='ocrx_word' id='word_1_361' title='bbox 2827 1210 3107 1281; x_wconf 91' lang='lat' dir='ltr'><strong>episcopus</strong></span> <span class='ocrx_word' id='word_1_362' title='bbox 3154 1219 3351 1266; x_wconf 87' lang='lat' dir='ltr'><strong>sancta</strong></span> <span class='ocrx_word' id='word_1_363' title='bbox 3403 1209 3772 1280; x_wconf 84' lang='lat' dir='ltr'><strong>Neapolitana</strong></span> 
     </span>
    </p>
   </div>
   <div class='ocr_carea' id='block_1_60' title="bbox 2176 1302 3770 1373">
    <p class='ocr_par' dir='ltr' id='par_1_60' title="bbox 2176 1302 3770 1373">
     <span class='ocr_line' id='line_1_60' title="bbox 2176 1302 3770 1373; baseline -0.002 -15"><span class='ocrx_word' id='word_1_364' title='bbox 2176 1303 2425 1359; x_wconf 84' lang='lat' dir='ltr'><strong>ecclesia</strong></span> <span class='ocrx_word' id='word_1_365' title='bbox 2451 1303 2741 1372; x_wconf 89' lang='lat' dir='ltr'><strong>provincia</strong></span> <span class='ocrx_word' id='word_1_366' title='bbox 2758 1303 3091 1373; x_wconf 78' lang='lat' dir='ltr'><strong>Campaniae,</strong></span> <span class='ocrx_word' id='word_1_367' title='bbox 3115 1302 3166 1356; x_wconf 92' lang='lat' dir='ltr'><strong>in</strong></span> <span class='ocrx_word' id='word_1_368' title='bbox 3193 1302 3329 1358; x_wconf 88' lang='lat' dir='ltr'><strong>hanc</strong></span> <span class='ocrx_word' id='word_1_369' title='bbox 3353 1303 3770 1372; x_wconf 74' lang='lat' dir='ltr'><strong>suggestionem,</strong></span> 
     </span>
    </p>
   </div>
   <div class='ocr_carea' id='block_1_61' title="bbox 2177 1393 3773 1473">
    <p class='ocr_par' dir='ltr' id='par_1_61' title="bbox 2177 1393 3773 1473">
     <span class='ocr_line' id='line_1_61' title="bbox 2177 1393 3773 1473; baseline -0.003 -22"><span class='ocrx_word' id='word_1_370' title='bbox 2177 1413 2335 1469; x_wconf 90' lang='lat' dir='ltr'><strong>quam</strong></span> <span class='ocrx_word' id='word_1_371' title='bbox 2367 1411 2464 1467; x_wconf 90' lang='lat' dir='ltr'><strong>pro</strong></span> <span class='ocrx_word' id='word_1_372' title='bbox 2502 1396 2794 1466; x_wconf 89' lang='lat' dir='ltr'><strong>apostolica</strong></span> <span class='ocrx_word' id='word_1_373' title='bbox 2824 1404 3003 1452; x_wconf 88' lang='lat' dir='ltr'><strong>nostra</strong></span> <span class='ocrx_word' id='word_1_374' title='bbox 3035 1394 3138 1450; x_wconf 90' lang='lat' dir='ltr'><strong>ﬁde</strong></span> <span class='ocrx_word' id='word_1_375' title='bbox 3167 1393 3489 1473; x_wconf 70' lang='lat' dir='ltr'><strong>unanimiter</strong></span> <span class='ocrx_word' id='word_1_376' title='bbox 3515 1402 3773 1449; x_wconf 88' lang='lat' dir='ltr'><strong>constru-</strong></span> 
     </span>
    </p>
   </div>
   <div class='ocr_carea' id='block_1_62' title="bbox 2177 1491 3788 1566">
    <p class='ocr_par' dir='ltr' id='par_1_62' title="bbox 2177 1491 3788 1566">
     <span class='ocr_line' id='line_1_62' title="bbox 2177 1491 3788 1566; baseline -0.004 -20"><span class='ocrx_word' id='word_1_377' title='bbox 2177 1493 2378 1558; x_wconf 79' lang='lat' dir='ltr'><strong>ximus,</strong></span> <span class='ocrx_word' id='word_1_378' title='bbox 2412 1491 2662 1546; x_wconf 77' lang='lat' dir='ltr'><strong>similiter</strong></span> <span class='ocrx_word' id='word_1_379' title='bbox 2693 1491 2838 1545; x_wconf 87' lang='lat' dir='ltr'><strong>subs.</strong></span> <span class='ocrx_word' id='word_1_380' title='bbox 3785 1563 3788 1566; x_wconf 8' lang='grc' dir='ltr'><em>ῃ</em></span> 
     </span>
    </p>
   </div>
   <div class='ocr_carea' id='block_1_63' title="bbox 2250 1572 3779 1656">
    <p class='ocr_par' dir='ltr' id='par_1_63' title="bbox 2250 1572 3779 1656">
     <span class='ocr_line' id='line_1_63' title="bbox 2250 1572 3779 1656; baseline -0.003 -17"><span class='ocrx_word' id='word_1_381' title='bbox 2250 1585 2497 1640; x_wconf 83' lang='lat' dir='ltr'><strong>Aurelius</strong></span> <span class='ocrx_word' id='word_1_382' title='bbox 2527 1581 2912 1656; x_wconf 87' lang='lat' dir='ltr'><strong>[Aurelianus]</strong></span> <span class='ocrx_word' id='word_1_383' title='bbox 2940 1581 2967 1622; x_wconf 77' lang='grc' dir='ltr'>δ</span> <span class='ocrx_word' id='word_1_384' title='bbox 3005 1572 3221 1637; x_wconf 86' lang='lat' dir='ltr'><strong>humilis</strong></span> <span class='ocrx_word' id='word_1_385' title='bbox 3249 1581 3532 1652; x_wconf 83' lang='lat' dir='ltr'><strong>episcopus</strong></span> <span class='ocrx_word' id='word_1_386' title='bbox 3572 1591 3779 1635; x_wconf 86' lang='lat' dir='ltr'><strong>sancta</strong></span> 
     </span>
    </p>
   </div>
   <div class='ocr_carea' id='block_1_64' title="bbox 2175 1675 3776 1747">
    <p class='ocr_par' dir='ltr' id='par_1_64' title="bbox 2175 1675 3776 1747">
     <span class='ocr_line' id='line_1_64' title="bbox 2175 1675 3776 1747; baseline -0.004 -13"><span class='ocrx_word' id='word_1_387' title='bbox 2175 1679 2395 1734; x_wconf 85' lang='lat' dir='ltr'><strong>Nolana</strong></span> <span class='ocrx_word' id='word_1_388' title='bbox 2421 1677 2664 1734; x_wconf 88' lang='lat' dir='ltr'><strong>ecclesia</strong></span> <span class='ocrx_word' id='word_1_389' title='bbox 2690 1676 2994 1747; x_wconf 82' lang='lat' dir='ltr'><strong>provincia</strong></span> <span class='ocrx_word' id='word_1_390' title='bbox 3023 1675 3325 1744; x_wconf 73' lang='lat' dir='ltr'><strong>Campania:</strong></span> <span class='ocrx_word' id='word_1_391' title='bbox 3346 1718 3361 1743; x_wconf 91' lang='lat'><strong>,</strong></span> <span class='ocrx_word' id='word_1_392' title='bbox 3395 1676 3446 1731; x_wconf 90' lang='lat' dir='ltr'><strong>in</strong></span> <span class='ocrx_word' id='word_1_393' title='bbox 3479 1675 3616 1730; x_wconf 83' lang='lat' dir='ltr'><strong>hanc</strong></span> <span class='ocrx_word' id='word_1_394' title='bbox 3642 1689 3776 1745; x_wconf 84' lang='lat' dir='ltr'><strong>sug-</strong></span> 
     </span>
    </p>
   </div>
   <div class='ocr_carea' id='block_1_65' title="bbox 2175 1753 3788 1842">
    <p class='ocr_par' dir='ltr' id='par_1_65' title="bbox 2175 1753 3788 1842">
     <span class='ocr_line' id='line_1_65' title="bbox 2175 1753 3788 1842; baseline -0.004 -15"><span class='ocrx_word' id='word_1_395' title='bbox 2175 1773 2508 1842; x_wconf 81' lang='lat' dir='ltr'><strong>gestionem,</strong></span> <span class='ocrx_word' id='word_1_396' title='bbox 2537 1785 2696 1840; x_wconf 88' lang='lat' dir='ltr'><strong>quam</strong></span> <span class='ocrx_word' id='word_1_397' title='bbox 2737 1785 2836 1839; x_wconf 89' lang='lat' dir='ltr'><strong>pro</strong></span> <span class='ocrx_word' id='word_1_398' title='bbox 2881 1768 3176 1838; x_wconf 83' lang='lat' dir='ltr'><strong>apostolica</strong></span> <span class='ocrx_word' id='word_1_399' title='bbox 3217 1777 3396 1822; x_wconf 90' lang='lat' dir='ltr'><strong>nostra</strong></span> <span class='ocrx_word' id='word_1_400' title='bbox 3441 1765 3547 1822; x_wconf 88' lang='lat' dir='ltr'><strong>ﬁde</strong></span> <span class='ocrx_word' id='word_1_401' title='bbox 3585 1753 3788 1820; x_wconf 56' lang='lat' dir='ltr'><strong>unani?</strong></span> 
     </span>
    </p>
   </div>
   <div class='ocr_carea' id='block_1_66' title="bbox 2102 1835 3400 1931">
    <p class='ocr_par' dir='ltr' id='par_1_66' title="bbox 2102 1835 3400 1931">
     <span class='ocr_line' id='line_1_66' title="bbox 2102 1835 3400 1931; baseline -0.005 -9"><span class='ocrx_word' id='word_1_402' title='bbox 2102 1835 2153 1898; x_wconf 76' lang='grc' dir='ltr'><strong><em>Β</em></strong></span> <span class='ocrx_word' id='word_1_403' title='bbox 2180 1867 2339 1922; x_wconf 91' lang='lat' dir='ltr'><strong>miter</strong></span> <span class='ocrx_word' id='word_1_404' title='bbox 2365 1866 2784 1930; x_wconf 83' lang='lat' dir='ltr'><strong>construximus,</strong></span> <span class='ocrx_word' id='word_1_405' title='bbox 2810 1862 3055 1918; x_wconf 85' lang='lat' dir='ltr'><strong>similiter</strong></span> <span class='ocrx_word' id='word_1_406' title='bbox 3084 1862 3400 1931; x_wconf 86' lang='lat' dir='ltr'><strong>subscripsi.</strong></span> 
     </span>
    </p>
   </div>
   <div class='ocr_carea' id='block_1_67' title="bbox 2249 1958 3779 2030">
    <p class='ocr_par' dir='ltr' id='par_1_67' title="bbox 2249 1958 3779 2030">
     <span class='ocr_line' id='line_1_67' title="bbox 2249 1958 3779 2030; baseline -0.003 -15"><span class='ocrx_word' id='word_1_407' title='bbox 2249 1961 2511 2017; x_wconf 84' lang='lat' dir='ltr'><strong>Barbatus</strong></span> <span class='ocrx_word' id='word_1_408' title='bbox 2535 1961 2702 2030; x_wconf 87' lang='lat' dir='ltr'><strong>gratia</strong></span> <span class='ocrx_word' id='word_1_409' title='bbox 2728 1961 2818 2015; x_wconf 92' lang='lat' dir='ltr'><strong>Dei</strong></span> <span class='ocrx_word' id='word_1_410' title='bbox 2842 1958 3350 2030; x_wconf 86' lang='lat' dir='ltr'><strong>episcopussancta</strong></span> <span class='ocrx_word' id='word_1_411' title='bbox 3383 1958 3779 2013; x_wconf 84' lang='lat' dir='ltr'><strong>Beneventana</strong></span> 
     </span>
    </p>
   </div>
   <div class='ocr_carea' id='block_1_68' title="bbox 2249 2327 3780 2399">
    <p class='ocr_par' dir='ltr' id='par_1_68' title="bbox 2249 2327 3780 2399">
     <span class='ocr_line' id='line_1_68' title="bbox 2249 2327 3780 2399; baseline -0.001 -16"><span class='ocrx_word' id='word_1_412' title='bbox 2249 2329 2549 2384; x_wconf 89' lang='lat' dir='ltr'><strong>Decorosus</strong></span> <span class='ocrx_word' id='word_1_413' title='bbox 2599 2330 2766 2399; x_wconf 84' lang='lat' dir='ltr'><strong>gratia</strong></span> <span class='ocrx_word' id='word_1_414' title='bbox 2809 2328 2901 2382; x_wconf 88' lang='lat' dir='ltr'><strong>Dei</strong></span> <span class='ocrx_word' id='word_1_415' title='bbox 2953 2329 3235 2398; x_wconf 83' lang='lat' dir='ltr'><strong>episcopus</strong></span> <span class='ocrx_word' id='word_1_416' title='bbox 3285 2334 3485 2381; x_wconf 82' lang='lat' dir='ltr'><strong>sancta</strong></span> <span class='ocrx_word' id='word_1_417' title='bbox 3531 2327 3780 2381; x_wconf 87' lang='lat' dir='ltr'><strong>ecclesia</strong></span> 
     </span>
    </p>
   </div>
   <div class='ocr_carea' id='block_1_69' title="bbox 2177 2418 3776 2490">
    <p class='ocr_par' dir='ltr' id='par_1_69' title="bbox 2177 2418 3776 2490">
     <span class='ocr_line' id='line_1_69' title="bbox 2177 2418 3776 2490; baseline -0.004 -12"><span class='ocrx_word' id='word_1_418' title='bbox 2177 2420 2448 2490; x_wconf 86' lang='lat' dir='ltr'><strong>Capuana</strong></span> <span class='ocrx_word' id='word_1_419' title='bbox 2479 2420 2764 2490; x_wconf 79' lang='lat' dir='ltr'><strong>provincia</strong></span> <span class='ocrx_word' id='word_1_420' title='bbox 2804 2420 3146 2489; x_wconf 85' lang='lat' dir='ltr'><strong>Campania,</strong></span> <span class='ocrx_word' id='word_1_421' title='bbox 3192 2421 3242 2474; x_wconf 92' lang='lat' dir='ltr'><strong>in</strong></span> <span class='ocrx_word' id='word_1_422' title='bbox 3284 2418 3421 2473; x_wconf 86' lang='lat' dir='ltr'><strong>hanc</strong></span> <span class='ocrx_word' id='word_1_423' title='bbox 3469 2418 3776 2488; x_wconf 82' lang='lat' dir='ltr'><strong>suggeStio-</strong></span> 
     </span>
    </p>
   </div>
   <div class='ocr_carea' id='block_1_70' title="bbox 2177 2511 3781 2584">
    <p class='ocr_par' dir='ltr' id='par_1_70' title="bbox 2177 2511 3781 2584">
     <span class='ocr_line' id='line_1_70' title="bbox 2177 2511 3781 2584; baseline -0.001 -15"><span class='ocrx_word' id='word_1_424' title='bbox 2177 2528 2336 2579; x_wconf 88' lang='lat' dir='ltr'><strong>nem,</strong></span> <span class='ocrx_word' id='word_1_425' title='bbox 2385 2529 2544 2583; x_wconf 90' lang='lat' dir='ltr'><strong>quam</strong></span> <span class='ocrx_word' id='word_1_426' title='bbox 2596 2528 2692 2583; x_wconf 89' lang='lat' dir='ltr'><strong>pro</strong></span> <span class='ocrx_word' id='word_1_427' title='bbox 2739 2511 3032 2584; x_wconf 86' lang='lat' dir='ltr'><strong>apostolica</strong></span> <span class='ocrx_word' id='word_1_428' title='bbox 3075 2521 3257 2569; x_wconf 81' lang='lat' dir='ltr'><strong>nostra</strong></span> <span class='ocrx_word' id='word_1_429' title='bbox 3298 2513 3407 2569; x_wconf 89' lang='lat' dir='ltr'><strong>ﬁde</strong></span> <span class='ocrx_word' id='word_1_430' title='bbox 3451 2512 3781 2568; x_wconf 86' lang='lat' dir='ltr'><strong>unanimiter</strong></span> 
     </span>
    </p>
   </div>
   <div class='ocr_carea' id='block_1_71' title="bbox 2176 2607 3018 2674">
    <p class='ocr_par' dir='ltr' id='par_1_71' title="bbox 2176 2607 3018 2674">
     <span class='ocr_line' id='line_1_71' title="bbox 2176 2607 3018 2674; baseline 0 -11"><span class='ocrx_word' id='word_1_431' title='bbox 2176 2607 2593 2674; x_wconf 82' lang='lat' dir='ltr'><strong>construximus,</strong></span> <span class='ocrx_word' id='word_1_432' title='bbox 2619 2607 2776 2662; x_wconf 90' lang='lat' dir='ltr'><strong>simil.</strong></span> <span class='ocrx_word' id='word_1_433' title='bbox 2809 2611 3018 2664; x_wconf 88' lang='lat' dir='ltr'><strong>subscr.</strong></span> 
     </span>
    </p>
   </div>
   <div class='ocr_carea' id='block_1_72' title="bbox 2249 2700 3782 2773">
    <p class='ocr_par' dir='ltr' id='par_1_72' title="bbox 2249 2700 3782 2773">
     <span class='ocr_line' id='line_1_72' title="bbox 2249 2700 3782 2773; baseline 0.001 -16"><span class='ocrx_word' id='word_1_434' title='bbox 2249 2702 2496 2758; x_wconf 84' lang='lat' dir='ltr'><strong>Julianus</strong></span> <span class='ocrx_word' id='word_1_435' title='bbox 2543 2700 2789 2772; x_wconf 88' lang='lat' dir='ltr'><strong>indignus</strong></span> <span class='ocrx_word' id='word_1_436' title='bbox 2839 2704 3126 2773; x_wconf 88' lang='lat' dir='ltr'><strong>cpiscopus</strong></span> <span class='ocrx_word' id='word_1_437' title='bbox 3181 2713 3379 2758; x_wconf 83' lang='lat' dir='ltr'><strong>sancta</strong></span> <span class='ocrx_word' id='word_1_438' title='bbox 3432 2701 3782 2758; x_wconf 80' lang='lat' dir='ltr'><strong>Consentina</strong></span> 
     </span>
    </p>
   </div>
   <div class='ocr_carea' id='block_1_73' title="bbox 2177 2793 3786 2870">
    <p class='ocr_par' dir='ltr' id='par_1_73' title="bbox 2177 2793 3786 2870">
     <span class='ocr_line' id='line_1_73' title="bbox 2177 2793 3786 2870; baseline -0.002 -17"><span class='ocrx_word' id='word_1_439' title='bbox 2177 2797 2423 2853; x_wconf 81' lang='lat' dir='ltr'><strong>ecclesia</strong></span> <span class='ocrx_word' id='word_1_440' title='bbox 2470 2795 2760 2866; x_wconf 86' lang='lat' dir='ltr'><strong>provincia</strong></span> <span class='ocrx_word' id='word_1_441' title='bbox 2809 2796 3115 2852; x_wconf 85' lang='lat' dir='ltr'><strong>Brutiorum</strong></span> <span class='ocrx_word' id='word_1_442' title='bbox 3143 2793 3504 2870; x_wconf 84' lang='lat' dir='ltr'><strong>[Calabria],</strong></span> <span class='ocrx_word' id='word_1_443' title='bbox 3538 2796 3590 2849; x_wconf 91' lang='lat' dir='ltr'><strong>in</strong></span> <span class='ocrx_word' id='word_1_444' title='bbox 3642 2796 3786 2849; x_wconf 82' lang='lat' dir='ltr'><strong>hanc</strong></span> 
     </span>
    </p>
   </div>
   <div class='ocr_carea' id='block_1_74' title="bbox 2177 2887 3785 2960">
    <p class='ocr_par' dir='ltr' id='par_1_74' title="bbox 2177 2887 3785 2960">
     <span class='ocr_line' id='line_1_74' title="bbox 2177 2887 3785 2960; baseline -0.002 -15"><span class='ocrx_word' id='word_1_445' title='bbox 2177 2889 2615 2960; x_wconf 75' lang='lat' dir='ltr'><strong>suggestionem,</strong></span> <span class='ocrx_word' id='word_1_446' title='bbox 2649 2904 2807 2959; x_wconf 90' lang='lat' dir='ltr'><strong>quam</strong></span> <span class='ocrx_word' id='word_1_447' title='bbox 2842 2905 2939 2958; x_wconf 91' lang='lat' dir='ltr'><strong>pro</strong></span> <span class='ocrx_word' id='word_1_448' title='bbox 2969 2889 3260 2959; x_wconf 82' lang='lat' dir='ltr'><strong>apostolica</strong></span> <span class='ocrx_word' id='word_1_449' title='bbox 3297 2897 3479 2944; x_wconf 89' lang='lat' dir='ltr'><strong>nostra</strong></span> <span class='ocrx_word' id='word_1_450' title='bbox 3509 2887 3614 2944; x_wconf 90' lang='lat' dir='ltr'><strong>ﬁde</strong></span> <span class='ocrx_word' id='word_1_451' title='bbox 3647 2902 3785 2941; x_wconf 85' lang='lat' dir='ltr'><strong>una-</strong></span> 
     </span>
    </p>
   </div>
   <div class='ocr_carea' id='block_1_75' title="bbox 2176 2981 3464 3052">
    <p class='ocr_par' dir='ltr' id='par_1_75' title="bbox 2176 2981 3464 3052">
     <span class='ocr_line' id='line_1_75' title="bbox 2176 2981 3464 3052; baseline 0.002 -17"><span class='ocrx_word' id='word_1_452' title='bbox 2176 2981 2391 3037; x_wconf 86' lang='lat' dir='ltr'><strong>nimiter</strong></span> <span class='ocrx_word' id='word_1_453' title='bbox 2417 2983 2839 3050; x_wconf 83' lang='lat' dir='ltr'><strong>construximus,</strong></span> <span class='ocrx_word' id='word_1_454' title='bbox 2867 2982 3117 3038; x_wconf 89' lang='lat' dir='ltr'><strong>similiter</strong></span> <span class='ocrx_word' id='word_1_455' title='bbox 3146 2982 3464 3052; x_wconf 86' lang='lat' dir='ltr'><strong>subscripsi.</strong></span> 
     </span>
    </p>
   </div>
   <div class='ocr_carea' id='block_1_76' title="bbox 2251 3075 3784 3149">
    <p class='ocr_par' dir='ltr' id='par_1_76' title="bbox 2251 3075 3784 3149">
     <span class='ocr_line' id='line_1_76' title="bbox 2251 3075 3784 3149; baseline -0.001 -17"><span class='ocrx_word' id='word_1_456' title='bbox 2251 3076 2486 3134; x_wconf 86' lang='lat' dir='ltr'><strong>Joannes</strong></span> <span class='ocrx_word' id='word_1_457' title='bbox 2514 3079 2684 3149; x_wconf 88' lang='lat' dir='ltr'><strong>gratia</strong></span> <span class='ocrx_word' id='word_1_458' title='bbox 2730 3078 2822 3134; x_wconf 90' lang='lat' dir='ltr'><strong>Dei</strong></span> <span class='ocrx_word' id='word_1_459' title='bbox 2865 3079 3146 3148; x_wconf 78' lang='lat' dir='ltr'><strong>episcopus</strong></span> <span class='ocrx_word' id='word_1_460' title='bbox 3175 3087 3375 3133; x_wconf 89' lang='lat' dir='ltr'><strong>sancta</strong></span> <span class='ocrx_word' id='word_1_461' title='bbox 3428 3075 3784 3148; x_wconf 80' lang='lat' dir='ltr'><strong>Hydruntina</strong></span> 
     </span>
    </p>
   </div>
   <div class='ocr_carea' id='block_1_77' title="bbox 2177 3169 3775 3240">
    <p class='ocr_par' dir='ltr' id='par_1_77' title="bbox 2177 3169 3775 3240">
     <span class='ocr_line' id='line_1_77' title="bbox 2177 3169 3775 3240; baseline -0.001 -15"><span class='ocrx_word' id='word_1_462' title='bbox 2177 3170 2418 3226; x_wconf 85' lang='lat' dir='ltr'><strong>ecclesia</strong></span> <span class='ocrx_word' id='word_1_463' title='bbox 2441 3171 2730 3240; x_wconf 87' lang='lat' dir='ltr'><strong>provincia</strong></span> <span class='ocrx_word' id='word_1_464' title='bbox 2756 3169 3080 3235; x_wconf 88' lang='lat' dir='ltr'><strong>Brutiorum,</strong></span> <span class='ocrx_word' id='word_1_465' title='bbox 3107 3173 3159 3225; x_wconf 95' lang='lat' dir='ltr'><strong>in</strong></span> <span class='ocrx_word' id='word_1_466' title='bbox 3184 3171 3321 3224; x_wconf 91' lang='lat' dir='ltr'><strong>hanc</strong></span> <span class='ocrx_word' id='word_1_467' title='bbox 3350 3172 3775 3240; x_wconf 76' lang='lat' dir='ltr'><strong>suggestionem,</strong></span> 
     </span>
    </p>
   </div>
   <div class='ocr_carea' id='block_1_78' title="bbox 2176 3263 3780 3333">
    <p class='ocr_par' dir='ltr' id='par_1_78' title="bbox 2176 3263 3780 3333">
     <span class='ocr_line' id='line_1_78' title="bbox 2176 3263 3780 3333; baseline 0.001 -16"><span class='ocrx_word' id='word_1_468' title='bbox 2176 3277 2337 3333; x_wconf 87' lang='lat' dir='ltr'><strong>quam</strong></span> <span class='ocrx_word' id='word_1_469' title='bbox 2368 3278 2466 3333; x_wconf 91' lang='lat' dir='ltr'><strong>pro</strong></span> <span class='ocrx_word' id='word_1_470' title='bbox 2493 3263 2785 3332; x_wconf 88' lang='lat' dir='ltr'><strong>apostolica</strong></span> <span class='ocrx_word' id='word_1_471' title='bbox 2827 3273 3005 3319; x_wconf 87' lang='lat' dir='ltr'><strong>nostra</strong></span> <span class='ocrx_word' id='word_1_472' title='bbox 3038 3265 3138 3320; x_wconf 90' lang='lat' dir='ltr'><strong>ﬁde</strong></span> <span class='ocrx_word' id='word_1_473' title='bbox 3169 3265 3494 3321; x_wconf 88' lang='lat' dir='ltr'><strong>unanimiter</strong></span> <span class='ocrx_word' id='word_1_474' title='bbox 3525 3275 3780 3330; x_wconf 75' lang='lat' dir='ltr'><strong>constru-</strong></span> 
     </span>
    </p>
   </div>
   <div class='ocr_carea' id='block_1_79' title="bbox 2184 3355 2921 3425">
    <p class='ocr_par' dir='ltr' id='par_1_79' title="bbox 2184 3355 2921 3425">
     <span class='ocr_line' id='line_1_79' title="bbox 2184 3355 2921 3425; baseline 0.003 -15"><span class='ocrx_word' id='word_1_475' title='bbox 2184 3355 2377 3418; x_wconf 80' lang='lat' dir='ltr'><strong>ximus,</strong></span> <span class='ocrx_word' id='word_1_476' title='bbox 2409 3355 2575 3409; x_wconf 88' lang='lat' dir='ltr'><strong>simil.</strong></span> <span class='ocrx_word' id='word_1_477' title='bbox 2607 3355 2921 3425; x_wconf 89' lang='lat' dir='ltr'><strong>subscripsi.</strong></span> 
     </span>
    </p>
   </div>
   <div class='ocr_carea' id='block_1_80' title="bbox 2250 3443 3779 3516">
    <p class='ocr_par' dir='ltr' id='par_1_80' title="bbox 2250 3443 3779 3516">
     <span class='ocr_line' id='line_1_80' title="bbox 2250 3443 3779 3516; baseline 0.006 -19"><span class='ocrx_word' id='word_1_478' title='bbox 2250 3443 2551 3500; x_wconf 83' lang='lat' dir='ltr'><strong>Germanus</strong></span> <span class='ocrx_word' id='word_1_479' title='bbox 2605 3445 2820 3501; x_wconf 86' lang='lat' dir='ltr'><strong>humilis</strong></span> <span class='ocrx_word' id='word_1_480' title='bbox 2872 3447 3155 3516; x_wconf 88' lang='lat' dir='ltr'><strong>episcopus</strong></span> <span class='ocrx_word' id='word_1_481' title='bbox 3211 3455 3413 3503; x_wconf 86' lang='lat' dir='ltr'><strong>sancta</strong></span> <span class='ocrx_word' id='word_1_482' title='bbox 3467 3447 3779 3506; x_wconf 86' lang='lat' dir='ltr'><strong>Tarentina</strong></span> 
     </span>
    </p>
   </div>
   <div class='ocr_carea' id='block_1_81' title="bbox 2185 3539 3770 3614">
    <p class='ocr_par' dir='ltr' id='par_1_81' title="bbox 2185 3539 3770 3614">
     <span class='ocr_line' id='line_1_81' title="bbox 2185 3539 3770 3614; baseline 0.001 -18"><span class='ocrx_word' id='word_1_483' title='bbox 2185 3539 2434 3597; x_wconf 86' lang='lat' dir='ltr'><strong>ecclesia</strong></span> <span class='ocrx_word' id='word_1_484' title='bbox 2465 3541 2754 3610; x_wconf 81' lang='lat' dir='ltr'><strong>provincia</strong></span> <span class='ocrx_word' id='word_1_485' title='bbox 2779 3541 3059 3609; x_wconf 86' lang='lat' dir='ltr'><strong>Calabria,</strong></span> <span class='ocrx_word' id='word_1_486' title='bbox 3095 3543 3147 3597; x_wconf 91' lang='lat' dir='ltr'><strong>in</strong></span> <span class='ocrx_word' id='word_1_487' title='bbox 3189 3544 3323 3596; x_wconf 89' lang='lat' dir='ltr'><strong>hanc</strong></span> <span class='ocrx_word' id='word_1_488' title='bbox 3354 3544 3770 3614; x_wconf 81' lang='lat' dir='ltr'><strong>suggesﬁonem,</strong></span> 
     </span>
    </p>
   </div>
   <div class='ocr_carea' id='block_1_82' title="bbox 2178 3633 3777 3704">
    <p class='ocr_par' dir='ltr' id='par_1_82' title="bbox 2178 3633 3777 3704">
     <span class='ocr_line' id='line_1_82' title="bbox 2178 3633 3777 3704; baseline 0.004 -16"><span class='ocrx_word' id='word_1_489' title='bbox 2178 3647 2337 3704; x_wconf 88' lang='lat' dir='ltr'><strong>quam</strong></span> <span class='ocrx_word' id='word_1_490' title='bbox 2385 3649 2483 3703; x_wconf 90' lang='lat' dir='ltr'><strong>pro</strong></span> <span class='ocrx_word' id='word_1_491' title='bbox 2533 3633 2827 3704; x_wconf 88' lang='lat' dir='ltr'><strong>apostolica</strong></span> <span class='ocrx_word' id='word_1_492' title='bbox 2881 3644 3061 3691; x_wconf 89' lang='lat' dir='ltr'><strong>nostra</strong></span> <span class='ocrx_word' id='word_1_493' title='bbox 3113 3635 3218 3692; x_wconf 88' lang='lat' dir='ltr'><strong>ﬁde</strong></span> <span class='ocrx_word' id='word_1_494' title='bbox 3267 3637 3594 3694; x_wconf 88' lang='lat' dir='ltr'><strong>unanimiter</strong></span> <span class='ocrx_word' id='word_1_495' title='bbox 3643 3653 3777 3694; x_wconf 88' lang='lat' dir='ltr'><strong>con-</strong></span> 
     </span>
    </p>
   </div>
   <div class='ocr_carea' id='block_1_83' title="bbox 2147 3723 3109 3796">
    <p class='ocr_par' dir='ltr' id='par_1_83' title="bbox 2147 3723 3109 3796">
     <span class='ocr_line' id='line_1_83' title="bbox 2147 3723 3109 3796; baseline 0 -14"><span class='ocrx_word' id='word_1_496' title='bbox 2147 3723 2492 3793; x_wconf 74' lang='lat' dir='ltr'><strong>&#39;struximus,</strong></span> <span class='ocrx_word' id='word_1_497' title='bbox 2528 3728 2771 3784; x_wconf 90' lang='lat' dir='ltr'><strong>similiter</strong></span> <span class='ocrx_word' id='word_1_498' title='bbox 2793 3727 3109 3796; x_wconf 78' lang='lat' dir='ltr'><strong>subscripsi.</strong></span> 
     </span>
    </p>
   </div>
   <div class='ocr_carea' id='block_1_84' title="bbox 2253 3820 3777 3894">
    <p class='ocr_par' dir='ltr' id='par_1_84' title="bbox 2253 3820 3777 3894">
     <span class='ocr_line' id='line_1_84' title="bbox 2253 3820 3777 3894; baseline 0.005 -21"><span class='ocrx_word' id='word_1_499' title='bbox 2253 3820 2613 3889; x_wconf 86' lang='lat' dir='ltr'><strong>Theophanes</strong></span> <span class='ocrx_word' id='word_1_500' title='bbox 2659 3821 2878 3877; x_wconf 88' lang='lat' dir='ltr'><strong>humilis</strong></span> <span class='ocrx_word' id='word_1_501' title='bbox 2930 3821 3214 3894; x_wconf 87' lang='lat' dir='ltr'><strong>episcopus</strong></span> <span class='ocrx_word' id='word_1_502' title='bbox 3265 3834 3467 3879; x_wconf 84' lang='lat' dir='ltr'><strong>sancta</strong></span> <span class='ocrx_word' id='word_1_503' title='bbox 3520 3823 3777 3880; x_wconf 86' lang='lat' dir='ltr'><strong>Thurina</strong></span> 
     </span>
    </p>
   </div>
   <div class='ocr_carea' id='block_1_85' title="bbox 2175 3912 3786 3986">
    <p class='ocr_par' dir='ltr' id='par_1_85' title="bbox 2175 3912 3786 3986">
     <span class='ocr_line' id='line_1_85' title="bbox 2175 3912 3786 3986; baseline 0.001 -18"><span class='ocrx_word' id='word_1_504' title='bbox 2175 3912 2417 3968; x_wconf 86' lang='lat' dir='ltr'><strong>ecclesia</strong></span> <span class='ocrx_word' id='word_1_505' title='bbox 2456 3914 2747 3982; x_wconf 77' lang='lat' dir='ltr'><strong>provincia</strong></span> <span class='ocrx_word' id='word_1_506' title='bbox 2774 3913 3064 3983; x_wconf 83' lang='lat' dir='ltr'><strong>Calabria,</strong></span> <span class='ocrx_word' id='word_1_507' title='bbox 3099 3914 3151 3970; x_wconf 93' lang='lat' dir='ltr'><strong>in</strong></span> <span class='ocrx_word' id='word_1_508' title='bbox 3185 3915 3321 3970; x_wconf 86' lang='lat' dir='ltr'><strong>hanc</strong></span> <span class='ocrx_word' id='word_1_509' title='bbox 3351 3919 3786 3986; x_wconf 73' lang='lat' dir='ltr'><strong>suggestionem,</strong></span> 
     </span>
    </p>
   </div>
   <div class='ocr_carea' id='block_1_86' title="bbox 2176 4007 3776 4076">
    <p class='ocr_par' dir='ltr' id='par_1_86' title="bbox 2176 4007 3776 4076">
     <span class='ocr_line' id='line_1_86' title="bbox 2176 4007 3776 4076; baseline 0.005 -18"><span class='ocrx_word' id='word_1_510' title='bbox 2176 4021 2334 4075; x_wconf 91' lang='lat' dir='ltr'><strong>quam</strong></span> <span class='ocrx_word' id='word_1_511' title='bbox 2360 4022 2456 4075; x_wconf 87' lang='lat' dir='ltr'><strong>pro</strong></span> <span class='ocrx_word' id='word_1_512' title='bbox 2479 4009 2772 4076; x_wconf 89' lang='lat' dir='ltr'><strong>apostolica</strong></span> <span class='ocrx_word' id='word_1_513' title='bbox 2796 4016 2977 4064; x_wconf 88' lang='lat' dir='ltr'><strong>nostra</strong></span> <span class='ocrx_word' id='word_1_514' title='bbox 3000 4007 3104 4064; x_wconf 87' lang='lat' dir='ltr'><strong>ﬁde</strong></span> <span class='ocrx_word' id='word_1_515' title='bbox 3129 4011 3450 4065; x_wconf 85' lang='lat' dir='ltr'><strong>unanimiter</strong></span> <span class='ocrx_word' id='word_1_516' title='bbox 3471 4012 3776 4066; x_wconf 82' lang='lat' dir='ltr'><strong>construxi-</strong></span> 
     </span>
    </p>
   </div>
   <div class='ocr_carea' id='block_1_87' title="bbox 2173 4087 2928 4170">
    <p class='ocr_par' dir='ltr' id='par_1_87' title="bbox 2173 4087 2928 4170">
     <span class='ocr_line' id='line_1_87' title="bbox 2173 4087 2928 4170; baseline 0.004 -18"><span class='ocrx_word' id='word_1_517' title='bbox 2173 4087 2314 4166; x_wconf 88' lang='lat' dir='ltr'><strong>mus,</strong></span> <span class='ocrx_word' id='word_1_518' title='bbox 2345 4099 2590 4156; x_wconf 88' lang='lat' dir='ltr'><strong>similiter</strong></span> <span class='ocrx_word' id='word_1_519' title='bbox 2616 4101 2928 4170; x_wconf 83' lang='lat' dir='ltr'><strong>subscripsi.</strong></span> 
     </span>
    </p>
   </div>
   <div class='ocr_carea' id='block_1_88' title="bbox 2245 4189 3770 4266">
    <p class='ocr_par' dir='ltr' id='par_1_88' title="bbox 2245 4189 3770 4266">
     <span class='ocr_line' id='line_1_88' title="bbox 2245 4189 3770 4266; baseline 0.006 -23"><span class='ocrx_word' id='word_1_520' title='bbox 2245 4189 2436 4248; x_wconf 84' lang='lat' dir='ltr'><strong>Petrus</strong></span> <span class='ocrx_word' id='word_1_521' title='bbox 2484 4193 2695 4250; x_wconf 87' lang='lat' dir='ltr'><strong>humilis</strong></span> <span class='ocrx_word' id='word_1_522' title='bbox 2732 4194 3017 4266; x_wconf 88' lang='lat' dir='ltr'><strong>cpiscopus</strong></span> <span class='ocrx_word' id='word_1_523' title='bbox 3049 4207 3249 4252; x_wconf 89' lang='lat' dir='ltr'><strong>sancta</strong></span> <span class='ocrx_word' id='word_1_524' title='bbox 3295 4195 3642 4252; x_wconf 88' lang='lat' dir='ltr'><strong>Crotonensis</strong></span> <span class='ocrx_word' id='word_1_525' title='bbox 3672 4210 3770 4252; x_wconf 88' lang='lat' dir='ltr'><strong>ec-</strong></span> 
     </span>
    </p>
   </div>
   <div class='ocr_carea' id='block_1_89' title="bbox 2178 4283 3773 4360">
    <p class='ocr_par' dir='ltr' id='par_1_89' title="bbox 2178 4283 3773 4360">
     <span class='ocr_line' id='line_1_89' title="bbox 2178 4283 3773 4360; baseline 0.003 -20"><span class='ocrx_word' id='word_1_526' title='bbox 2178 4283 2359 4340; x_wconf 87' lang='lat' dir='ltr'><strong>clesia</strong></span> <span class='ocrx_word' id='word_1_527' title='bbox 2392 4285 2689 4354; x_wconf 84' lang='lat' dir='ltr'><strong>provincia</strong></span> <span class='ocrx_word' id='word_1_528' title='bbox 2722 4286 3022 4342; x_wconf 86' lang='lat' dir='ltr'><strong>Brutiorum</strong></span> <span class='ocrx_word' id='word_1_529' title='bbox 3045 4329 3060 4354; x_wconf 92' lang='lat'><strong>,</strong></span> <span class='ocrx_word' id='word_1_530' title='bbox 3101 4292 3155 4344; x_wconf 90' lang='lat' dir='ltr'><strong>in</strong></span> <span class='ocrx_word' id='word_1_531' title='bbox 3187 4289 3324 4345; x_wconf 85' lang='lat' dir='ltr'><strong>hanc</strong></span> <span class='ocrx_word' id='word_1_532' title='bbox 3351 4291 3773 4360; x_wconf 80' lang='lat' dir='ltr'><strong>suggestionem,</strong></span> 
     </span>
    </p>
   </div>
   <div class='ocr_carea' id='block_1_90' title="bbox 2176 4380 3776 4448">
    <p class='ocr_par' dir='ltr' id='par_1_90' title="bbox 2176 4380 3776 4448">
     <span class='ocr_line' id='line_1_90' title="bbox 2176 4380 3776 4448; baseline 0.006 -17"><span class='ocrx_word' id='word_1_533' title='bbox 2176 4395 2334 4448; x_wconf 85' lang='lat' dir='ltr'><strong>quam</strong></span> <span class='ocrx_word' id='word_1_534' title='bbox 2360 4395 2456 4448; x_wconf 92' lang='lat' dir='ltr'><strong>pro</strong></span> <span class='ocrx_word' id='word_1_535' title='bbox 2474 4380 2765 4448; x_wconf 88' lang='lat' dir='ltr'><strong>apostolica</strong></span> <span class='ocrx_word' id='word_1_536' title='bbox 2790 4391 2972 4436; x_wconf 89' lang='lat' dir='ltr'><strong>nostra</strong></span> <span class='ocrx_word' id='word_1_537' title='bbox 2999 4382 3103 4439; x_wconf 86' lang='lat' dir='ltr'><strong>ﬁde</strong></span> <span class='ocrx_word' id='word_1_538' title='bbox 3127 4385 3451 4441; x_wconf 86' lang='lat' dir='ltr'><strong>unanimiter</strong></span> <span class='ocrx_word' id='word_1_539' title='bbox 3478 4386 3776 4441; x_wconf 58' lang='lat' dir='ltr'><strong>construxiv</strong></span> 
     </span>
    </p>
   </div>
   <div class='ocr_carea' id='block_1_91' title="bbox 2177 4471 2898 4544">
    <p class='ocr_par' dir='ltr' id='par_1_91' title="bbox 2177 4471 2898 4544">
     <span class='ocr_line' id='line_1_91' title="bbox 2177 4471 2898 4544; baseline 0.006 -20"><span class='ocrx_word' id='word_1_540' title='bbox 2177 4485 2316 4538; x_wconf 91' lang='lat' dir='ltr'><strong>mus,</strong></span> <span class='ocrx_word' id='word_1_541' title='bbox 2347 4471 2552 4526; x_wconf 90' lang='lat' dir='ltr'><strong>similit.</strong></span> <span class='ocrx_word' id='word_1_542' title='bbox 2584 4473 2898 4544; x_wconf 88' lang='lat' dir='ltr'><strong>subscripsi.</strong></span> 
     </span>
    </p>
   </div>
   <div class='ocr_carea' id='block_1_92' title="bbox 483 4548 2072 4642">
    <p class='ocr_par' dir='ltr' id='par_1_92' title="bbox 483 4548 2071 4628">
     <span class='ocr_line' id='line_1_92' title="bbox 483 4548 2071 4628; baseline 0.01 -28"><span class='ocrx_word' id='word_1_543' title='bbox 483 4601 486 4606; x_wconf 95' lang='lat'><em>_</em></span> <span class='ocrx_word' id='word_1_544' title='bbox 544 4548 739 4608; x_wconf 86' lang='grc' dir='ltr'><strong>Παῦλος</strong></span> <span class='ocrx_word' id='word_1_545' title='bbox 785 4549 1065 4621; x_wconf 78' lang='grc' dir='ltr'><strong>ἐλάχιστος</strong></span> <span class='ocrx_word' id='word_1_546' title='bbox 1116 4553 1396 4616; x_wconf 86' lang='grc' dir='ltr'><strong>ἐπίσκοπος</strong></span> <span class='ocrx_word' id='word_1_547' title='bbox 1442 4564 1534 4616; x_wconf 71' lang='grc' dir='ltr'><strong>τῆς</strong></span> <span class='ocrx_word' id='word_1_548' title='bbox 1596 4556 1745 4628; x_wconf 71' lang='grc' dir='ltr'><strong>ἁγίας</strong></span> <span class='ocrx_word' id='word_1_549' title='bbox 1807 4548 2071 4623; x_wconf 82' lang='grc' dir='ltr'><strong>ἐκκλησίας</strong></span> 
     </span>
    </p>
   </div>
   <div class='ocr_carea' id='block_1_93' title="bbox 2194 4548 3776 4642">
    <p class='ocr_par' dir='ltr' id='par_1_93' title="bbox 2251 4565 3776 4642">
     <span class='ocr_line' id='line_1_93' title="bbox 2251 4565 3776 4642; baseline 0.007 -23"><span class='ocrx_word' id='word_1_550' title='bbox 2251 4565 2448 4621; x_wconf 85' lang='lat' dir='ltr'><strong>Paulus</strong></span> <span class='ocrx_word' id='word_1_551' title='bbox 2493 4567 2709 4624; x_wconf 85' lang='lat' dir='ltr'><strong>humilis</strong></span> <span class='ocrx_word' id='word_1_552' title='bbox 2753 4571 3037 4642; x_wconf 83' lang='lat' dir='ltr'><strong>episcopus</strong></span> <span class='ocrx_word' id='word_1_553' title='bbox 3064 4582 3261 4626; x_wconf 76' lang='lat' dir='ltr'><strong>sancta</strong></span> <span class='ocrx_word' id='word_1_554' title='bbox 3294 4571 3658 4642; x_wconf 79' lang='lat' dir='ltr'><strong>Scylletiensis</strong></span> <span class='ocrx_word' id='word_1_555' title='bbox 3681 4588 3776 4629; x_wconf 44' lang='lat' dir='ltr'><strong>ec‘</strong></span> 
     </span>
    </p>
   </div>
   <div class='ocr_carea' id='block_1_94' title="bbox 475 4637 2066 4731">
    <p class='ocr_par' dir='ltr' id='par_1_94' title="bbox 475 4637 2066 4731">
     <span class='ocr_line' id='line_1_94' title="bbox 475 4637 2066 4731; baseline 0.011 -42"><span class='ocrx_word' id='word_1_556' title='bbox 475 4637 798 4699; x_wconf 78' lang='grc' dir='ltr'><strong>Σκυλλακίνης</strong></span> <span class='ocrx_word' id='word_1_557' title='bbox 842 4641 1105 4715; x_wconf 86' lang='grc' dir='ltr'><strong>ἐπαρχίας</strong></span> <span class='ocrx_word' id='word_1_558' title='bbox 1134 4648 1383 4719; x_wconf 81' lang='grc' dir='ltr'>Βρυτίων,</span> <span class='ocrx_word' id='word_1_559' title='bbox 1417 4647 1465 4699; x_wconf 87' lang='grc' dir='ltr'>ἐν</span> <span class='ocrx_word' id='word_1_560' title='bbox 1507 4651 1669 4722; x_wconf 75' lang='grc' dir='ltr'>ταύτῃ</span> <span class='ocrx_word' id='word_1_561' title='bbox 1706 4657 1769 4720; x_wconf 79' lang='grc' dir='ltr'>τῇ</span> <span class='ocrx_word' id='word_1_562' title='bbox 1820 4653 2066 4731; x_wconf 64' lang='grc' dir='ltr'>ἀναφορᾷ,</span> 
     </span>
    </p>
   </div>
   <div class='ocr_carea' id='block_1_95' title="bbox 475 4730 2069 4818">
    <p class='ocr_par' dir='ltr' id='par_1_95' title="bbox 475 4730 2069 4818">
     <span class='ocr_line' id='line_1_95' title="bbox 475 4730 2069 4818; baseline 0.012 -34"><span class='ocrx_word' id='word_1_563' title='bbox 475 4730 534 4789; x_wconf 74' lang='grc' dir='ltr'>ἣν</span> <span class='ocrx_word' id='word_1_564' title='bbox 573 4731 704 4808; x_wconf 77' lang='grc' dir='ltr'><strong>ὑπὲρ</strong></span> <span class='ocrx_word' id='word_1_565' title='bbox 751 4743 842 4794; x_wconf 79' lang='grc' dir='ltr'><strong>τῆς</strong></span> <span class='ocrx_word' id='word_1_566' title='bbox 891 4738 1232 4800; x_wconf 83' lang='grc' dir='ltr'><strong>ἀποστολικῆς</strong></span> <span class='ocrx_word' id='word_1_567' title='bbox 1283 4742 1421 4812; x_wconf 74' lang='grc' dir='ltr'>ἡμῶν</span> <span class='ocrx_word' id='word_1_568' title='bbox 1479 4745 1704 4805; x_wconf 86' lang='grc' dir='ltr'><strong>πίστεως</strong></span> <span class='ocrx_word' id='word_1_569' title='bbox 1751 4743 2069 4818; x_wconf 84' lang='grc' dir='ltr'>ὁμοθυμαδὸν</span> 
     </span>
    </p>
   </div>
   <div class='ocr_carea' id='block_1_96' title="bbox 479 4823 2049 4906">
    <p class='ocr_par' dir='ltr' id='par_1_96' title="bbox 479 4823 1231 4901">
     <span class='ocr_line' id='line_1_96' title="bbox 479 4823 1231 4901; baseline 0.007 -23"><span class='ocrx_word' id='word_1_570' title='bbox 479 4823 837 4894; x_wconf 80' lang='grc' dir='ltr'>συνετάξαμεν,</span> <span class='ocrx_word' id='word_1_571' title='bbox 864 4825 1050 4895; x_wconf 87' lang='grc' dir='ltr'><strong>ὁμοίως</strong></span> <span class='ocrx_word' id='word_1_572' title='bbox 1080 4831 1231 4901; x_wconf 74' lang='grc' dir='ltr'><strong>ῦπέγ.</strong></span> 
     </span>
    </p>
   </div>
   <div class='ocr_carea' id='block_1_97' title="bbox 544 4909 2070 5000">
    <p class='ocr_par' dir='ltr' id='par_1_97' title="bbox 544 4909 2070 5000">
     <span class='ocr_line' id='line_1_97' title="bbox 544 4909 2070 5000; baseline 0.012 -31"><span class='ocrx_word' id='word_1_573' title='bbox 544 4920 791 4991; x_wconf 75' lang='grc' dir='ltr'><strong>Γεὼργιος</strong></span> <span class='ocrx_word' id='word_1_574' title='bbox 842 4909 1142 4988; x_wconf 83' lang='grc' dir='ltr'><strong>ἐλάχιστος</strong></span> <span class='ocrx_word' id='word_1_575' title='bbox 1169 4923 1446 4985; x_wconf 86' lang='grc' dir='ltr'><strong>ἐπίσκοπος</strong></span> <span class='ocrx_word' id='word_1_576' title='bbox 1476 4933 1566 4986; x_wconf 82' lang='grc' dir='ltr'><strong>τῆς</strong></span> <span class='ocrx_word' id='word_1_577' title='bbox 1615 4926 1763 5000; x_wconf 72' lang='grc' dir='ltr'><strong>ἁγίας</strong></span> <span class='ocrx_word' id='word_1_578' title='bbox 1799 4930 2070 4994; x_wconf 86' lang='grc' dir='ltr'><strong>ἐκκλησίας</strong></span> 
     </span>
    </p>
   </div>
   <div class='ocr_carea' id='block_1_98' title="bbox 475 5009 2065 5097">
    <p class='ocr_par' dir='ltr' id='par_1_98' title="bbox 475 5009 2065 5097">
     <span class='ocr_line' id='line_1_98' title="bbox 475 5009 2065 5097; baseline 0.008 -34"><span class='ocrx_word' id='word_1_579' title='bbox 475 5016 760 5083; x_wconf 78' lang='grc' dir='ltr'><strong>Ταυριανῆς</strong></span> <span class='ocrx_word' id='word_1_580' title='bbox 795 5009 1064 5088; x_wconf 16' lang='grc' dir='ltr'><strong>ἐπαρχίας,</strong></span> <span class='ocrx_word' id='word_1_581' title='bbox 1093 5012 1395 5085; x_wconf 69' lang='grc' dir='ltr'><strong>Καλαϐρίας,</strong></span> <span class='ocrx_word' id='word_1_582' title='bbox 1425 5018 1476 5070; x_wconf 88' lang='grc' dir='ltr'>ἐν</span> <span class='ocrx_word' id='word_1_583' title='bbox 1515 5019 1678 5091; x_wconf 76' lang='grc' dir='ltr'>ταύτῃ</span> <span class='ocrx_word' id='word_1_584' title='bbox 1718 5028 1780 5093; x_wconf 74' lang='grc' dir='ltr'><strong>τῇ</strong></span> <span class='ocrx_word' id='word_1_585' title='bbox 1825 5024 2065 5097; x_wconf 88' lang='grc' dir='ltr'>ἀναφορᾷ,</span> 
     </span>
    </p>
   </div>
   <div class='ocr_carea' id='block_1_99' title="bbox 477 5103 2070 5186">
    <p class='ocr_par' dir='ltr' id='par_1_99' title="bbox 477 5103 2070 5183">
     <span class='ocr_line' id='line_1_99' title="bbox 477 5103 2070 5183; baseline 0.004 -23"><span class='ocrx_word' id='word_1_586' title='bbox 477 5103 534 5160; x_wconf 74' lang='grc' dir='ltr'>ἣν</span> <span class='ocrx_word' id='word_1_587' title='bbox 572 5103 703 5177; x_wconf 70' lang='grc' dir='ltr'>ὑπὲρ</span> <span class='ocrx_word' id='word_1_588' title='bbox 744 5109 835 5160; x_wconf 80' lang='grc' dir='ltr'><strong>τῆς</strong></span> <span class='ocrx_word' id='word_1_589' title='bbox 883 5103 1221 5180; x_wconf 76' lang='grc' dir='ltr'><strong>ἀποστολικῆς</strong></span> <span class='ocrx_word' id='word_1_590' title='bbox 1278 5108 1414 5177; x_wconf 84' lang='grc' dir='ltr'>ἡμῶν</span> <span class='ocrx_word' id='word_1_591' title='bbox 1475 5111 1700 5170; x_wconf 82' lang='grc' dir='ltr'><strong>πίστεως</strong></span> <span class='ocrx_word' id='word_1_592' title='bbox 1750 5109 2070 5183; x_wconf 81' lang='grc' dir='ltr'>ὁμοθυμαδὸν</span> 
     </span>
    </p>
   </div>
   <div class='ocr_carea' id='block_1_100' title="bbox 482 5197 1246 5271">
    <p class='ocr_par' dir='ltr' id='par_1_100' title="bbox 482 5197 1246 5271">
     <span class='ocr_line' id='line_1_100' title="bbox 482 5197 1246 5271; baseline 0.007 -25"><span class='ocrx_word' id='word_1_593' title='bbox 482 5197 848 5265; x_wconf 83' lang='grc' dir='ltr'>συνετάξαμεν,</span> <span class='ocrx_word' id='word_1_594' title='bbox 882 5199 1068 5268; x_wconf 77' lang='grc' dir='ltr'><strong>ὁμοίως</strong></span> <span class='ocrx_word' id='word_1_595' title='bbox 1096 5200 1246 5271; x_wconf 73' lang='grc' dir='ltr'><strong>ὐπέγ.</strong></span> 
     </span>
    </p>
   </div>
   <div class='ocr_carea' id='block_1_101' title="bbox 475 5308 2071 5390">
    <p class='ocr_par' dir='ltr' id='par_1_101' title="bbox 475 5308 2071 5390">
     <span class='ocr_line' id='line_1_101' title="bbox 475 5308 2071 5390; baseline 0.009 -29"><span class='ocrx_word' id='word_1_596' title='bbox 475 5335 480 5338; x_wconf 93' lang='grc'><strong>-</strong></span> <span class='ocrx_word' id='word_1_597' title='bbox 550 5308 807 5385; x_wconf 85' lang='grc' dir='ltr'>Θεόδωρος</span> <span class='ocrx_word' id='word_1_598' title='bbox 849 5311 1126 5381; x_wconf 78' lang='grc' dir='ltr'><strong>ἐλάχιστος</strong></span> <span class='ocrx_word' id='word_1_599' title='bbox 1165 5313 1435 5376; x_wconf 79' lang='grc' dir='ltr'><strong>ἐπίσκοπος</strong></span> <span class='ocrx_word' id='word_1_600' title='bbox 1479 5323 1570 5375; x_wconf 79' lang='grc' dir='ltr'><strong>τῆς</strong></span> <span class='ocrx_word' id='word_1_601' title='bbox 1607 5315 1757 5390; x_wconf 73' lang='grc' dir='ltr'><strong>ἁγίας</strong></span> <span class='ocrx_word' id='word_1_602' title='bbox 1805 5318 2071 5380; x_wconf 86' lang='grc' dir='ltr'><strong>ἐκκλησίας</strong></span> 
     </span>
    </p>
   </div>
   <div class='ocr_carea' id='block_1_102' title="bbox 479 5403 2067 5487">
    <p class='ocr_par' dir='ltr' id='par_1_102' title="bbox 479 5403 2067 5487">
     <span class='ocr_line' id='line_1_102' title="bbox 479 5403 2067 5487; baseline 0.01 -36"><span class='ocrx_word' id='word_1_603' title='bbox 479 5403 726 5474; x_wconf 84' lang='grc' dir='ltr'><strong>Τροπείας</strong></span> <span class='ocrx_word' id='word_1_604' title='bbox 777 5403 1038 5476; x_wconf 86' lang='grc' dir='ltr'><strong>ἐπαρχίας</strong></span> <span class='ocrx_word' id='word_1_605' title='bbox 1081 5406 1384 5481; x_wconf 72' lang='grc' dir='ltr'><strong>Κάλαϐρίας,</strong></span> <span class='ocrx_word' id='word_1_606' title='bbox 1414 5410 1462 5461; x_wconf 89' lang='grc' dir='ltr'>ἐν</span> <span class='ocrx_word' id='word_1_607' title='bbox 1505 5412 1670 5482; x_wconf 78' lang='grc' dir='ltr'>ταύτῃ</span> <span class='ocrx_word' id='word_1_608' title='bbox 1709 5419 1772 5485; x_wconf 76' lang='grc' dir='ltr'>τῇ</span> <span class='ocrx_word' id='word_1_609' title='bbox 1821 5414 2067 5487; x_wconf 83' lang='grc' dir='ltr'>ἀναφορᾷ,</span> 
     </span>
    </p>
   </div>
   <div class='ocr_carea' id='block_1_103' title="bbox 478 5493 2068 5577">
    <p class='ocr_par' dir='ltr' id='par_1_103' title="bbox 478 5493 2068 5577">
     <span class='ocr_line' id='line_1_103' title="bbox 478 5493 2068 5577; baseline 0.009 -30"><span class='ocrx_word' id='word_1_610' title='bbox 478 5493 537 5553; x_wconf 68' lang='grc' dir='ltr'>ἢν</span> <span class='ocrx_word' id='word_1_611' title='bbox 578 5494 711 5564; x_wconf 69' lang='grc' dir='ltr'><strong>ὑπὲρ</strong></span> <span class='ocrx_word' id='word_1_612' title='bbox 756 5505 847 5556; x_wconf 79' lang='grc' dir='ltr'><strong>τῆς</strong></span> <span class='ocrx_word' id='word_1_613' title='bbox 900 5500 1233 5560; x_wconf 80' lang='grc' dir='ltr'><strong>ἀποστολικῆς</strong></span> <span class='ocrx_word' id='word_1_614' title='bbox 1286 5503 1426 5568; x_wconf 79' lang='grc' dir='ltr'>ἡμῶν</span> <span class='ocrx_word' id='word_1_615' title='bbox 1476 5506 1699 5564; x_wconf 86' lang='grc' dir='ltr'><strong>πίστεως</strong></span> <span class='ocrx_word' id='word_1_616' title='bbox 1750 5504 2068 5577; x_wconf 85' lang='grc' dir='ltr'>ὁμοθυμαδὸν</span> 
     </span>
    </p>
   </div>
   <div class='ocr_carea' id='block_1_104' title="bbox 479 5589 1224 5665">
    <p class='ocr_par' dir='ltr' id='par_1_104' title="bbox 479 5589 1224 5665">
     <span class='ocr_line' id='line_1_104' title="bbox 479 5589 1224 5665; baseline 0.012 -26"><span class='ocrx_word' id='word_1_617' title='bbox 479 5589 838 5658; x_wconf 75' lang='grc' dir='ltr'>συνετάξαμεν,</span> <span class='ocrx_word' id='word_1_618' title='bbox 869 5590 1051 5665; x_wconf 81' lang='grc' dir='ltr'><strong>ὁμοίως</strong></span> <span class='ocrx_word' id='word_1_619' title='bbox 1073 5594 1224 5664; x_wconf 73' lang='grc' dir='ltr'><strong>ὑπέγ.</strong></span> 
     </span>
    </p>
   </div>
   <div class='ocr_carea' id='block_1_105' title="bbox 553 5675 2067 5764">
    <p class='ocr_par' dir='ltr' id='par_1_105' title="bbox 553 5675 2067 5764">
     <span class='ocr_line' id='line_1_105' title="bbox 553 5675 2067 5764; baseline 0.011 -32"><span class='ocrx_word' id='word_1_620' title='bbox 553 5675 933 5743; x_wconf 72' lang='grc' dir='ltr'>’Δϐουνδάντιος</span> <span class='ocrx_word' id='word_1_621' title='bbox 968 5682 1244 5750; x_wconf 81' lang='grc' dir='ltr'><strong>ἐλάχιστος</strong></span> <span class='ocrx_word' id='word_1_622' title='bbox 1276 5684 1554 5748; x_wconf 82' lang='grc' dir='ltr'><strong>ἐπίσκοπος</strong></span> <span class='ocrx_word' id='word_1_623' title='bbox 1595 5699 1685 5750; x_wconf 78' lang='grc' dir='ltr'><strong>τῆς</strong></span> <span class='ocrx_word' id='word_1_624' title='bbox 1719 5689 1868 5764; x_wconf 71' lang='grc' dir='ltr'><strong>ἁγίας</strong></span> <span class='ocrx_word' id='word_1_625' title='bbox 1896 5695 2067 5753; x_wconf 84' lang='grc' dir='ltr'><strong>ἐκκλη-</strong></span> 
     </span>
    </p>
   </div>
   <div class='ocr_carea' id='block_1_106' title="bbox 555 5849 1424 5923">
    <p class='ocr_par' dir='ltr' id='par_1_106' title="bbox 555 5849 1424 5923">
     <span class='ocr_line' id='line_1_106' title="bbox 555 5849 1424 5923; baseline 0.014 -16"><span class='ocrx_word' id='word_1_626' title='bbox 555 5849 590 5882; x_wconf 77' lang='grc'>⁶</span> <span class='ocrx_word' id='word_1_627' title='bbox 614 5851 712 5908; x_wconf 74' lang='lat' dir='ltr'><strong>Ms.</strong></span> <span class='ocrx_word' id='word_1_628' title='bbox 744 5854 1220 5923; x_wconf 70' lang='lat' dir='ltr'><strong>Paris.,-Twiisius.</strong></span> <span class='ocrx_word' id='word_1_629' title='bbox 1256 5861 1424 5920; x_wconf 68' lang='lat' dir='ltr'><strong>llano.</strong></span> 
     </span>
    </p>
   </div>
   <div class='ocr_carea' id='block_1_107' title="bbox 2173 4658 3772 4738">
    <p class='ocr_par' dir='ltr' id='par_1_107' title="bbox 2173 4658 3772 4738">
     <span class='ocr_line' id='line_1_107' title="bbox 2173 4658 3772 4738; baseline 0.005 -22"><span class='ocrx_word' id='word_1_630' title='bbox 2173 4658 2350 4716; x_wconf 76' lang='lat' dir='ltr'><strong>clcsia</strong></span> <span class='ocrx_word' id='word_1_631' title='bbox 2390 4665 2680 4732; x_wconf 86' lang='lat' dir='ltr'><strong>provincia</strong></span> <span class='ocrx_word' id='word_1_632' title='bbox 2717 4665 3056 4732; x_wconf 85' lang='lat' dir='ltr'><strong>Brutiorurn,</strong></span> <span class='ocrx_word' id='word_1_633' title='bbox 3091 4669 3142 4720; x_wconf 90' lang='lat' dir='ltr'><strong>in</strong></span> <span class='ocrx_word' id='word_1_634' title='bbox 3175 4667 3311 4721; x_wconf 85' lang='lat' dir='ltr'><strong>hanc</strong></span> <span class='ocrx_word' id='word_1_635' title='bbox 3347 4669 3772 4738; x_wconf 88' lang='lat' dir='ltr'><strong>suggestionem,</strong></span> 
     </span>
    </p>
   </div>
   <div class='ocr_carea' id='block_1_108' title="bbox 2171 4757 3773 4826">
    <p class='ocr_par' dir='ltr' id='par_1_108' title="bbox 2171 4757 3773 4826">
     <span class='ocr_line' id='line_1_108' title="bbox 2171 4757 3773 4826; baseline 0.004 -18"><span class='ocrx_word' id='word_1_636' title='bbox 2171 4771 2329 4824; x_wconf 86' lang='lat' dir='ltr'><strong>quam</strong></span> <span class='ocrx_word' id='word_1_637' title='bbox 2380 4771 2476 4824; x_wconf 90' lang='lat' dir='ltr'><strong>pro</strong></span> <span class='ocrx_word' id='word_1_638' title='bbox 2531 4757 2821 4826; x_wconf 83' lang='lat' dir='ltr'><strong>apostolica</strong></span> <span class='ocrx_word' id='word_1_639' title='bbox 2875 4769 3055 4812; x_wconf 73' lang='lat' dir='ltr'><strong>nosua</strong></span> <span class='ocrx_word' id='word_1_640' title='bbox 3113 4757 3216 4814; x_wconf 86' lang='lat' dir='ltr'><strong>ﬁde</strong></span> <span class='ocrx_word' id='word_1_641' title='bbox 3271 4760 3597 4814; x_wconf 87' lang='lat' dir='ltr'><strong>unanimiter</strong></span> <span class='ocrx_word' id='word_1_642' title='bbox 3640 4777 3773 4815; x_wconf 81' lang='lat' dir='ltr'><strong>con-</strong></span> 
     </span>
    </p>
   </div>
   <div class='ocr_carea' id='block_1_109' title="bbox 2172 4847 3019 4920">
    <p class='ocr_par' dir='ltr' id='par_1_109' title="bbox 2172 4847 3019 4920">
     <span class='ocr_line' id='line_1_109' title="bbox 2172 4847 3019 4920; baseline 0.001 -17"><span class='ocrx_word' id='word_1_643' title='bbox 2172 4848 2486 4913; x_wconf 86' lang='lat' dir='ltr'><strong>struximus,</strong></span> <span class='ocrx_word' id='word_1_644' title='bbox 2511 4847 2677 4902; x_wconf 87' lang='lat' dir='ltr'><strong>simil.</strong></span> <span class='ocrx_word' id='word_1_645' title='bbox 2710 4850 3019 4920; x_wconf 86' lang='lat' dir='ltr'><strong>subscripsi.</strong></span> 
     </span>
    </p>
   </div>
   <div class='ocr_carea' id='block_1_110' title="bbox 2157 4939 3776 5012">
    <p class='ocr_par' dir='ltr' id='par_1_110' title="bbox 2157 4939 3776 5012">
     <span class='ocr_line' id='line_1_110' title="bbox 2157 4939 3776 5012; baseline 0.005 -18"><span class='ocrx_word' id='word_1_646' title='bbox 2157 5005 2166 5008; x_wconf 98' lang='lat'>_</span> <span class='ocrx_word' id='word_1_647' title='bbox 2242 4940 2501 5010; x_wconf 86' lang='lat' dir='ltr'><strong>Georgius</strong></span> <span class='ocrx_word' id='word_1_648' title='bbox 2541 4939 2760 4998; x_wconf 88' lang='lat' dir='ltr'><strong>humilis</strong></span> <span class='ocrx_word' id='word_1_649' title='bbox 2797 4943 3080 5012; x_wconf 87' lang='lat' dir='ltr'><strong>episcopus</strong></span> <span class='ocrx_word' id='word_1_650' title='bbox 3118 4950 3315 4999; x_wconf 82' lang='lat' dir='ltr'><strong>sancta</strong></span> <span class='ocrx_word' id='word_1_651' title='bbox 3354 4943 3638 5000; x_wconf 86' lang='lat' dir='ltr'><strong>Tauriana</strong></span> <span class='ocrx_word' id='word_1_652' title='bbox 3681 4961 3776 5001; x_wconf 83' lang='lat' dir='ltr'><strong>ec-</strong></span> 
     </span>
    </p>
   </div>
   <div class='ocr_carea' id='block_1_111' title="bbox 2171 5031 3772 5110">
    <p class='ocr_par' dir='ltr' id='par_1_111' title="bbox 2171 5031 3772 5110">
     <span class='ocr_line' id='line_1_111' title="bbox 2171 5031 3772 5110; baseline 0.005 -23"><span class='ocrx_word' id='word_1_653' title='bbox 2171 5031 2384 5102; x_wconf 87' lang='lat' dir='ltr'><strong>clesia,</strong></span> <span class='ocrx_word' id='word_1_654' title='bbox 2420 5035 2717 5104; x_wconf 89' lang='lat' dir='ltr'><strong>provincia</strong></span> <span class='ocrx_word' id='word_1_655' title='bbox 2745 5035 3032 5105; x_wconf 85' lang='lat' dir='ltr'><strong>Calabria,</strong></span> <span class='ocrx_word' id='word_1_656' title='bbox 3082 5037 3132 5092; x_wconf 92' lang='lat' dir='ltr'><strong>in</strong></span> <span class='ocrx_word' id='word_1_657' title='bbox 3178 5038 3316 5095; x_wconf 89' lang='lat' dir='ltr'><strong>hanc</strong></span> <span class='ocrx_word' id='word_1_658' title='bbox 3345 5041 3772 5110; x_wconf 86' lang='lat' dir='ltr'><strong>suggestionem,</strong></span> 
     </span>
    </p>
   </div>
   <div class='ocr_carea' id='block_1_112' title="bbox 2170 5129 3775 5199">
    <p class='ocr_par' dir='ltr' id='par_1_112' title="bbox 2170 5129 3775 5199">
     <span class='ocr_line' id='line_1_112' title="bbox 2170 5129 3775 5199; baseline 0.004 -16"><span class='ocrx_word' id='word_1_659' title='bbox 2170 5142 2333 5199; x_wconf 86' lang='lat' dir='ltr'><strong>quam</strong></span> <span class='ocrx_word' id='word_1_660' title='bbox 2381 5142 2478 5197; x_wconf 92' lang='lat' dir='ltr'><strong>pro</strong></span> <span class='ocrx_word' id='word_1_661' title='bbox 2524 5129 2816 5198; x_wconf 89' lang='lat' dir='ltr'><strong>apostolica</strong></span> <span class='ocrx_word' id='word_1_662' title='bbox 2870 5140 3050 5186; x_wconf 89' lang='lat' dir='ltr'><strong>nostra</strong></span> <span class='ocrx_word' id='word_1_663' title='bbox 3111 5131 3216 5186; x_wconf 89' lang='lat' dir='ltr'><strong>ﬁde</strong></span> <span class='ocrx_word' id='word_1_664' title='bbox 3267 5134 3592 5189; x_wconf 87' lang='lat' dir='ltr'><strong>unanimiter</strong></span> <span class='ocrx_word' id='word_1_665' title='bbox 3641 5150 3775 5189; x_wconf 79' lang='lat' dir='ltr'><strong>con-</strong></span> 
     </span>
    </p>
   </div>
   <div class='ocr_carea' id='block_1_113' title="bbox 2171 5223 2997 5288">
    <p class='ocr_par' dir='ltr' id='par_1_113' title="bbox 2171 5223 2997 5288">
     <span class='ocr_line' id='line_1_113' title="bbox 2171 5223 2997 5288; baseline 0.004 -12"><span class='ocrx_word' id='word_1_666' title='bbox 2171 5223 2488 5288; x_wconf 84' lang='lat' dir='ltr'><strong>struximus,</strong></span> <span class='ocrx_word' id='word_1_667' title='bbox 2517 5223 2765 5278; x_wconf 90' lang='lat' dir='ltr'><strong>similiter</strong></span> <span class='ocrx_word' id='word_1_668' title='bbox 2790 5224 2997 5279; x_wconf 88' lang='lat' dir='ltr'><strong>subscr.</strong></span> 
     </span>
    </p>
   </div>
   <div class='ocr_carea' id='block_1_114' title="bbox 2244 5315 3771 5388">
    <p class='ocr_par' dir='ltr' id='par_1_114' title="bbox 2244 5315 3771 5388">
     <span class='ocr_line' id='line_1_114' title="bbox 2244 5315 3771 5388; baseline 0.003 -18"><span class='ocrx_word' id='word_1_669' title='bbox 2244 5316 2558 5371; x_wconf 88' lang='lat' dir='ltr'><strong>Theodorus</strong></span> <span class='ocrx_word' id='word_1_670' title='bbox 2605 5315 2825 5370; x_wconf 89' lang='lat' dir='ltr'><strong>humilis</strong></span> <span class='ocrx_word' id='word_1_671' title='bbox 2870 5318 3153 5387; x_wconf 89' lang='lat' dir='ltr'><strong>episcopus</strong></span> <span class='ocrx_word' id='word_1_672' title='bbox 3208 5327 3407 5373; x_wconf 82' lang='lat' dir='ltr'><strong>sancta</strong></span> <span class='ocrx_word' id='word_1_673' title='bbox 3447 5318 3771 5388; x_wconf 84' lang='lat' dir='ltr'><strong>Tropejana</strong></span> 
     </span>
    </p>
   </div>
   <div class='ocr_carea' id='block_1_115' title="bbox 2173 5409 3770 5481">
    <p class='ocr_par' dir='ltr' id='par_1_115' title="bbox 2173 5409 3770 5481">
     <span class='ocr_line' id='line_1_115' title="bbox 2173 5409 3770 5481; baseline 0 -15"><span class='ocrx_word' id='word_1_674' title='bbox 2173 5410 2414 5466; x_wconf 85' lang='lat' dir='ltr'><strong>ecclesia</strong></span> <span class='ocrx_word' id='word_1_675' title='bbox 2445 5409 2730 5479; x_wconf 86' lang='lat' dir='ltr'><strong>provincia</strong></span> <span class='ocrx_word' id='word_1_676' title='bbox 2761 5409 3041 5478; x_wconf 86' lang='lat' dir='ltr'><strong>Calabria,</strong></span> <span class='ocrx_word' id='word_1_677' title='bbox 3075 5409 3126 5464; x_wconf 93' lang='lat' dir='ltr'><strong>in</strong></span> <span class='ocrx_word' id='word_1_678' title='bbox 3171 5410 3314 5465; x_wconf 87' lang='lat' dir='ltr'><strong>hanc</strong></span> <span class='ocrx_word' id='word_1_679' title='bbox 3343 5412 3770 5481; x_wconf 83' lang='lat' dir='ltr'><strong>suggestionem.</strong></span> 
     </span>
    </p>
   </div>
   <div class='ocr_carea' id='block_1_116' title="bbox 2173 5505 3772 5575">
    <p class='ocr_par' dir='ltr' id='par_1_116' title="bbox 2173 5505 3772 5575">
     <span class='ocr_line' id='line_1_116' title="bbox 2173 5505 3772 5575; baseline 0.001 -17"><span class='ocrx_word' id='word_1_680' title='bbox 2173 5521 2334 5574; x_wconf 84' lang='lat' dir='ltr'><strong>quam</strong></span> <span class='ocrx_word' id='word_1_681' title='bbox 2359 5521 2454 5575; x_wconf 89' lang='lat' dir='ltr'><strong>pro</strong></span> <span class='ocrx_word' id='word_1_682' title='bbox 2474 5505 2766 5573; x_wconf 89' lang='lat' dir='ltr'><strong>apostolica</strong></span> <span class='ocrx_word' id='word_1_683' title='bbox 2789 5514 2973 5564; x_wconf 77' lang='lat' dir='ltr'><strong>nostra</strong></span> <span class='ocrx_word' id='word_1_684' title='bbox 2995 5506 3099 5561; x_wconf 88' lang='lat' dir='ltr'><strong>ﬁde</strong></span> <span class='ocrx_word' id='word_1_685' title='bbox 3121 5506 3441 5561; x_wconf 85' lang='lat' dir='ltr'><strong>unanimiter</strong></span> <span class='ocrx_word' id='word_1_686' title='bbox 3463 5505 3772 5562; x_wconf 67' lang='lat' dir='ltr'><strong>conetrux&#39;i-</strong></span> 
     </span>
    </p>
   </div>
   <div class='ocr_carea' id='block_1_117' title="bbox 2177 5598 2945 5670">
    <p class='ocr_par' dir='ltr' id='par_1_117' title="bbox 2177 5598 2945 5670">
     <span class='ocr_line' id='line_1_117' title="bbox 2177 5598 2945 5670; baseline 0.004 -18"><span class='ocrx_word' id='word_1_687' title='bbox 2177 5613 2318 5664; x_wconf 90' lang='lat' dir='ltr'><strong>mus,</strong></span> <span class='ocrx_word' id='word_1_688' title='bbox 2353 5598 2597 5653; x_wconf 88' lang='lat' dir='ltr'><strong>similiter</strong></span> <span class='ocrx_word' id='word_1_689' title='bbox 2628 5598 2945 5670; x_wconf 87' lang='lat' dir='ltr'><strong>subscripsi.</strong></span> 
     </span>
    </p>
   </div>
   <div class='ocr_carea' id='block_1_118' title="bbox 2246 5689 3777 5764">
    <p class='ocr_par' dir='ltr' id='par_1_118' title="bbox 2246 5689 3777 5764">
     <span class='ocr_line' id='line_1_118' title="bbox 2246 5689 3777 5764; baseline 0 -17"><span class='ocrx_word' id='word_1_690' title='bbox 2246 5692 2616 5748; x_wconf 79' lang='lat' dir='ltr'><strong>Abundantius</strong></span> <span class='ocrx_word' id='word_1_691' title='bbox 2654 5692 2870 5749; x_wconf 88' lang='lat' dir='ltr'><strong>humilis</strong></span> <span class='ocrx_word' id='word_1_692' title='bbox 2909 5693 3192 5764; x_wconf 84' lang='lat' dir='ltr'><strong>episcopus</strong></span> <span class='ocrx_word' id='word_1_693' title='bbox 3220 5689 3533 5762; x_wconf 85' lang='lat' dir='ltr'><strong>Tempsana</strong></span> <span class='ocrx_word' id='word_1_694' title='bbox 3584 5692 3777 5747; x_wconf 77' lang='lat' dir='ltr'><strong>eccle-</strong></span> 
     </span>
    </p>
   </div>
   <div class='ocr_carea' id='block_1_119' title="bbox 2247 5867 3620 5945">
    <p class='ocr_par' dir='ltr' id='par_1_119' title="bbox 2247 5867 3620 5945">
     <span class='ocr_line' id='line_1_119' title="bbox 2247 5867 3620 5945; baseline -0.003 -16"><span class='ocrx_word' id='word_1_695' title='bbox 2247 5867 2274 5910; x_wconf 71' lang='grc' dir='ltr'><strong>ι)</strong></span> <span class='ocrx_word' id='word_1_696' title='bbox 2307 5870 2503 5942; x_wconf 61' lang='lat' dir='ltr'><strong>Paris,</strong></span> <span class='ocrx_word' id='word_1_697' title='bbox 2533 5869 2771 5928; x_wconf 72' lang='lat' dir='ltr'><strong>minimus</strong></span> <span class='ocrx_word' id='word_1_698' title='bbox 2799 5871 3064 5945; x_wconf 75' lang='lat' dir='ltr'><strong>episwpus</strong></span> <span class='ocrx_word' id='word_1_699' title='bbox 3093 5879 3139 5927; x_wconf 78' lang='lat' dir='ltr'><strong>el</strong></span> <span class='ocrx_word' id='word_1_700' title='bbox 3173 5869 3250 5927; x_wconf 80' lang='lat' dir='ltr'><strong>sic</strong></span> <span class='ocrx_word' id='word_1_701' title='bbox 3276 5868 3331 5927; x_wconf 87' lang='lat' dir='ltr'><strong>in</strong></span> <span class='ocrx_word' id='word_1_702' title='bbox 3361 5880 3510 5941; x_wconf 85' lang='lat' dir='ltr'><strong>seqq.</strong></span> <span class='ocrx_word' id='word_1_703' title='bbox 3542 5867 3620 5925; x_wconf 78' lang='grc' dir='ltr'><strong>ιο.</strong></span> 
     </span>
    </p>
   </div>
  </div>
