  <div class='ocr_page' id='page_1' title='image "/cluster/home/n/w/nwhite01/storage/ocr_20150623/87/hvd.32044015469471/637.png"; bbox 0 0 4016 6354; ppageno 0'>
   <div class='ocr_carea' id='block_1_1' title="bbox 522 374 664 432">
    <p class='ocr_par' dir='ltr' id='par_1_1' title="bbox 522 374 664 432">
     <span class='ocr_line' id='line_1_1' title="bbox 522 374 664 432; baseline 0.014 -2"><span class='ocrx_word' id='word_1_1' title='bbox 522 374 664 432; x_wconf 71' lang='lat'><strong>1259</strong></span> 
     </span>
    </p>
   </div>
   <div class='ocr_carea' id='block_1_2' title="bbox 518 480 2178 557">
    <p class='ocr_par' dir='ltr' id='par_1_2' title="bbox 518 480 2178 557">
     <span class='ocr_line' id='line_1_2' title="bbox 518 480 2178 557; baseline -0.006 -13"><span class='ocrx_word' id='word_1_2' title='bbox 518 494 543 557; x_wconf 68' lang='grc' dir='ltr'><strong>ζ·</strong></span> <span class='ocrx_word' id='word_1_3' title='bbox 593 486 818 550; x_wconf 76' lang='grc' dir='ltr'>Δύδάκης</span> <span class='ocrx_word' id='word_1_4' title='bbox 867 485 1142 546; x_wconf 80' lang='grc' dir='ltr'><strong>ἐπίσκοπος</strong></span> <span class='ocrx_word' id='word_1_5' title='bbox 1190 491 1283 545; x_wconf 79' lang='grc' dir='ltr'><strong>τῆς</strong></span> <span class='ocrx_word' id='word_1_6' title='bbox 1320 480 1468 556; x_wconf 73' lang='grc' dir='ltr'>ἁγίας</span> <span class='ocrx_word' id='word_1_7' title='bbox 1515 480 1779 542; x_wconf 69' lang='grc' dir='ltr'>ἐκκλησίας</span> <span class='ocrx_word' id='word_1_8' title='bbox 1819 482 2092 556; x_wconf 71' lang='grc' dir='ltr'>Δέρτωνος,</span> <span class='ocrx_word' id='word_1_9' title='bbox 2120 482 2178 542; x_wconf 78' lang='grc' dir='ltr'><strong>Α</strong></span> 
     </span>
    </p>
   </div>
   <div class='ocr_carea' id='block_1_3' title="bbox 519 576 2095 659">
    <p class='ocr_par' dir='ltr' id='par_1_3' title="bbox 519 576 2095 659">
     <span class='ocr_line' id='line_1_3' title="bbox 519 576 2095 659; baseline -0.011 -16"><span class='ocrx_word' id='word_1_10' title='bbox 519 586 686 659; x_wconf 77' lang='grc' dir='ltr'>ταύτῃ</span> <span class='ocrx_word' id='word_1_11' title='bbox 810 589 987 643; x_wconf 87' lang='grc' dir='ltr'>κοινῶς</span> <span class='ocrx_word' id='word_1_12' title='bbox 1015 579 1154 657; x_wconf 81' lang='grc' dir='ltr'>παρὰ</span> <span class='ocrx_word' id='word_1_13' title='bbox 1195 579 1396 634; x_wconf 85' lang='grc' dir='ltr'>πάντων</span> <span class='ocrx_word' id='word_1_14' title='bbox 1422 578 1562 649; x_wconf 77' lang='grc' dir='ltr'>ἡμῶν</span> <span class='ocrx_word' id='word_1_15' title='bbox 1588 576 1819 649; x_wconf 75' lang='grc' dir='ltr'><strong>γενομένῃ</strong></span> <span class='ocrx_word' id='word_1_16' title='bbox 1848 577 2095 650; x_wconf 77' lang='grc' dir='ltr'><strong>ἀναφορᾷ,</strong></span> 
     </span>
    </p>
   </div>
   <div class='ocr_carea' id='block_1_4' title="bbox 520 668 2100 749">
    <p class='ocr_par' dir='ltr' id='par_1_4' title="bbox 520 668 2100 749">
     <span class='ocr_line' id='line_1_4' title="bbox 520 668 2100 749; baseline -0.007 -19"><span class='ocrx_word' id='word_1_17' title='bbox 520 678 652 749; x_wconf 69' lang='grc' dir='ltr'><strong>ὑπὲρ</strong></span> <span class='ocrx_word' id='word_1_18' title='bbox 708 682 799 734; x_wconf 79' lang='grc' dir='ltr'><strong>τῆς</strong></span> <span class='ocrx_word' id='word_1_19' title='bbox 855 672 1191 731; x_wconf 72' lang='grc' dir='ltr'>ἀπωτολικῆς</span> <span class='ocrx_word' id='word_1_20' title='bbox 1241 671 1379 738; x_wconf 72' lang='grc' dir='ltr'>ἡμῶν</span> <span class='ocrx_word' id='word_1_21' title='bbox 1442 668 1663 727; x_wconf 86' lang='grc' dir='ltr'>πίστεως</span> <span class='ocrx_word' id='word_1_22' title='bbox 1715 672 1990 739; x_wconf 72' lang='grc' dir='ltr'>συνῄνεσα,</span> <span class='ocrx_word' id='word_1_23' title='bbox 2019 669 2100 721; x_wconf 82' lang='grc' dir='ltr'><strong>καί</strong></span> 
     </span>
    </p>
   </div>
   <div class='ocr_carea' id='block_1_5' title="bbox 519 765 1269 842">
    <p class='ocr_par' dir='ltr' id='par_1_5' title="bbox 519 765 1269 842">
     <span class='ocr_line' id='line_1_5' title="bbox 519 765 1269 842; baseline 0.009 -22"><span class='ocrx_word' id='word_1_24' title='bbox 519 765 820 842; x_wconf 73' lang='grc' dir='ltr'><strong>ὑπέγραψα.</strong></span> <span class='ocrx_word' id='word_1_25' title='bbox 1264 824 1269 827; x_wconf 85' lang='lat'><strong><em>_</em></strong></span> 
     </span>
    </p>
   </div>
   <div class='ocr_carea' id='block_1_6' title="bbox 594 848 2101 925">
    <p class='ocr_par' dir='ltr' id='par_1_6' title="bbox 594 848 2101 925">
     <span class='ocr_line' id='line_1_6' title="bbox 594 848 2101 925; baseline -0.006 -13"><span class='ocrx_word' id='word_1_26' title='bbox 594 860 858 917; x_wconf 81' lang='grc' dir='ltr'>Βενινάτος</span> <span class='ocrx_word' id='word_1_27' title='bbox 916 856 1189 913; x_wconf 74' lang='grc' dir='ltr'><strong>ἐπίσκοπος</strong></span> <span class='ocrx_word' id='word_1_28' title='bbox 1246 859 1338 911; x_wconf 79' lang='grc' dir='ltr'>τῆς</span> <span class='ocrx_word' id='word_1_29' title='bbox 1387 850 1537 925; x_wconf 87' lang='grc' dir='ltr'>ἁγίας</span> <span class='ocrx_word' id='word_1_30' title='bbox 1598 850 1862 910; x_wconf 75' lang='grc' dir='ltr'><strong>ἐκκλησίας</strong></span> <span class='ocrx_word' id='word_1_31' title='bbox 1900 848 2101 905; x_wconf 66' lang='grc' dir='ltr'>Ἇστέν-</span> 
     </span>
    </p>
   </div>
   <div class='ocr_carea' id='block_1_7' title="bbox 517 944 2101 1023">
    <p class='ocr_par' dir='ltr' id='par_1_7' title="bbox 517 944 2101 1023">
     <span class='ocr_line' id='line_1_7' title="bbox 517 944 2101 1023; baseline -0.008 -16"><span class='ocrx_word' id='word_1_32' title='bbox 517 973 638 1014; x_wconf 86' lang='grc' dir='ltr'>σου,</span> <span class='ocrx_word' id='word_1_33' title='bbox 677 952 841 1023; x_wconf 78' lang='grc' dir='ltr'>ταύτῃ</span> <span class='ocrx_word' id='word_1_34' title='bbox 890 956 951 1023; x_wconf 73' lang='grc' dir='ltr'>τῇ</span> <span class='ocrx_word' id='word_1_35' title='bbox 1004 952 1180 1005; x_wconf 77' lang='grc' dir='ltr'><strong>κοινῶς</strong></span> <span class='ocrx_word' id='word_1_36' title='bbox 1224 946 1366 1019; x_wconf 84' lang='grc' dir='ltr'>παρὰ</span> <span class='ocrx_word' id='word_1_37' title='bbox 1418 946 1619 999; x_wconf 83' lang='grc' dir='ltr'>πάντων</span> <span class='ocrx_word' id='word_1_38' title='bbox 1671 946 1810 1013; x_wconf 65' lang='grc' dir='ltr'>ἡμῶν</span> <span class='ocrx_word' id='word_1_39' title='bbox 1866 944 2101 1015; x_wconf 83' lang='grc' dir='ltr'>γενομένῃ</span> 
     </span>
    </p>
   </div>
   <div class='ocr_carea' id='block_1_8' title="bbox 518 1036 2100 1117">
    <p class='ocr_par' dir='ltr' id='par_1_8' title="bbox 518 1036 2100 1117">
     <span class='ocr_line' id='line_1_8' title="bbox 518 1036 2100 1117; baseline -0.008 -20"><span class='ocrx_word' id='word_1_40' title='bbox 518 1044 766 1117; x_wconf 84' lang='grc' dir='ltr'>ἀναφορᾷ,</span> <span class='ocrx_word' id='word_1_41' title='bbox 810 1042 941 1114; x_wconf 82' lang='grc' dir='ltr'><strong>ὑπὲρ</strong></span> <span class='ocrx_word' id='word_1_42' title='bbox 984 1045 1075 1099; x_wconf 74' lang='grc' dir='ltr'><strong>τῆς</strong></span> <span class='ocrx_word' id='word_1_43' title='bbox 1112 1036 1451 1096; x_wconf 84' lang='grc' dir='ltr'>ἀποστολικῆς</span> <span class='ocrx_word' id='word_1_44' title='bbox 1503 1038 1641 1105; x_wconf 78' lang='grc' dir='ltr'>ἡμῶν</span> <span class='ocrx_word' id='word_1_45' title='bbox 1681 1039 1903 1094; x_wconf 85' lang='grc' dir='ltr'>πίστεως</span> <span class='ocrx_word' id='word_1_46' title='bbox 1945 1038 2100 1105; x_wconf 74' lang='grc' dir='ltr'>συνῃ-</span> 
     </span>
    </p>
   </div>
   <div class='ocr_carea' id='block_1_9' title="bbox 516 1133 953 1203">
    <p class='ocr_par' dir='ltr' id='par_1_9' title="bbox 516 1133 953 1203">
     <span class='ocr_line' id='line_1_9' title="bbox 516 1133 953 1203; baseline -0.014 -13"><span class='ocrx_word' id='word_1_47' title='bbox 516 1155 663 1199; x_wconf 82' lang='grc' dir='ltr'>νεσα,</span> <span class='ocrx_word' id='word_1_48' title='bbox 695 1136 777 1187; x_wconf 81' lang='grc' dir='ltr'>καί</span> <span class='ocrx_word' id='word_1_49' title='bbox 802 1133 953 1203; x_wconf 78' lang='grc' dir='ltr'>ὑπέγ-</span> 
     </span>
    </p>
   </div>
   <div class='ocr_carea' id='block_1_10' title="bbox 589 1217 2103 1292">
    <p class='ocr_par' dir='ltr' id='par_1_10' title="bbox 589 1217 2103 1292">
     <span class='ocr_line' id='line_1_10' title="bbox 589 1217 2103 1292; baseline -0.005 -14"><span class='ocrx_word' id='word_1_50' title='bbox 589 1222 871 1281; x_wconf 81' lang='grc' dir='ltr'>Βενέδικτος</span> <span class='ocrx_word' id='word_1_51' title='bbox 900 1221 1169 1291; x_wconf 78' lang='grc' dir='ltr'><strong>ἐλάχιστος</strong></span> <span class='ocrx_word' id='word_1_52' title='bbox 1217 1217 1497 1281; x_wconf 79' lang='grc' dir='ltr'><strong>ἐπίσκοπος</strong></span> <span class='ocrx_word' id='word_1_53' title='bbox 1521 1226 1612 1281; x_wconf 77' lang='grc' dir='ltr'><strong>τῆς</strong></span> <span class='ocrx_word' id='word_1_54' title='bbox 1654 1220 1801 1292; x_wconf 87' lang='grc' dir='ltr'>ἁγίας</span> <span class='ocrx_word' id='word_1_55' title='bbox 1832 1219 2103 1280; x_wconf 83' lang='grc' dir='ltr'>ἐκκλησίας</span> 
     </span>
    </p>
   </div>
   <div class='ocr_carea' id='block_1_11' title="bbox 516 1312 2103 1385">
    <p class='ocr_par' dir='ltr' id='par_1_11' title="bbox 516 1312 2103 1385">
     <span class='ocr_line' id='line_1_11' title="bbox 516 1312 2103 1385; baseline -0.003 -18"><span class='ocrx_word' id='word_1_56' title='bbox 516 1314 818 1374; x_wconf 84' lang='grc' dir='ltr'>Βαλϐἐνσου,</span> <span class='ocrx_word' id='word_1_57' title='bbox 851 1312 1013 1383; x_wconf 84' lang='grc' dir='ltr'>ταύτῃ</span> <span class='ocrx_word' id='word_1_58' title='bbox 1037 1320 1099 1384; x_wconf 74' lang='grc' dir='ltr'>τῇ</span> <span class='ocrx_word' id='word_1_59' title='bbox 1138 1313 1380 1385; x_wconf 80' lang='grc' dir='ltr'><strong>ἀναφορᾷ,</strong></span> <span class='ocrx_word' id='word_1_60' title='bbox 1420 1318 1482 1384; x_wconf 74' lang='grc' dir='ltr'>τῇ</span> <span class='ocrx_word' id='word_1_61' title='bbox 1518 1316 1693 1369; x_wconf 79' lang='grc' dir='ltr'><strong>κοινῶς</strong></span> <span class='ocrx_word' id='word_1_62' title='bbox 1720 1312 1860 1381; x_wconf 87' lang='grc' dir='ltr'>παρά</span> <span class='ocrx_word' id='word_1_63' title='bbox 1898 1312 2103 1363; x_wconf 70' lang='grc' dir='ltr'>πάντων</span> 
     </span>
    </p>
   </div>
   <div class='ocr_carea' id='block_1_12' title="bbox 518 1402 2101 1479">
    <p class='ocr_par' dir='ltr' id='par_1_12' title="bbox 518 1402 2101 1479">
     <span class='ocr_line' id='line_1_12' title="bbox 518 1402 2101 1479; baseline -0.003 -20"><span class='ocrx_word' id='word_1_64' title='bbox 518 1408 658 1477; x_wconf 72' lang='grc' dir='ltr'>ἡμῶν</span> <span class='ocrx_word' id='word_1_65' title='bbox 714 1406 943 1477; x_wconf 75' lang='grc' dir='ltr'><strong>γενομένῃ</strong></span> <span class='ocrx_word' id='word_1_66' title='bbox 992 1404 1123 1479; x_wconf 80' lang='grc' dir='ltr'><strong>ὑπὲρ</strong></span> <span class='ocrx_word' id='word_1_67' title='bbox 1160 1411 1252 1464; x_wconf 80' lang='grc' dir='ltr'>τῆς</span> <span class='ocrx_word' id='word_1_68' title='bbox 1300 1402 1629 1461; x_wconf 80' lang='grc' dir='ltr'>ἀποστολικῆς</span> <span class='ocrx_word' id='word_1_69' title='bbox 1673 1404 1812 1472; x_wconf 74' lang='grc' dir='ltr'>ἡμῶν</span> <span class='ocrx_word' id='word_1_70' title='bbox 1875 1404 2101 1463; x_wconf 85' lang='grc' dir='ltr'>πίστεως</span> 
     </span>
    </p>
   </div>
   <div class='ocr_carea' id='block_1_13' title="bbox 518 1496 1085 1568">
    <p class='ocr_par' dir='ltr' id='par_1_13' title="bbox 518 1496 1085 1568">
     <span class='ocr_line' id='line_1_13' title="bbox 518 1496 1085 1568; baseline -0.005 -16"><span class='ocrx_word' id='word_1_71' title='bbox 518 1501 795 1568; x_wconf 73' lang='grc' dir='ltr'>συνῄνεσα,</span> <span class='ocrx_word' id='word_1_72' title='bbox 826 1499 907 1550; x_wconf 85' lang='grc' dir='ltr'><strong>καὶ</strong></span> <span class='ocrx_word' id='word_1_73' title='bbox 936 1496 1085 1567; x_wconf 80' lang='grc' dir='ltr'>ὑπέγ.</span> 
     </span>
    </p>
   </div>
   <div class='ocr_carea' id='block_1_14' title="bbox 590 1584 2105 1660">
    <p class='ocr_par' dir='ltr' id='par_1_14' title="bbox 590 1584 2105 1660">
     <span class='ocr_line' id='line_1_14' title="bbox 590 1584 2105 1660; baseline -0.003 -17"><span class='ocrx_word' id='word_1_74' title='bbox 590 1598 752 1651; x_wconf 87' lang='grc' dir='ltr'>Βῶνος</span> <span class='ocrx_word' id='word_1_75' title='bbox 793 1591 1071 1660; x_wconf 81' lang='grc' dir='ltr'>ἐλάχιστος</span> <span class='ocrx_word' id='word_1_76' title='bbox 1092 1589 1370 1648; x_wconf 76' lang='grc' dir='ltr'><strong>ἐπίσκοπος</strong></span> <span class='ocrx_word' id='word_1_77' title='bbox 1398 1596 1489 1648; x_wconf 81' lang='grc' dir='ltr'>τῆς</span> <span class='ocrx_word' id='word_1_78' title='bbox 1517 1588 1665 1659; x_wconf 77' lang='grc' dir='ltr'>ἁγίας</span> <span class='ocrx_word' id='word_1_79' title='bbox 1704 1587 1963 1645; x_wconf 77' lang='grc' dir='ltr'><strong>ἐκκλησίας</strong></span> <span class='ocrx_word' id='word_1_80' title='bbox 1986 1584 2105 1640; x_wconf 79' lang='grc' dir='ltr'><strong>’Λλ-</strong></span> 
     </span>
    </p>
   </div>
   <div class='ocr_carea' id='block_1_15' title="bbox 519 1678 2105 1755">
    <p class='ocr_par' dir='ltr' id='par_1_15' title="bbox 519 1678 2105 1755">
     <span class='ocr_line' id='line_1_15' title="bbox 519 1678 2105 1755; baseline -0.005 -18"><span class='ocrx_word' id='word_1_81' title='bbox 519 1682 837 1755; x_wconf 75' lang='grc' dir='ltr'>ϐιγανένσον,</span> <span class='ocrx_word' id='word_1_82' title='bbox 864 1678 1028 1750; x_wconf 70' lang='grc' dir='ltr'>ταύτῃ</span> <span class='ocrx_word' id='word_1_83' title='bbox 1057 1687 1117 1754; x_wconf 76' lang='grc' dir='ltr'>τῇ</span> <span class='ocrx_word' id='word_1_84' title='bbox 1153 1681 1398 1754; x_wconf 82' lang='grc' dir='ltr'>ἀναφορᾷ,</span> <span class='ocrx_word' id='word_1_85' title='bbox 1530 1684 1696 1740; x_wconf 90' lang='grc' dir='ltr'>κοινῶς</span> <span class='ocrx_word' id='word_1_86' title='bbox 1721 1680 1863 1747; x_wconf 84' lang='grc' dir='ltr'>παρά</span> <span class='ocrx_word' id='word_1_87' title='bbox 1903 1678 2105 1731; x_wconf 87' lang='grc' dir='ltr'>πάντων</span> 
     </span>
    </p>
   </div>
   <div class='ocr_carea' id='block_1_16' title="bbox 518 1772 2101 1848">
    <p class='ocr_par' dir='ltr' id='par_1_16' title="bbox 518 1772 2101 1848">
     <span class='ocr_line' id='line_1_16' title="bbox 518 1772 2101 1848; baseline -0.004 -18"><span class='ocrx_word' id='word_1_88' title='bbox 518 1778 658 1846; x_wconf 73' lang='grc' dir='ltr'>ἡμῶν</span> <span class='ocrx_word' id='word_1_89' title='bbox 708 1776 946 1847; x_wconf 81' lang='grc' dir='ltr'>γενομένῃ</span> <span class='ocrx_word' id='word_1_90' title='bbox 1005 1774 1135 1848; x_wconf 77' lang='grc' dir='ltr'><strong>ὑπὲρ</strong></span> <span class='ocrx_word' id='word_1_91' title='bbox 1186 1780 1276 1832; x_wconf 76' lang='grc' dir='ltr'>τῆς</span> <span class='ocrx_word' id='word_1_92' title='bbox 1326 1772 1669 1831; x_wconf 77' lang='grc' dir='ltr'>ἀποστολικῆς</span> <span class='ocrx_word' id='word_1_93' title='bbox 1703 1773 1840 1841; x_wconf 74' lang='grc' dir='ltr'>ἡμῶν</span> <span class='ocrx_word' id='word_1_94' title='bbox 1877 1772 2101 1829; x_wconf 84' lang='grc' dir='ltr'>πίστεως</span> 
     </span>
    </p>
   </div>
   <div class='ocr_carea' id='block_1_17' title="bbox 518 1868 1102 1940">
    <p class='ocr_par' dir='ltr' id='par_1_17' title="bbox 518 1868 1102 1940">
     <span class='ocr_line' id='line_1_17' title="bbox 518 1868 1102 1940; baseline -0.007 -17"><span class='ocrx_word' id='word_1_95' title='bbox 518 1873 797 1940; x_wconf 74' lang='grc' dir='ltr'>συνῄνεσα.</span> <span class='ocrx_word' id='word_1_96' title='bbox 834 1870 909 1921; x_wconf 70' lang='grc' dir='ltr'>καί</span> <span class='ocrx_word' id='word_1_97' title='bbox 950 1868 1102 1938; x_wconf 78' lang='grc' dir='ltr'><strong>ὐπέγ.</strong></span> 
     </span>
    </p>
   </div>
   <div class='ocr_carea' id='block_1_18' title="bbox 592 1956 2109 2036">
    <p class='ocr_par' dir='ltr' id='par_1_18' title="bbox 592 1956 2109 2036">
     <span class='ocr_line' id='line_1_18' title="bbox 592 1956 2109 2036; baseline -0.005 -19"><span class='ocrx_word' id='word_1_98' title='bbox 592 1962 852 2036; x_wconf 83' lang='grc' dir='ltr'><strong>Θεόδωρος</strong></span> <span class='ocrx_word' id='word_1_99' title='bbox 883 1960 1156 2031; x_wconf 75' lang='grc' dir='ltr'><strong>ἐλάχιστος</strong></span> <span class='ocrx_word' id='word_1_100' title='bbox 1204 1956 1472 2017; x_wconf 78' lang='grc' dir='ltr'><strong>ἐπίσκοπος</strong></span> <span class='ocrx_word' id='word_1_101' title='bbox 1518 1963 1609 2017; x_wconf 78' lang='grc' dir='ltr'><strong>τῆς</strong></span> <span class='ocrx_word' id='word_1_102' title='bbox 1658 1957 1808 2028; x_wconf 84' lang='grc' dir='ltr'>ἁγίας</span> <span class='ocrx_word' id='word_1_103' title='bbox 1846 1956 2109 2017; x_wconf 86' lang='grc' dir='ltr'>ἐκκλησίας</span> 
     </span>
    </p>
   </div>
   <div class='ocr_carea' id='block_1_19' title="bbox 518 2050 2109 2131">
    <p class='ocr_par' dir='ltr' id='par_1_19' title="bbox 518 2050 2109 2131">
     <span class='ocr_line' id='line_1_19' title="bbox 518 2050 2109 2131; baseline -0.007 -20"><span class='ocrx_word' id='word_1_104' title='bbox 518 2056 817 2131; x_wconf 79' lang='grc' dir='ltr'>Βιρκελλῶν,</span> <span class='ocrx_word' id='word_1_105' title='bbox 857 2054 1020 2125; x_wconf 82' lang='grc' dir='ltr'>ταύτῃ</span> <span class='ocrx_word' id='word_1_106' title='bbox 1142 2053 1387 2126; x_wconf 72' lang='grc' dir='ltr'>ἀναφορᾷ,</span> <span class='ocrx_word' id='word_1_107' title='bbox 1422 2058 1484 2123; x_wconf 76' lang='grc' dir='ltr'>τῇ</span> <span class='ocrx_word' id='word_1_108' title='bbox 1522 2056 1693 2108; x_wconf 83' lang='grc' dir='ltr'>κοινῶς</span> <span class='ocrx_word' id='word_1_109' title='bbox 1731 2051 1873 2123; x_wconf 83' lang='grc' dir='ltr'>παρά</span> <span class='ocrx_word' id='word_1_110' title='bbox 1908 2050 2109 2103; x_wconf 81' lang='grc' dir='ltr'>πάντων</span> 
     </span>
    </p>
   </div>
   <div class='ocr_carea' id='block_1_20' title="bbox 520 2140 2111 2218">
    <p class='ocr_par' dir='ltr' id='par_1_20' title="bbox 520 2140 2111 2218">
     <span class='ocr_line' id='line_1_20' title="bbox 520 2140 2111 2218; baseline -0.004 -19"><span class='ocrx_word' id='word_1_111' title='bbox 520 2150 661 2218; x_wconf 75' lang='grc' dir='ltr'>ἡμῶν</span> <span class='ocrx_word' id='word_1_112' title='bbox 698 2147 932 2217; x_wconf 83' lang='grc' dir='ltr'>γενομένῃ</span> <span class='ocrx_word' id='word_1_113' title='bbox 970 2144 1101 2218; x_wconf 77' lang='grc' dir='ltr'><strong>ὑπὲρ</strong></span> <span class='ocrx_word' id='word_1_114' title='bbox 1156 2151 1244 2202; x_wconf 81' lang='grc' dir='ltr'>τῆς</span> <span class='ocrx_word' id='word_1_115' title='bbox 1298 2140 1633 2200; x_wconf 76' lang='grc' dir='ltr'>ἀποστολικῆς</span> <span class='ocrx_word' id='word_1_116' title='bbox 1684 2143 1822 2211; x_wconf 71' lang='grc' dir='ltr'>ἡμῶν</span> <span class='ocrx_word' id='word_1_117' title='bbox 1884 2140 2111 2199; x_wconf 85' lang='grc' dir='ltr'>πίστεως</span> 
     </span>
    </p>
   </div>
   <div class='ocr_carea' id='block_1_21' title="bbox 522 2237 1113 2316">
    <p class='ocr_par' dir='ltr' id='par_1_21' title="bbox 522 2237 1113 2316">
     <span class='ocr_line' id='line_1_21' title="bbox 522 2237 1113 2316; baseline -0.007 -24"><span class='ocrx_word' id='word_1_118' title='bbox 522 2244 798 2312; x_wconf 66' lang='grc' dir='ltr'>συνῄνεσα,</span> <span class='ocrx_word' id='word_1_119' title='bbox 839 2239 924 2291; x_wconf 86' lang='grc' dir='ltr'><strong>καί</strong></span> <span class='ocrx_word' id='word_1_120' title='bbox 962 2237 1113 2316; x_wconf 42' lang='grc' dir='ltr'>ὐπέγ..</span> 
     </span>
    </p>
   </div>
   <div class='ocr_carea' id='block_1_22' title="bbox 594 2323 2111 2400">
    <p class='ocr_par' dir='ltr' id='par_1_22' title="bbox 594 2323 2111 2400">
     <span class='ocr_line' id='line_1_22' title="bbox 594 2323 2111 2400; baseline -0.005 -15"><span class='ocrx_word' id='word_1_121' title='bbox 594 2333 875 2389; x_wconf 82' lang='grc' dir='ltr'>Ῥούστικος</span> <span class='ocrx_word' id='word_1_122' title='bbox 923 2328 1203 2399; x_wconf 75' lang='grc' dir='ltr'>ἐλάχιστος</span> <span class='ocrx_word' id='word_1_123' title='bbox 1248 2327 1525 2387; x_wconf 76' lang='grc' dir='ltr'><strong>ἐπίσκοπος</strong></span> <span class='ocrx_word' id='word_1_124' title='bbox 1559 2334 1651 2386; x_wconf 79' lang='grc' dir='ltr'>τῆς</span> <span class='ocrx_word' id='word_1_125' title='bbox 1679 2323 1827 2400; x_wconf 84' lang='grc' dir='ltr'>ἁγίας</span> <span class='ocrx_word' id='word_1_126' title='bbox 1855 2327 2111 2387; x_wconf 77' lang='grc' dir='ltr'><strong>ἐκκλησίας</strong></span> 
     </span>
    </p>
   </div>
   <div class='ocr_carea' id='block_1_23' title="bbox 521 2422 2114 2500">
    <p class='ocr_par' dir='ltr' id='par_1_23' title="bbox 521 2422 2114 2500">
     <span class='ocr_line' id='line_1_23' title="bbox 521 2422 2114 2500; baseline -0.006 -19"><span class='ocrx_word' id='word_1_127' title='bbox 521 2426 867 2500; x_wconf 80' lang='grc' dir='ltr'>Ταυρινάτων,</span> <span class='ocrx_word' id='word_1_128' title='bbox 910 2424 1073 2496; x_wconf 81' lang='grc' dir='ltr'>ταύτῃ</span> <span class='ocrx_word' id='word_1_129' title='bbox 1110 2432 1171 2493; x_wconf 80' lang='grc' dir='ltr'><strong>τῇ</strong></span> <span class='ocrx_word' id='word_1_130' title='bbox 1211 2424 1455 2497; x_wconf 83' lang='grc' dir='ltr'>ἀναφορᾷ,</span> <span class='ocrx_word' id='word_1_131' title='bbox 1496 2430 1557 2495; x_wconf 77' lang='grc' dir='ltr'>τῇ</span> <span class='ocrx_word' id='word_1_132' title='bbox 1589 2428 1759 2481; x_wconf 84' lang='grc' dir='ltr'>κοινῶς</span> <span class='ocrx_word' id='word_1_133' title='bbox 1797 2424 1944 2495; x_wconf 89' lang='grc' dir='ltr'>παρά</span> <span class='ocrx_word' id='word_1_134' title='bbox 1972 2422 2114 2473; x_wconf 86' lang='grc' dir='ltr'>πάν-</span> 
     </span>
    </p>
   </div>
   <div class='ocr_carea' id='block_1_24' title="bbox 521 2513 2113 2589">
    <p class='ocr_par' dir='ltr' id='par_1_24' title="bbox 521 2513 2113 2589">
     <span class='ocr_line' id='line_1_24' title="bbox 521 2513 2113 2589; baseline -0.004 -17"><span class='ocrx_word' id='word_1_135' title='bbox 521 2541 626 2573; x_wconf 86' lang='grc' dir='ltr'>των</span> <span class='ocrx_word' id='word_1_136' title='bbox 651 2521 786 2588; x_wconf 76' lang='grc' dir='ltr'>ἡμῶν</span> <span class='ocrx_word' id='word_1_137' title='bbox 806 2517 1039 2589; x_wconf 75' lang='grc' dir='ltr'><strong>γενομένῃ</strong></span> <span class='ocrx_word' id='word_1_138' title='bbox 1065 2516 1197 2589; x_wconf 77' lang='grc' dir='ltr'><strong>ὑπὲρ</strong></span> <span class='ocrx_word' id='word_1_139' title='bbox 1224 2523 1313 2574; x_wconf 77' lang='grc' dir='ltr'><strong>τῆς</strong></span> <span class='ocrx_word' id='word_1_140' title='bbox 1355 2513 1694 2573; x_wconf 80' lang='grc' dir='ltr'>ἀποστολικῆς</span> <span class='ocrx_word' id='word_1_141' title='bbox 1729 2514 1867 2581; x_wconf 69' lang='grc' dir='ltr'>ἡμῶν</span> <span class='ocrx_word' id='word_1_142' title='bbox 1887 2515 2113 2572; x_wconf 86' lang='grc' dir='ltr'>πίστεως</span> 
     </span>
    </p>
   </div>
   <div class='ocr_carea' id='block_1_25' title="bbox 525 2608 1099 2680">
    <p class='ocr_par' dir='ltr' id='par_1_25' title="bbox 525 2608 1099 2680">
     <span class='ocr_line' id='line_1_25' title="bbox 525 2608 1099 2680; baseline -0.009 -16"><span class='ocrx_word' id='word_1_143' title='bbox 525 2615 705 2680; x_wconf 74' lang='grc' dir='ltr'>συνῃνε</span> <span class='ocrx_word' id='word_1_144' title='bbox 714 2631 803 2673; x_wconf 83' lang='grc' dir='ltr'><strong>σα,</strong></span> <span class='ocrx_word' id='word_1_145' title='bbox 833 2610 914 2663; x_wconf 82' lang='grc' dir='ltr'>καί</span> <span class='ocrx_word' id='word_1_146' title='bbox 945 2608 1099 2680; x_wconf 80' lang='grc' dir='ltr'><strong>ὐπέγ.</strong></span> 
     </span>
    </p>
   </div>
   <div class='ocr_carea' id='block_1_26' title="bbox 597 2698 2113 2774">
    <p class='ocr_par' dir='ltr' id='par_1_26' title="bbox 597 2698 2113 2774">
     <span class='ocr_line' id='line_1_26' title="bbox 597 2698 2113 2774; baseline 0 -19"><span class='ocrx_word' id='word_1_147' title='bbox 597 2701 821 2763; x_wconf 83' lang='grc' dir='ltr'>Ἰωάννης</span> <span class='ocrx_word' id='word_1_148' title='bbox 859 2703 1131 2773; x_wconf 83' lang='grc' dir='ltr'>ἐλάχιστος</span> <span class='ocrx_word' id='word_1_149' title='bbox 1194 2699 1468 2762; x_wconf 80' lang='grc' dir='ltr'><strong>ἐπίσκοπος</strong></span> <span class='ocrx_word' id='word_1_150' title='bbox 1516 2707 1608 2761; x_wconf 78' lang='grc' dir='ltr'>τῆς</span> <span class='ocrx_word' id='word_1_151' title='bbox 1660 2698 1811 2774; x_wconf 77' lang='grc' dir='ltr'>ἁγίας</span> <span class='ocrx_word' id='word_1_152' title='bbox 1847 2699 2113 2759; x_wconf 80' lang='grc' dir='ltr'>ἐκκλησίας</span> 
     </span>
    </p>
   </div>
   <div class='ocr_carea' id='block_1_27' title="bbox 519 2790 2113 2870">
    <p class='ocr_par' dir='ltr' id='par_1_27' title="bbox 519 2790 2113 2870">
     <span class='ocr_line' id='line_1_27' title="bbox 519 2790 2113 2870; baseline -0.004 -18"><span class='ocrx_word' id='word_1_153' title='bbox 519 2797 839 2868; x_wconf 83' lang='grc' dir='ltr'>Βιντιμιλίον,</span> <span class='ocrx_word' id='word_1_154' title='bbox 874 2798 1038 2869; x_wconf 80' lang='grc' dir='ltr'>ταύτῃ</span> <span class='ocrx_word' id='word_1_155' title='bbox 1069 2802 1131 2867; x_wconf 77' lang='grc' dir='ltr'>τῇ</span> <span class='ocrx_word' id='word_1_156' title='bbox 1159 2795 1406 2870; x_wconf 78' lang='grc' dir='ltr'>ἀναφορᾷ,</span> <span class='ocrx_word' id='word_1_157' title='bbox 1448 2800 1509 2867; x_wconf 75' lang='grc' dir='ltr'>τῇ</span> <span class='ocrx_word' id='word_1_158' title='bbox 1537 2798 1705 2852; x_wconf 82' lang='grc' dir='ltr'>κοινῶς</span> <span class='ocrx_word' id='word_1_159' title='bbox 1736 2793 1879 2866; x_wconf 86' lang='grc' dir='ltr'>παρά</span> <span class='ocrx_word' id='word_1_160' title='bbox 1905 2790 2113 2847; x_wconf 79' lang='grc' dir='ltr'>πάντων</span> 
     </span>
    </p>
   </div>
   <div class='ocr_carea' id='block_1_28' title="bbox 517 2887 2111 2965">
    <p class='ocr_par' dir='ltr' id='par_1_28' title="bbox 517 2887 2111 2965">
     <span class='ocr_line' id='line_1_28' title="bbox 517 2887 2111 2965; baseline -0.003 -20"><span class='ocrx_word' id='word_1_161' title='bbox 517 2892 661 2959; x_wconf 79' lang='grc' dir='ltr'>ἡμῶν</span> <span class='ocrx_word' id='word_1_162' title='bbox 710 2890 945 2965; x_wconf 74' lang='grc' dir='ltr'><strong>γενομένῃ</strong></span> <span class='ocrx_word' id='word_1_163' title='bbox 984 2889 1116 2957; x_wconf 81' lang='grc' dir='ltr'><strong>ὑπὲρ</strong></span> <span class='ocrx_word' id='word_1_164' title='bbox 1154 2897 1246 2949; x_wconf 79' lang='grc' dir='ltr'><strong>τῆς</strong></span> <span class='ocrx_word' id='word_1_165' title='bbox 1302 2887 1644 2948; x_wconf 71' lang='grc' dir='ltr'>ἀποστολικῑκ</span> <span class='ocrx_word' id='word_1_166' title='bbox 1695 2889 1834 2958; x_wconf 69' lang='grc' dir='ltr'>ἡμῶν</span> <span class='ocrx_word' id='word_1_167' title='bbox 1890 2888 2111 2947; x_wconf 83' lang='grc' dir='ltr'>πίστεως</span> 
     </span>
    </p>
   </div>
   <div class='ocr_carea' id='block_1_29' title="bbox 524 2982 1102 3057">
    <p class='ocr_par' dir='ltr' id='par_1_29' title="bbox 524 2982 1102 3057">
     <span class='ocr_line' id='line_1_29' title="bbox 524 2982 1102 3057; baseline -0.007 -20"><span class='ocrx_word' id='word_1_168' title='bbox 524 2987 801 3057; x_wconf 74' lang='grc' dir='ltr'>σννῄνεσα,</span> <span class='ocrx_word' id='word_1_169' title='bbox 829 2986 909 3037; x_wconf 85' lang='grc' dir='ltr'>καί</span> <span class='ocrx_word' id='word_1_170' title='bbox 951 2982 1102 3053; x_wconf 81' lang='grc' dir='ltr'>ὑπέγ.</span> 
     </span>
    </p>
   </div>
   <div class='ocr_carea' id='block_1_30' title="bbox 595 3075 2110 3151">
    <p class='ocr_par' dir='ltr' id='par_1_30' title="bbox 595 3075 2110 3151">
     <span class='ocr_line' id='line_1_30' title="bbox 595 3075 2110 3151; baseline 0.003 -23"><span class='ocrx_word' id='word_1_171' title='bbox 595 3077 809 3151; x_wconf 74' lang='grc' dir='ltr'>Σεϐἦρος</span> <span class='ocrx_word' id='word_1_172' title='bbox 864 3078 1138 3147; x_wconf 73' lang='grc' dir='ltr'>ἐλάχιστος</span> <span class='ocrx_word' id='word_1_173' title='bbox 1186 3075 1455 3135; x_wconf 86' lang='grc' dir='ltr'><strong>ἐπίσκοπος</strong></span> <span class='ocrx_word' id='word_1_174' title='bbox 1511 3084 1601 3136; x_wconf 80' lang='grc' dir='ltr'><strong>τῆς</strong></span> <span class='ocrx_word' id='word_1_175' title='bbox 1655 3075 1805 3149; x_wconf 90' lang='grc' dir='ltr'>ἁγίας</span> <span class='ocrx_word' id='word_1_176' title='bbox 1846 3078 2110 3139; x_wconf 83' lang='grc' dir='ltr'>ἐκκλησίας</span> 
     </span>
    </p>
   </div>
   <div class='ocr_carea' id='block_1_31' title="bbox 520 3170 2107 3244">
    <p class='ocr_par' dir='ltr' id='par_1_31' title="bbox 520 3170 2107 3244">
     <span class='ocr_line' id='line_1_31' title="bbox 520 3170 2107 3244; baseline 0.001 -21"><span class='ocrx_word' id='word_1_177' title='bbox 520 3171 728 3231; x_wconf 84' lang='grc' dir='ltr'>Δούνης,</span> <span class='ocrx_word' id='word_1_178' title='bbox 758 3170 922 3244; x_wconf 79' lang='grc' dir='ltr'>ταύτῃ</span> <span class='ocrx_word' id='word_1_179' title='bbox 943 3177 1004 3243; x_wconf 74' lang='grc' dir='ltr'>τῇ</span> <span class='ocrx_word' id='word_1_180' title='bbox 1028 3170 1270 3244; x_wconf 79' lang='grc' dir='ltr'>ἀναφορᾷ,</span> <span class='ocrx_word' id='word_1_181' title='bbox 1295 3178 1355 3244; x_wconf 75' lang='grc' dir='ltr'>τῇ</span> <span class='ocrx_word' id='word_1_182' title='bbox 1382 3176 1558 3229; x_wconf 85' lang='grc' dir='ltr'>κοινῶς</span> <span class='ocrx_word' id='word_1_183' title='bbox 1583 3173 1722 3240; x_wconf 81' lang='grc' dir='ltr'>παρά</span> <span class='ocrx_word' id='word_1_184' title='bbox 1743 3172 1944 3226; x_wconf 87' lang='grc' dir='ltr'>πάντων</span> <span class='ocrx_word' id='word_1_185' title='bbox 1970 3176 2107 3241; x_wconf 81' lang='grc' dir='ltr'>ἡμῶν</span> 
     </span>
    </p>
   </div>
   <div class='ocr_carea' id='block_1_32' title="bbox 519 3261 2105 3339">
    <p class='ocr_par' dir='ltr' id='par_1_32' title="bbox 519 3261 2105 3339">
     <span class='ocr_line' id='line_1_32' title="bbox 519 3261 2105 3339; baseline 0.002 -25"><span class='ocrx_word' id='word_1_186' title='bbox 519 3263 760 3335; x_wconf 78' lang='grc' dir='ltr'>γενομένῃ</span> <span class='ocrx_word' id='word_1_187' title='bbox 781 3261 910 3339; x_wconf 80' lang='grc' dir='ltr'><strong>ὑπὲρ</strong></span> <span class='ocrx_word' id='word_1_188' title='bbox 931 3270 1020 3320; x_wconf 81' lang='grc' dir='ltr'><strong>τῆς</strong></span> <span class='ocrx_word' id='word_1_189' title='bbox 1048 3263 1384 3323; x_wconf 81' lang='grc' dir='ltr'>ἀποστολικῆς</span> <span class='ocrx_word' id='word_1_190' title='bbox 1414 3264 1549 3334; x_wconf 74' lang='grc' dir='ltr'>ἡμῶν</span> <span class='ocrx_word' id='word_1_191' title='bbox 1587 3266 1811 3322; x_wconf 83' lang='grc' dir='ltr'>πίστεως</span> <span class='ocrx_word' id='word_1_192' title='bbox 1832 3269 2105 3333; x_wconf 67' lang='grc' dir='ltr'>συνῄνεσα,</span> 
     </span>
    </p>
   </div>
   <div class='ocr_carea' id='block_1_33' title="bbox 520 3352 795 3421">
    <p class='ocr_par' dir='ltr' id='par_1_33' title="bbox 520 3352 795 3421">
     <span class='ocr_line' id='line_1_33' title="bbox 520 3352 795 3421; baseline 0.007 -15"><span class='ocrx_word' id='word_1_193' title='bbox 520 3354 605 3406; x_wconf 83' lang='grc' dir='ltr'>καί</span> <span class='ocrx_word' id='word_1_194' title='bbox 642 3352 795 3421; x_wconf 80' lang='grc' dir='ltr'><strong>ὑπέγ.</strong></span> 
     </span>
    </p>
   </div>
   <div class='ocr_carea' id='block_1_34' title="bbox 592 3442 2109 3519">
    <p class='ocr_par' dir='ltr' id='par_1_34' title="bbox 592 3442 2109 3519">
     <span class='ocr_line' id='line_1_34' title="bbox 592 3442 2109 3519; baseline 0.002 -22"><span class='ocrx_word' id='word_1_195' title='bbox 592 3442 889 3519; x_wconf 72' lang='grc' dir='ltr'>Ἐλευθέριος</span> <span class='ocrx_word' id='word_1_196' title='bbox 917 3443 1195 3513; x_wconf 83' lang='grc' dir='ltr'>ἐλάχιστος</span> <span class='ocrx_word' id='word_1_197' title='bbox 1219 3444 1497 3505; x_wconf 86' lang='grc' dir='ltr'><strong>ἐπίσκοπος</strong></span> <span class='ocrx_word' id='word_1_198' title='bbox 1521 3454 1613 3503; x_wconf 75' lang='grc' dir='ltr'>τῆς</span> <span class='ocrx_word' id='word_1_199' title='bbox 1651 3444 1799 3517; x_wconf 80' lang='grc' dir='ltr'>ἁγίας</span> <span class='ocrx_word' id='word_1_200' title='bbox 1845 3446 2109 3508; x_wconf 81' lang='grc' dir='ltr'>ἐκκλησίας</span> 
     </span>
    </p>
   </div>
   <div class='ocr_carea' id='block_1_35' title="bbox 518 3539 2177 3613">
    <p class='ocr_par' dir='ltr' id='par_1_35' title="bbox 518 3539 2177 3613">
     <span class='ocr_line' id='line_1_35' title="bbox 518 3539 2177 3613; baseline 0.001 -22"><span class='ocrx_word' id='word_1_201' title='bbox 518 3539 721 3602; x_wconf 81' lang='grc' dir='ltr'>κένσου,</span> <span class='ocrx_word' id='word_1_202' title='bbox 759 3539 923 3610; x_wconf 76' lang='grc' dir='ltr'>ταύτῃ</span> <span class='ocrx_word' id='word_1_203' title='bbox 969 3546 1032 3611; x_wconf 74' lang='grc' dir='ltr'>τῇ</span> <span class='ocrx_word' id='word_1_204' title='bbox 1074 3540 1324 3613; x_wconf 81' lang='grc' dir='ltr'>ἀναφορᾷ,</span> <span class='ocrx_word' id='word_1_205' title='bbox 1365 3548 1426 3610; x_wconf 79' lang='grc' dir='ltr'>τῇ</span> <span class='ocrx_word' id='word_1_206' title='bbox 1481 3546 1651 3598; x_wconf 78' lang='grc' dir='ltr'>κοινῶς</span> <span class='ocrx_word' id='word_1_207' title='bbox 1702 3542 1841 3613; x_wconf 78' lang='grc' dir='ltr'>παρά</span> <span class='ocrx_word' id='word_1_208' title='bbox 1904 3542 2105 3596; x_wconf 77' lang='grc' dir='ltr'>πάντων</span> <span class='ocrx_word' id='word_1_209' title='bbox 2166 3584 2177 3593; x_wconf 84' lang='grc'>.</span> 
     </span>
    </p>
   </div>
   <div class='ocr_carea' id='block_1_36' title="bbox 522 3631 2111 3708">
    <p class='ocr_par' dir='ltr' id='par_1_36' title="bbox 522 3631 2111 3708">
     <span class='ocr_line' id='line_1_36' title="bbox 522 3631 2111 3708; baseline 0.005 -27"><span class='ocrx_word' id='word_1_210' title='bbox 522 3631 772 3697; x_wconf 76' lang='grc' dir='ltr'>Λονημῶν</span> <span class='ocrx_word' id='word_1_211' title='bbox 821 3632 1057 3701; x_wconf 81' lang='grc' dir='ltr'>γενομένῃ</span> <span class='ocrx_word' id='word_1_212' title='bbox 1111 3634 1239 3708; x_wconf 73' lang='grc' dir='ltr'><strong>ὑπὲρ</strong></span> <span class='ocrx_word' id='word_1_213' title='bbox 1275 3640 1366 3691; x_wconf 75' lang='grc' dir='ltr'>τῆς</span> <span class='ocrx_word' id='word_1_214' title='bbox 1424 3634 1756 3692; x_wconf 74' lang='grc' dir='ltr'>ἀποστολικῆς</span> <span class='ocrx_word' id='word_1_215' title='bbox 1813 3637 1952 3704; x_wconf 71' lang='grc' dir='ltr'>ἡμῶν</span> <span class='ocrx_word' id='word_1_216' title='bbox 1989 3638 2111 3689; x_wconf 82' lang='grc' dir='ltr'><strong>πίσ-</strong></span> 
     </span>
    </p>
   </div>
   <div class='ocr_carea' id='block_1_37' title="bbox 522 3721 1245 3790">
    <p class='ocr_par' dir='ltr' id='par_1_37' title="bbox 522 3721 1245 3790">
     <span class='ocr_line' id='line_1_37' title="bbox 522 3721 1245 3790; baseline -0.003 -18"><span class='ocrx_word' id='word_1_217' title='bbox 522 3738 649 3777; x_wconf 81' lang='grc' dir='ltr'>τεως</span> <span class='ocrx_word' id='word_1_218' title='bbox 683 3723 952 3788; x_wconf 82' lang='grc' dir='ltr'>συνῃνεσα,</span> <span class='ocrx_word' id='word_1_219' title='bbox 984 3722 1066 3772; x_wconf 85' lang='grc' dir='ltr'>καὶ</span> <span class='ocrx_word' id='word_1_220' title='bbox 1095 3721 1245 3790; x_wconf 82' lang='grc' dir='ltr'><strong>ὐπέγ.</strong></span> 
     </span>
    </p>
   </div>
   <div class='ocr_carea' id='block_1_38' title="bbox 592 3812 2111 3889">
    <p class='ocr_par' dir='ltr' id='par_1_38' title="bbox 592 3812 2111 3889">
     <span class='ocr_line' id='line_1_38' title="bbox 592 3812 2111 3889; baseline 0.005 -22"><span class='ocrx_word' id='word_1_221' title='bbox 592 3816 873 3889; x_wconf 80' lang='grc' dir='ltr'>Μαυριανός</span> <span class='ocrx_word' id='word_1_222' title='bbox 901 3812 1177 3883; x_wconf 80' lang='grc' dir='ltr'>ἐλάχιστος</span> <span class='ocrx_word' id='word_1_223' title='bbox 1231 3814 1503 3875; x_wconf 82' lang='grc' dir='ltr'><strong>ἐπίσκοπος</strong></span> <span class='ocrx_word' id='word_1_224' title='bbox 1532 3826 1621 3877; x_wconf 73' lang='grc' dir='ltr'><strong>τῆς</strong></span> <span class='ocrx_word' id='word_1_225' title='bbox 1651 3817 1797 3889; x_wconf 87' lang='grc' dir='ltr'>ἁγίας</span> <span class='ocrx_word' id='word_1_226' title='bbox 1846 3819 2111 3880; x_wconf 74' lang='grc' dir='ltr'>ἐκκλησίας</span> 
     </span>
    </p>
   </div>
   <div class='ocr_carea' id='block_1_39' title="bbox 520 3902 2109 3985">
    <p class='ocr_par' dir='ltr' id='par_1_39' title="bbox 520 3902 2109 3985">
     <span class='ocr_line' id='line_1_39' title="bbox 520 3902 2109 3985; baseline 0.003 -28"><span class='ocrx_word' id='word_1_227' title='bbox 520 3913 705 3969; x_wconf 83' lang='grc' dir='ltr'>Πισῶν,</span> <span class='ocrx_word' id='word_1_228' title='bbox 748 3902 911 3975; x_wconf 77' lang='grc' dir='ltr'>ταύτῃ</span> <span class='ocrx_word' id='word_1_229' title='bbox 961 3915 1022 3977; x_wconf 79' lang='grc' dir='ltr'>τῇ</span> <span class='ocrx_word' id='word_1_230' title='bbox 1080 3907 1322 3977; x_wconf 76' lang='grc' dir='ltr'>ἀναφορᾷ,</span> <span class='ocrx_word' id='word_1_231' title='bbox 1373 3915 1433 3980; x_wconf 75' lang='grc' dir='ltr'>τῇ</span> <span class='ocrx_word' id='word_1_232' title='bbox 1492 3916 1661 3967; x_wconf 83' lang='grc' dir='ltr'>κοινῶς</span> <span class='ocrx_word' id='word_1_233' title='bbox 1716 3910 1859 3985; x_wconf 81' lang='grc' dir='ltr'>ποιρά</span> <span class='ocrx_word' id='word_1_234' title='bbox 1907 3915 2109 3963; x_wconf 81' lang='grc' dir='ltr'>πάντων</span> 
     </span>
    </p>
   </div>
   <div class='ocr_carea' id='block_1_40' title="bbox 523 3997 2109 4071">
    <p class='ocr_par' dir='ltr' id='par_1_40' title="bbox 523 3997 2109 4071">
     <span class='ocr_line' id='line_1_40' title="bbox 523 3997 2109 4071; baseline 0.006 -26"><span class='ocrx_word' id='word_1_235' title='bbox 523 3997 661 4062; x_wconf 72' lang='grc' dir='ltr'>ἡμῶν</span> <span class='ocrx_word' id='word_1_236' title='bbox 722 3998 955 4069; x_wconf 75' lang='grc' dir='ltr'>γενομένῃ</span> <span class='ocrx_word' id='word_1_237' title='bbox 1016 3999 1145 4066; x_wconf 75' lang='grc' dir='ltr'><strong>ὑπὲρ</strong></span> <span class='ocrx_word' id='word_1_238' title='bbox 1194 4004 1284 4057; x_wconf 84' lang='grc' dir='ltr'><strong>τῆς</strong></span> <span class='ocrx_word' id='word_1_239' title='bbox 1322 3998 1655 4057; x_wconf 67' lang='grc' dir='ltr'>ἀπστολικῆς</span> <span class='ocrx_word' id='word_1_240' title='bbox 1706 4002 1845 4071; x_wconf 74' lang='grc' dir='ltr'>ἡμῶν</span> <span class='ocrx_word' id='word_1_241' title='bbox 1883 4003 2109 4062; x_wconf 82' lang='grc' dir='ltr'>πίστεως</span> 
     </span>
    </p>
   </div>
   <div class='ocr_carea' id='block_1_41' title="bbox 522 4088 1092 4158">
    <p class='ocr_par' dir='ltr' id='par_1_41' title="bbox 522 4088 1092 4158">
     <span class='ocr_line' id='line_1_41' title="bbox 522 4088 1092 4158; baseline 0.004 -21"><span class='ocrx_word' id='word_1_242' title='bbox 522 4089 792 4147; x_wconf 80' lang='grc' dir='ltr'>συνηνεσα,</span> <span class='ocrx_word' id='word_1_243' title='bbox 827 4089 912 4139; x_wconf 87' lang='grc' dir='ltr'>καί</span> <span class='ocrx_word' id='word_1_244' title='bbox 940 4088 1092 4158; x_wconf 75' lang='grc' dir='ltr'><strong>ὑπέγ.</strong></span> 
     </span>
    </p>
   </div>
   <div class='ocr_carea' id='block_1_42' title="bbox 552 4177 2113 4253">
    <p class='ocr_par' dir='ltr' id='par_1_42' title="bbox 595 4177 2113 4253">
     <span class='ocr_line' id='line_1_42' title="bbox 595 4177 2113 4253; baseline 0.009 -27"><span class='ocrx_word' id='word_1_245' title='bbox 595 4182 801 4246; x_wconf 75' lang='grc' dir='ltr'>Σερῆνος</span> <span class='ocrx_word' id='word_1_246' title='bbox 832 4177 1106 4246; x_wconf 83' lang='grc' dir='ltr'>ἐλάχιστος</span> <span class='ocrx_word' id='word_1_247' title='bbox 1131 4177 1404 4239; x_wconf 82' lang='grc' dir='ltr'><strong>ἐπίσκοπος</strong></span> <span class='ocrx_word' id='word_1_248' title='bbox 1434 4190 1524 4241; x_wconf 78' lang='grc' dir='ltr'>τῆς</span> <span class='ocrx_word' id='word_1_249' title='bbox 1560 4182 1704 4253; x_wconf 83' lang='grc' dir='ltr'>ἁγίας</span> <span class='ocrx_word' id='word_1_250' title='bbox 1727 4183 1987 4245; x_wconf 86' lang='grc' dir='ltr'>ἐκκλησίας</span> <span class='ocrx_word' id='word_1_251' title='bbox 2016 4192 2113 4240; x_wconf 89' lang='grc' dir='ltr'><strong>Πο-</strong></span> 
     </span>
    </p>
   </div>
   <div class='ocr_carea' id='block_1_43' title="bbox 520 4265 2112 4349">
    <p class='ocr_par' dir='ltr' id='par_1_43' title="bbox 520 4265 2112 4349">
     <span class='ocr_line' id='line_1_43' title="bbox 520 4265 2112 4349; baseline 0.006 -30"><span class='ocrx_word' id='word_1_252' title='bbox 520 4265 827 4331; x_wconf 83' lang='grc' dir='ltr'>πουλωνίου,</span> <span class='ocrx_word' id='word_1_253' title='bbox 852 4268 1015 4339; x_wconf 85' lang='grc' dir='ltr'>ταύτῃ</span> <span class='ocrx_word' id='word_1_254' title='bbox 1054 4276 1113 4342; x_wconf 77' lang='grc' dir='ltr'><strong>τῇ</strong></span> <span class='ocrx_word' id='word_1_255' title='bbox 1153 4270 1397 4344; x_wconf 79' lang='grc' dir='ltr'>ἀναφορᾷ,</span> <span class='ocrx_word' id='word_1_256' title='bbox 1428 4280 1488 4345; x_wconf 75' lang='grc' dir='ltr'>τῇ</span> <span class='ocrx_word' id='word_1_257' title='bbox 1528 4282 1699 4333; x_wconf 86' lang='grc' dir='ltr'>κοινῶς</span> <span class='ocrx_word' id='word_1_258' title='bbox 1738 4278 1878 4349; x_wconf 81' lang='grc' dir='ltr'>παρὰ</span> <span class='ocrx_word' id='word_1_259' title='bbox 1909 4281 2112 4333; x_wconf 87' lang='grc' dir='ltr'>πάντων</span> 
     </span>
    </p>
   </div>
   <div class='ocr_carea' id='block_1_44' title="bbox 521 4359 2111 4436">
    <p class='ocr_par' dir='ltr' id='par_1_44' title="bbox 521 4359 2111 4436">
     <span class='ocr_line' id='line_1_44' title="bbox 521 4359 2111 4436; baseline 0.008 -27"><span class='ocrx_word' id='word_1_260' title='bbox 521 4359 661 4426; x_wconf 80' lang='grc' dir='ltr'>ημῶν</span> <span class='ocrx_word' id='word_1_261' title='bbox 706 4360 940 4432; x_wconf 84' lang='grc' dir='ltr'>γενομένῃ</span> <span class='ocrx_word' id='word_1_262' title='bbox 994 4362 1125 4432; x_wconf 75' lang='grc' dir='ltr'>ὺπέρ</span> <span class='ocrx_word' id='word_1_263' title='bbox 1163 4369 1254 4421; x_wconf 76' lang='grc' dir='ltr'><strong>τῆς</strong></span> <span class='ocrx_word' id='word_1_264' title='bbox 1306 4364 1639 4427; x_wconf 77' lang='grc' dir='ltr'>ἀποστολικῆς</span> <span class='ocrx_word' id='word_1_265' title='bbox 1689 4370 1827 4436; x_wconf 78' lang='grc' dir='ltr'>ἡμῶν</span> <span class='ocrx_word' id='word_1_266' title='bbox 1885 4371 2111 4429; x_wconf 83' lang='grc' dir='ltr'>πίστεως</span> 
     </span>
    </p>
   </div>
   <div class='ocr_carea' id='block_1_45' title="bbox 519 4450 1089 4519">
    <p class='ocr_par' dir='ltr' id='par_1_45' title="bbox 519 4450 1089 4519">
     <span class='ocr_line' id='line_1_45' title="bbox 519 4450 1089 4519; baseline 0.005 -18"><span class='ocrx_word' id='word_1_267' title='bbox 519 4454 699 4519; x_wconf 77' lang='grc' dir='ltr'>συνῃνε</span> <span class='ocrx_word' id='word_1_268' title='bbox 709 4470 802 4513; x_wconf 88' lang='grc' dir='ltr'><strong>σα,</strong></span> <span class='ocrx_word' id='word_1_269' title='bbox 829 4452 911 4502; x_wconf 88' lang='grc' dir='ltr'>καὶ</span> <span class='ocrx_word' id='word_1_270' title='bbox 939 4450 1089 4519; x_wconf 83' lang='grc' dir='ltr'>ύπέγ.</span> 
     </span>
    </p>
   </div>
   <div class='ocr_carea' id='block_1_46' title="bbox 591 4536 2107 4622">
    <p class='ocr_par' dir='ltr' id='par_1_46' title="bbox 591 4536 2107 4622">
     <span class='ocr_line' id='line_1_46' title="bbox 591 4536 2107 4622; baseline 0.009 -30"><span class='ocrx_word' id='word_1_271' title='bbox 591 4536 894 4613; x_wconf 85' lang='grc' dir='ltr'>Ῥεπαράτος</span> <span class='ocrx_word' id='word_1_272' title='bbox 922 4541 1201 4613; x_wconf 84' lang='grc' dir='ltr'>ἐλάχιστος</span> <span class='ocrx_word' id='word_1_273' title='bbox 1239 4543 1518 4607; x_wconf 81' lang='grc' dir='ltr'><strong>ἐπίσκοπος</strong></span> <span class='ocrx_word' id='word_1_274' title='bbox 1538 4555 1628 4608; x_wconf 76' lang='grc' dir='ltr'>τῆς</span> <span class='ocrx_word' id='word_1_275' title='bbox 1671 4546 1819 4622; x_wconf 87' lang='grc' dir='ltr'>ἁγίας</span> <span class='ocrx_word' id='word_1_276' title='bbox 1842 4550 2107 4614; x_wconf 83' lang='grc' dir='ltr'>ἐκκλησίας</span> 
     </span>
    </p>
   </div>
   <div class='ocr_carea' id='block_1_47' title="bbox 518 4631 2105 4718">
    <p class='ocr_par' dir='ltr' id='par_1_47' title="bbox 518 4631 2105 4718">
     <span class='ocr_line' id='line_1_47' title="bbox 518 4631 2105 4718; baseline 0.009 -35"><span class='ocrx_word' id='word_1_277' title='bbox 518 4631 868 4704; x_wconf 73' lang='grc' dir='ltr'>Φλωρεντίνης,</span> <span class='ocrx_word' id='word_1_278' title='bbox 900 4636 1064 4708; x_wconf 84' lang='grc' dir='ltr'>ταύτῃ</span> <span class='ocrx_word' id='word_1_279' title='bbox 1102 4645 1163 4709; x_wconf 77' lang='grc' dir='ltr'>τῇ</span> <span class='ocrx_word' id='word_1_280' title='bbox 1201 4638 1441 4713; x_wconf 86' lang='grc' dir='ltr'>ἀναφορᾷ,</span> <span class='ocrx_word' id='word_1_281' title='bbox 1472 4646 1535 4709; x_wconf 80' lang='grc' dir='ltr'>τῇ</span> <span class='ocrx_word' id='word_1_282' title='bbox 1573 4648 1749 4700; x_wconf 83' lang='grc' dir='ltr'>κοινῶς</span> <span class='ocrx_word' id='word_1_283' title='bbox 1792 4646 1934 4718; x_wconf 87' lang='grc' dir='ltr'>παρά</span> <span class='ocrx_word' id='word_1_284' title='bbox 1975 4647 2105 4699; x_wconf 86' lang='grc' dir='ltr'>πάν-</span> 
     </span>
    </p>
   </div>
   <div class='ocr_carea' id='block_1_48' title="bbox 518 4719 2105 4803">
    <p class='ocr_par' dir='ltr' id='par_1_48' title="bbox 518 4719 2105 4803">
     <span class='ocr_line' id='line_1_48' title="bbox 518 4719 2105 4803; baseline 0.013 -30"><span class='ocrx_word' id='word_1_285' title='bbox 518 4741 618 4773; x_wconf 90' lang='grc' dir='ltr'>των</span> <span class='ocrx_word' id='word_1_286' title='bbox 648 4719 787 4789; x_wconf 72' lang='grc' dir='ltr'>ἡμῶν</span> <span class='ocrx_word' id='word_1_287' title='bbox 812 4726 1045 4799; x_wconf 77' lang='grc' dir='ltr'>γενομένῃ</span> <span class='ocrx_word' id='word_1_288' title='bbox 1065 4726 1196 4801; x_wconf 78' lang='grc' dir='ltr'><strong>ὑπὲρ</strong></span> <span class='ocrx_word' id='word_1_289' title='bbox 1217 4734 1308 4787; x_wconf 81' lang='grc' dir='ltr'>τῆς</span> <span class='ocrx_word' id='word_1_290' title='bbox 1330 4728 1668 4792; x_wconf 80' lang='grc' dir='ltr'>ἀποστολικῆς</span> <span class='ocrx_word' id='word_1_291' title='bbox 1707 4735 1848 4803; x_wconf 72' lang='grc' dir='ltr'>ἡμῶν</span> <span class='ocrx_word' id='word_1_292' title='bbox 1878 4740 2105 4800; x_wconf 84' lang='grc' dir='ltr'>πίστεως</span> 
     </span>
    </p>
   </div>
   <div class='ocr_carea' id='block_1_49' title="bbox 517 4815 1099 4884">
    <p class='ocr_par' dir='ltr' id='par_1_49' title="bbox 517 4815 1099 4884">
     <span class='ocr_line' id='line_1_49' title="bbox 517 4815 1099 4884; baseline 0.005 -21"><span class='ocrx_word' id='word_1_293' title='bbox 517 4815 794 4881; x_wconf 80' lang='grc' dir='ltr'>συνῃνεσα,</span> <span class='ocrx_word' id='word_1_294' title='bbox 828 4816 911 4865; x_wconf 88' lang='grc' dir='ltr'>καὶ</span> <span class='ocrx_word' id='word_1_295' title='bbox 947 4816 1099 4884; x_wconf 79' lang='grc' dir='ltr'><strong>ὐπέγ.</strong></span> 
     </span>
    </p>
   </div>
   <div class='ocr_carea' id='block_1_50' title="bbox 468 4886 2105 4985">
    <p class='ocr_par' dir='ltr' id='par_1_50' title="bbox 468 4886 2105 4985">
     <span class='ocr_line' id='line_1_50' title="bbox 468 4886 2105 4985; baseline 0.014 -36"><span class='ocrx_word' id='word_1_296' title='bbox 468 4886 471 4891; x_wconf 53' lang='grc'><em>’</em></span> <span class='ocrx_word' id='word_1_297' title='bbox 590 4902 888 4972; x_wconf 83' lang='grc' dir='ltr'>Βαλεριανός</span> <span class='ocrx_word' id='word_1_298' title='bbox 914 4903 1185 4975; x_wconf 79' lang='grc' dir='ltr'>ἐλάχιστος</span> <span class='ocrx_word' id='word_1_299' title='bbox 1216 4908 1488 4969; x_wconf 86' lang='grc' dir='ltr'>ἐπίσκοπος</span> <span class='ocrx_word' id='word_1_300' title='bbox 1514 4919 1604 4970; x_wconf 80' lang='grc' dir='ltr'><strong>τῆς</strong></span> <span class='ocrx_word' id='word_1_301' title='bbox 1642 4910 1793 4985; x_wconf 83' lang='grc' dir='ltr'>ἁγίας</span> <span class='ocrx_word' id='word_1_302' title='bbox 1840 4916 2105 4979; x_wconf 84' lang='grc' dir='ltr'>ἐκκλησίας</span> 
     </span>
    </p>
   </div>
   <div class='ocr_carea' id='block_1_51' title="bbox 458 4980 2103 5079">
    <p class='ocr_par' dir='ltr' id='par_1_51' title="bbox 458 4980 2103 5079">
     <span class='ocr_line' id='line_1_51' title="bbox 458 4980 2103 5079; baseline 0.009 -31"><span class='ocrx_word' id='word_1_303' title='bbox 458 4980 467 4991; x_wconf 31' lang='grc'>⁸</span> <span class='ocrx_word' id='word_1_304' title='bbox 516 4997 865 5068; x_wconf 73' lang='grc' dir='ltr'>Ῥοοφελένσον</span> <span class='ocrx_word' id='word_1_305' title='bbox 890 4994 1285 5065; x_wconf 71' lang='grc' dir='ltr'>[Ῥουτελένσου;</span> <span class='ocrx_word' id='word_1_306' title='bbox 1319 5003 1414 5070; x_wconf 79' lang='lat' dir='ltr'><strong>aL,</strong></span> <span class='ocrx_word' id='word_1_307' title='bbox 1445 5005 1771 5067; x_wconf 82' lang='grc' dir='ltr'>Ῥονσελλίνης</span> <span class='ocrx_word' id='word_1_308' title='bbox 1808 5005 1913 5077; x_wconf 84' lang='lat' dir='ltr'><strong>L.].</strong></span> <span class='ocrx_word' id='word_1_309' title='bbox 1938 5012 2103 5079; x_wconf 81' lang='grc' dir='ltr'>ταύτῃ</span> 
     </span>
    </p>
   </div>
   <div class='ocr_carea' id='block_1_52' title="bbox 515 5095 2105 5174">
    <p class='ocr_par' dir='ltr' id='par_1_52' title="bbox 515 5095 2105 5174">
     <span class='ocr_line' id='line_1_52' title="bbox 515 5095 2105 5174; baseline 0.006 -27"><span class='ocrx_word' id='word_1_310' title='bbox 515 5102 577 5167; x_wconf 76' lang='grc' dir='ltr'>τῇ</span> <span class='ocrx_word' id='word_1_311' title='bbox 608 5095 850 5169; x_wconf 70' lang='grc' dir='ltr'>ἀναφορᾷ,</span> <span class='ocrx_word' id='word_1_312' title='bbox 891 5103 953 5167; x_wconf 77' lang='grc' dir='ltr'>τῇ</span> <span class='ocrx_word' id='word_1_313' title='bbox 996 5102 1173 5156; x_wconf 88' lang='grc' dir='ltr'>κοινῶς</span> <span class='ocrx_word' id='word_1_314' title='bbox 1221 5100 1363 5170; x_wconf 87' lang='grc' dir='ltr'>παρά</span> <span class='ocrx_word' id='word_1_315' title='bbox 1401 5101 1599 5153; x_wconf 76' lang='grc' dir='ltr'>πάντων</span> <span class='ocrx_word' id='word_1_316' title='bbox 1644 5104 1784 5171; x_wconf 75' lang='grc' dir='ltr'>ἡμῶν</span> <span class='ocrx_word' id='word_1_317' title='bbox 1834 5103 1965 5174; x_wconf 77' lang='grc' dir='ltr'><strong>ὑπὲρ</strong></span> <span class='ocrx_word' id='word_1_318' title='bbox 2014 5113 2105 5165; x_wconf 79' lang='grc' dir='ltr'>τῆς</span> 
     </span>
    </p>
   </div>
   <div class='ocr_carea' id='block_1_53' title="bbox 517 5187 2095 5268">
    <p class='ocr_par' dir='ltr' id='par_1_53' title="bbox 517 5187 2095 5268">
     <span class='ocr_line' id='line_1_53' title="bbox 517 5187 2095 5268; baseline 0.006 -29"><span class='ocrx_word' id='word_1_319' title='bbox 517 5187 855 5246; x_wconf 78' lang='grc' dir='ltr'>ἀποστολικῆς</span> <span class='ocrx_word' id='word_1_320' title='bbox 878 5191 1014 5258; x_wconf 70' lang='grc' dir='ltr'>ἡμῶν</span> <span class='ocrx_word' id='word_1_321' title='bbox 1035 5195 1261 5249; x_wconf 81' lang='grc' dir='ltr'>πίστεως</span> <span class='ocrx_word' id='word_1_322' title='bbox 1286 5195 1521 5265; x_wconf 79' lang='grc' dir='ltr'>γενομένῃ</span> <span class='ocrx_word' id='word_1_323' title='bbox 1546 5198 1812 5265; x_wconf 65' lang='grc' dir='ltr'>συνῄνεσα,</span> <span class='ocrx_word' id='word_1_324' title='bbox 1838 5198 1924 5248; x_wconf 88' lang='grc' dir='ltr'>καὶ</span> <span class='ocrx_word' id='word_1_325' title='bbox 1946 5196 2095 5268; x_wconf 76' lang='grc' dir='ltr'>ὐπέγ.</span> 
     </span>
    </p>
   </div>
   <div class='ocr_carea' id='block_1_54' title="bbox 589 5282 2105 5360">
    <p class='ocr_par' dir='ltr' id='par_1_54' title="bbox 589 5282 2105 5360">
     <span class='ocr_line' id='line_1_54' title="bbox 589 5282 2105 5360; baseline 0.009 -29"><span class='ocrx_word' id='word_1_326' title='bbox 589 5285 879 5357; x_wconf 61' lang='lat' dir='ltr'><strong>Ruri-ptavi):</strong></span> <span class='ocrx_word' id='word_1_327' title='bbox 909 5282 1186 5354; x_wconf 66' lang='grc' dir='ltr'>ἐλάχιστος</span> <span class='ocrx_word' id='word_1_328' title='bbox 1234 5285 1506 5345; x_wconf 83' lang='grc' dir='ltr'><strong>ἐπίσκοπος</strong></span> <span class='ocrx_word' id='word_1_329' title='bbox 1534 5295 1623 5347; x_wconf 78' lang='grc' dir='ltr'>τῆς</span> <span class='ocrx_word' id='word_1_330' title='bbox 1662 5288 1811 5360; x_wconf 81' lang='grc' dir='ltr'>ἁγίας</span> <span class='ocrx_word' id='word_1_331' title='bbox 1839 5289 2105 5350; x_wconf 80' lang='grc' dir='ltr'>ἐκκλησίας</span> 
     </span>
    </p>
   </div>
   <div class='ocr_carea' id='block_1_55' title="bbox 516 5371 2103 5455">
    <p class='ocr_par' dir='ltr' id='par_1_55' title="bbox 516 5371 2103 5455">
     <span class='ocr_line' id='line_1_55' title="bbox 516 5371 2103 5455; baseline 0.004 -27"><span class='ocrx_word' id='word_1_332' title='bbox 516 5371 786 5446; x_wconf 65' lang='lat' dir='ltr'><strong>&#39;A&#39;psrivng,</strong></span> <span class='ocrx_word' id='word_1_333' title='bbox 824 5378 985 5448; x_wconf 69' lang='grc' dir='ltr'>ταύτῃ</span> <span class='ocrx_word' id='word_1_334' title='bbox 1028 5386 1089 5448; x_wconf 72' lang='grc' dir='ltr'>τῇ</span> <span class='ocrx_word' id='word_1_335' title='bbox 1130 5379 1373 5449; x_wconf 73' lang='grc' dir='ltr'>ἀναφορᾷ,</span> <span class='ocrx_word' id='word_1_336' title='bbox 1403 5386 1464 5452; x_wconf 76' lang='grc' dir='ltr'>τῇ</span> <span class='ocrx_word' id='word_1_337' title='bbox 1502 5384 1677 5439; x_wconf 77' lang='grc' dir='ltr'>κοινῶς</span> <span class='ocrx_word' id='word_1_338' title='bbox 1715 5383 1858 5455; x_wconf 83' lang='grc' dir='ltr'>παρά</span> <span class='ocrx_word' id='word_1_339' title='bbox 1901 5383 2103 5435; x_wconf 82' lang='grc' dir='ltr'>πάντων</span> 
     </span>
    </p>
   </div>
   <div class='ocr_carea' id='block_1_56' title="bbox 518 5466 2098 5542">
    <p class='ocr_par' dir='ltr' id='par_1_56' title="bbox 518 5466 2098 5542">
     <span class='ocr_line' id='line_1_56' title="bbox 518 5466 2098 5542; baseline 0.008 -26"><span class='ocrx_word' id='word_1_340' title='bbox 518 5466 654 5533; x_wconf 78' lang='grc' dir='ltr'>ἡμῶν</span> <span class='ocrx_word' id='word_1_341' title='bbox 709 5468 946 5539; x_wconf 85' lang='grc' dir='ltr'>γενομένῃ</span> <span class='ocrx_word' id='word_1_342' title='bbox 1001 5468 1131 5542; x_wconf 73' lang='grc' dir='ltr'><strong>ὑπὲρ</strong></span> <span class='ocrx_word' id='word_1_343' title='bbox 1181 5476 1271 5528; x_wconf 83' lang='grc' dir='ltr'>τῆς</span> <span class='ocrx_word' id='word_1_344' title='bbox 1321 5471 1649 5529; x_wconf 80' lang='grc' dir='ltr'>ἀποστολικῆς</span> <span class='ocrx_word' id='word_1_345' title='bbox 1695 5473 1834 5537; x_wconf 74' lang='grc' dir='ltr'>ἡμῶν</span> <span class='ocrx_word' id='word_1_346' title='bbox 1870 5476 2098 5532; x_wconf 83' lang='grc' dir='ltr'>πίστεως</span> 
     </span>
    </p>
   </div>
   <div class='ocr_carea' id='block_1_57' title="bbox 456 5560 1108 5628">
    <p class='ocr_par' dir='ltr' id='par_1_57' title="bbox 456 5560 1108 5628">
     <span class='ocr_line' id='line_1_57' title="bbox 456 5560 1108 5628; baseline 0 -16"><span class='ocrx_word' id='word_1_347' title='bbox 456 5612 461 5615; x_wconf 28' lang='grc' dir='ltr'>μ</span> <span class='ocrx_word' id='word_1_348' title='bbox 520 5562 798 5628; x_wconf 71' lang='grc' dir='ltr'>σννῄνεσα,</span> <span class='ocrx_word' id='word_1_349' title='bbox 832 5562 917 5611; x_wconf 80' lang='grc' dir='ltr'><strong>καί</strong></span> <span class='ocrx_word' id='word_1_350' title='bbox 955 5560 1108 5627; x_wconf 77' lang='grc' dir='ltr'>ὐπέγ.</span> 
     </span>
    </p>
   </div>
   <div class='ocr_carea' id='block_1_58' title="bbox 588 5650 2101 5727">
    <p class='ocr_par' dir='ltr' id='par_1_58' title="bbox 588 5650 2101 5727">
     <span class='ocr_line' id='line_1_58' title="bbox 588 5650 2101 5727; baseline 0.01 -28"><span class='ocrx_word' id='word_1_351' title='bbox 588 5650 876 5709; x_wconf 79' lang='grc' dir='ltr'>Βιταλιανὸς</span> <span class='ocrx_word' id='word_1_352' title='bbox 907 5650 1188 5719; x_wconf 79' lang='grc' dir='ltr'>ἐλάχιστος</span> <span class='ocrx_word' id='word_1_353' title='bbox 1220 5653 1481 5713; x_wconf 83' lang='grc' dir='ltr'><strong>ἐπίσκοπος</strong></span> <span class='ocrx_word' id='word_1_354' title='bbox 1509 5662 1599 5714; x_wconf 71' lang='grc' dir='ltr'><strong>τῆς</strong></span> <span class='ocrx_word' id='word_1_355' title='bbox 1648 5654 1795 5727; x_wconf 87' lang='grc' dir='ltr'>ἁγίας</span> <span class='ocrx_word' id='word_1_356' title='bbox 1844 5659 2101 5719; x_wconf 83' lang='grc' dir='ltr'>ἐκκλησίας</span> 
     </span>
    </p>
   </div>
   <div class='ocr_carea' id='block_1_59' title="bbox 595 5782 1292 5847">
    <p class='ocr_par' dir='ltr' id='par_1_59' title="bbox 595 5782 1292 5847">
     <span class='ocr_line' id='line_1_59' title="bbox 595 5782 1292 5847; baseline 0.006 -14"><span class='ocrx_word' id='word_1_357' title='bbox 595 5784 619 5847; x_wconf 51' lang='grc'><strong><em>9</em></strong></span> <span class='ocrx_word' id='word_1_358' title='bbox 654 5782 845 5847; x_wconf 81' lang='lat' dir='ltr'><strong>Paris,,</strong></span> <span class='ocrx_word' id='word_1_359' title='bbox 878 5783 1082 5835; x_wconf 64' lang='lat' dir='ltr'><strong>Audin.</strong></span> <span class='ocrx_word' id='word_1_360' title='bbox 1124 5784 1292 5837; x_wconf 62' lang='lat' dir='ltr'><strong>Hann.</strong></span> 
     </span>
    </p>
   </div>
   <div class='ocr_carea' id='block_1_60' title="bbox 594 5843 1507 5922">
    <p class='ocr_par' dir='ltr' id='par_1_60' title="bbox 594 5843 1507 5922">
     <span class='ocr_line' id='line_1_60' title="bbox 594 5843 1507 5922; baseline 0.01 -20"><span class='ocrx_word' id='word_1_361' title='bbox 594 5843 620 5880; x_wconf 70' lang='grc' dir='ltr'>δ</span> <span class='ocrx_word' id='word_1_362' title='bbox 652 5852 749 5906; x_wconf 85' lang='lat' dir='ltr'><strong>Ms.</strong></span> <span class='ocrx_word' id='word_1_363' title='bbox 785 5843 948 5905; x_wconf 73' lang='lat' dir='ltr'><strong>Paris.</strong></span> <span class='ocrx_word' id='word_1_364' title='bbox 972 5894 984 5917; x_wconf 90' lang='lat'><strong>,</strong></span> <span class='ocrx_word' id='word_1_365' title='bbox 1026 5854 1400 5922; x_wconf 72' lang='lat' dir='ltr'><strong>Albiganensis.</strong></span> <span class='ocrx_word' id='word_1_366' title='bbox 1438 5858 1507 5913; x_wconf 73' lang='lat' dir='ltr'><strong>In.</strong></span> 
     </span>
    </p>
   </div>
   <div class='ocr_carea' id='block_1_61' title="bbox 1755 359 2496 425">
    <p class='ocr_par' dir='ltr' id='par_1_61' title="bbox 1755 359 2496 425">
     <span class='ocr_line' id='line_1_61' title="bbox 1755 359 2496 425; baseline -0.011 -2"><span class='ocrx_word' id='word_1_367' title='bbox 1755 367 1812 425; x_wconf 87' lang='lat' dir='ltr'><strong>S.</strong></span> <span class='ocrx_word' id='word_1_368' title='bbox 1854 360 2251 422; x_wconf 80' lang='lat' dir='ltr'><strong>AGATHONIS</strong></span> <span class='ocrx_word' id='word_1_369' title='bbox 2290 359 2496 417; x_wconf 76' lang='lat' dir='ltr'><strong>PAP/E</strong></span> 
     </span>
    </p>
   </div>
   <div class='ocr_carea' id='block_1_62' title="bbox 2132 4594 2186 4654">
    <p class='ocr_par' dir='ltr' id='par_1_62' title="bbox 2132 4594 2186 4654">
     <span class='ocr_line' id='line_1_62' title="bbox 2132 4594 2186 4654; baseline 0 0"><span class='ocrx_word' id='word_1_370' title='bbox 2132 4594 2186 4654; x_wconf 89' lang='lat' dir='ltr'><strong><em>D</em></strong></span> 
     </span>
    </p>
   </div>
   <div class='ocr_carea' id='block_1_63' title="bbox 3632 368 3746 429">
    <p class='ocr_par' dir='ltr' id='par_1_63' title="bbox 3632 368 3746 429">
     <span class='ocr_line' id='line_1_63' title="bbox 3632 368 3746 429; baseline 0.018 -2"><span class='ocrx_word' id='word_1_371' title='bbox 3632 368 3746 429; x_wconf 65' lang='grc' dir='ltr'>Ηίο</span> 
     </span>
    </p>
   </div>
   <div class='ocr_carea' id='block_1_64' title="bbox 2272 473 3746 559">
    <p class='ocr_par' dir='ltr' id='par_1_64' title="bbox 2272 473 3746 559">
     <span class='ocr_line' id='line_1_64' title="bbox 2272 473 3746 559; baseline 0.01 -29"><span class='ocrx_word' id='word_1_372' title='bbox 2272 478 2300 507; x_wconf 76' lang='grc'><strong><em>³</em></strong></span> <span class='ocrx_word' id='word_1_373' title='bbox 2330 474 2559 531; x_wconf 85' lang='lat' dir='ltr'><strong>Audacis</strong></span> <span class='ocrx_word' id='word_1_374' title='bbox 2590 473 2871 545; x_wconf 88' lang='lat' dir='ltr'><strong>episcopus</strong></span> <span class='ocrx_word' id='word_1_375' title='bbox 2909 481 3107 532; x_wconf 76' lang='lat' dir='ltr'><strong>sanctae</strong></span> <span class='ocrx_word' id='word_1_376' title='bbox 3149 474 3393 533; x_wconf 81' lang='lat' dir='ltr'><strong>ecclesiae</strong></span> <span class='ocrx_word' id='word_1_377' title='bbox 3421 476 3746 559; x_wconf 84' lang='lat' dir='ltr'><strong>Dertonensis,</strong></span> 
     </span>
    </p>
   </div>
   <div class='ocr_carea' id='block_1_65' title="bbox 2200 566 3751 642">
    <p class='ocr_par' dir='ltr' id='par_1_65' title="bbox 2200 566 3751 642">
     <span class='ocr_line' id='line_1_65' title="bbox 2200 566 3751 642; baseline 0.007 -18"><span class='ocrx_word' id='word_1_378' title='bbox 2200 566 2255 624; x_wconf 89' lang='lat' dir='ltr'><strong>in</strong></span> <span class='ocrx_word' id='word_1_379' title='bbox 2271 568 2405 623; x_wconf 88' lang='lat' dir='ltr'><strong>hanc</strong></span> <span class='ocrx_word' id='word_1_380' title='bbox 2427 568 2846 637; x_wconf 77' lang='lat' dir='ltr'><strong>suggestionem,</strong></span> <span class='ocrx_word' id='word_1_381' title='bbox 2866 582 3020 637; x_wconf 83' lang='lat' dir='ltr'><strong>quam</strong></span> <span class='ocrx_word' id='word_1_382' title='bbox 3042 583 3139 637; x_wconf 86' lang='lat' dir='ltr'><strong>pro</strong></span> <span class='ocrx_word' id='word_1_383' title='bbox 3158 570 3449 637; x_wconf 89' lang='lat' dir='ltr'><strong>apostolica</strong></span> <span class='ocrx_word' id='word_1_384' title='bbox 3473 584 3641 632; x_wconf 86' lang='lat' dir='ltr'><strong>nostra</strong></span> <span class='ocrx_word' id='word_1_385' title='bbox 3662 582 3751 642; x_wconf 78' lang='lat' dir='ltr'><strong>ﬁde</strong></span> 
     </span>
    </p>
   </div>
   <div class='ocr_carea' id='block_1_66' title="bbox 2199 657 3571 731">
    <p class='ocr_par' dir='ltr' id='par_1_66' title="bbox 2199 657 3571 731">
     <span class='ocr_line' id='line_1_66' title="bbox 2199 657 3571 731; baseline 0.005 -18"><span class='ocrx_word' id='word_1_386' title='bbox 2199 657 2523 713; x_wconf 77' lang='lat' dir='ltr'><strong>unanimiter</strong></span> <span class='ocrx_word' id='word_1_387' title='bbox 2545 660 2963 727; x_wconf 79' lang='lat' dir='ltr'><strong>construximus,</strong></span> <span class='ocrx_word' id='word_1_388' title='bbox 2997 660 3245 716; x_wconf 81' lang='lat' dir='ltr'><strong>similiter</strong></span> <span class='ocrx_word' id='word_1_389' title='bbox 3265 662 3571 731; x_wconf 75' lang='lat' dir='ltr'><strong>subscripsi.</strong></span> 
     </span>
    </p>
   </div>
   <div class='ocr_carea' id='block_1_67' title="bbox 2273 831 3753 915">
    <p class='ocr_par' dir='ltr' id='par_1_67' title="bbox 2273 831 3753 915">
     <span class='ocr_line' id='line_1_67' title="bbox 2273 831 3753 915; baseline 0.013 -30"><span class='ocrx_word' id='word_1_390' title='bbox 2273 831 2575 887; x_wconf 87' lang='lat' dir='ltr'><strong>Benenatus</strong></span> <span class='ocrx_word' id='word_1_391' title='bbox 2601 832 2878 902; x_wconf 88' lang='lat' dir='ltr'><strong>episcopus</strong></span> <span class='ocrx_word' id='word_1_392' title='bbox 2917 842 3115 889; x_wconf 68' lang='lat' dir='ltr'><strong>sanetae</strong></span> <span class='ocrx_word' id='word_1_393' title='bbox 3140 837 3385 893; x_wconf 79' lang='lat' dir='ltr'><strong>ecclesiae</strong></span> <span class='ocrx_word' id='word_1_394' title='bbox 3432 841 3685 915; x_wconf 79' lang='lat' dir='ltr'><strong>Astensis,</strong></span> <span class='ocrx_word' id='word_1_395' title='bbox 3711 852 3753 905; x_wconf 88' lang='lat' dir='ltr'><strong>in</strong></span> 
     </span>
    </p>
   </div>
   <div class='ocr_carea' id='block_1_68' title="bbox 2203 920 3757 996">
    <p class='ocr_par' dir='ltr' id='par_1_68' title="bbox 2203 920 3757 996">
     <span class='ocr_line' id='line_1_68' title="bbox 2203 920 3757 996; baseline 0.012 -19"><span class='ocrx_word' id='word_1_396' title='bbox 2203 920 2342 977; x_wconf 84' lang='lat' dir='ltr'><strong>hanc</strong></span> <span class='ocrx_word' id='word_1_397' title='bbox 2363 925 2779 991; x_wconf 87' lang='lat' dir='ltr'><strong>suggestionem,</strong></span> <span class='ocrx_word' id='word_1_398' title='bbox 2835 938 2991 992; x_wconf 89' lang='lat' dir='ltr'><strong>quam</strong></span> <span class='ocrx_word' id='word_1_399' title='bbox 3019 936 3118 995; x_wconf 85' lang='lat' dir='ltr'><strong>pro</strong></span> <span class='ocrx_word' id='word_1_400' title='bbox 3144 929 3434 996; x_wconf 84' lang='lat' dir='ltr'><strong>apostolica</strong></span> <span class='ocrx_word' id='word_1_401' title='bbox 3482 945 3651 989; x_wconf 84' lang='lat' dir='ltr'><strong>nostra</strong></span> <span class='ocrx_word' id='word_1_402' title='bbox 3676 938 3757 995; x_wconf 88' lang='lat' dir='ltr'><strong>ﬁde</strong></span> 
     </span>
    </p>
   </div>
   <div class='ocr_carea' id='block_1_69' title="bbox 2202 1014 3567 1092">
    <p class='ocr_par' dir='ltr' id='par_1_69' title="bbox 2202 1014 3567 1092">
     <span class='ocr_line' id='line_1_69' title="bbox 2202 1014 3567 1092; baseline 0.008 -24"><span class='ocrx_word' id='word_1_403' title='bbox 2202 1014 2524 1069; x_wconf 76' lang='lat' dir='ltr'><strong>unanimiter</strong></span> <span class='ocrx_word' id='word_1_404' title='bbox 2544 1015 2959 1082; x_wconf 78' lang='lat' dir='ltr'><strong>construximus,</strong></span> <span class='ocrx_word' id='word_1_405' title='bbox 2985 1015 3233 1072; x_wconf 86' lang='lat' dir='ltr'><strong>similiter</strong></span> <span class='ocrx_word' id='word_1_406' title='bbox 3254 1020 3567 1092; x_wconf 88' lang='lat' dir='ltr'><strong>subscripsi.</strong></span> 
     </span>
    </p>
   </div>
   <div class='ocr_carea' id='block_1_70' title="bbox 2280 1194 3761 1270">
    <p class='ocr_par' dir='ltr' id='par_1_70' title="bbox 2280 1194 3761 1270">
     <span class='ocr_line' id='line_1_70' title="bbox 2280 1194 3761 1270; baseline 0.014 -22"><span class='ocrx_word' id='word_1_407' title='bbox 2280 1194 2635 1261; x_wconf 88' lang='lat' dir='ltr'><strong>Benedictus,</strong></span> <span class='ocrx_word' id='word_1_408' title='bbox 2712 1194 2927 1252; x_wconf 87' lang='lat' dir='ltr'><strong>humilis</strong></span> <span class='ocrx_word' id='word_1_409' title='bbox 2968 1199 3251 1270; x_wconf 89' lang='lat' dir='ltr'><strong>episcopus</strong></span> <span class='ocrx_word' id='word_1_410' title='bbox 3305 1213 3510 1261; x_wconf 65' lang='lat' dir='ltr'><strong>sancta;</strong></span> <span class='ocrx_word' id='word_1_411' title='bbox 3557 1212 3761 1270; x_wconf 75' lang='lat' dir='ltr'><strong>ecclesia:</strong></span> 
     </span>
    </p>
   </div>
   <div class='ocr_carea' id='block_1_71' title="bbox 2206 1284 3760 1371">
    <p class='ocr_par' dir='ltr' id='par_1_71' title="bbox 2206 1284 3760 1371">
     <span class='ocr_line' id='line_1_71' title="bbox 2206 1284 3760 1371; baseline 0.012 -33"><span class='ocrx_word' id='word_1_412' title='bbox 2206 1284 2236 1325; x_wconf 69' lang='grc' dir='ltr'><strong>ι’</strong></span> <span class='ocrx_word' id='word_1_413' title='bbox 2262 1284 2560 1355; x_wconf 79' lang='lat' dir='ltr'><strong>Valvensis,</strong></span> <span class='ocrx_word' id='word_1_414' title='bbox 2587 1287 2639 1341; x_wconf 93' lang='lat' dir='ltr'><strong>in</strong></span> <span class='ocrx_word' id='word_1_415' title='bbox 2662 1286 2799 1341; x_wconf 88' lang='lat' dir='ltr'><strong>hanc</strong></span> <span class='ocrx_word' id='word_1_416' title='bbox 2829 1292 3248 1361; x_wconf 79' lang='lat' dir='ltr'><strong>suggestionem,</strong></span> <span class='ocrx_word' id='word_1_417' title='bbox 3274 1310 3433 1364; x_wconf 86' lang='lat' dir='ltr'><strong>quam</strong></span> <span class='ocrx_word' id='word_1_418' title='bbox 3465 1314 3560 1366; x_wconf 90' lang='lat' dir='ltr'><strong>pro</strong></span> <span class='ocrx_word' id='word_1_419' title='bbox 3578 1312 3760 1371; x_wconf 67' lang='lat' dir='ltr'><strong>aposto-</strong></span> 
     </span>
    </p>
   </div>
   <div class='ocr_carea' id='block_1_72' title="bbox 2206 1375 3766 1455">
    <p class='ocr_par' dir='ltr' id='par_1_72' title="bbox 2206 1375 3766 1455">
     <span class='ocr_line' id='line_1_72' title="bbox 2206 1375 3766 1455; baseline 0.014 -25"><span class='ocrx_word' id='word_1_420' title='bbox 2206 1375 2308 1431; x_wconf 90' lang='lat' dir='ltr'><strong>lica</strong></span> <span class='ocrx_word' id='word_1_421' title='bbox 2336 1390 2513 1434; x_wconf 88' lang='lat' dir='ltr'><strong>nostra</strong></span> <span class='ocrx_word' id='word_1_422' title='bbox 2566 1380 2670 1435; x_wconf 86' lang='lat' dir='ltr'><strong>ﬁde</strong></span> <span class='ocrx_word' id='word_1_423' title='bbox 2697 1382 3024 1438; x_wconf 84' lang='lat' dir='ltr'><strong>unanimiter</strong></span> <span class='ocrx_word' id='word_1_424' title='bbox 3078 1387 3500 1455; x_wconf 81' lang='lat' dir='ltr'><strong>construximus,</strong></span> <span class='ocrx_word' id='word_1_425' title='bbox 3553 1392 3766 1451; x_wconf 86' lang='lat' dir='ltr'><strong>similiter</strong></span> 
     </span>
    </p>
   </div>
   <div class='ocr_carea' id='block_1_73' title="bbox 2208 1470 2523 1540">
    <p class='ocr_par' dir='ltr' id='par_1_73' title="bbox 2208 1470 2523 1540">
     <span class='ocr_line' id='line_1_73' title="bbox 2208 1470 2523 1540; baseline 0.006 -18"><span class='ocrx_word' id='word_1_426' title='bbox 2208 1470 2523 1540; x_wconf 86' lang='lat' dir='ltr'><strong>subscripsi.</strong></span> 
     </span>
    </p>
   </div>
   <div class='ocr_carea' id='block_1_74' title="bbox 2282 1580 3766 1666">
    <p class='ocr_par' dir='ltr' id='par_1_74' title="bbox 2282 1580 3766 1666">
     <span class='ocr_line' id='line_1_74' title="bbox 2282 1580 3766 1666; baseline 0.012 -32"><span class='ocrx_word' id='word_1_427' title='bbox 2282 1580 2459 1638; x_wconf 86' lang='lat' dir='ltr'><strong>Bonus</strong></span> <span class='ocrx_word' id='word_1_428' title='bbox 2491 1582 2707 1639; x_wconf 88' lang='lat' dir='ltr'><strong>humilis</strong></span> <span class='ocrx_word' id='word_1_429' title='bbox 2728 1585 3011 1655; x_wconf 86' lang='lat' dir='ltr'><strong>episcopus</strong></span> <span class='ocrx_word' id='word_1_430' title='bbox 3033 1597 3233 1643; x_wconf 64' lang='lat' dir='ltr'><strong>sanctae</strong></span> <span class='ocrx_word' id='word_1_431' title='bbox 3261 1590 3505 1647; x_wconf 78' lang='lat' dir='ltr'><strong>ecclesia:</strong></span> <span class='ocrx_word' id='word_1_432' title='bbox 3539 1603 3558 1631; x_wconf 76' lang='grc' dir='ltr'><strong>ε</strong></span> <span class='ocrx_word' id='word_1_433' title='bbox 3582 1595 3766 1666; x_wconf 78' lang='lat' dir='ltr'><strong>Albiga-</strong></span> 
     </span>
    </p>
   </div>
   <div class='ocr_carea' id='block_1_75' title="bbox 2208 1676 3766 1758">
    <p class='ocr_par' dir='ltr' id='par_1_75' title="bbox 2208 1676 3766 1758">
     <span class='ocr_line' id='line_1_75' title="bbox 2208 1676 3766 1758; baseline 0.009 -29"><span class='ocrx_word' id='word_1_434' title='bbox 2208 1676 2577 1749; x_wconf 85' lang='lat' dir='ltr'><strong>nensis[Corr.</strong></span> <span class='ocrx_word' id='word_1_435' title='bbox 2599 1678 2723 1733; x_wconf 82' lang='lat' dir='ltr'><strong>utin</strong></span> <span class='ocrx_word' id='word_1_436' title='bbox 2747 1677 2927 1733; x_wconf 65' lang='lat' dir='ltr'><strong>Graeco</strong></span> <span class='ocrx_word' id='word_1_437' title='bbox 2956 1680 3389 1751; x_wconf 84' lang='lat' dir='ltr'><strong>Albigaunensis,</strong></span> <span class='ocrx_word' id='word_1_438' title='bbox 3411 1687 3489 1739; x_wconf 80' lang='lat' dir='ltr'><strong>vel</strong></span> <span class='ocrx_word' id='word_1_439' title='bbox 3514 1686 3766 1758; x_wconf 85' lang='lat' dir='ltr'><strong>Albingau-</strong></span> 
     </span>
    </p>
   </div>
   <div class='ocr_carea' id='block_1_76' title="bbox 2210 1764 3770 1843">
    <p class='ocr_par' dir='ltr' id='par_1_76' title="bbox 2210 1764 3770 1843">
     <span class='ocr_line' id='line_1_76' title="bbox 2210 1764 3770 1843; baseline 0.008 -22"><span class='ocrx_word' id='word_1_440' title='bbox 2210 1764 2437 1837; x_wconf 87' lang='lat' dir='ltr'><strong>ncnsis],</strong></span> <span class='ocrx_word' id='word_1_441' title='bbox 2455 1768 2508 1821; x_wconf 90' lang='lat' dir='ltr'><strong>in</strong></span> <span class='ocrx_word' id='word_1_442' title='bbox 2525 1767 2660 1822; x_wconf 87' lang='lat' dir='ltr'><strong>hanc</strong></span> <span class='ocrx_word' id='word_1_443' title='bbox 2673 1772 3088 1841; x_wconf 82' lang='lat' dir='ltr'><strong>suggestionem,</strong></span> <span class='ocrx_word' id='word_1_444' title='bbox 3111 1787 3265 1839; x_wconf 82' lang='lat' dir='ltr'><strong>quam</strong></span> <span class='ocrx_word' id='word_1_445' title='bbox 3281 1788 3377 1840; x_wconf 91' lang='lat' dir='ltr'><strong>pro</strong></span> <span class='ocrx_word' id='word_1_446' title='bbox 3400 1777 3682 1843; x_wconf 88' lang='lat' dir='ltr'><strong>apostolica</strong></span> <span class='ocrx_word' id='word_1_447' title='bbox 3695 1796 3770 1835; x_wconf 92' lang='lat' dir='ltr'><strong>no-</strong></span> 
     </span>
    </p>
   </div>
   <div class='ocr_carea' id='block_1_77' title="bbox 2134 1856 3770 1938">
    <p class='ocr_par' dir='ltr' id='par_1_77' title="bbox 2134 1856 3770 1938">
     <span class='ocr_line' id='line_1_77' title="bbox 2134 1856 3770 1938; baseline 0.009 -28"><span class='ocrx_word' id='word_1_448' title='bbox 2134 1864 2185 1926; x_wconf 80' lang='lat' dir='ltr'><strong>B</strong></span> <span class='ocrx_word' id='word_1_449' title='bbox 2210 1868 2318 1911; x_wconf 84' lang='lat' dir='ltr'><strong>stra</strong></span> <span class='ocrx_word' id='word_1_450' title='bbox 2337 1857 2437 1911; x_wconf 94' lang='lat' dir='ltr'><strong>ﬁde</strong></span> <span class='ocrx_word' id='word_1_451' title='bbox 2456 1856 2773 1915; x_wconf 87' lang='lat' dir='ltr'><strong>unanimiter</strong></span> <span class='ocrx_word' id='word_1_452' title='bbox 2794 1863 3209 1929; x_wconf 75' lang='lat' dir='ltr'><strong>construximus,</strong></span> <span class='ocrx_word' id='word_1_453' title='bbox 3224 1863 3467 1919; x_wconf 85' lang='lat' dir='ltr'><strong>similiter</strong></span> <span class='ocrx_word' id='word_1_454' title='bbox 3487 1868 3770 1938; x_wconf 67' lang='lat' dir='ltr'><strong>subscripsi.</strong></span> 
     </span>
    </p>
   </div>
   <div class='ocr_carea' id='block_1_78' title="bbox 2285 1948 3773 2020">
    <p class='ocr_par' dir='ltr' id='par_1_78' title="bbox 2285 1948 3773 2020">
     <span class='ocr_line' id='line_1_78' title="bbox 2285 1948 3773 2020; baseline 0.009 -18"><span class='ocrx_word' id='word_1_455' title='bbox 2285 1948 2599 2004; x_wconf 82' lang='lat' dir='ltr'><strong>Theodorus</strong></span> <span class='ocrx_word' id='word_1_456' title='bbox 2627 1950 2845 2007; x_wconf 85' lang='lat' dir='ltr'><strong>humilis</strong></span> <span class='ocrx_word' id='word_1_457' title='bbox 2864 1953 3148 2020; x_wconf 89' lang='lat' dir='ltr'><strong>episcopus</strong></span> <span class='ocrx_word' id='word_1_458' title='bbox 3179 1965 3379 2009; x_wconf 57' lang='lat' dir='ltr'><strong>sancte</strong></span> <span class='ocrx_word' id='word_1_459' title='bbox 3406 1958 3643 2013; x_wconf 82' lang='lat' dir='ltr'><strong>ecclesiae</strong></span> <span class='ocrx_word' id='word_1_460' title='bbox 3670 1960 3773 2017; x_wconf 77' lang='lat' dir='ltr'><strong>Ver-</strong></span> 
     </span>
    </p>
   </div>
   <div class='ocr_carea' id='block_1_79' title="bbox 2212 2041 3774 2119">
    <p class='ocr_par' dir='ltr' id='par_1_79' title="bbox 2212 2041 3774 2119">
     <span class='ocr_line' id='line_1_79' title="bbox 2212 2041 3774 2119; baseline 0.01 -25"><span class='ocrx_word' id='word_1_461' title='bbox 2212 2041 2484 2106; x_wconf 89' lang='lat' dir='ltr'><strong>cellensis,</strong></span> <span class='ocrx_word' id='word_1_462' title='bbox 2510 2043 2562 2096; x_wconf 92' lang='lat' dir='ltr'><strong>in</strong></span> <span class='ocrx_word' id='word_1_463' title='bbox 2592 2042 2727 2097; x_wconf 84' lang='lat' dir='ltr'><strong>hanc</strong></span> <span class='ocrx_word' id='word_1_464' title='bbox 2745 2044 3159 2113; x_wconf 79' lang='lat' dir='ltr'><strong>suggestionem,</strong></span> <span class='ocrx_word' id='word_1_465' title='bbox 3190 2061 3349 2112; x_wconf 86' lang='lat' dir='ltr'><strong>quam</strong></span> <span class='ocrx_word' id='word_1_466' title='bbox 3382 2062 3478 2116; x_wconf 89' lang='lat' dir='ltr'><strong>pro</strong></span> <span class='ocrx_word' id='word_1_467' title='bbox 3512 2053 3774 2119; x_wconf 88' lang='lat' dir='ltr'><strong>apostolica</strong></span> 
     </span>
    </p>
   </div>
   <div class='ocr_carea' id='block_1_80' title="bbox 2213 2135 3773 2207">
    <p class='ocr_par' dir='ltr' id='par_1_80' title="bbox 2213 2135 3773 2207">
     <span class='ocr_line' id='line_1_80' title="bbox 2213 2135 3773 2207; baseline 0.011 -21"><span class='ocrx_word' id='word_1_468' title='bbox 2213 2142 2397 2187; x_wconf 89' lang='lat' dir='ltr'><strong>nostra</strong></span> <span class='ocrx_word' id='word_1_469' title='bbox 2442 2135 2545 2191; x_wconf 88' lang='lat' dir='ltr'><strong>ﬁde</strong></span> <span class='ocrx_word' id='word_1_470' title='bbox 2572 2136 2893 2191; x_wconf 86' lang='lat' dir='ltr'><strong>unanimiter</strong></span> <span class='ocrx_word' id='word_1_471' title='bbox 2932 2138 3351 2207; x_wconf 81' lang='lat' dir='ltr'><strong>construximus,</strong></span> <span class='ocrx_word' id='word_1_472' title='bbox 3399 2140 3645 2200; x_wconf 86' lang='lat' dir='ltr'><strong>similiter</strong></span> <span class='ocrx_word' id='word_1_473' title='bbox 3667 2148 3773 2203; x_wconf 87' lang='lat' dir='ltr'><strong>sub-</strong></span> 
     </span>
    </p>
   </div>
   <div class='ocr_carea' id='block_1_81' title="bbox 2215 2226 2430 2292">
    <p class='ocr_par' dir='ltr' id='par_1_81' title="bbox 2215 2226 2430 2292">
     <span class='ocr_line' id='line_1_81' title="bbox 2215 2226 2430 2292; baseline 0.005 -14"><span class='ocrx_word' id='word_1_474' title='bbox 2215 2226 2430 2292; x_wconf 78' lang='lat' dir='ltr'><strong>scripsi.</strong></span> 
     </span>
    </p>
   </div>
   <div class='ocr_carea' id='block_1_82' title="bbox 2286 2316 3778 2391">
    <p class='ocr_par' dir='ltr' id='par_1_82' title="bbox 2286 2316 3778 2391">
     <span class='ocr_line' id='line_1_82' title="bbox 2286 2316 3778 2391; baseline 0.009 -20"><span class='ocrx_word' id='word_1_475' title='bbox 2286 2316 2535 2373; x_wconf 78' lang='lat' dir='ltr'><strong>Rusticus</strong></span> <span class='ocrx_word' id='word_1_476' title='bbox 2562 2317 2779 2373; x_wconf 85' lang='lat' dir='ltr'><strong>humilis</strong></span> <span class='ocrx_word' id='word_1_477' title='bbox 2807 2320 3091 2391; x_wconf 89' lang='lat' dir='ltr'><strong>episcopus</strong></span> <span class='ocrx_word' id='word_1_478' title='bbox 3121 2333 3320 2380; x_wconf 84' lang='lat' dir='ltr'><strong>sanctae</strong></span> <span class='ocrx_word' id='word_1_479' title='bbox 3346 2326 3590 2383; x_wconf 66' lang='lat' dir='ltr'><strong>ecclesia:</strong></span> <span class='ocrx_word' id='word_1_480' title='bbox 3619 2329 3778 2385; x_wconf 85' lang='lat' dir='ltr'><strong>Tauri-</strong></span> 
     </span>
    </p>
   </div>
   <div class='ocr_carea' id='block_1_83' title="bbox 2216 2410 3774 2491">
    <p class='ocr_par' dir='ltr' id='par_1_83' title="bbox 2216 2410 3774 2491">
     <span class='ocr_line' id='line_1_83' title="bbox 2216 2410 3774 2491; baseline 0.011 -28"><span class='ocrx_word' id='word_1_481' title='bbox 2216 2410 2375 2475; x_wconf 91' lang='lat' dir='ltr'><strong>natis,</strong></span> <span class='ocrx_word' id='word_1_482' title='bbox 2436 2410 2488 2463; x_wconf 91' lang='lat' dir='ltr'><strong>in</strong></span> <span class='ocrx_word' id='word_1_483' title='bbox 2546 2410 2682 2465; x_wconf 88' lang='lat' dir='ltr'><strong>hanc</strong></span> <span class='ocrx_word' id='word_1_484' title='bbox 2710 2414 3129 2482; x_wconf 77' lang='lat' dir='ltr'><strong>suggestionem,</strong></span> <span class='ocrx_word' id='word_1_485' title='bbox 3182 2431 3342 2486; x_wconf 86' lang='lat' dir='ltr'><strong>quam</strong></span> <span class='ocrx_word' id='word_1_486' title='bbox 3372 2434 3469 2489; x_wconf 89' lang='lat' dir='ltr'><strong>pro</strong></span> <span class='ocrx_word' id='word_1_487' title='bbox 3510 2426 3774 2491; x_wconf 83' lang='lat' dir='ltr'><strong>apostolica</strong></span> 
     </span>
    </p>
   </div>
   <div class='ocr_carea' id='block_1_84' title="bbox 2215 2500 3778 2578">
    <p class='ocr_par' dir='ltr' id='par_1_84' title="bbox 2215 2500 3778 2578">
     <span class='ocr_line' id='line_1_84' title="bbox 2215 2500 3778 2578; baseline 0.012 -24"><span class='ocrx_word' id='word_1_488' title='bbox 2215 2508 2399 2554; x_wconf 84' lang='lat' dir='ltr'><strong>nostra</strong></span> <span class='ocrx_word' id='word_1_489' title='bbox 2429 2500 2534 2556; x_wconf 91' lang='lat' dir='ltr'><strong>ﬁde</strong></span> <span class='ocrx_word' id='word_1_490' title='bbox 2565 2502 2889 2559; x_wconf 85' lang='lat' dir='ltr'><strong>unanimiter</strong></span> <span class='ocrx_word' id='word_1_491' title='bbox 2918 2508 3353 2578; x_wconf 82' lang='lat' dir='ltr'><strong>construximus,</strong></span> <span class='ocrx_word' id='word_1_492' title='bbox 3401 2514 3646 2571; x_wconf 88' lang='lat' dir='ltr'><strong>similiter</strong></span> <span class='ocrx_word' id='word_1_493' title='bbox 3672 2517 3778 2571; x_wconf 88' lang='lat' dir='ltr'><strong>sub-</strong></span> 
     </span>
    </p>
   </div>
   <div class='ocr_carea' id='block_1_85' title="bbox 2215 2592 2425 2661">
    <p class='ocr_par' dir='ltr' id='par_1_85' title="bbox 2215 2592 2425 2661">
     <span class='ocr_line' id='line_1_85' title="bbox 2215 2592 2425 2661; baseline -0.01 -16"><span class='ocrx_word' id='word_1_494' title='bbox 2215 2592 2425 2661; x_wconf 85' lang='lat' dir='ltr'><strong>scripsi.</strong></span> 
     </span>
    </p>
   </div>
   <div class='ocr_carea' id='block_1_86' title="bbox 2286 2680 3777 2759">
    <p class='ocr_par' dir='ltr' id='par_1_86' title="bbox 2286 2680 3777 2759">
     <span class='ocr_line' id='line_1_86' title="bbox 2286 2680 3777 2759; baseline 0.015 -25"><span class='ocrx_word' id='word_1_495' title='bbox 2286 2680 2520 2738; x_wconf 87' lang='lat' dir='ltr'><strong>Joannes</strong></span> <span class='ocrx_word' id='word_1_496' title='bbox 2549 2683 2765 2740; x_wconf 87' lang='lat' dir='ltr'><strong>humilis</strong></span> <span class='ocrx_word' id='word_1_497' title='bbox 2793 2688 3080 2759; x_wconf 88' lang='lat' dir='ltr'><strong>episcopus</strong></span> <span class='ocrx_word' id='word_1_498' title='bbox 3109 2701 3310 2750; x_wconf 57' lang='lat' dir='ltr'><strong>sanctae</strong></span> <span class='ocrx_word' id='word_1_499' title='bbox 3336 2696 3583 2754; x_wconf 73' lang='lat' dir='ltr'><strong>ecclesiae</strong></span> <span class='ocrx_word' id='word_1_500' title='bbox 3632 2700 3777 2757; x_wconf 83' lang='lat' dir='ltr'><strong>Vinti-</strong></span> 
     </span>
    </p>
   </div>
   <div class='ocr_carea' id='block_1_87' title="bbox 2215 2776 3782 2865">
    <p class='ocr_par' dir='ltr' id='par_1_87' title="bbox 2215 2776 3782 2865">
     <span class='ocr_line' id='line_1_87' title="bbox 2215 2776 3782 2865; baseline 0.015 -36"><span class='ocrx_word' id='word_1_501' title='bbox 2215 2776 2499 2845; x_wconf 90' lang='lat' dir='ltr'><strong>miliensis,</strong></span> <span class='ocrx_word' id='word_1_502' title='bbox 2533 2779 2585 2833; x_wconf 92' lang='lat' dir='ltr'><strong>in</strong></span> <span class='ocrx_word' id='word_1_503' title='bbox 2617 2780 2753 2835; x_wconf 90' lang='lat' dir='ltr'><strong>hanc</strong></span> <span class='ocrx_word' id='word_1_504' title='bbox 2791 2787 3210 2854; x_wconf 84' lang='lat' dir='ltr'><strong>suggestionem,</strong></span> <span class='ocrx_word' id='word_1_505' title='bbox 3264 2806 3418 2860; x_wconf 86' lang='lat' dir='ltr'><strong>quam</strong></span> <span class='ocrx_word' id='word_1_506' title='bbox 3452 2808 3553 2863; x_wconf 89' lang='lat' dir='ltr'><strong>pro</strong></span> <span class='ocrx_word' id='word_1_507' title='bbox 3593 2806 3782 2865; x_wconf 87' lang='lat' dir='ltr'><strong>aposto-</strong></span> 
     </span>
    </p>
   </div>
   <div class='ocr_carea' id='block_1_88' title="bbox 2215 2866 3787 2953">
    <p class='ocr_par' dir='ltr' id='par_1_88' title="bbox 2215 2866 3787 2953">
     <span class='ocr_line' id='line_1_88' title="bbox 2215 2866 3787 2953; baseline 0.016 -34"><span class='ocrx_word' id='word_1_508' title='bbox 2215 2866 2316 2921; x_wconf 87' lang='lat' dir='ltr'><strong>lica</strong></span> <span class='ocrx_word' id='word_1_509' title='bbox 2358 2879 2536 2922; x_wconf 88' lang='lat' dir='ltr'><strong>nostra</strong></span> <span class='ocrx_word' id='word_1_510' title='bbox 2568 2869 2675 2925; x_wconf 89' lang='lat' dir='ltr'><strong>ﬁde</strong></span> <span class='ocrx_word' id='word_1_511' title='bbox 2706 2874 3025 2932; x_wconf 87' lang='lat' dir='ltr'><strong>unanimiter</strong></span> <span class='ocrx_word' id='word_1_512' title='bbox 3087 2881 3510 2953; x_wconf 81' lang='lat' dir='ltr'><strong>construximus,</strong></span> <span class='ocrx_word' id='word_1_513' title='bbox 3566 2887 3787 2945; x_wconf 84' lang='lat' dir='ltr'><strong>similiter</strong></span> 
     </span>
    </p>
   </div>
   <div class='ocr_carea' id='block_1_89' title="bbox 2172 2960 2530 3037">
    <p class='ocr_par' dir='ltr' id='par_1_89' title="bbox 2172 2960 2530 3037">
     <span class='ocr_line' id='line_1_89' title="bbox 2172 2960 2530 3037; baseline 0.006 -24"><span class='ocrx_word' id='word_1_514' title='bbox 2172 3034 2175 3037; x_wconf 86' lang='lat'><em>_</em></span> <span class='ocrx_word' id='word_1_515' title='bbox 2214 2960 2530 3031; x_wconf 82' lang='lat' dir='ltr'><strong>subscripsi.</strong></span> 
     </span>
    </p>
   </div>
   <div class='ocr_carea' id='block_1_90' title="bbox 2287 3051 3760 3130">
    <p class='ocr_par' dir='ltr' id='par_1_90' title="bbox 2287 3051 3760 3130">
     <span class='ocr_line' id='line_1_90' title="bbox 2287 3051 3760 3130; baseline 0.017 -25"><span class='ocrx_word' id='word_1_516' title='bbox 2287 3051 2520 3106; x_wconf 78' lang='lat' dir='ltr'><strong>Severus</strong></span> <span class='ocrx_word' id='word_1_517' title='bbox 2545 3052 2758 3109; x_wconf 82' lang='lat' dir='ltr'><strong>humilis</strong></span> <span class='ocrx_word' id='word_1_518' title='bbox 2776 3057 3063 3130; x_wconf 89' lang='lat' dir='ltr'><strong>episcopus</strong></span> <span class='ocrx_word' id='word_1_519' title='bbox 3092 3073 3289 3119; x_wconf 75' lang='lat' dir='ltr'><strong>sanctae</strong></span> <span class='ocrx_word' id='word_1_520' title='bbox 3317 3067 3564 3126; x_wconf 74' lang='lat' dir='ltr'><strong>ecclesia:</strong></span> <span class='ocrx_word' id='word_1_521' title='bbox 3593 3072 3760 3129; x_wconf 88' lang='lat' dir='ltr'><strong>Lunen</strong></span> 
     </span>
    </p>
   </div>
   <div class='ocr_carea' id='block_1_91' title="bbox 2212 3144 3789 3229">
    <p class='ocr_par' dir='ltr' id='par_1_91' title="bbox 2212 3144 3789 3229">
     <span class='ocr_line' id='line_1_91' title="bbox 2212 3144 3789 3229; baseline 0.016 -30"><span class='ocrx_word' id='word_1_522' title='bbox 2212 3144 2307 3212; x_wconf 85' lang='lat' dir='ltr'><strong>sis,</strong></span> <span class='ocrx_word' id='word_1_523' title='bbox 2332 3145 2547 3203; x_wconf 58' lang='lat' dir='ltr'><strong>in‘banc</strong></span> <span class='ocrx_word' id='word_1_524' title='bbox 2572 3153 2989 3221; x_wconf 85' lang='lat' dir='ltr'><strong>suggestionem,</strong></span> <span class='ocrx_word' id='word_1_525' title='bbox 3012 3171 3170 3224; x_wconf 89' lang='lat' dir='ltr'><strong>quam</strong></span> <span class='ocrx_word' id='word_1_526' title='bbox 3196 3175 3290 3226; x_wconf 82' lang='lat' dir='ltr'><strong>pro</strong></span> <span class='ocrx_word' id='word_1_527' title='bbox 3312 3166 3607 3229; x_wconf 86' lang='lat' dir='ltr'><strong>apostolica</strong></span> <span class='ocrx_word' id='word_1_528' title='bbox 3630 3177 3789 3223; x_wconf 89' lang='lat' dir='ltr'><strong>nostra</strong></span> 
     </span>
    </p>
   </div>
   <div class='ocr_carea' id='block_1_92' title="bbox 2141 3228 3730 3329">
    <p class='ocr_par' dir='ltr' id='par_1_92' title="bbox 2141 3228 3730 3329">
     <span class='ocr_line' id='line_1_92' title="bbox 2141 3228 3730 3329; baseline 0.014 -36"><span class='ocrx_word' id='word_1_529' title='bbox 2141 3228 2188 3293; x_wconf 87' lang='lat' dir='ltr'>C</span> <span class='ocrx_word' id='word_1_530' title='bbox 2220 3239 2325 3293; x_wconf 89' lang='lat' dir='ltr'><strong>lide</strong></span> <span class='ocrx_word' id='word_1_531' title='bbox 2355 3242 2680 3296; x_wconf 89' lang='lat' dir='ltr'><strong>unanimiter</strong></span> <span class='ocrx_word' id='word_1_532' title='bbox 2707 3248 3133 3314; x_wconf 78' lang='lat' dir='ltr'><strong>construximus,</strong></span> <span class='ocrx_word' id='word_1_533' title='bbox 3157 3252 3403 3307; x_wconf 84' lang='lat' dir='ltr'><strong>similiter</strong></span> <span class='ocrx_word' id='word_1_534' title='bbox 3424 3256 3730 3329; x_wconf 87' lang='lat' dir='ltr'><strong>subscripsi.</strong></span> 
     </span>
    </p>
   </div>
   <div class='ocr_carea' id='block_1_93' title="bbox 2301 3419 3793 3499">
    <p class='ocr_par' dir='ltr' id='par_1_93' title="bbox 2301 3419 3793 3499">
     <span class='ocr_line' id='line_1_93' title="bbox 2301 3419 3793 3499; baseline 0.016 -26"><span class='ocrx_word' id='word_1_535' title='bbox 2301 3419 2638 3476; x_wconf 83' lang='lat' dir='ltr'><strong>Eleutherius</strong></span> <span class='ocrx_word' id='word_1_536' title='bbox 2666 3423 2878 3481; x_wconf 89' lang='lat' dir='ltr'><strong>humilis</strong></span> <span class='ocrx_word' id='word_1_537' title='bbox 2903 3428 3187 3499; x_wconf 87' lang='lat' dir='ltr'><strong>episcopus</strong></span> <span class='ocrx_word' id='word_1_538' title='bbox 3214 3444 3411 3490; x_wconf 73' lang='lat' dir='ltr'><strong>sancta:</strong></span> <span class='ocrx_word' id='word_1_539' title='bbox 3434 3438 3677 3495; x_wconf 68' lang='lat' dir='ltr'><strong>ecclesiae</strong></span> <span class='ocrx_word' id='word_1_540' title='bbox 3704 3440 3793 3496; x_wconf 80' lang='lat' dir='ltr'><strong>Lu-</strong></span> 
     </span>
    </p>
   </div>
   <div class='ocr_carea' id='block_1_94' title="bbox 2222 3514 3793 3601">
    <p class='ocr_par' dir='ltr' id='par_1_94' title="bbox 2222 3514 3793 3601">
     <span class='ocr_line' id='line_1_94' title="bbox 2222 3514 3793 3601; baseline 0.017 -37"><span class='ocrx_word' id='word_1_541' title='bbox 2222 3514 2418 3581; x_wconf 87' lang='lat' dir='ltr'><strong>censis,</strong></span> <span class='ocrx_word' id='word_1_542' title='bbox 2459 3515 2510 3567; x_wconf 91' lang='lat' dir='ltr'><strong>in</strong></span> <span class='ocrx_word' id='word_1_543' title='bbox 2543 3517 2677 3569; x_wconf 89' lang='lat' dir='ltr'><strong>hanc</strong></span> <span class='ocrx_word' id='word_1_544' title='bbox 2708 3520 3121 3587; x_wconf 85' lang='lat' dir='ltr'><strong>suggestionem,</strong></span> <span class='ocrx_word' id='word_1_545' title='bbox 3162 3540 3323 3593; x_wconf 87' lang='lat' dir='ltr'><strong>quam</strong></span> <span class='ocrx_word' id='word_1_546' title='bbox 3376 3544 3471 3596; x_wconf 87' lang='lat' dir='ltr'><strong>pro</strong></span> <span class='ocrx_word' id='word_1_547' title='bbox 3520 3535 3793 3601; x_wconf 80' lang='lat' dir='ltr'><strong>apostolica</strong></span> 
     </span>
    </p>
   </div>
   <div class='ocr_carea' id='block_1_95' title="bbox 2217 3605 3790 3685">
    <p class='ocr_par' dir='ltr' id='par_1_95' title="bbox 2217 3605 3790 3685">
     <span class='ocr_line' id='line_1_95' title="bbox 2217 3605 3790 3685; baseline 0.016 -28"><span class='ocrx_word' id='word_1_548' title='bbox 2217 3616 2396 3659; x_wconf 90' lang='lat' dir='ltr'><strong>nostra</strong></span> <span class='ocrx_word' id='word_1_549' title='bbox 2442 3605 2546 3661; x_wconf 87' lang='lat' dir='ltr'><strong>ﬁde</strong></span> <span class='ocrx_word' id='word_1_550' title='bbox 2574 3608 2894 3665; x_wconf 87' lang='lat' dir='ltr'><strong>unanimiter</strong></span> <span class='ocrx_word' id='word_1_551' title='bbox 2935 3618 3354 3685; x_wconf 85' lang='lat' dir='ltr'><strong>construximus,</strong></span> <span class='ocrx_word' id='word_1_552' title='bbox 3400 3622 3652 3679; x_wconf 90' lang='lat' dir='ltr'><strong>similiter</strong></span> <span class='ocrx_word' id='word_1_553' title='bbox 3677 3628 3790 3681; x_wconf 85' lang='lat' dir='ltr'><strong>sub-</strong></span> 
     </span>
    </p>
   </div>
   <div class='ocr_carea' id='block_1_96' title="bbox 2221 3698 2432 3764">
    <p class='ocr_par' dir='ltr' id='par_1_96' title="bbox 2221 3698 2432 3764">
     <span class='ocr_line' id='line_1_96' title="bbox 2221 3698 2432 3764; baseline 0.009 -15"><span class='ocrx_word' id='word_1_554' title='bbox 2221 3698 2432 3764; x_wconf 86' lang='lat' dir='ltr'><strong>scripsi.</strong></span> 
     </span>
    </p>
   </div>
   <div class='ocr_carea' id='block_1_97' title="bbox 2283 3788 3792 3867">
    <p class='ocr_par' dir='ltr' id='par_1_97' title="bbox 2283 3788 3792 3867">
     <span class='ocr_line' id='line_1_97' title="bbox 2283 3788 3792 3867; baseline 0.015 -25"><span class='ocrx_word' id='word_1_555' title='bbox 2283 3788 2308 3824; x_wconf 72' lang='grc' dir='ltr'>ά</span> <span class='ocrx_word' id='word_1_556' title='bbox 2339 3790 2643 3846; x_wconf 85' lang='lat' dir='ltr'><strong>Maurianus</strong></span> <span class='ocrx_word' id='word_1_557' title='bbox 2666 3792 2881 3849; x_wconf 86' lang='lat' dir='ltr'><strong>humilis</strong></span> <span class='ocrx_word' id='word_1_558' title='bbox 2910 3797 3202 3867; x_wconf 87' lang='lat' dir='ltr'><strong>episcopus</strong></span> <span class='ocrx_word' id='word_1_559' title='bbox 3227 3813 3426 3858; x_wconf 66' lang='lat' dir='ltr'><strong>sanctae</strong></span> <span class='ocrx_word' id='word_1_560' title='bbox 3454 3808 3698 3863; x_wconf 73' lang='lat' dir='ltr'><strong>ecclesiae</strong></span> <span class='ocrx_word' id='word_1_561' title='bbox 3720 3808 3792 3864; x_wconf 87' lang='lat' dir='ltr'><strong>Pi-</strong></span> 
     </span>
    </p>
   </div>
   <div class='ocr_carea' id='block_1_98' title="bbox 2213 3884 3792 3968">
    <p class='ocr_par' dir='ltr' id='par_1_98' title="bbox 2213 3884 3792 3968">
     <span class='ocr_line' id='line_1_98' title="bbox 2213 3884 3792 3968; baseline 0.015 -35"><span class='ocrx_word' id='word_1_562' title='bbox 2213 3895 2380 3948; x_wconf 64' lang='lat' dir='ltr'><strong>sanm,</strong></span> <span class='ocrx_word' id='word_1_563' title='bbox 2411 3884 2463 3937; x_wconf 92' lang='lat' dir='ltr'><strong>in</strong></span> <span class='ocrx_word' id='word_1_564' title='bbox 2520 3884 2657 3939; x_wconf 88' lang='lat' dir='ltr'><strong>hanc</strong></span> <span class='ocrx_word' id='word_1_565' title='bbox 2703 3888 3116 3957; x_wconf 84' lang='lat' dir='ltr'><strong>suggestionem,</strong></span> <span class='ocrx_word' id='word_1_566' title='bbox 3165 3909 3321 3961; x_wconf 86' lang='lat' dir='ltr'><strong>quam</strong></span> <span class='ocrx_word' id='word_1_567' title='bbox 3363 3912 3459 3966; x_wconf 90' lang='lat' dir='ltr'><strong>pro</strong></span> <span class='ocrx_word' id='word_1_568' title='bbox 3514 3902 3792 3968; x_wconf 86' lang='lat' dir='ltr'><strong>apostolica</strong></span> 
     </span>
    </p>
   </div>
   <div class='ocr_carea' id='block_1_99' title="bbox 2216 3974 3794 4052">
    <p class='ocr_par' dir='ltr' id='par_1_99' title="bbox 2216 3974 3794 4052">
     <span class='ocr_line' id='line_1_99' title="bbox 2216 3974 3794 4052; baseline 0.015 -26"><span class='ocrx_word' id='word_1_569' title='bbox 2216 3982 2394 4029; x_wconf 80' lang='lat' dir='ltr'><strong>nostra</strong></span> <span class='ocrx_word' id='word_1_570' title='bbox 2430 3974 2533 4031; x_wconf 84' lang='lat' dir='ltr'><strong>ﬁde</strong></span> <span class='ocrx_word' id='word_1_571' title='bbox 2582 3980 2900 4035; x_wconf 86' lang='lat' dir='ltr'><strong>unanimiter</strong></span> <span class='ocrx_word' id='word_1_572' title='bbox 2940 3985 3361 4052; x_wconf 82' lang='lat' dir='ltr'><strong>construximus,</strong></span> <span class='ocrx_word' id='word_1_573' title='bbox 3385 3990 3636 4049; x_wconf 89' lang='lat' dir='ltr'><strong>similiter</strong></span> <span class='ocrx_word' id='word_1_574' title='bbox 3682 3994 3794 4050; x_wconf 87' lang='lat' dir='ltr'><strong>sub-</strong></span> 
     </span>
    </p>
   </div>
   <div class='ocr_carea' id='block_1_100' title="bbox 2216 4066 2427 4136">
    <p class='ocr_par' dir='ltr' id='par_1_100' title="bbox 2216 4066 2427 4136">
     <span class='ocr_line' id='line_1_100' title="bbox 2216 4066 2427 4136; baseline 0.005 -15"><span class='ocrx_word' id='word_1_575' title='bbox 2216 4066 2427 4136; x_wconf 86' lang='lat' dir='ltr'><strong>scripsi.</strong></span> 
     </span>
    </p>
   </div>
   <div class='ocr_carea' id='block_1_101' title="bbox 2286 4163 3791 4251">
    <p class='ocr_par' dir='ltr' id='par_1_101' title="bbox 2286 4163 3791 4251">
     <span class='ocr_line' id='line_1_101' title="bbox 2286 4163 3791 4251; baseline 0.015 -37"><span class='ocrx_word' id='word_1_576' title='bbox 2286 4163 2520 4217; x_wconf 86' lang='lat' dir='ltr'><strong>Serenus</strong></span> <span class='ocrx_word' id='word_1_577' title='bbox 2557 4163 2839 4233; x_wconf 90' lang='lat' dir='ltr'><strong>episcopus</strong></span> <span class='ocrx_word' id='word_1_578' title='bbox 2887 4166 3103 4222; x_wconf 89' lang='lat' dir='ltr'><strong>humilis</strong></span> <span class='ocrx_word' id='word_1_579' title='bbox 3132 4180 3329 4226; x_wconf 72' lang='lat' dir='ltr'><strong>sancta:</strong></span> <span class='ocrx_word' id='word_1_580' title='bbox 3359 4176 3603 4235; x_wconf 54' lang='lat' dir='ltr'><strong>ecclesia</strong></span> <span class='ocrx_word' id='word_1_581' title='bbox 3633 4180 3791 4251; x_wconf 86' lang='lat' dir='ltr'><strong>Popu-</strong></span> 
     </span>
    </p>
   </div>
   <div class='ocr_carea' id='block_1_102' title="bbox 2219 4254 3794 4345">
    <p class='ocr_par' dir='ltr' id='par_1_102' title="bbox 2219 4254 3794 4345">
     <span class='ocr_line' id='line_1_102' title="bbox 2219 4254 3794 4345; baseline 0.017 -38"><span class='ocrx_word' id='word_1_582' title='bbox 2219 4254 2497 4323; x_wconf 88' lang='lat' dir='ltr'><strong>loniensis,</strong></span> <span class='ocrx_word' id='word_1_583' title='bbox 2529 4256 2581 4310; x_wconf 89' lang='lat' dir='ltr'><strong>in</strong></span> <span class='ocrx_word' id='word_1_584' title='bbox 2605 4258 2738 4312; x_wconf 84' lang='lat' dir='ltr'><strong>hanc</strong></span> <span class='ocrx_word' id='word_1_585' title='bbox 2761 4264 3177 4332; x_wconf 83' lang='lat' dir='ltr'><strong>suggestionem,</strong></span> <span class='ocrx_word' id='word_1_586' title='bbox 3201 4282 3359 4335; x_wconf 91' lang='lat' dir='ltr'><strong>quam</strong></span> <span class='ocrx_word' id='word_1_587' title='bbox 3382 4286 3479 4340; x_wconf 92' lang='lat' dir='ltr'><strong>pro</strong></span> <span class='ocrx_word' id='word_1_588' title='bbox 3508 4278 3794 4345; x_wconf 86' lang='lat' dir='ltr'><strong>apostolica</strong></span> 
     </span>
    </p>
   </div>
   <div class='ocr_carea' id='block_1_103' title="bbox 2218 4348 3796 4428">
    <p class='ocr_par' dir='ltr' id='par_1_103' title="bbox 2218 4348 3796 4428">
     <span class='ocr_line' id='line_1_103' title="bbox 2218 4348 3796 4428; baseline 0.017 -30"><span class='ocrx_word' id='word_1_589' title='bbox 2218 4355 2401 4399; x_wconf 87' lang='lat' dir='ltr'><strong>nostra</strong></span> <span class='ocrx_word' id='word_1_590' title='bbox 2449 4348 2554 4402; x_wconf 88' lang='lat' dir='ltr'><strong>lide</strong></span> <span class='ocrx_word' id='word_1_591' title='bbox 2603 4351 2925 4409; x_wconf 87' lang='lat' dir='ltr'><strong>unanimiter</strong></span> <span class='ocrx_word' id='word_1_592' title='bbox 2950 4360 3363 4428; x_wconf 79' lang='lat' dir='ltr'><strong>construximus,</strong></span> <span class='ocrx_word' id='word_1_593' title='bbox 3390 4365 3644 4423; x_wconf 86' lang='lat' dir='ltr'><strong>similiter</strong></span> <span class='ocrx_word' id='word_1_594' title='bbox 3684 4370 3796 4424; x_wconf 90' lang='lat' dir='ltr'><strong>sub-</strong></span> 
     </span>
    </p>
   </div>
   <div class='ocr_carea' id='block_1_104' title="bbox 2218 4439 2434 4509">
    <p class='ocr_par' dir='ltr' id='par_1_104' title="bbox 2218 4439 2434 4509">
     <span class='ocr_line' id='line_1_104' title="bbox 2218 4439 2434 4509; baseline 0.014 -17"><span class='ocrx_word' id='word_1_595' title='bbox 2218 4439 2434 4509; x_wconf 83' lang='lat' dir='ltr'><strong>scripsi.</strong></span> 
     </span>
    </p>
   </div>
   <div class='ocr_carea' id='block_1_105' title="bbox 2292 4532 3797 4612">
    <p class='ocr_par' dir='ltr' id='par_1_105' title="bbox 2292 4532 3797 4612">
     <span class='ocr_line' id='line_1_105' title="bbox 2292 4532 3797 4612; baseline 0.017 -27"><span class='ocrx_word' id='word_1_596' title='bbox 2292 4532 2588 4604; x_wconf 80' lang='lat' dir='ltr'><strong>Reparatus</strong></span> <span class='ocrx_word' id='word_1_597' title='bbox 2615 4537 2838 4608; x_wconf 77' lang='lat' dir='ltr'><strong>exiguus</strong></span> <span class='ocrx_word' id='word_1_598' title='bbox 2864 4540 3145 4612; x_wconf 89' lang='lat' dir='ltr'><strong>episcopus</strong></span> <span class='ocrx_word' id='word_1_599' title='bbox 3175 4556 3374 4604; x_wconf 83' lang='lat' dir='ltr'><strong>sanctae</strong></span> <span class='ocrx_word' id='word_1_600' title='bbox 3402 4551 3655 4612; x_wconf 56' lang='lat' dir='ltr'><strong>ecclesia</strong></span> <span class='ocrx_word' id='word_1_601' title='bbox 3684 4556 3797 4611; x_wconf 84' lang='lat' dir='ltr'><strong>Flo-</strong></span> 
     </span>
    </p>
   </div>
   <div class='ocr_carea' id='block_1_106' title="bbox 2212 4628 3795 4717">
    <p class='ocr_par' dir='ltr' id='par_1_106' title="bbox 2212 4628 3795 4717">
     <span class='ocr_line' id='line_1_106' title="bbox 2212 4628 3795 4717; baseline 0.018 -39"><span class='ocrx_word' id='word_1_602' title='bbox 2212 4629 2459 4693; x_wconf 69' lang='lat' dir='ltr'><strong>rentinae,</strong></span> <span class='ocrx_word' id='word_1_603' title='bbox 2490 4628 2541 4683; x_wconf 92' lang='lat' dir='ltr'><strong>in</strong></span> <span class='ocrx_word' id='word_1_604' title='bbox 2572 4628 2712 4685; x_wconf 86' lang='lat' dir='ltr'><strong>hanc</strong></span> <span class='ocrx_word' id='word_1_605' title='bbox 2740 4634 3160 4702; x_wconf 88' lang='lat' dir='ltr'><strong>suggestionem,</strong></span> <span class='ocrx_word' id='word_1_606' title='bbox 3189 4655 3347 4707; x_wconf 87' lang='lat' dir='ltr'><strong>quam</strong></span> <span class='ocrx_word' id='word_1_607' title='bbox 3380 4659 3476 4710; x_wconf 89' lang='lat' dir='ltr'><strong>pro</strong></span> <span class='ocrx_word' id='word_1_608' title='bbox 3502 4650 3795 4717; x_wconf 87' lang='lat' dir='ltr'><strong>apostolica</strong></span> 
     </span>
    </p>
   </div>
   <div class='ocr_carea' id='block_1_107' title="bbox 2208 4720 3794 4798">
    <p class='ocr_par' dir='ltr' id='par_1_107' title="bbox 2208 4720 3794 4798">
     <span class='ocr_line' id='line_1_107' title="bbox 2208 4720 3794 4798; baseline 0.016 -26"><span class='ocrx_word' id='word_1_609' title='bbox 2208 4727 2391 4772; x_wconf 86' lang='lat' dir='ltr'><strong>nostra</strong></span> <span class='ocrx_word' id='word_1_610' title='bbox 2439 4720 2544 4773; x_wconf 87' lang='lat' dir='ltr'><strong>ﬁde</strong></span> <span class='ocrx_word' id='word_1_611' title='bbox 2571 4722 2897 4779; x_wconf 87' lang='lat' dir='ltr'><strong>unanimiter</strong></span> <span class='ocrx_word' id='word_1_612' title='bbox 2925 4729 3343 4798; x_wconf 82' lang='lat' dir='ltr'><strong>construximus,</strong></span> <span class='ocrx_word' id='word_1_613' title='bbox 3394 4736 3651 4795; x_wconf 85' lang='lat' dir='ltr'><strong>similiter</strong></span> <span class='ocrx_word' id='word_1_614' title='bbox 3680 4741 3794 4796; x_wconf 88' lang='lat' dir='ltr'><strong>sub-</strong></span> 
     </span>
    </p>
   </div>
   <div class='ocr_carea' id='block_1_108' title="bbox 2206 4812 2414 4880">
    <p class='ocr_par' dir='ltr' id='par_1_108' title="bbox 2206 4812 2414 4880">
     <span class='ocr_line' id='line_1_108' title="bbox 2206 4812 2414 4880; baseline 0 -16"><span class='ocrx_word' id='word_1_615' title='bbox 2206 4812 2414 4880; x_wconf 87' lang='lat' dir='ltr'><strong>scripsi.</strong></span> 
     </span>
    </p>
   </div>
   <div class='ocr_carea' id='block_1_109' title="bbox 2280 4903 3792 4981">
    <p class='ocr_par' dir='ltr' id='par_1_109' title="bbox 2280 4903 3792 4981">
     <span class='ocr_line' id='line_1_109' title="bbox 2280 4903 3792 4981; baseline 0.017 -24"><span class='ocrx_word' id='word_1_616' title='bbox 2280 4903 2589 4960; x_wconf 72' lang='lat' dir='ltr'><strong>Valerianus</strong></span> <span class='ocrx_word' id='word_1_617' title='bbox 2610 4907 2833 4977; x_wconf 83' lang='lat' dir='ltr'><strong>exiguus</strong></span> <span class='ocrx_word' id='word_1_618' title='bbox 2862 4910 3143 4981; x_wconf 87' lang='lat' dir='ltr'><strong>episcopus</strong></span> <span class='ocrx_word' id='word_1_619' title='bbox 3174 4926 3373 4971; x_wconf 71' lang='lat' dir='ltr'><strong>sanctae</strong></span> <span class='ocrx_word' id='word_1_620' title='bbox 3421 4923 3670 4980; x_wconf 75' lang='lat' dir='ltr'><strong>ecclesiae</strong></span> <span class='ocrx_word' id='word_1_621' title='bbox 3695 4927 3792 4981; x_wconf 83' lang='lat' dir='ltr'><strong>Ro-</strong></span> 
     </span>
    </p>
   </div>
   <div class='ocr_carea' id='block_1_110' title="bbox 2204 4998 3793 5089">
    <p class='ocr_par' dir='ltr' id='par_1_110' title="bbox 2204 4998 3793 5089">
     <span class='ocr_line' id='line_1_110' title="bbox 2204 4998 3793 5089; baseline 0.016 -39"><span class='ocrx_word' id='word_1_622' title='bbox 2204 4998 2447 5053; x_wconf 90' lang='lat' dir='ltr'><strong>sellensis</strong></span> <span class='ocrx_word' id='word_1_623' title='bbox 2465 4998 2820 5072; x_wconf 65' lang='lat' dir='ltr'><strong>[liusellinazL</strong></span> <span class='ocrx_word' id='word_1_624' title='bbox 2842 5004 2895 5057; x_wconf 91' lang='lat' dir='ltr'><strong>in</strong></span> <span class='ocrx_word' id='word_1_625' title='bbox 2924 5004 3058 5060; x_wconf 86' lang='lat' dir='ltr'><strong>hanc</strong></span> <span class='ocrx_word' id='word_1_626' title='bbox 3083 5009 3682 5086; x_wconf 85' lang='lat' dir='ltr'><strong>suggestionem,quam</strong></span> <span class='ocrx_word' id='word_1_627' title='bbox 3703 5035 3793 5089; x_wconf 90' lang='lat' dir='ltr'><strong>pro</strong></span> 
     </span>
    </p>
   </div>
   <div class='ocr_carea' id='block_1_111' title="bbox 2207 5089 3795 5180">
    <p class='ocr_par' dir='ltr' id='par_1_111' title="bbox 2207 5089 3795 5180">
     <span class='ocr_line' id='line_1_111' title="bbox 2207 5089 3795 5180; baseline 0.017 -39"><span class='ocrx_word' id='word_1_628' title='bbox 2207 5089 2496 5157; x_wconf 86' lang='lat' dir='ltr'><strong>apostolica</strong></span> <span class='ocrx_word' id='word_1_629' title='bbox 2543 5103 2723 5145; x_wconf 86' lang='lat' dir='ltr'><strong>nostra</strong></span> <span class='ocrx_word' id='word_1_630' title='bbox 2775 5093 2879 5147; x_wconf 89' lang='lat' dir='ltr'><strong>ﬁde</strong></span> <span class='ocrx_word' id='word_1_631' title='bbox 2909 5096 3226 5153; x_wconf 88' lang='lat' dir='ltr'><strong>unanimiter</strong></span> <span class='ocrx_word' id='word_1_632' title='bbox 3270 5108 3701 5180; x_wconf 85' lang='lat' dir='ltr'><strong>construximus,</strong></span> <span class='ocrx_word' id='word_1_633' title='bbox 3731 5112 3795 5167; x_wconf 87' lang='lat' dir='ltr'><strong>si-</strong></span> 
     </span>
    </p>
   </div>
   <div class='ocr_carea' id='block_1_112' title="bbox 2205 5181 2742 5252">
    <p class='ocr_par' dir='ltr' id='par_1_112' title="bbox 2205 5181 2742 5252">
     <span class='ocr_line' id='line_1_112' title="bbox 2205 5181 2742 5252; baseline -0.002 -16"><span class='ocrx_word' id='word_1_634' title='bbox 2205 5181 2403 5236; x_wconf 87' lang='lat' dir='ltr'><strong>militer</strong></span> <span class='ocrx_word' id='word_1_635' title='bbox 2430 5182 2742 5252; x_wconf 89' lang='lat' dir='ltr'><strong>subscripsi.</strong></span> 
     </span>
    </p>
   </div>
   <div class='ocr_carea' id='block_1_113' title="bbox 2277 5272 3790 5350">
    <p class='ocr_par' dir='ltr' id='par_1_113' title="bbox 2277 5272 3790 5350">
     <span class='ocr_line' id='line_1_113' title="bbox 2277 5272 3790 5350; baseline 0.017 -25"><span class='ocrx_word' id='word_1_636' title='bbox 2277 5272 2574 5344; x_wconf 77' lang='lat' dir='ltr'><strong>Cyprianus</strong></span> <span class='ocrx_word' id='word_1_637' title='bbox 2596 5277 2817 5344; x_wconf 77' lang='lat' dir='ltr'><strong>exiguus</strong></span> <span class='ocrx_word' id='word_1_638' title='bbox 2838 5278 3116 5347; x_wconf 84' lang='lat' dir='ltr'><strong>episcOpus</strong></span> <span class='ocrx_word' id='word_1_639' title='bbox 3145 5292 3345 5339; x_wconf 67' lang='lat' dir='ltr'><strong>sanctae</strong></span> <span class='ocrx_word' id='word_1_640' title='bbox 3383 5290 3626 5346; x_wconf 72' lang='lat' dir='ltr'><strong>ecclesiae</strong></span> <span class='ocrx_word' id='word_1_641' title='bbox 3661 5295 3790 5350; x_wconf 88' lang='lat' dir='ltr'><strong>Are-</strong></span> 
     </span>
    </p>
   </div>
   <div class='ocr_carea' id='block_1_114' title="bbox 2207 5368 3789 5453">
    <p class='ocr_par' dir='ltr' id='par_1_114' title="bbox 2207 5368 3789 5453">
     <span class='ocr_line' id='line_1_114' title="bbox 2207 5368 3789 5453; baseline 0.015 -33"><span class='ocrx_word' id='word_1_642' title='bbox 2207 5369 2351 5433; x_wconf 66' lang='lat' dir='ltr'><strong>tinaz,</strong></span> <span class='ocrx_word' id='word_1_643' title='bbox 2394 5385 2449 5422; x_wconf 80' lang='lat' dir='ltr'><strong>in</strong></span> <span class='ocrx_word' id='word_1_644' title='bbox 2492 5368 2630 5422; x_wconf 91' lang='lat' dir='ltr'><strong>hanc</strong></span> <span class='ocrx_word' id='word_1_645' title='bbox 2681 5374 3093 5442; x_wconf 87' lang='lat' dir='ltr'><strong>suggestionem,</strong></span> <span class='ocrx_word' id='word_1_646' title='bbox 3147 5391 3305 5445; x_wconf 86' lang='lat' dir='ltr'><strong>quam</strong></span> <span class='ocrx_word' id='word_1_647' title='bbox 3344 5396 3440 5448; x_wconf 92' lang='lat' dir='ltr'><strong>pro</strong></span> <span class='ocrx_word' id='word_1_648' title='bbox 3494 5390 3789 5453; x_wconf 85' lang='lat' dir='ltr'><strong>apostolica</strong></span> 
     </span>
    </p>
   </div>
   <div class='ocr_carea' id='block_1_115' title="bbox 2205 5461 3790 5537">
    <p class='ocr_par' dir='ltr' id='par_1_115' title="bbox 2205 5461 3790 5537">
     <span class='ocr_line' id='line_1_115' title="bbox 2205 5461 3790 5537; baseline 0.015 -23"><span class='ocrx_word' id='word_1_649' title='bbox 2205 5472 2386 5515; x_wconf 75' lang='lat' dir='ltr'><strong>nostra</strong></span> <span class='ocrx_word' id='word_1_650' title='bbox 2420 5461 2524 5515; x_wconf 86' lang='lat' dir='ltr'><strong>ﬁde</strong></span> <span class='ocrx_word' id='word_1_651' title='bbox 2553 5462 2871 5516; x_wconf 87' lang='lat' dir='ltr'><strong>unanimiter</strong></span> <span class='ocrx_word' id='word_1_652' title='bbox 2910 5468 3326 5537; x_wconf 84' lang='lat' dir='ltr'><strong>construximus,</strong></span> <span class='ocrx_word' id='word_1_653' title='bbox 3367 5473 3618 5533; x_wconf 86' lang='lat' dir='ltr'><strong>similiter</strong></span> <span class='ocrx_word' id='word_1_654' title='bbox 3672 5484 3790 5535; x_wconf 83' lang='lat' dir='ltr'><strong>sub-</strong></span> 
     </span>
    </p>
   </div>
   <div class='ocr_carea' id='block_1_116' title="bbox 2203 5569 2414 5624">
    <p class='ocr_par' dir='ltr' id='par_1_116' title="bbox 2203 5569 2414 5624">
     <span class='ocr_line' id='line_1_116' title="bbox 2203 5569 2414 5624; baseline -0.005 -17"><span class='ocrx_word' id='word_1_655' title='bbox 2203 5569 2414 5624; x_wconf 74' lang='lat' dir='ltr'><strong>scrupsn.</strong></span> 
     </span>
    </p>
   </div>
   <div class='ocr_carea' id='block_1_117' title="bbox 2284 5638 3787 5725">
    <p class='ocr_par' dir='ltr' id='par_1_117' title="bbox 2284 5638 3787 5725">
     <span class='ocr_line' id='line_1_117' title="bbox 2284 5638 3787 5725; baseline 0.015 -25"><span class='ocrx_word' id='word_1_656' title='bbox 2284 5638 2581 5703; x_wconf 69' lang='lat' dir='ltr'><strong>Vitalianus</strong></span> <span class='ocrx_word' id='word_1_657' title='bbox 2626 5651 2853 5719; x_wconf 78' lang='lat' dir='ltr'><strong>exiguus</strong></span> <span class='ocrx_word' id='word_1_658' title='bbox 2880 5654 3159 5724; x_wconf 90' lang='lat' dir='ltr'><strong>episcopus</strong></span> <span class='ocrx_word' id='word_1_659' title='bbox 3193 5667 3392 5725; x_wconf 72' lang='lat' dir='ltr'><strong>sanctae</strong></span> <span class='ocrx_word' id='word_1_660' title='bbox 3419 5662 3667 5720; x_wconf 64' lang='lat' dir='ltr'><strong>ecclesia:</strong></span> <span class='ocrx_word' id='word_1_661' title='bbox 3696 5662 3787 5723; x_wconf 84' lang='lat' dir='ltr'><strong>Se-</strong></span> 
     </span>
    </p>
   </div>
   <div class='ocr_carea' id='block_1_118' title="bbox 2280 5748 3192 5861">
    <p class='ocr_par' dir='ltr' id='par_1_118' title="bbox 2280 5748 3192 5861">
     <span class='ocr_line' id='line_1_118' title="bbox 2280 5748 3192 5861; baseline 0.005 -14"><span class='ocrx_word' id='word_1_662' title='bbox 2280 5805 2301 5832; x_wconf 78' lang='grc' dir='ltr'><strong>ο</strong></span> <span class='ocrx_word' id='word_1_663' title='bbox 2338 5748 2645 5847; x_wconf 64' lang='grc' dir='ltr'><strong>Ηοὶειεηίυέ</strong></span> <span class='ocrx_word' id='word_1_664' title='bbox 2678 5793 2803 5861; x_wconf 79' lang='lat' dir='ltr'><strong>legit</strong></span> <span class='ocrx_word' id='word_1_665' title='bbox 2830 5793 3079 5851; x_wconf 73' lang='lat' dir='ltr'><strong>Albensis.</strong></span> <span class='ocrx_word' id='word_1_666' title='bbox 3120 5798 3192 5852; x_wconf 89' lang='lat' dir='ltr'><strong>In.</strong></span> 
     </span>
    </p>
   </div>
   <div class='ocr_carea' id='block_1_119' title="bbox 2276 5863 3027 5947">
    <p class='ocr_par' dir='ltr' id='par_1_119' title="bbox 2276 5863 3027 5947">
     <span class='ocr_line' id='line_1_119' title="bbox 2276 5863 3027 5947; baseline 0.007 -30"><span class='ocrx_word' id='word_1_667' title='bbox 2276 5864 2301 5901; x_wconf 69' lang='grc' dir='ltr'>ἀ</span> <span class='ocrx_word' id='word_1_668' title='bbox 2335 5863 2537 5932; x_wconf 58' lang='lat' dir='ltr'><strong>Paris,</strong></span> <span class='ocrx_word' id='word_1_669' title='bbox 2574 5863 2871 5947; x_wconf 62' lang='lat' dir='ltr'><strong>illart&#39;anus._</strong></span> <span class='ocrx_word' id='word_1_670' title='bbox 2906 5867 2980 5922; x_wconf 82' lang='lat' dir='ltr'><strong>ID.</strong></span> <span class='ocrx_word' id='word_1_671' title='bbox 3017 5902 3027 5943; x_wconf 36' lang='lat' dir='ltr'><strong>tl</strong></span> 
     </span>
    </p>
   </div>
  </div>
