4016 6354
228 459 365 517 12ιὶ

1685 448 2044 509 EPISTOLIE
2060 490 2069 507 .

3357 450 3499 509 ωε

226 569 409 627 nensis
450 567 505 623 in
545 556 683 621 hanc
719 564 1111 637 suggestionem
1138 604 1153 633 ,
1186 577 1343 636 quam
1374 577 1472 633 pro
1519 563 1809 645 apostolica

1956 566 2173 632 ενένσου,
2214 565 2379 641 ταύτῃ
2408 572 2471 641 τῇ
2522 564 2771 644 ἀναφορᾷ,
2804 570 2867 643 τῇ
2898 573 3068 628 κοινῶς
3104 565 3248 641 παρὰ
3294 566 3501 624 πάντων

226 672 409 717 nostra
450 660 552 716 ﬁde
592 660 910 715 unanimiter
950 659 1373 727 coustruximus,
1414 657 1664 714 similiter
1692 657 1837 743 sub--1

225 759 437 829 scripsi.

236 868 245 887 ·
296 852 595 909 Marcianus
616 850 843 921 exiguus
865 851 1146 920 episc0pus
1166 854 1365 903 sanctae
1390 848 1636 905 ecclesiae
1664 848 1827 917 Vola-1

225 954 481 1013 terranze,
498 944 549 999 in
566 943 702 998 hanc
720 942 1296 1015 suggestionem,quam
1313 958 1408 1012 pro
1422 942 1708 1012 apostolica
1722 956 1815 997 no-

226 1049 336 1095 stra
354 1038 457 1094 ﬁde
474 1037 795 1094 unanimiter
808 1036 1218 1103 construximus,
1236 1037 1481 1096 similiter
1496 1035 1831 1111 subscripsia

240 1255 249 1267 .
298 1215 582 1270 Mauricius
608 1216 830 1285 exiguus
859 1216 1145 1286 episcopus
1170 1225 1371 1273 sancta:
1405 1217 1648 1274 ecclesiae
1676 1218 1815 1295 Sua-7

222 1312 431 1377 Densis,
465 1312 515 1365 in
558 1311 693 1365 hanc
734 1312 1152 1381 suggestionem,
1213 1326 1370 1381 quam
1400 1327 1496 1381 pro
1526 1314 1816 1382 apostolica

220 1412 409 1457 nostra
474 1402 577 1457 ﬁde
654 1406 973 1458 unanimiter
1051 1405 1497 1472 construximus,
1572 1406 1819 1481 similiter

226 1495 539 1564 subscripsi.

232 1608 241 1613 ·
298 1586 557 1655 Agnellus
593 1587 813 1655 exiguus
841 1587 1124 1657 episcopus
1151 1596 1350 1643 sancta:
1373 1587 1614 1644 ecclesiae
1645 1587 1818 1643 Vulsi-

226 1678 431 1733 niensis
447 1677 858 1753 [Volsiniensis],
875 1680 927 1733 in
950 1680 1090 1735 hanc
1111 1682 1522 1751 suggestionem,
1541 1696 1698 1751 quam
1722 1696 1819 1751 pro

226 1771 526 1838 apostolica
595 1782 774 1826 nostra
837 1771 941 1826 ﬁde
1006 1771 1325 1827 unanimiter
1386 1774 1820 1840 conslruximus,

226 1863 476 1919 similiter
510 1864 818 1932 subscripsi.
1814 1850 1817 1855 ⁴

1898 654 2059 729 ’ἡμῶν
2106 658 2339 731 γενομένῃ
2394 658 2526 733 ὑπὲρ
2576 666 2663 718 τῆς
2718 658 3052 718 ἀποπολικῆς
3104 660 3241 727 ἡμῶν
3284 660 3504 721 πίστεως

1919 754 2190 822 συνῄνεσα,
2222 752 2308 805 καί
2335 750 2630 829 υπέγραψα.

1976 836 2282 916 Μαρκιανὸς
2335 844 2491 917 ἐλάχέ
2539 847 2704 900 ἐπίσκ.
2762 854 2854 907 τῆς
2910 846 3059 919 ἁγίας
3104 846 3301 906 ἓκκλησ.
3350 850 3503 904 Βολα-

1918 934 2148 1010 τεράνὴς,
2185 938 2232 990 ἐν
2266 935 2427 1011 ταύτῃ
2461 946 2522 1013 τῇ
2554 940 2795 1013 ἀναφορᾷ,
2916 948 3088 1001 κοινῶς
3132 942 3273 1016 παρά
3302 944 3505 997 πάντων

1920 1029 2058 1098 ἡμῶν
2103 1031 2336 1102 γενομένῃ
2365 1032 2495 1103 ὑπὲρ
2541 1038 2629 1091 τῆς
2666 1032 2908 1087 ἀποστολ.
2937 1035 3074 1103 ἡμῶν
3104 1038 3329 1095 πίστεως
3354 1040 3508 1106 συνῂ-

1918 1138 2063 1183 νεσα,
2095 1122 2173 1173 καὶ
2196 1120 2348 1193 ὖπίγ.
2612 1138 2613 1141 ‘

1936 1210 1943 1217 ’
1989 1218 2261 1290 Μαυρίκιος
2316 1215 2469 1287 ἐλάχ.
2526 1217 2695 1271 ἐπίσκ.
2750 1227 2842 1279 τῆς
2890 1217 3037 1292 ἀγίας
3098 1219 3298 1277 ίκκλησ.
3352 1230 3504 1274 Σουα·

1919 1304 2121 1369 νένσου,
2152 1307 2202 1360 ἐν
2235 1308 2394 1381 ταύτῃ
2436 1315 2498 1380 τῇ
2534 1310 2779 1383 ἀναφορᾷ,
2813 1318 2876 1384 τῇ
2924 1318 3095 1372 κοινῶς
3129 1312 3268 1385 παρά
3305 1313 3512 1367 πάντων

1921 1397 2059 1466 ἡμῶν
2086 1400 2319 1469 γενομένῃ
2348 1399 2480 1472 ὑπὲρ
2506 1408 2595 1458 τῆς
2636 1401 2883 1461 ἀποστολ.
2919 1404 3056 1474 ἡμῶν
3082 1406 3304 1463 πίστεως
3349 1409 3505 1479 συνῄ-

1918 1507 2063 1552 νεσα,
2098 1492 2181 1541 καί
2207 1490 2360 1561 ύπέγ.

1991 1577 2245 1650 ’Δγνέλλος
2299 1582 2578 1651 ἐλάχιστος
2627 1584 2905 1645 ἐπίσκοπος
2952 1593 3042 1649 τῆς
3096 1586 3247 1660 ἁγίας
3300 1590 3504 1649 ἐκκλησ.

1922 1672 2314 1737 Βουλσινιένσου,
2372 1677 2421 1728 ἐν
2473 1678 2636 1747 ταύτῃ
2687 1686 2748 1749 τῇ
2807 1679 3063 1753 ἀναφορᾷ,
3115 1681 3171 1738 ἢν
3231 1680 3363 1755 ὑπὲρ
3413 1690 3506 1743 τῆς

1922 1764 2166 1819 ἀποστολ.
2210 1767 2348 1837 ἡμῶν
2401 1768 2620 1828 πίστεως
2671 1767 2982 1840 ὁμοθυμαδὸν
3026 1774 3383 1843 συνετάξαμεν,
3418 1772 3503 1847 ὁμ.

1924 1855 2078 1930 ὐπέγ.

303 1955 624 2009 Theodorus
650 1954 873 2024 exiguus
896 1954 1177 2026 episcopus
1204 1966 1403 2012 sanctae
1428 1958 1668 2013 ecclesiae
1693 1958 1822 2013 Clu-

1997 1946 2255 2023 Θεὸδωρος
2312 1948 2581 2019 ἐλάχιστος
2638 1951 2912 2012 ἐπίσκοπος
2969 1961 3060 2014 τῆς
3116 1952 3264 2024 ἁγίας
3310 1956 3508 2015 ὲκκλησ.

216 2048 382 2112 εἰηω,
423 2048 474 2100 in
515 2047 650 2100 hanc
700 2049 1134 2118 suggestionem,
1181 2065 1337 2119 quam
1386 2066 1481 2119 pro
1530 2052 1820 2121 aposnolica

228 2150 414 2192 nostra
447 2140 549 2192 ﬁde
590 2139 907 2195 unanimiter
948 2142 1367 2212 construximus,
1400 2143 1645 2200 similiter
1689 2146 1820 2199 sub-

225 2232 448 2299 scripsi.

226 2344 231 2363 ε
307 2324 616 2380 Custoditus
656 2324 872 2381 humilis
910 2326 1192 2396 episcopus
1220 2337 1421 2384 sanctae
1457 2329 1720 2396 ecclesiae,
1768 2331 1823 2385 in

226 2417 371 2474 hanc
396 2420 818 2490 suggestionem,
867 2437 1024 2492 quam
1058 2440 1153 2493 pro
1180 2426 1474 2493 apostolica
1505 2437 1688 2482 nostra
1720 2426 1825 2484 ﬁde

216 2511 560 2567 'unanimiter
588 2515 1003 2584 construximus,
1036 2514 1285 2571 similiter
1314 2517 1627 2587 subscripsi.

222 2722 231 2731 -
304 2690 604 2747 Vitalianus
634 2691 846 2747 humilis
891 2694 1173 2765 episcopus
1203 2704 1401 2751 sanctae
1431 2696 1670 2752 ecclesiae
1715 2696 1825 2752 Tu-

227 2785 604 2852 sculanensis,
672 2786 723 2839 in
782 2787 917 2841 hanc
982 2789 1416 2858 suggestionem,
1493 2802 1652 2858 quam
1730 2802 1826 2858 pro

220 2879 523 2949 apostolica
570 2888 750 2934 nostra
780 2880 885 2936 ﬁde
914 2882 1235 2937 unanimiter
1279 2883 1698 2951 construximus,
1747 2876 1823 2937 si-

214 2971 437 3026 militer
468 2972 776 3041 subscripsi.

307 3063 587 3119 Mauritius
610 3064 826 3119 humilis
866 3065 1149 3133 episcopus
1173 3075 1370 3120 sanctae
1406 3065 1647 3121 ecclesiae
1675 3066 1826 3122 Ana-

230 3159 449 3229 gninae,
487 3158 540 3212 in
580 3160 717 3213 hanc
762 3160 1177 3231 suggestionem,
1209 3176 1365 3231 quam
1394 3176 1489 3231 pro
1538 3163 1826 3231 apostolica

214 3262 420 3307 .nostra
450 3250 553 3306 ﬁde
582 3252 903 3307 unanimiter
940 3250 1365 3321 construkimus,
1412 3255 1659 3310 similiter
1696 3257 1824 3311 sub-

231 3344 451 3413 scripsi.
970 3406 975 3411 ,
1460 3418 1465 3423 ἢ

309 3438 636 3494 Saturninus
664 3438 880 3492 humilis
908 3440 1189 3509 episcopus
1217 3451 1414 3496 sancta:
1438 3440 1680 3496 ecclesiae
1706 3442 1830 3497 Ale-

232 3533 415 3601 trinas,
462 3533 516 3587 in
560 3538 695 3587 hanc
733 3534 1150 3605 suggestionem,
1195 3550 1354 3604 quam
1396 3550 1491 3605 pro
1540 3538 1831 3605 apostolica

232 3636 423 3684 nostra
471 3624 575 3681 ﬁde
613 3625 933 3680 unanimiter
960 3626 1379 3692 construximus,
1426 3626 1671 3682 similiter
1709 3628 1836 3684 sub-

212 3721 449 3790 scripsi.

319 3813 632 3869 Valerianus
658 3812 876 3867 humilis
902 3812 1181 3881 episcopus
1217 3820 1412 3866 sanctae
1439 3812 1664 3867 Rosanae
1704 3812 1835 3885 [Ro-

208 3940 213 3941 κ
238 3904 514 3976 sanensis]
543 3903 814 3968 ecclesiae',
845 3905 897 3958 in
944 3904 1077 3957 hanc
1108 3904 1522 3972 suggestionem,
1554 3920 1709 3974 quam
1742 3919 1835 3973 pro

232 3998 530 4069 apostolica
549 4006 726 4051 nostra
745 3996 851 4051 ﬁde
873 3995 1190 4051 unanimiter
1209 3999 1621 4060 construximus,
1646 3997 1838 4050 simili-

236 4102 326 4147 ter
357 4091 667 4159 subscripsi.

320 4185 672 4242 aGaudiosus
730 4185 948 4240 humilis
1010 4184 1295 4255 episcopus
1349 4195 1550 4239 sanctae
1601 4186 1843 4241 ecclesiae

236 4278 502 4347 Signina,
527 4278 579 4331 in
604 4278 739 4331 hanc
766 4277 1198 4348 suggestionem,
1224 4292 1382 4347 quam
1431 4291 1528 4346 pro
1550 4279 1844 4346 apostolica

236 4380 430 4428 nostra
458 4370 561 4425 ﬁde
593 4371 909 4426 unanimiter
946 4372 1371 4437 construximus,
1418 4370 1666 4425 similiter
1712 4372 1843 4429 sub-

204 4496 209 4499 -
235 4465 461 4533 scripsi.

323 4557 530 4626 Agatho
571 4555 787 4612 humilis
830 4555 1111 4625 episcopus
1144 4562 1344 4609 sanctae
1387 4553 1629 4609 ecclesia;
1675 4552 1849 4622 Aqui-

242 4651 468 4717 leiensis
492 4648 774 4718 provinciae
795 4648 982 4713 lstriae,
1007 4649 1058 4702 in
1083 4647 1218 4701 hanc
1243 4648 1658 4715 suggestionem,
1685 4658 1844 4714 quam

1925 2038 2209 2105 Κλουσίνης,
2239 2041 2287 2094 ἐν
2318 2044 2479 2115 ταύτῃ
2509 2051 2569 2117 τῇ
2599 2044 2842 2121 ἀναφορᾷ,
2882 2045 2938 2104 ἣν
2981 2046 3113 2120 ὑπὲρ
3144 2056 3232 2106 τῆς
3260 2049 3507 2103 ἀποστολ.

1925 2132 2061 2201 ἡμῶν
2113 2142 2336 2195 πίστεως
2392 2133 2711 2206 ὁμοθυμαδὸν
2763 2138 3125 2208 συνετάξαμεν,
3158 2138 3343 2208 ὁμοίως
3385 2142 3511 2194 ὑπάο

1922 2220 2122 2295 ’γραφα-

1995 2312 2339 2375 Κουστόδιτος
2378 2314 2660 2387 ἐλάχιστος
2690 2318 2971 2380 ἐπίσκοπος
3005 2330 3094 2379 τῆς
3125 2321 3279 2393 ἁγίας
3309 2321 3512 2382 ἑκκλησ.

1924 2413 2015 2464 τοῦ
2058 2408 2572 2481 Βαλεντινοκάστρου,
2609 2412 2658 2463 ἐν
2686 2412 2851 2485 ταύτῃ
2895 2421 2958 2485 τῇ
3006 2414 3262 2491 ἀναφορᾷ,
3290 2419 3347 2476 ἣν
3384 2420 3517 2496 ὑπὲρ

1923 2507 2015 2558 τῆς
2055 2500 2301 2556 ἀποστολ.
2346 2502 2485 2573 ἡμῶν
2528 2504 2755 2563 πίστεως
2804 2503 3123 2576 ὁμοθυμαδὸν
3154 2510 3517 2580 συνετάξαμεν,

1926 2588 2012 2662 ὁμ.
2040 2592 2191 2664 ὐπέγ.

1998 2683 2286 2744 Βιταλιανὸς
2330 2684 2609 2756 ἑλάχιστος
2653 2685 2931 2747 ἐπίσκοπος
2978 2694 3069 2749 τῆς
3124 2687 3273 2762 ἁγίας
3314 2692 3516 2751 ἑκκλησ.

1926 2779 2170 2839 Τούσκης
2196 2777 2608 2851 ῘΤουσκούλου],
2647 2782 2696 2834 ἐν
2742 2783 2907 2855 ταύτῃ
2935 2789 2997 2857 τῇ
3028 2784 3273 2859 ἀναφορᾷ,
3303 2786 3361 2843 ἣν
3389 2788 3520 2860 ὑπὲρ

1928 2881 2020 2933 τῆς
2049 2875 2296 2929 ἀποστολ.
2341 2877 2481 2946 ἡμῶν
2525 2880 2754 2937 πίστεως
2784 2874 3105 2947 ὁμοθυμαδὸν
3155 2880 3518 2950 συνετάξαμεν,

1932 2967 2019 3039 ὅμ.
2051 2968 2207 3040 ὐπέγ.
2360 3027 2367 3036 _

2002 3059 2279 3135 Μαυρίκιος
2309 3059 2456 3130 ἐλαχ.
2488 3060 2659 3114 ἐπίσκ.
2688 3067 2780 3121 τῆς
2807 3059 2954 3135 ἁγίας
2982 3060 3185 3119 ἐκκλησ.
3218 3044 3522 3134 ’Λναγνίνλὸς,

1932 3151 1982 3207 ἐν
2026 3154 2189 3228 ταύτῃ
2242 3160 2304 3229 τῇ
2354 3154 2602 3228 ἀναφορᾷ,
2635 3161 2695 3229 τῇ
2733 3162 2908 3217 κοινῶς
2959 3157 3102 3233 παρά
3152 3158 3348 3211 πάντων
3386 3159 3527 3229 ἡμῶν

1932 3249 2170 3322 ’γενομένῃ
2217 3248 2348 3323 ὑπὲρ
2388 3256 2480 3307 τῆς
2515 3248 2763 3303 ἀποστολ.
2793 3250 2931 3319 ἡμῶν
2976 3248 3199 3310 πίστεως
3249 3254 3524 3322 συνῄνεσα,

1859 3344 1907 3408 C
1936 3341 2023 3392 καί
2049 3340 2200 3410 ὐπέγ.

2008 3440 2337 3505 Σατουρνῖνος
2373 3433 2653 3503 ἐλάχιστος
2696 3435 2974 3495 ἐπίσκοπος
3003 3441 3091 3495 τῆς
3123 3434 3272 3507 ἁγίας
3315 3435 3525 3495 ἐκκλησ.

1938 3522 2238 3597 ’Δλετρίνης,
2269 3528 2318 3577 ὲν
2346 3527 2509 3599 ταύτῃ
2529 3534 2591 3599 τῇ
2624 3528 2869 3599 ἀναφορᾷ,
2909 3528 2967 3585 ἣν
2994 3529 3127 3602 ὑπὲρ
3152 3536 3243 3586 τῆς
3273 3528 3521 3584 ἀποστολ.

1938 3618 2079 3688 ἡμῶν
2130 3619 2355 3677 πίστεως
2412 3616 2722 3689 ὁμοθυμαδὸν
2775 3620 3137 3692 συνετάξαμεν,
3169 3620 3347 3694 ὁμοίως
3401 3624 3527 3679 ὑπί-

1938 3707 2139 3784 γραψα.

2010 3802 2308 3878 Βαλεριανὸς
2357 3802 2635 3875 ἐλάχιστος
2681 3807 2949 3867 ἐπίσκοπος
2991 3816 3083 3869 τῆς
3124 3806 3279 3881 ἁγίας
3322 3811 3525 3871 ἔκκλησ.

1940 3897 2013 3956 εἰς
2055 3896 2120 3950 τά
2161 3893 2409 3957 Ῥωσάνα,
2438 3898 2490 3950 ἐν
2539 3899 2705 3971 ταύτῃ
2757 3907 2819 3973 τῇ
2874 3901 3118 3973 ἀναφορᾷ,
3156 3904 3213 3961 ἣν
3254 3904 3387 3980 ὑπὲρ
3441 3916 3533 3967 τῆς

1942 3988 2187 4045 ἀποστολ.
2232 3991 2371 4058 ἡμῶν
2415 3994 2640 4052 πίστεως
2690 3991 3005 4064 ὁμοθυμαδὸν
3046 3998 3413 4067 συνετάξαμεν,
3444 3999 3530 4071 ὁμ.

1942 4083 2098 4155 ὑπέγ.

2013 4176 2293 4239 Γαυζίσκος
2333 4174 2431 4245 [[λ.
2460 4172 2790 4247 Γαυδιῶσος]
2824 4177 2977 4248 ἐλάχ.
3024 4178 3196 4234 ἐπίσκ.
3234 4186 3327 4239 τῆς
3382 4179 3534 4253 ἁγίας

1947 4266 2151 4325 ἐκκλησ.
2197 4271 2437 4339 Σιγνίνης,
2474 4270 2521 4322 ἐν
2573 4270 2737 4340 ταύτῃ
2783 4278 2844 4340 τῇ
2898 4272 3140 4343 ἀναφορᾷ,
3174 4273 3230 4330 ἣν
3277 4273 3408 4346 ὑπὲρ
3444 4284 3537 4335 τῆς

1947 4361 2198 4417 ἀποστολ.
2272 4364 2410 4431 ἡμῶν
2472 4364 2696 4421 πίστεως
2773 4360 3092 4433 ὁμοθυμαδὸν
3162 4366 3535 4435 συνετάξαμεν,

1948 4453 2034 4525 ὁμ.
2065 4457 2217 4525 ὐπέγ.

2019 4546 2237 4618 Ἁγάθων
2261 4544 2535 4614 ἐλάχιστος
2564 4544 2838 4603 ἐπίσκοπος
2876 4551 2967 4603 τῆς
2998 4543 3146 4615 ἁγίας
3171 4545 3370 4603 ἐκκλησ.
3400 4554 3541 4603 ’Δκυ-

1934 4635 2092 4696 ’ληίας
2122 4638 2382 4710 ἐπαρχίας
2410 4635 2656 4711 Ἰστρίας,
2686 4639 2736 4689 ἐν
2762 4636 2921 4703 ταύτῃ
2955 4644 3017 4709 τῇ
3043 4638 3292 4709 ἀναφορᾷ,
3324 4640 3381 4697 ἢν
3406 4642 3539 4717 ὑπὲρ

246 4761 347 4815 pro
391 4745 677 4815 apostolica
722 4752 904 4797 nostra
934 4742 1038 4796 ﬁde
1068 4739 1385 4794 unanimiter
1415 4740 1832 4804 construximus,

1956 4737 2040 4789 τῆς
2076 4729 2326 4783 ἀποστολ.
2367 4731 2507 4799 ἡμῶν
2542 4730 2766 4789 πίστεως
2806 4727 3125 4799 ὁμοθυμαδὸν
3168 4732 3537 4805 συνετάξαμεν,

239 4837 495 4893 similiter
514 4834 822 4903 subscripsi.

322 4936 579 5006 Cyriacus
603 4941 848 5002 peccator
873 4939 927 4987 et
962 4930 1210 5002 indignus
1231 4930 1512 4998 episcopus
1533 4934 1727 4982 sancta
1750 4940 1841 4981 ec-

247 5028 436 5084 clesia:
482 5024 718 5079 Polensis
756 5023 1041 5092 provincim
1072 5020 1257 5085 lstrim,
1296 5020 1347 5074 in
1385 5019 1520 5073 hanc
1548 5015 1845 5087 suggestio-

249 5135 416 5183 nem,
460 5132 614 5187 quam
660 5132 755 5185 pro
804 5114 1095 5183 apostolica
1144 5123 1322 5169 nostra
1379 5112 1482 5166 ﬁde
1534 5109 1848 5165 unanimiter

247 5209 669 5271 construximus,
691 5208 936 5263 similiter
957 5206 1269 5273 subscripsi.
1564 5244 1595 5267 ,

331 5302 649 5357 Aurelianus
714 5298 930 5352 humilis
998 5300 1280 5366 episcopus
1320 5284 1543 5359 (sanctae
1610 5292 1851 5349 ecclesia:

202 5440 209 5447 .
252 5396 558 5455 Parentinae
589 5393 870 5461 provinciae
918 5390 1106 5457 Istriae,
1153 5391 1205 5443 in
1262 5391 1397 5442 hanc
1432 5390 1848 5457 suggestionem,

255 5503 423 5557 quam
454 5501 548 5554 pro
568 5483 861 5553 apostolica
892 5491 1071 5536 nostra
1106 5480 1210 5534 ﬁde
1239 5478 1560 5535 unanimiter
1598 5489 1852 5534 constru-

256 5580 438 5634 ximus
458 5617 472 5641 ,
506 5576 749 5631 similiter
768 5572 1080 5642 subscripsi.

344 5668 564 5725 Ursinus
598 5668 813 5722 humilis
854 5668 1140 5736 episcopus
1168 5674 1366 5721 sancta:
1405 5664 1644 5722 ecclesiae
1686 5664 1856 5721 Cene-

263 5765 436 5819 tensis
468 5762 752 5831 provinciae
779 5759 964 5826 lstriae,
995 5762 1047 5815 in
1070 5759 1218 5833 hanc
1248 5760 1670 5830 suggestionem,
1696 5773 1855 5831 quam

350 5948 377 5977 α
406 5942 575 5998 Paris.
593 5980 610 6010 ,
641 5950 697 5997 ut
724 5939 779 5996 iu
819 5938 1029 6007 Graeco,
1055 5935 1371 5994 Gaurium;

1950 4822 2034 4894 ὸμ.
2065 4822 2218 4893 ὑπέγ.

2022 4916 2266 4991 Κυριακὸς
2294 4912 2594 4989 ἁμαρτωλὸς
2616 4916 2695 4967 καί
2726 4912 2927 4976 ἀνάξιος
2957 4912 3234 4974 ἐπίσκοπος
3271 4923 3359 4975 τῆς
3392 4915 3543 4988 ἁγίας

1956 5009 2157 5067 ἕκκλησ.
2205 5009 2456 5068 Πολήνσου
2499 5003 2716 5078 [Πόλης]
2766 5009 2965 5083 ἐπαρχ.
3011 5005 3249 5082 Ἰστρίας,
3298 5009 3343 5061 ἐν
3376 5011 3543 5079 ταύτῃ

1956 5111 2019 5179 τῇ
2047 5105 2292 5175 ἀναφορᾷ,
2327 5102 2383 5160 ἣν
2411 5102 2541 5177 ὑπὲρ
2573 5108 2664 5159 τῆς
2709 5100 2953 5155 ἀποστολ.
2986 5102 3125 5170 ἡμῶν
3165 5102 3387 5158 πίστεως
3422 5097 3545 5168 ὁμο-

1961 5194 2181 5268 θυμαδὸν
2210 5194 2565 5266 συνετάξαμεν,
2593 5197 2677 5263 ὀμ.
2710 5193 2858 5264 ὑπέσγ.

2031 5289 2335 5362 Δύρηλιανὸς
2378 5285 2651 5357 ἐλάχιστος
2705 5286 2976 5342 ἐπίσκοπος
3005 5289 3096 5341 τῆς
3142 5280 3292 5352 ἀνίας
3340 5282 3539 5342 ἑκκλησ.

1962 5382 2213 5457 Παρέντου
2272 5381 2472 5455 ἐπαρχ.
2519 5376 2762 5454 Ἰστρίας,
2791 5378 2840 5430 ἐν
2893 5375 3052 5447 ταύτῃ
3097 5380 3160 5446 τῇ
3212 5374 3455 5446 ἀναφορᾷ,
3486 5374 3545 5432 ἣν

1962 5474 2091 5550 ὑπὲρ
2133 5481 2222 5533 τῆς
2258 5472 2504 5527 ἀποστολ.
2539 5474 2677 5543 ἡμῶν
2706 5472 2932 5527 πίστεως
2970 5464 3287 5539 ὁμοθυμαδὸν
3331 5468 3545 5523 συνετά-

1962 5567 2133 5637 ξαμεν,
2167 5566 2249 5637 ὁμ.
2284 5567 2435 5638 ὐπέγ.

2031 5662 2274 5733 Οὐρσῐνος
2328 5658 2601 5728 ἐλάχιστος
2652 5656 2926 5713 ἐπίσκοπος
2982 5662 3074 5715 τῆς
3130 5651 3279 5722 ἁγίας
3340 5652 3544 5715 ἐκκλησ.

1960 5753 2145 5812 Κίνσσυ
2176 5750 2391 5824 ίιίινέτου
2425 5745 2510 5820 L.]
2538 5749 2740 5824 ὲπαρχ.
2768 5746 3013 5821 Ἰστρίας,
3044 5745 3095 5803 ἐν
3124 5739 3289 5819 ταύτῃ
3317 5756 3380 5824 τῇ
3426 5747 3552 5804 ἀνα-
