4016 6354
329 339 462 428 tatu
533 425 536 428 ψ

1777 345 2155 413 EPISTOLIE.

3473 333 3618 426 i250

329 462 443 516 vine
485 461 732 528 imperat,
787 469 1111 532 sceptraque
1157 461 1578 524 clementissime
1622 467 1778 540 regit,
1806 485 1889 540 qui

1992 472 2253 546 ,φανείσης
2292 471 2537 548 αἱρέσεως
2577 463 2871 534 πολυπλανῆ
2920 472 3068 539 δόξαν
3100 461 3445 551 ἒξεδιὼξαμεν,
3470 483 3616 558 ἐξὰρς

259 597 266 604 .
325 551 596 618 adiutore,
620 551 915 621 impietatis
941 567 1182 611 errorem
1207 557 1518 626 evertimus,
1545 558 1920 617 hzereticorum

321 644 582 699 nefariam
604 644 906 700 doctrinam
933 648 1085 715 quasi
1120 649 1399 706 obsidione
1429 652 1623 707 adorti.
1653 653 1780 709 Inde
1801 655 1922 709 fun-

318 725 571 791 damenta
594 738 937 794 exsecranda
954 754 1140 795 eorum
1165 731 1430 799 haereseos
1455 759 1677 814 prorsus
1704 748 1919 802 convel-

317 828 514 895 lentes,
541 844 742 901 eosque
768 833 932 887 armis
963 835 1329 906 Spiritualibus
1357 839 1702 909 paternisque
1723 855 1916 912 aggre-

317 921 562 988 dientes,
592 932 646 978 et
673 924 881 994 linguas
923 941 1132 997 eorum,
1175 943 1242 984 ne
1266 929 1406 986 inter
1431 946 1491 986 se
1513 934 1918 989 accommodate

313 1013 691 1084 loquerentur,
733 1017 1144 1086 confundentes,
1176 1030 1501 1078 exstructam
1529 1025 1596 1081 ab
1624 1026 1689 1082 iis
1712 1027 1916 1096 impiis-

309 1110 465 1163 simae
493 1112 717 1193 haeresis
765 1115 1323 1172 turrim’subruimus:
1357 1133 1419 1173 ac
1450 1119 1617 1188 ipsos,
1650 1129 1706 1175 ut
1736 1121 1914 1192 lapsos

307 1203 456 1259 circa
486 1205 644 1262 ﬁdem
676 1223 739 1262 ac
771 1221 1105 1279 peccatores,
1150 1213 1204 1266 in
1257 1215 1531 1270 matutinis
1559 1225 1709 1271 extra
1739 1228 1912 1274 castra

307 1299 571 1354 atriorum
623 1300 740 1369 Dei,
800 1311 858 1358 ut
904 1303 1157 1362 Davidice
1207 1308 1484 1377 loquamur
1529 1307 1700 1382 (Psat.
1740 1327 1790 1376 c,
1827 1309 1907 1382 8),

305 1395 1180 1468 anathematibus'interfecimus,
1211 1418 1280 1458 ex
1314 1404 1575 1461 sententia
1607 1419 1702 1473 per
1729 1419 1910 1461 sacras

301 1494 514 1542 vestras
548 1488 753 1546 litteras
779 1492 846 1547 de
878 1494 942 1547 iis
974 1495 1122 1564 prius
1147 1495 1272 1564 lata,
1295 1495 1904 1555 videlicet'l‘heodorum
1947 1501 1955 1508 ’

299 1580 617 1652 episcopum
663 1579 908 1653 Pharan,
963 1586 1248 1658 Sergium,
1298 1590 1631 1658 Honorium,
1680 1591 1904 1664 Cyrum,

299 1668 551 1737 Paulum,
577 1671 842 1744 Pyrrhum
875 1685 929 1731 et
956 1677 1194 1734 Petrum.
1240 1680 1320 1735 Ad
1367 1681 1468 1737 hoc
1496 1691 1674 1738 autem
1703 1692 1757 1738 et
1787 1692 1907 1752 post

299 1774 396 1815 eos
428 1763 862 1821 anathematibus
907 1767 1282 1826 hmreticorum
1310 1772 1451 1842 justc
1494 1773 1822 1844 subiecimus
1852 1784 1906 1830 et

2027 586 2214 636 χοντος
2240 569 2376 639 ἡμῶν
2407 569 2453 621 ἐν
2480 576 2584 627 τοῖς
2611 566 2828 642 δόγμασι
2859 575 3228 626 Κωνσταντὶνου
3271 570 3366 628 τοῦ
3381 566 3614 640 ’θειωδῶς

2022 659 2415 730 βασιλεύοντος,
2458 667 2548 718 καὶ
2593 664 2658 719 τὰ
2722 674 2964 743 σκῆπτρα
3027 669 3366 743 ἡμερωτάτως
3421 673 3618 728 ἰθύνον·

2020 773 2128 813 τος.
2200 750 2384 824 μεθόὖ
2457 761 2546 816 τήν
2616 766 2708 817 τῆς
2759 758 3007 835 ’ἀσεϐείας
3073 759 3265 820 πλάνην
3341 784 3616 838 κατεστρεο

2021 846 2267 915 ψάμεθα,
2315 847 2385 900 τὰ
2443 854 2541 901 τῶν
2600 848 2859 925 αἱρετικῶν
2925 847 3155 908 δυσσεϐῆ
3238 852 3616 929 πολιορκήσαν-

2017 954 2104 996 τες
2150 933 2405 1008 δόγματα.
2457 941 2725 994 κάντεῦθεν
2790 941 2841 994 ἐκ
2895 940 3093 1015 βάθρων
3155 938 3325 997 αύτῶν
3379 946 3617 1001 ἀνασπά-

2018 1049 2202 1088 σαντες
2248 1033 2370 1092 τούς
2419 1032 2679 1100 θεμελίους
2730 1041 2821 1096 τῆς
2876 1033 3268 1110 βδελυρωτάτης
3323 1037 3606 1112 αἱρέσεως,

2011 1125 2102 1190 ,καὶ
2154 1124 2465 1184 καταϐάντες
2517 1127 2644 1200 πρὸς
2684 1128 2866 1188 αὐτούς
2912 1127 3018 1200 μεθ’
3043 1125 3208 1183 ὅπλων
3259 1138 3618 1202 πνευματικῶν

2013 1234 2070 1267 τε
2111 1216 2192 1270 καὶ
2239 1223 2520 1289 πατρικῶν,
2554 1219 2634 1270 καὶ
2686 1220 2776 1278 τὰς
2823 1218 3064 1292 γλώσσας
3109 1222 3277 1276 αὐτῶν
3303 1223 3614 1300 προσφόρως

2012 1301 2168 1376 λέγειν
2219 1309 2564 1379 συγχέαντες,
2596 1309 2678 1364 τὸν
2713 1309 2804 1364 ὑπ’
2828 1313 2989 1367 αύτῶν
3033 1313 3300 1368 κτισθέντα
3341 1322 3432 1374 τῆς
3480 1317 3612 1369 ἀσε·

2014 1395 2268 1483 ϐεςτάτης
2319 1399 2560 1473 αἱρέσεως
2621 1402 2814 1475 πύργον
2889 1399 3363 1476 ἐξεμοχλεύσαμεν⁹
3421 1403 3611 1466 αύτούς

2010 1483 2065 1541 δέ
2110 1489 2178 1547 ὥς
2225 1491 2343 1564 περὶ
2391 1495 2481 1549 τήν
2531 1493 2704 1547 πίστιν
2749 1490 3105 1568 ἡμαρτηκότας
3150 1497 3220 1554 εἰς
3273 1496 3366 1557 τὰς
3407 1495 3610 1573 πρωίας

2010 1576 2110 1643 ἔξω
2157 1589 2248 1640 τῆς
2294 1584 2620 1658 παρεμϐολῆς
2669 1593 2770 1640 τῶν
2815 1587 2973 1642 αὐλῶν
3002 1593 3096 1643 τοῦ
3142 1596 3291 1655 Θεοῦ,
3329 1591 3607 1650 Δαϐιτικῶς

2009 1669 2349 1746 [Δαυῐτικῶς]
2381 1679 2555 1741 εἰπεῖν,
2580 1686 2688 1741 τοῖς
2720 1680 3026 1752 ἁναθὲμασιν
3050 1685 3429 1758 ἀπεκτείναμεν,
3472 1685 3608 1742 κατά

2005 1769 2095 1822 τὴν
2143 1774 2248 1827 τοῖς
2299 1767 2450 1837 ἱεροῖς
2502 1770 2641 1838 ὑμῶν
2709 1774 3003 1847 γράμμασιν
3055 1771 3138 1829 ἔπ’
3160 1777 3336 1837 αὐτοῖς
3391 1777 3601 1849 προφη-

295 1869 415 1923 eos,
471 1858 561 1925 qui
608 1858 795 1932 vivunt
822 1874 1066 1933 suscepta
1101 1863 1310 1920 illorum
1343 1866 1634 1936 impietate,
1683 1869 1785 1934 vel,
1845 1880 1889 1924 ul

2010 1861 2272 1929 φισθεῖσαν
2301 1861 2576 1933 ἀπόφασιν
2610 1866 2764 1935 φαμὲν
2798 1863 2858 1924 δή
2886 1864 3142 1946 Θεόδωρον
3167 1871 3251 1922 τόν
3285 1878 3378 1932 τῆς
3408 1865 3599 1943 Φαράν,

293 1949 540 2016 apertius
568 1951 798 2020 dicatur,
830 1954 1168 2026 Apollinarii,
1200 1966 1255 2012 et
1283 1959 1492 2027 Severi,
1520 1969 1573 2014 et
1615 1959 1895 2016 Themistii

291 2037 584 2099 exosorum
632 2046 742 2101 Deo
774 2035 798 2114 ,’
833 2047 1117 2104 Macarium
1170 2050 1259 2120 qui
1310 2051 1404 2105 fuit
1455 2052 1893 2109 Antiochensium

293 2129 507 2204 magna)
537 2137 683 2222 urbis
709 2139 1012 2210 episcopus,
1046 2158 1206 2212 quem
1231 2157 1285 2198 et
1317 2145 1592 2213 pastoritia
1618 2145 1754 2214 pelle
1776 2161 1890 2200 me-

288 2230 400 2314 rito
430 2233 597 2301 ipsius
620 2233 1032 2304 denudavimus,
1052 2247 1269 2306 propter
1297 2237 1745 2309 impcenitentiam
1776 2238 1893 2308 ejus

289 2324 437 2380 circa
461 2327 819 2383 orthodoxam
864 2329 1022 2386 ﬁdem
1068 2340 1120 2384 et
1147 2332 1469 2387 obstinatam
1501 2334 1888 2401 pervicaciam;

287 2424 345 2471 et
369 2416 701 2486 Stephanum
731 2422 848 2492 ejus
872 2423 938 2478 ad
966 2426 1254 2480 amentiam
1285 2425 1625 2494 discipulum,
1669 2427 1736 2480 ad
1787 2426 1889 2480 im-

286 2509 545 2577 pietatem
604 2511 929 2571 doctorem:
977 2516 1105 2572 item
1163 2517 1572 2589 Polycbronium
1602 2559 1620 2586 ,
1679 2518 1770 2587 qui
1833 2517 1888 2573 in

283 2601 628 2671 dogmatibus
658 2605 929 2662 haereticis
951 2608 1154 2663 nomini
1183 2622 1280 2663 suo
1305 2608 1658 2678 respondens,
1684 2610 1886 2663 invete-

281 2695 457 2750 ravit:
509 2711 606 2752 eos
654 2697 896 2767 demum,
927 2700 1020 2770 qui
1063 2699 1284 2768 similia,
1321 2709 1478 2770 atque
1514 2701 1589 2764 hi,
1636 2699 1885 2767 impaeni-

285 2793 466 2844 tenter
487 2789 808 2858 docuerunt,
841 2801 932 2847 aut
979 2793 1195 2863 docent,
1229 2801 1319 2849 aut
1347 2792 1608 2860 sentiunt,
1641 2799 1734 2846 aut
1760 2805 1881 2847 scn-

283 2891 496 2937 serunt.

2006 1955 2222 2027 Σέργιον,
2267 1957 2516 2029 Ὁνὼριον,
2561 1963 2737 2031 κῦρον,
2771 1960 2986 2027 Παῦλον,
3029 1962 3224 2036 Πύρῤον
3269 1965 3352 2018 καὶ
3392 1957 3596 2039 Πέτρον.

2004 2045 2131 2117 Πρὸς
2169 2043 2223 2099 δὲ
2252 2049 2452 2108 τούτοις
2501 2052 2584 2102 καὶ
2617 2050 2744 2119 μετά
2784 2053 2998 2112 τούτους
3038 2061 3152 2114 τοῖς
3183 2054 3453 2126 ἀναθέμασι
3495 2062 3600 2111 τῶν

2003 2138 2265 2211 αἰρετικῶν
2309 2139 2512 2201 ἐνδίκως
2555 2133 2938 2198 καθυπεϐἀλοαε
2990 2185 3005 2209 ,
3047 2148 3131 2200 καὶ
3175 2136 3306 2206 τούς
3340 2147 3389 2201 ἐν
3441 2152 3600 2211 ζῶσιν

1999 2229 2426 2303 ἁναδεδεγμένους
2461 2238 2550 2292 τήν
2589 2236 2784 2290 τούτων
2832 2237 3089 2303 ἀσέϐειαν,
3120 2241 3275 2294 εἰπεῖν
3314 2237 3368 2294 δέ
3406 2239 3598 2310 μᾶλλον

1997 2321 2326 2398 σαφέστερον,
2381 2328 2470 2381 τήν
2524 2325 2930 2400 Ἀπολλιναρίου·,
2959 2329 3177 2402 Σεϐήρου
3235 2350 3310 2396 τε,
3355 2333 3441 2384 καὶ
3494 2339 3595 2388 Θε-

1999 2416 2206 2483 μιστίου
2252 2420 2350 2468 τῶν
2378 2423 2710 2485 Θεοστυγῶν,
2758 2419 3014 2492 Μακάρων
3060 2421 3146 2475 τὸν
3191 2418 3454 2493 γενόμενον
3502 2429 3596 2483 τῆς

1995 2503 2298 2578 ’Δντιοχέων
2350 2506 2736 2581 μεγαλοπόλεως
2787 2511 3080 2566 ἐπίσκοπον·
3116 2510 3168 2566 ὃν
3207 2516 3290 2568 καί
3339 2522 3428 2575 τῆς
3476 2535 3598 2570 ποι·-

1993 2616 2240 2680 μαντικῆς
2285 2606 2440 2682 δορᾶς
2489 2608 2596 2664 κατ’
2618 2611 2760 2673 ἀξίαν
2795 2612 3232 2683 ἀπεγνμνώσαμεν
3263 2610 3344 2668 διὰ
3379 2617 3436 2668 τὸ
3467 2616 3596 2683 ἆμεο

1991 2701 2231 2759 τανόητον
2255 2702 2438 2757 τούτου
2469 2704 2597 2779 πρὸς
2649 2707 2738 2762 τήν
2779 2702 3032 2778 ὀρθόδοξον
3072 2706 3249 2762 πὶστιν
3293 2711 3378 2760 καὶ
3421 2699 3594 2762 ἀνεπίλ

1991 2814 2210 2868 στροφον
2236 2810 2248 2822 ⁸
2301 2795 2537 2864 Στέφανον
2589 2794 2671 2849 τόν
2719 2797 2907 2850 τούτου
2962 2799 3093 2871 πρὸς
3143 2794 3315 2853 ἄνοιαν
3362 2793 3593 2869 μαθήτιόν

1990 2888 2077 2963 mi
2107 2882 2406 2940 διδάσκαλον
2448 2887 2580 2962 πρὸς
2622 2888 2893 2951 ἀσέϐειαν,
2924 2892 3010 2943 καὶ
3052 2890 3136 2943 τόν
3167 2889 3212 2942 ἐν
3241 2897 3352 2950 τοῖς
3397 2891 3594 2964 αἱρετι-

281 2984 392 3035 xci:
437 2975 660 3050 δόγμασι
702 2978 1069 3053 Πολυχρόνιον,
1105 2981 1192 3037 καὶ
1232 2980 1353 3040 τοὺς
1396 2980 1461 3036 τὰ
1501 2975 1649 3051 ὅμοια
1691 2975 1898 3041 τούτοις
1941 2975 2304 3050 ἅμετανοήτως
2350 2975 2652 3044 διδάξαντας
2703 2979 2733 3040 ἦ
2795 2978 3148 3045 διδάσκοντας,
3185 2980 3214 3042 ἦ
3253 2990 3590 3056 φρονοῦντας,

282 3067 314 3126 ἦ
354 3073 706 3144 φρονήσαντας
729 3069 976 3145 δόγματα.

1909 3167 1957 3230 C

356 3229 624 3286 Hactenus
654 3231 816 3299 igitur
844 3246 1046 3288 mceror
1076 3232 1229 3288 nobis
1257 3239 1312 3286 et
1343 3235 1575 3300 tristitia,
1623 3242 1680 3288 et
1702 3233 1881 3290 multae

280 3321 531 3393 lacr'ymm
563 3321 736 3378 fuere.
779 3322 897 3379 Non
943 3325 1084 3380 enim
1132 3328 1347 3383 risimus
1377 3327 1743 3398 proximorum
1770 3325 1884 3379 rui-

281 3430 398 3482 nas,
436 3429 535 3470 nec
584 3429 769 3470 eorum
797 3416 1074 3472 effraenato
1104 3418 1283 3477 furore
1326 3420 1431 3474 laeti
1471 3421 1878 3487 exsultavimus,

281 3521 381 3562 nec
412 3506 612 3562 idcirco
644 3523 828 3562 sumus
855 3509 1018 3575 elati,
1051 3517 1114 3565 ut
1151 3526 1270 3565 eam
1311 3511 1382 3566 ob
1410 3525 1522 3566 rem
1553 3509 1765 3580 gravius
1791 3523 1881 3564 ca-

279 3599 564 3656 deremus:
615 3614 722 3654 non
769 3601 847 3656 sic
890 3600 943 3654 in
994 3601 1096 3671 his,
1149 3617 1182 3656 ο
1234 3602 1541 3658 venerabile
1578 3609 1632 3656 et
1670 3613 1882 3656 sacrum

280 3701 484 3762 caput,
538 3693 715 3747 edocti
773 3709 958 3748 sumus
987 3733 1003 3760 ,
1055 3695 1144 3764 qui
1193 3694 1554 3749 universitatis
1603 3693 1878 3748 dominum

279 3784 554 3840 Christum
583 3785 872 3840 humanum
903 3800 967 3842 ac
995 3801 1204 3842 summe
1250 3788 1447 3842 bonum
1493 3794 1549 3841 et
1587 3784 1878 3856 benignum

281 3877 610 3934 habeamus:
663 3879 752 3949 qui
805 3887 862 3935 et
911 3881 1156 3935 hortatur
1207 3895 1327 3944 nos,
1384 3888 1463 3946 ut,
1518 3880 1656 3934 sicut
1707 3880 1878 3934 bonos

202 3985 209 3993 '
282 3971 460 4040 decet,
490 3974 902 4030 sacerdotalium
949 3976 1116 4045 ipsius
1145 3977 1344 4046 legum,
1383 3976 1436 4029 in
1468 3987 1724 4046 quantum
1760 3975 1875 4030 ﬁeri

280 4067 485 4137 possit,
543 4067 713 4122 simus
760 4067 1087 4133 imitatores,
1155 4068 1488 4136 formamque
1542 4067 1877 4122 obtineamus

281 4158 567 4230 pastoralis
589 4159 705 4230 ejus
748 4169 803 4216 et
828 4159 1206 4215 conciliatricis
1239 4157 1660 4229 gubernationis.
1695 4157 1799 4214 Sed
1821 4167 1876 4213 et

283 4253 351 4308 ad
385 4253 714 4322 poenitentia:
737 4254 1146 4310 conversionem
1171 4263 1281 4307 tum
1305 4253 1679 4310 serenissimus
1707 4252 1873 4322 impe-

279 4349 450 4414 rator,
508 4356 618 4404 tum
654 4362 770 4414 nos,
827 4363 920 4402 eos
951 4349 1094 4402 varie
1123 4347 1319 4401 hortati
1348 4361 1554 4412 sumus,
1593 4347 1878 4415 omniaque

281 4440 550 4511 gessimus
581 4440 843 4509 religione
874 4449 928 4495 et
957 4439 1226 4509 diligentia
1259 4440 1542 4510 singulari:
1595 4455 1700 4494 nou
1725 4453 1876 4494 com-

2058 3230 2229 3304 Μέχρι
2273 3229 2467 3284 τούτων
2510 3233 2679 3284 τοίνυν
2722 3229 2843 3299 ἡμῖν
2885 3228 2946 3283 τὸ
2990 3225 3206 3300 κατηφὶς
3244 3229 3324 3282 καὶ
3364 3227 3585 3302 στυγνόν

1985 3323 2069 3376 καὶ
2120 3319 2432 3398 πολύδακρυ.
2503 3323 2576 3374 Οὺ
2622 3321 2724 3396 γὰρ
2782 3319 3087 3392 ἐγελάσαμεν
3147 3326 3250 3374 τῶν
3307 3320 3462 3378 πέλας
3519 3320 3586 3376 τὰ

1977 3409 2264 3480 ’σιτοῦμαι-α,
2313 3410 2426 3467 ούδέ
2454 3420 2546 3472 τῆς
2591 3413 2788 3466 ἐκείνων
2833 3413 3200 3484 ἐξοιστρήσεως
3243 3410 3583 3486 ἐπιχαρέντες

1984 3509 2475 3577 κατεσκιρτήσαμεν,
2506 3501 2619 3559 ούδέ
2666 3505 2798 3575 μέγα
2843 3501 2925 3558 διὰ
2971 3509 3120 3559 τοῦτο
3157 3503 3467 3576 ἐπῄρθημεν,
3492 3502 3575 3560 ἶνα

1983 3601 2069 3655 καὶ
2098 3603 2266 3672 μεῖζον
2299 3600 2380 3654 ἐπὶ
2413 3599 2578 3667 τούτῳ
2617 3597 3056 3666 κατενεχθείήμεν⁶
3105 3597 3206 3666 οὐχ
3247 3593 3582 3667 οὕτωςήμεῖς

1981 3692 2103 3765 περὶ
2152 3691 2368 3755 τούτων,
2417 3685 2456 3741 ὦ
2503 3688 2765 3757 σεϐασμία
2817 3690 2898 3742 καὶ
2948 3688 3058 3761 ἱερά
3099 3687 3306 3757 κεφαλή,
3345 3683 3582 3739 ἐπαιδεύ-

1981 3783 2138 3853 Θημεν
2163 3823 2176 3844 ,
2225 3782 2309 3837 τόν
2370 3787 2469 3834 τῶν
2517 3778 2639 3833 ὅλων
2705 3778 2958 3836 δεσπότην
3018 3779 3238 3853 Χριστόν
3289 3776 3580 3847 κεκτημένοι

1980 3871 2322 3946 φιλάνθρωπόν
2366 3891 2420 3925 τε
2456 3873 2542 3926 καὶ
2579 3870 2918 3947 ὑπεράγαθον’
2946 3866 3001 3930 ὃς
3041 3871 3122 3924 καὶ
3163 3871 3389 3940 μιμητὰς
3415 3870 3574 3936 ἡμᾶς,

1966 3973 2053 4033 “ὡς
2103 3973 2313 4043 ἐφικτόν,
2363 3978 2454 4031 τῆς
2499 3969 2803 4046 ἱεραρχικῆς
2851 3969 3005 4024 αὐτοῦ
3048 3969 3350 4038 νομοθεσίας
3390 3967 3574 4041 ἁγαθο-

1979 4071 2192 4138 πρεπῶς
2229 4063 2453 4138 γενέσθαι
2497 4061 2914 4138 παρακελεύεται,
2955 4062 3040 4115 καί
3079 4063 3242 4116 τύπον
3287 4057 3579 4130 ἓπέχοντας

1980 4167 2073 4219 τῆς
2126 4159 2280 4214 αὐτοῦ
2329 4163 2659 4227 ποιμαντικῆς
2695 4176 2768 4218 ¹τε
2825 4156 2911 4208 καὶ
2960 4160 3276 4222 συστατικῆς
3335 4151 3578 4224 κυϐερνή-

1969 4265 2138 4323 σεως.
2196 4261 2342 4316 ’Λλλὰ
2397 4263 2481 4316 καὶ
2540 4260 2669 4337 πρὸς
2725 4249 3033 4332 ἐπιστροέρὴν
3096 4254 3364 4326 μετανοίας
3406 4252 3469 4318 ὅ,
3519 4274 3578 4309 τε

1981 4355 2316 4430 γαληνότατος
2393 4353 2633 4424 βασιλεὺς
2692 4354 2774 4405 καὶ
2840 4354 2984 4419 ἡμεῖς
3037 4346 3289 4418 διαφόρως
3355 4347 3576 4409 τούτους

1979 4448 2428 4524 προετρεψάμεθαο
2458 4437 2540 4501 καὶ
2568 4446 2675 4515 μεθ’
2695 4444 2815 4504 ὅλης
2856 4451 2950 4503 τῆς
2988 4441 3253 4500 εὐσεϐείας
3295 4441 3361 4494 τὰ
3397 4437 3576 4494 πάντα

279 4533 414 4588 moti
444 4533 636 4603 gratia,
679 4549 783 4588 non
826 4535 973 4601 odio,
1005 4534 1455 4604 quemadmodum
1486 4549 1553 4588 ex
1580 4531 1651 4587 iis
1675 4546 1871 4602 cogno-

1992 4543 2357 4610 πεπραχαμεν,
2407 4535 2544 4591 οὐδέν
2595 4535 2721 4610 πρὸς
2782 4534 2942 4606 χάριν
2985 4531 3015 4590 ἦ
3064 4533 3370 4601 ἀπέχθειαν,
3399 4528 3572 4604 διαγε-

279 4639 434 4682 scere
459 4637 715 4696 potestas,
749 4643 868 4699 qua:
897 4629 949 4684 in
991 4643 1315 4697 unoquoque
1345 4627 1560 4696 negotio
1607 4636 1732 4681 sunt
1761 4641 1874 4695 per-

283 4726 533 4788 tractata,
582 4730 635 4786 et
676 4720 843 4775 relata
871 4720 925 4775 in
955 4717 1391 4783 commentarios,
1421 4726 1476 4772 et
1501 4717 1554 4771 in
1588 4716 1870 4786 praesentia

284 4813 350 4867 ad
375 4823 605 4868 vestram
637 4812 1021 4868 beatitudinem
1053 4813 1363 4866 mittuntur:
1407 4823 1469 4864 ac
1510 4807 1819 4878 intelligetis
1843 4823 1873 4864 a

280 4907 496 4963 vicariis
540 4906 837 4964 sanctitatis
875 4916 1087 4973 vestrae,
1147 4894 1432 4961 Theodoro
1457 4917 1522 4959 ac
1545 4902 1777 4971 Georgio
1804 4901 1874 4956 di-

281 5001 436 5057 lectis
485 5000 596 5056 Deo
623 5002 970 5072 presbyteris,
995 5011 1047 5056 et
1075 4999 1279 5056 Joanne
1305 4996 1713 5068 religiosissimo
1758 4995 1876 5050 dia-

281 5108 442 5160 cono,
479 5103 533 5148 et
557 5093 912 5149 Constantino
933 5091 1224 5149 venerabili
1245 5090 1643 5162 hypodiacono,
1683 5089 1874 5144 vestris

275 5185 651 5258 ‘Spiritualibus
682 5185 825 5250 ﬁliis,
859 5184 1163 5255 nostrisque
1208 5161 1418 5238 dilectis
1453 5181 1735 5237 fratribus:
1763 5189 1872 5236 tum

287 5279 352 5335 ab
379 5278 444 5335 iis
465 5278 555 5349 qui
583 5295 615 5334 a
645 5288 832 5335 sancta
862 5287 1041 5334 vestra
1073 5277 1283 5350 synodo
1309 5276 1458 5332 missi
1487 5283 1630 5342 sunt,
1674 5273 1873 5329 sanctis

281 5370 551 5441 episcopis
591 5371 682 5440 qui
710 5381 855 5427 recte
904 5385 966 5425 ac
997 5371 1161 5441 probe
1198 5386 1264 5426 ex
1308 5378 1484 5424 vestra
1513 5367 1874 5436 disciplinain

293 5465 464 5535 primo
505 5464 624 5520 ﬁdei
678 5464 912 5534 capitulo
941 5478 1045 5520 una
1075 5464 1349 5520 nobiscum
1398 5461 1759 5517 decertarunt.
1787 5459 1874 5516 Sic

290 5571 389 5614 nos
451 5565 638 5612 sancto
695 5556 894 5628 Spiritu
955 5556 1199 5613 illustrati
1231 5597 1246 5624 ,
1306 5565 1587 5624 vestraque
1649 5553 1874 5609 instituti

291 5651 532 5707 doctrina
562 5690 578 5717 ,
639 5651 829 5706 infesta
887 5650 1132 5720 dogmata
1180 5648 1469 5720 impietatis
1524 5646 1822 5719 depulimus
1853 5686 1869 5713 ,

288 5745 645 5804 rectissimam
676 5741 1007 5801 orthodoxim
1029 5744 1271 5798 semitam
1291 5740 1720 5810 complanantes,
1746 5738 1873 5810 piis-

289 5839 426 5897 simo
448 5851 512 5894 ac
539 5837 885 5896 serenissima
925 5844 1109 5893 nostro
1157 5835 1482 5904 imperatore
1500 5916 1510 5920 _
1517 5828 1876 5922 _Constantino

1978 4631 2179 4700 νόμενοι
2239 4627 2366 4701 [ἴω.
2411 4624 2803 4702 διεγειρόμενοι]
2864 4625 3028 4685 καθὼς
3089 4623 3227 4695 ὑμᾶς
3281 4621 3473 4679 ἔνεστιν
3519 4624 3572 4680 ἐκ

1978 4729 2078 4777 τῶν
2135 4720 2231 4780 ἤδη
2293 4724 2617 4790 κεκινημένων
2674 4715 2740 4791 ἐφ’
2757 4717 2954 4789 ἑκάστῳ
3021 4723 3120 4770 τῶν
3186 4715 3572 4792 παρηκολουθη-

1976 4816 2136 4869 κότων
2179 4818 2259 4868 καὶ
2301 4814 2561 4888 ἐγγράφως
2611 4809 3175 4881 ύπομνηβατισθὲντων,
3213 4816 3313 4863 τῶν
3364 4810 3450 4862 καὶ
3484 4806 3572 4862 ἕπε

1975 4913 2070 4961 τοῦ
2127 4904 2378 4981 παρόντος
2444 4912 2508 4974 τῇ
2588 4903 2731 4974 ὑμῶν
2801 4901 3120 4973 ἐσταλμένων
3187 4901 3522 4977 μακαριότητι
3549 4937 3570 4966 ,

1978 5005 2163 5073 γνῶναι
2205 5003 2293 5057 τήν
2337 4995 2577 5068 δύναμιν
2628 4991 2738 5050 εἶτα
2776 4992 2830 5050 δὲ
2868 4998 2953 5050 καὶ
2991 4992 3073 5049 διὰ
3123 4993 3224 5052 τῶν
3261 4992 3567 5065 ’ἀναπληρω-

1976 5093 2173 5147 σάντων
2233 5091 2292 5146 τὸ
2359 5088 2630 5167 πρόσωπον
2687 5096 2778 5150 τῆς
2825 5089 3075 5160 ὑμετέρας
3131 5084 3394 5158 ὰγιὸτήτὸς
3443 5091 3573 5136 Θεο-

1978 5182 2141 5259 δώρου
2189 5187 2272 5239 καὶ
2310 5185 2561 5259 Γεωργίου
2600 5190 2701 5238 τῶν
2729 5183 3138 5255 Θεοφιλεστάτων
3180 5175 3566 5254 πρεσϐυτέρων,

1976 5280 2061 5332 καὶ
2111 5276 2338 5331 Ἰωάννου
2405 5283 2496 5333 τοῦ
2550 5278 2951 5333 θεοσεθεστάτου
3005 5271 3263 5334 διακόνου,
3303 5270 3402 5323 καῖ
3433 5283 3536 5323 κων

1975 5372 2243 5425 σταντίνου
2281 5377 2372 5426 τοῦ
2417 5371 2805 5432 εὐλαϐεστάτου,
2852 5363 3182 5425 ύποδιακόνου
3235 5371 3336 5420 τῶν
3383 5362 3542 5434 ὑμετέ

1975 5483 2078 5541 ρων
2121 5471 2472 5534 πνευματικῶν
2511 5466 2716 5532 τέκνων,
2758 5464 2841 5518 καὶ
2891 5461 3226 5532 ἠγαπημὲνων
3267 5459 3384 5529 ἡμῖν
3421 5452 3570 5510 ἁδελ-

1973 5563 2103 5631 φῶν·
2161 5560 2244 5613 καὶ
2289 5566 2389 5612 τῶν
2434 5559 2488 5613 ἐκ
2535 5565 2626 5619 τῆς
2673 5556 2778 5610 καθ’
2801 5555 2937 5626 ὑμᾶς
2983 5551 3131 5626 ἁγίας
3173 5546 3388 5608 συνόδου
3437 5563 3569 5602 στα-

1975 5648 2156 5705 λέντων
2220 5649 2515 5706 ὁσιωτάτων
2571 5647 2899 5711 ἐπισκόπων,
2955 5645 3115 5720 ὀρθῶς
3172 5643 3257 5696 καὶ
3316 5643 3568 5714 χρηστῶς

1975 5742 2104 5797 κατὰ
2137 5746 2230 5802 τὴν
2265 5745 2406 5812 ὑμῶν
2434 5737 2704 5795 παίδευσιν
2752 5737 2800 5789 ἔν
2844 5744 2918 5806 τῷ
2960 5738 3151 5811 πρώτῳ
3193 5740 3286 5793 τῆς
3334 5730 3559 5786 πίστεως

1974 5837 2072 5893 σὺν
2119 5835 2241 5905 ἡμῖν
2301 5834 2692 5908 ἀγωνισαμένων
2734 5831 3002 5904 κεφαλαίῳ.
3045 5827 3225 5890 Οὕτως
3287 5828 3440 5897 ἡμεῖς
3485 5824 3566 5897 τῷ
