4016 6354
464 322 605 386 ηδε

1714 320 1776 378 S.
1818 315 2212 379 AGATHUNIS
2248 316 2455 377 PAPIE

3603 332 3738 391 £256

525 449 710 523 Πέτρος
731 446 927 511 ἀνάξιος
952 442 1229 505 ἐπίσκοπος
1255 450 1347 503 τῆς
1364 437 1671 512 Νικομηδέων
1692 436 2048 516 μητροπόλεως

2226 435 2412 493 Petrus
2442 437 2688 507 indignus
2716 440 2998 511 episcOpus
3029 442 3351 502 Nicomediae
3371 450 3733 518 metropoleos

454 558 543 609 τῆς
589 549 800 602 Βιθυνῶν
848 546 1129 620 ἐπαρχίας,
1160 543 1289 617 ὑπὲρ
1337 543 1557 613 ἐμαυτοῦ
1606 542 1688 594 καί
1726 547 1816 600 τῆς
1850 537 2048 608 ὑπ’ἐμὶ

457 639 669 697 συνόδου
702 638 884 710 ὁμοίως
910 638 1335 707 ύπεσημηνὰμην.

524 735 711 791 Φώτιος
753 732 870 802 ἐλέῳ
916 736 1043 785 Θεοῦ
1088 730 1363 786 ἐπίσκοπος
1401 735 1493 786 τῆς
1529 724 1747 781 Νικαέων
1783 721 2047 800 μητροπό-

452 830 576 889 λεως
603 837 693 887 τῆς
721 830 926 880 Βιθυνῶν
972 825 1247 900 ἐπαρχίας,
1277 823 1407 897 ὑπὲρ
1448 823 1671 894 ἐμαυτοῦ
1716 823 1802 877 καί
1828 827 1919 879 τῆς
1952 816 2051 873 ὑπ’

455 922 537 992 ἐμὲ
570 919 789 975 συνόδου
824 918 910 989 ὁμ.
942 918 1176 987 ῦπεσημ.

523 1012 757 1073 Ἰωάννης
815 1012 929 1083 ἐλέῳ
992 1018 1121 1066 Θεοῦ
1197 1012 1474 1069 ἐπίσκοπος
1526 1017 1617 1069 τῆς
1689 1005 2037 1065 Χαλκηδονέων

450 1106 811 1183 μητροπολεως
865 1111 957 1163 τῆς
994 1104 1212 1156 Βιθυνῶν
1256 1104 1541 1177 ἐπαρχίας,
1573 1100 1659 1171 ὁμ.
1704 1099 2049 1172 ῦπεσημηνὰ-

452 1218 568 1269 μην.

522 1297 753 1356 Ἰωάννης
788 1295 905 1366 ἐλέῳ
945 1298 1077 1350 Θεοῦ
1113 1293 1285 1349 ἐπίσκ.
1318 1302 1409 1353 τῆς
1438 1290 1651 1351 Σιδητῶν
1679 1292 2040 1367 μητροπόλεως

450 1398 540 1449 τῆς
574 1390 853 1462 Παμφύλων
897 1388 1277 1464 ἐπαρχ.,ὐπέρ
1320 1390 1543 1459 ἐμαυτοῦ
1582 1390 1665 1441 καί
1711 1395 1802 1447 τῆς
1844 1384 2040 1454 ὑπ⁹ἒμὶ

448 1481 665 1536 συνόδου
695 1482 782 1553 όμ.
808 1484 1039 1554 ὑπεσημ.
1146 1482 1147 1485 ¹

484 1574 795 1635 “Θεοδόσιος
855 1574 974 1645 ἐλέῳ
1038 1579 1164 1630 Θεοῦ
1237 1574 1511 1633 ἐπίσκοπος
1566 1580 1657 1631 τῆς
1718 1571 2044 1627 Σεϐαστηνῶν

2155 526 2523 601 Bithyniorum
2562 531 2811 601 regionis,
2856 548 2952 603 pro
2996 550 3082 591 me
3124 546 3177 593 et
3215 540 3420 610 synodo
3465 560 3586 614 qure
3638 549 3736 606 sub

2151 638 2239 679 me
2266 633 2347 680 est
2372 623 2619 681 similiter
2641 628 2965 699 snhsignavi.

2224 715 2443 772 Photius
2479 718 2842 775 misericordia
2875 721 2968 778 Dei
2995 725 3273 796 episcopus
3318 727 3510 787 Nicaea:
3544 743 3743 792 metro-

2152 808 2331 878 poleos
2359 810 2724 881 Bithyniorum
2752 815 3058 885 pmvinciae,
3084 833 3177 887 pro
3204 835 3288 876 me
3308 830 3362 877 ct
3380 826 3589 894 synodo
3617 842 3734 897 qua:

2151 904 2248 958 sub
2280 920 2364 959 me
2389 916 2472 961 est
2501 906 2659 962 simil.
2689 910 3021 980 subsignavi.

2224 997 2456 1055 Joannes
2496 1000 2856 1056 misericordia
2889 1003 2984 1059 Dei
3013 1006 3294 1077 episcopus
3332 1009 3743 1068 Chalcedonen-

2152 1088 2227 1144 sis
2252 1092 2607 1161 metropoleos
2639 1094 3003 1165 Bithyniorum
3033 1100 3345 1169 provincia},
3374 1104 3537 1159 simil.
3564 1105 3745 1161 subsi-

2153 1183 2333 1251 gnavL

2224 1296 2455 1356 Joannes
2498 1301 2865 1357 misericordia
2910 1303 3002 1361 Dei
3033 1305 3317 1375 episcopus
3353 1309 3606 1366 Sidorum
3636 1327 3752 1369 me-

2154 1391 2421 1461 tr0poleos
2438 1392 2761 1463 Pamphylia:
2784 1395 3037 1465 regionis,
3071 1413 3166 1464 pro
3196 1414 3282 1455 me
3309 1409 3363 1455 et
3389 1402 3596 1471 synodo
3624 1416 3749 1473 qua:

2158 1483 2260 1537 sub
2290 1499 2375 1538 me
2405 1495 2489 1539 est
2517 1486 2765 1541 similiter
2794 1487 3119 1558 subsignavi.

2106 1596 2143 1642 ο,
2227 1573 2560 1629 Theodosius
2603 1576 2962 1632 misericordia
3012 1580 3105 1634 Dei
3146 1584 3426 1653 episcopus
3462 1583 3758 1640 Sebasten-

445 1670 800 1747 μητροπόλεως
854 1680 945 1729 τῆς
990 1668 1234 1744 δευτέρας
1280 1676 1380 1725 τῶν
1432 1668 1701 1743 Ἀρμενίων
1749 1667 2044 1738 ἐπαρχίας,

2178 1663 2238 1719 ;is
2285 1668 2642 1736 metropoleos
2704 1670 2949 1725 secundae
3001 1670 3377 1729 Armeniorum
3438 1675 3753 1746 provinciae,

446 1764 578 1835 ὑπὲρ
626 1764 849 1834 ἐμαυτοῦ
895 1764 981 1819 καὶ
1025 1772 1115 1823 τῆς
1151 1761 1350 1831 ὑπ’ὲμέ
1381 1759 1595 1818 συνόδου
1638 1758 1721 1829 όμ.
1768 1763 2039 1827 ῦπεσημη-

2178 1771 2253 1810 »το
2300 1770 2388 1811 me
2445 1767 2499 1813 et
2548 1758 2753 1828 synodo
2798 1775 2916 1830 quae
2963 1762 3065 1818 sub
3109 1779 3195 1819 me
3237 1774 3319 1821 est
3363 1766 3527 1823 simil.
3575 1769 3757 1824 subsi-

2152 1865 2330 1920 gnavn

448 1855 623 1923 νάμην.

516 1948 745 2009 Ἰωάννης
793 1948 911 2019 ἐλέῳ
958 1954 1087 2003 Θεοῦ
1142 1948 1418 2008 ἐπίσκοπος
1480 1954 1571 2007 τῆς
1618 1943 1884 2017 Ἀμασέων
1941 1963 2042 2009 μη-

444 2040 735 2113 τροπόλεως
768 2048 861 2101 τῆς
883 2040 1264 2095 Ἐλενοποντίων
1286 2041 1509 2115 ἐπαρχ.,
1535 2039 1667 2113 ὑπὲρ
1698 2038 1923 2107 ἐμαυτοῦ
1955 2031 2041 2089 καί

443 2142 531 2193 τῆς
566 2135 655 2190 ὑπ’
678 2136 762 2206 ἐμὲ
794 2133 1008 2188 συνόδου
1042 2133 1125 2205 όμ.
1158 2140 1390 2203 ὑπεσημ.

518 2225 773 2299 Θεόδωρος
819 2227 934 2296 ἐλέῳ
981 2233 1105 2281 Θεοῦ
1148 2227 1423 2284 ἐπίσκοπος
1466 2231 1556 2282 τῆς
1606 2221 1895 2279 Μελιτηνῶν
1946 2239 2043 2287 μη-

443 2321 729 2395 τροπόλεως
780 2328 870 2379 τῆς
912 2322 1121 2394 πρώτης
1158 2325 1258 2371 τῶν
1287 2318 1557 2388 Ἃρμενίων
1588 2313 1875 2388 ἐπαρχίας,
1909 2310 2041 2383 ῦπέρ

2222 1941 2455 1998 Joannes
2504 1943 2867 2001 misericordia
2922 1946 3012 2002 Dei
3060 1947 3343 2020 episcopus
3396 1953 3751 2009 Amaseorum

2150 2036 2508 2104 metr0poleos
2542 2036 2892 2107 Helenoponti
2950 2041 3254 2108 provinciae,
3302 2057 3398 2111 pro
3438 2059 3525 2099 me
3573 2054 3624 2101 et
3660 2060 3755 2115 sy-

2152 2128 2294 2181 nodo
2341 2143 2458 2197 quae
2501 2130 2600 2183 sub
2641 2144 2726 2184 me
2771 2139 2852 2185 est
2891 2132 3053 2186 simil.
3101 2134 3425 2204 subsignan.

2218 2219 2529 2274 Theodorus
2576 2220 2939 2277 misericordia
2985 2224 3078 2279 Dei
3105 2227 3384 2295 episcopus
3431 2228 3749 2286 Melitenen-

2144 2314 2218 2369 sis
2257 2315 2615 2384 metropoleos
2658 2317 2842 2385 primae
2881 2319 3255 2375 Armeniorum
3291 2324 3603 2391 provinciae,
3647 2339 3744 2393 pro

444 2414 670 2482 ἐμαυτοῦ
733 2414 820 2465 καί
881 2418 971 2472 τῆς
1020 2407 1108 2463 ὑπ’
1129 2411 1215 2479 ἐμὲ
1273 2407 1490 2463 συνόδου
1545 2406 1730 2477 ὁμοίως
1776 2405 2044 2472 ὑπεσημη·

2178 2421 2235 2462 ne
2272 2416 2326 2462 et
2354 2408 2560 2478 synodo
2584 2423 2705 2479 qua:
2743 2410 2843 2464 sub
2884 2424 2973 2466 me
3010 2421 3091 2467 est
3128 2413 3375 2469 similiter
3412 2415 3745 2486 subsignavi.

446 2506 607 2576 νάμην
617 2542 629 2555 .

517 2598 803 2657 ’1ουστῖνος
836 2597 952 2667 ἐλέῳ
993 2601 1121 2650 Θεοῦ
1165 2594 1440 2655 ἐπίσκοπος
1470 2600 1559 2653 τῆς
1599 2592 1830 2647 Τυανὲων
1861 2608 2047 2662 μητρο-

2219 2586 2458 2643 Justinus
2528 2589 2895 2646 misericordia
2959 2591 3052 2647 Dei
3108 2595 3389 2664 episcopus
3450 2596 3761 2667 'l‘yanensi-s

445 2691 641 2750 πόλεως
676 2698 766 2749 τῆς
816 2689 1061 2766 δευτέρας
1087 2696 1186 2743 τῶν
1219 2685 1565 2742 Καππαδόκων
1598 2686 1880 2759 ἐπαρχίας,
1912 2683 2045 2757 ὑπὲρ

447 2782 669 2853 ἐμαυτοῦ
727 2783 810 2835 καί
864 2788 955 2840 τῆς
1008 2778 1205 2850 ὑπ’ἐμὲ
1261 2776 1481 2835 συνόδου
1532 2775 1716 2847 ὁμοίως
1767 2776 2047 2842 ὑπεσημη-

446 2871 633 2944 νάμην.

514 2968 748 3025 Ἀλόπιος
788 2964 906 3034 ἐλέῳ
936 2968 1067 3018 Θεοῦ
1099 2964 1270 3019 ἐπίσκ.
1310 2973 1403 3024 τῆς
1431 2968 1739 3037 Γαγιιρηνῶν
1781 2955 2050 3031 μητροπό⁴

445 3057 571 3118 λεως
610 3067 700 3117 τῆς
745 3057 1072 3130 Παφλαγόνων
1119 3058 1501 3131 ἐπαρχ.,ῦπέρ
1559 3055 1783 3125 ἐμαυτοῦ
1833 3055 1915 3105 καί
1958 3058 2049 3109 τῆς

447 3150 539 3204 ὑπ’
561 3152 647 3222 ἐμὲ
690 3147 906 3205 συνόδου
938 3148 1023 3220 όμ.
1068 3150 1296 3223 ῦπεσημ.
2042 3152 2051 3162 ’

499 3246 803 3322 Ἱιυπριανός
861 3244 977 3316 ἐλέῳ
1035 3251 1162 3299 Θεοῦ
1224 3242 1395 3297 ἐπίσκ.
1446 3249 1536 3303 τῆς
1586 3238 2050 3298 Κλαυδιουπολιτῶν

450 3338 808 3411 μητροπόλεως
833 3346 924 3396 τῆς
955 3344 1266 3413 Ὀνωριατῶν
1304 3334 1531 3409 ἐπαρχο,
1565 3335 1696 3411 ὑπὲρ
1720 3335 1941 3405 ἐμαυτοῦ
1972 3335 2052 3388 γαί

450 3438 540 3491 τῆς
566 3428 757 3502 ὑπ’ἑμέ
794 3429 1008 3486 συνόδου
1048 3430 1133 3501 ὀμ.
1159 3432 1390 3499 ῦπεσημ.

523 3520 759 3582 Ἰωάννης
820 3523 936 3589 ἐλέῳ
995 3528 1118 3577 Θεοῦ
1186 3522 1456 3579 ἐπίσκοπος
1513 3525 1605 3578 τῆς
1671 3519 2050 3574 Πισινουντιέων

452 3613 812 3689 μητροπόλεως
871 3622 963 3674 τῆς
1019 3612 1263 3687 δευτέρας
1324 3620 1425 3666 τῶν
1484 3611 1718 3665 Γαλατῶν
1764 3611 2047 3683 ἐπαρχίας,

454 3704 585 3773 ὑπὲρ
628 3702 855 3775 ἐμαυτοῦ
905 3706 985 3759 καί
1032 3713 1123 3763 τῆς
1167 3700 1362 3774 ύπ“ἐμέ
1405 3698 1618 3756 συνόδου
1661 3700 1746 3771 όμ.
1782 3702 2054 3770 ὑπεσημηο

454 3797 615 3868 νάμην
625 3836 638 3848 .

526 3890 833 3949 Πολύευκτος
882 3890 998 3960 ἐλέῳ
1042 3894 1169 3944 Θεοῦ
1216 3890 1391 3945 ἐπίσκ.
1424 3897 1516 3950 τῆς
1543 3888 1749 3964 Μυρέων
1796 3886 2055 3963 μητροπό-

454 3983 577 4043 λεως
605 3993 694 4043 τῆς
726 3988 925 4038 Λυκίων
947 3984 1168 4059 ἐπαρχ.,
1196 3985 1328 4061 ὑπὲρ
1360 3986 1584 4055 ἐμαυτοῦ
1613 3987 1697 4038 καί
1725 3991 1816 4045 τῆς
1854 3983 1944 4037 ὑπ’
1967 3982 2052 4052 ἐμὲ

456 4078 674 4134 συνόδου
702 4078 787 4148 όμ.
822 4081 1053 4149 ῦπεσημ.

528 4172 783 4249 Θεόδωρος
810 4172 927 4241 ἐλέῳ
958 4177 1085 4225 Θεοῦ
1131 4171 1301 4227 ἐπίσκ.
1340 4180 1430 4253 τῇς
1466 4171 1919 4247 Σταυρουπολιτῶν
1955 4193 2055 4244 μη-

455 4265 737 4343 τροπόλεως
762 4273 853 4326 τῆς
880 4272 1048 4344 Καρῶν
1072 4265 1293 4341 ἐπαρχ.,
1313 4267 1445 4340 ὑπὲρ
1482 4270 1708 4335 ἐμαυτοῦ
1740 4268 1818 4320 καί
1841 4274 1929 4325 τῆς
1966 4262 2054 4320 ὑπ’

458 4360 543 4432 ἐμὲ
575 4359 790 4417 συνόδου
826 4360 911 4434 όμ.
950 4361 1179 4434 ῦπεσημ.

527 4457 759 4531 Τιϐέριος
799 4458 916 4529 ἐλέῳ
962 4462 1086 4511 Θεοῦ
1139 4459 1417 4517 ἐπίσκοπος
1477 4463 1568 4516 τῆς
1627 4452 1905 4511 Λαοδικέων
1949 4478 2050 4526 μη-

2079 3188 2129 3254 C

2152 2680 2511 2750 metropoleos
2550 2686 2798 2738 secunda:
2840 2684 3191 2753 Cappadocia:
3231 2689 3487 2758 regionis,
3533 2707 3632 2759 pro
3670 2705 3763 2748 me

2149 2780 2206 2829 et
2244 2773 2449 2843 synodo
2496 2788 2614 2843 quae
2654 2775 2755 2830 sub
2798 2790 2883 2831 me
2930 2786 3015 2833 εει
3057 2778 3301 2835 similiter
3342 2782 3678 2853 subsignavi.

2130 2911 2135 2957 i
2223 2951 2444 3021 Alypius
2488 2951 2853 3009 misericordia
2906 2954 3000 3010 Dei
3044 2956 3325 3027 episcopus
3365 2958 3762 3030 Gangrensiutn

2157 3044 2518 3111 metroiiolcos
2565 3046 2939 3116 Paphlagoniae
2978 3050 3239 3118 regionis,
3290 3067 3386 3121 pro
3441 3068 3529 3108 me
3573 3065 3628 3111 et
3668 3071 3769 3127 sy-

2160 3138 2299 3192 nodo
2346 3153 2464 3207 qua:
2508 3139 2609 3193 sub
2656 3156 2742 3195 me
2790 3151 2871 3195 est
2911 3141 3156 3198 similiter
3196 3145 3523 3215 subsignavi.

2230 3230 2529 3301 (Iyprianus
2593 3231 2961 3288 misericordia
3030 3234 3123 3289 Dei
3182 3238 3462 3307 episcopus
3512 3241 3766 3298 Claudio-

2160 3326 2408 3397 politanae
2475 3327 2832 3397 metropoleos
2899 3329 3215 3384 Honoriadis
3282 3335 3593 3403 provincim,
3661 3353 3763 3407 pro

2159 3433 2245 3474 me
2286 3428 2341 3473 et
2368 3418 2573 3489 synodo
2616 3434 2733 3488 quae
2774 3420 2873 3473 sub
2909 3436 2994 3474 me
3023 3432 3105 3476 est
3135 3422 3381 3478 similiter
3418 3428 3759 3497 subsignavi.

2228 3512 2461 3568 Joannes
2511 3513 2882 3570 misericordia
2927 3515 3018 3569 Dei
3074 3514 3359 3585 episCOpus
3419 3520 3760 3578 Pessinuntis

2158 3608 2523 3677 metropoleos
2572 3609 2822 3673 secunda:
2877 3608 3098 3664 Galatiae
3147 3610 3399 3683 regionis,
3434 3630 3528 3683 pro
3575 3632 3663 3672 me
3704 3627 3768 3675 ει

2156 3700 2364 3771 synodo
2402 3716 2522 3770 quae
2552 3703 2651 3758 sub
2689 3716 2777 3758 me
2813 3711 2897 3757 est
2932 3702 3177 3759 similiter
3204 3705 3533 3775 subsignavi.

2232 3883 2552 3955 Polyeuctus
2586 3883 2955 3939 misericordia
2988 3884 3085 3941 Dei
3118 3886 3400 3958 episcopus
3434 3887 3764 3960 Myrensium

2158 3977 2518 4044 metropoleos
2549 3975 2725 4046 Lycia:
2764 3977 3019 4046 regionis,
3052 3993 3149 4047 pro
3191 3993 3280 4034 me
3321 3989 3376 4035 et
3401 3982 3610 4052 synodo
3636 4000 3765 4054 qua:

2157 4070 2259 4125 sub
2307 4085 2394 4126 me
2436 4078 2524 4125 εει
2564 4069 2813 4126 similiter
2858 4071 3183 4143 subsignavi.

2230 4184 2545 4242 Theodorus
2585 4186 2952 4243 misericordia
2993 4186 3091 4243 Dei
3134 4189 3418 4261 episcopus
3464 4190 3766 4265 Stauropo-

2159 4279 2339 4335 litanae
2379 4280 2745 4351 metropoleos
2788 4280 2957 4336 Cariae
3000 4282 3289 4352 provincia:
3327 4300 3421 4353 pro
3458 4302 3544 4341 me
3586 4296 3639 4342 et
3666 4302 3765 4359 sy-

2158 4372 2300 4426 nodo
2346 4387 2463 4440 quee
2505 4372 2606 4427 sub
2636 4386 2724 4427 me
2761 4382 2843 4429 est
2882 4372 3127 4429 similiter
3169 4376 3497 4445 subsignavi.

2232 4465 2483 4520 Tiberius
2511 4466 2877 4522 misericordia
2906 4466 3000 4522 Dei
3030 4468 3314 4537 episcopus
3342 4470 3617 4526 Laodiceae
3643 4488 3764 4529 me-

454 4550 741 4623 τροπόλεως
794 4558 884 4610 τῆς
940 4558 1143 4623 Φρυγῶν
1210 4552 1477 4624 ἐπαρχίας
1526 4557 1873 4613 Πακατιανῶν,
1916 4548 2048 4621 ὑπὲρ

2184 4557 2429 4627 ropoleos
2484 4557 2732 4628 Phrygia:
2780 4560 3010 4628 regionis
3063 4558 3489 4631 Pacatianorum,
3532 4580 3629 4635 pro
3668 4580 3763 4621 me

457 4639 673 4707 ἐμαυτοῦ
730 4642 810 4693 καί
862 4648 952 4700 τῆς
1018 4641 1105 4694 ὑπ’
1124 4641 1209 4711 ἐμὲ
1265 4640 1481 4696 συνόδου
1539 4639 1723 4712 ὁμοίως
1775 4641 2053 4711 ὑπεσημη-

457 4732 640 4802 ναμην.

529 4829 731 4893 Κοσμᾶς
792 4823 909 4895 ἐλέῳ
962 4830 1091 4879 Θεοῦ
1142 4824 1422 4886 ἐπίσκοπος
1468 4835 1559 4887 τῆς
1615 4826 1904 4884 συνναδὲων
1954 4850 2055 4897 μη·

454 4916 742 4988 τροπόλεως
794 4924 885 4975 της
937 4924 1142 4992 Φρυγῶν
1191 4921 1535 4994 Σα).ουταρίων
1595 4922 1880 4999 ἐπαρχίας,
1916 4923 2048 4995 ὑπὲρ

456 5006 679 5077 ἐμαυτοῦ
738 5010 943 5069 καὶτῆς
984 5009 1072 5063 ὑπ’
1096 5010 1179 5083 ἐμὲ
1234 5008 1451 5067 συνόδου
1489 5010 1674 5082 ὁμοίως
1717 5013 2053 5084 ὑπεσημηνὰ-

451 5124 573 5171 μην.

528 5206 897 5260 ιίωνσταντῖνος
958 5200 1074 5270 ἐλέῳ
1145 5207 1272 5255 Θεοῦ
1320 5200 1591 5262 ἐπίσκοπος
1641 5210 1732 5263 τῆς
1786 5203 2049 5279 Βαρατὲων

456 5292 665 5358 πόλεως,
722 5296 808 5350 καί
857 5293 940 5348 τόν
975 5292 1127 5349 τόπον
1168 5292 1469 5367 ἀναπληρῶν
1513 5295 1709 5349 Παύλου
1754 5302 1844 5351 τοῦ
1897 5292 2054 5367 ἁγιω-

456 5387 613 5440 τάτον
679 5410 778 5458 μου
842 5387 1212 5462 μητροπολίτου
1273 5395 1365 5446 τῆς
1409 5386 1638 5443 ἰκονιέων
1691 5389 2051 5465 μητροπόλεως

455 5488 545 5537 τῆς
594 5479 859 5532 Λυκαόνων
887 5480 1108 5555 ἐπαρχ.,
1135 5478 1221 5551 όμ.
1261 5480 1490 5549 ῦπεσημ.

526 5572 760 5642 Στέφανος
812 5571 928 5640 ἐλέῳ
982 5579 1107 5625 Θεοῦ
1161 5569 1437 5632 ἐπίσκοπος
1483 5580 1575 5634 τῆς
1616 5571 1921 5645 ’Λντιοχέων
1954 5598 2054 5647 μη-

454 5661 740 5734 τροπόλεως
776 5670 867 5722 τῆς
902 5662 1115 5717 Πισιδῶν
1158 5663 1384 5735 ἐπαρχ.,
1409 5663 1541 5737 ὑπὲρ
1582 5665 1803 5735 ἐμαυτοῦ
1850 5669 1935 5720 καί
1958 5675 2050 5727 τῆς

458 5753 544 5809 ὑπ’
566 5756 649 5825 ἐμὲ
679 5756 892 5811 συνόδου
929 5756 1013 5827 όμ.
1052 5758 1278 5829 ὑπεσημ.

531 5846 752 5911 Ἰωάννης
780 5850 894 5922 £152..)
925 5856 1055 5908 Θεοῦ
1081 5851 1247 5906 ἐπίσκ.
1280 5859 1369 5914 τῆς
1407 5854 1634 5929 Περγίων
1676 5853 2053 5934 μητροπόλεως,

856 5932 857 5935 η
918 5927 927 5931 -
1460 5927 1485 5943 ,ν
1698 5933 1705 5939 ,
1787 5929 1855 5949 ν..
1974 5929 1987 5933 -

2160 4660 2213 4707 ει
2238 4651 2441 4721 synodo
2471 4666 2589 4720 quae
2617 4651 2719 4706 sub
2748 4667 2835 4729 me
2871 4662 2954 4708 εει
2978 4652 3225 4709 similiter
3252 4655 3583 4727 subsignavi.

2162 4826 2165 4829 ’
2225 4839 2452 4895 Cosmas
2482 4835 2853 4893 misericordia
2899 4834 2994 4891 Dei
3043 4837 3327 4907 episcopus
3374 4838 3758 4917 Synnadorum

2155 4935 2513 5004 metropoleos
2562 4931 2809 5002 Phrygiae
2861 4929 3140 4985 Salutariae
3182 4933 3491 5001 provinciae,
3529 4950 3623 5003 pro
3670 4953 3761 4993 me

2155 5038 2210 5087 et
2247 5027 2454 5100 synodo
2503 5041 2622 5097 qua:
2676 5026 2775 5081 sub
2818 5039 2903 5079 me
2949 5034 3033 5081 esi
3079 5023 3327 5081 similiter
3368 5026 3697 5097 subsignavi.

2226 5185 2605 5241 Constantinus
2654 5180 3022 5237 misericordia
3072 5179 3164 5236 Dei
3192 5181 3475 5252 episcopus
3498 5183 3763 5239 Barateo-

2154 5296 2274 5339 rum
2330 5282 2589 5348 civitatis,
2629 5288 2683 5335 et
2721 5280 2892 5335 locum
2944 5277 3202 5333 exhibens
3239 5279 3389 5335 Pauli
3429 5281 3761 5337 sanctissimi

2155 5377 2515 5448 metropolitae
2556 5375 2719 5431 lconii
2762 5376 3119 5444 metropoleos
3157 5373 3443 5445 Lycaonia:
3492 5378 3757 5447 regionis,

2156 5473 2401 5530 similiter
2424 5470 2749 5541 subsignavi.

2227 5566 2531 5637 Stephanus
2573 5564 2942 5620 misericordia
2989 5565 3081 5620 Dei
3125 5566 3410 5636 episc0pus
3457 5567 3759 5627 Antioche-

2157 5676 2240 5717 nzn
2288 5659 2646 5730 metropoleos
2684 5657 2917 5728 regionis
2947 5657 3317 5736 [Pisidarum],
3358 5659 3601 5717 similiter
3629 5662 3761 5717 sub-

2098 5808 2107 5814 .
2156 5770 2383 5826 signavi.

2193 5928 2203 5937 ε
2228 5849 2464 5912 Joannes
2484 5852 2854 5918 misericordia
2884 5851 2981 5913 Dei
3009 5854 3292 5926 episc0pus
3329 5850 3516 5924 Perge
3544 5858 3760 5911 metro-
