4016 6354
286 374 422 429 1257

1752 377 1790 429 Ε
1801 375 2123 431 ΡΙΒἸὈΙΛΕ.

3412 381 3556 438 1258

280 492 462 561 poleos
510 486 835 560 Pamphyliae
877 489 1107 559 regionis
1144 503 1242 560 pro
1285 503 1371 544 me
1408 498 1465 545 et
1500 488 1702 559 synodo
1737 504 1851 557 qua:

2017 513 2043 551 ης
2099 487 2672 566 Παμφύλουξίπαρχίας,
2704 489 2837 565 ὑπὲρ
2875 490 3093 560 ἐμαυτοῦ
3121 492 3206 545 καί
3237 496 3330 552 τῆς
3352 488 3442 547 ὑπ’
3467 491 3555 564 ἐμέ

276 582 376 637 sub
422 596 512 636 me
558 589 641 635 est
683 579 925 637 similiter
971 582 1295 653 subsignavi.

347 698 759 768 Tlieopemptus
782 699 1146 755 misericordia
1170 701 1266 756 Dei
1296 700 1580 772 episcopus
1611 699 1865 756 Iustinia-

274 789 743 858 nopolitanorum,
783 790 899 846 sive
955 790 1408 857 Mocissenorum,
1453 790 1668 846 Christo
1719 806 1866 845 ama-

275 881 397 936 bilis
436 882 796 950 metropoleos
835 882 1085 938 secundm
1133 883 1481 953 Cappadociae
1516 884 1749 954 regionis
1795 882 1867 936 si-

272 972 472 1029 militer
508 974 832 1044 subsignavi.

345 1090 580 1145 Isidorus
633 1089 997 1146 misericordia
1046 1089 1140 1146 Dei
1187 1091 1471 1161 episcopus
1521 1088 1697 1145 Rhodi
1755 1102 1867 1144 me-

271 1183 545 1252 tropoleos
601 1181 887 1252 Cycladum
942 1181 1258 1249 insularum,
1297 1197 1393 1251 pro
1432 1197 1519 1238 me
1554 1190 1611 1236 et
1658 1178 1869 1251 synodo

270 1291 391 1342 quae
421 1276 523 1330 sub
551 1289 637 1330 me
673 1282 757 1329 est
791 1272 1036 1329 similiter
1073 1274 1402 1348 subsignavi.

342 1387 611 1443 Sisinnius
649 1385 1010 1441 misericordia
1068 1386 1159 1439 Dei
1192 1386 1474 1454 episcopus
1513 1383 1865 1455 Hierapolita«

273 1497 464 1536 norum
498 1479 856 1546 metropoleos
886 1478 1128 1549 Phrygia:
1160 1478 1456 1535 Pacatianre
1478 1478 1732 1548 regionis,
1768 1491 1866 1545 pro

269 1588 360 1629 me
386 1583 443 1628 et
471 1571 676 1643 synodo
710 1585 829 1641 quae
862 1570 961 1627 sub
1008 1585 1094 1625 me
1128 1582 1231 1635 εει,
1272 1572 1513 1625 similiter
1537 1571 1861 1641 subsignavi.

343 1688 662 1744 Theodorus
689 1686 1055 1741 misericordia
1087 1685 1181 1740 Dei
1204 1687 1486 1756 episcOpus
1520 1687 1863 1741 Tarsensium

273 1779 642 1847 metropoleos
683 1779 866 1847 primae
900 1776 1101 1833 Ciliciae
1144 1778 1392 1846 regionis,
1422 1793 1516 1846 pro
1560 1793 1645 1833 me
1694 1789 1747 1833 et
1778 1793 1867 1846 sy.

267 1871 415 1925 nodo
456 1886 573 1939 quae
618 1869 717 1923 sub
763 1883 849 1923 me
890 1876 976 1923 est
1020 1867 1264 1923 similiter
1308 1870 1637 1938 subsignavi.

341 1985 649 2053 Stephanus
691 1982 1059 2038 misericordia
1089 1981 1181 2037 Dei
1212 1983 1491 2051 episcopus
1523 1984 1868 2038 Anazarbeo—

270 2096 389 2137 rum
433 2079 662 2136 civitatis
722 2079 973 2135 secundm
1013 2077 1212 2132 Ciliciae
1244 2078 1495 2145 regionis,
1543 2092 1638 2146 pro
1685 2093 1770 2133 me
1813 2087 1865 2132 et

268 2172 480 2241 synodo
524 2186 644 2240 qua:
693 2171 793 2226 sub
836 2183 923 2223 me
956 2178 1035 2223 est
1080 2168 1325 2223 similiter
1368 2170 1671 2237 subsigttavi

343 2283 644 2337 Macrobius
706 2279 1063 2335 misericordia
1123 2279 1219 2333 Dei
1278 2281 1557 2347 episcopus
1609 2279 1867 2335 Seleucia)

271 2374 635 2442 metropoleos
674 2370 976 2427 Isaurorum
1017 2371 1277 2435 civitatis,
1326 2386 1423 2439 pro
1471 2386 1556 2426 me
1603 2380 1659 2425 et
1698 2385 1866 2441 syno-

267 2467 340 2520 do
362 2482 483 2535 qua:
504 2466 605 2519 sub
622 2480 707 2519 me
722 2476 805 2519 est
827 2464 1068 2518 similiter
1092 2463 1413 2533 subsignavi.

342 2578 603 2650 Georgius
643 2577 1003 2633 misericordia
1053 2577 1147 2633 Dei
1187 2579 1472 2647 episcopus
1504 2575 1864 2649 Bizyenorum

267 2670 503 2726 civitatis
546 2669 786 2726 Thraciae
828 2668 1059 2738 regionis
1092 2668 1416 2738 subsignavi.

348 2782 663 2838 Theodorus
712 2782 1075 2837 misericordia
1124 2782 1213 2835 Dei
1260 2784 1541 2851 episcopus
1584 2782 1867 2850 Pompeio-

271 2876 631 2947 poiitanorum
665 2877 893 2933 civitatis
941 2876 1316 2946 Paphlagoniae
1351 2876 1583 2946 regionis
1618 2875 1866 2931 similiter

272 2971 605 3040 subsignavi.

346 3083 633 3138 Zacharias
678 3082 1038 3139 misericordia
1091 3081 1187 3136 Dei
1228 3081 1507 3151 episcopus
1556 3082 1864 3151 Leontopo-

1967 581 2179 639 συνόδου
2218 582 2402 653 ὁμοίως
2430 584 2849 653 ῦπεσημηνάμην.
2904 626 2911 633 .

2036 698 2368 769 Θεόπεμπτος
2419 696 2532 768 ἐλέῳ
2590 702 2720 751 Θεοῦ
2778 695 3055 754 ἐπίσκοπος
3113 702 3205 755 τῆς
3262 694 3557 753 Ἰουστινια-

1968 788 2277 847 νουπολιτῶν
2325 789 2439 848 ἥτοι
2506 797 2848 849 Μωκισσηνῶν
2898 790 3241 862 φιλοχρίστου
3296 794 3557 866 μητροπό-

1967 881 2092 941 λεως
2115 891 2206 943 τῆς
2244 880 2488 957 δευτέρας
2528 878 2630 937 τῶν
2677 878 3024 937 Καππαδόκων
3072 882 3338 955 ἐπαρχίας
3372 878 3559 953 ὁμοίως

1972 970 2397 1041 ὑπεσημηνάμην.

2039 1081 2288 1159 Ἰσίδωρος
2335 1085 2453 1154 ἐλέῳ
2495 1089 2618 1138 Θεοῦ
2650 1085 2817 1140 ἐπίσκ.
2849 1092 2939 1146 τῆς
2978 1082 3179 1140 ιΡοδίων
3202 1078 3561 1162 μητροπόλεως

1968 1181 2070 1231 τῶν
2109 1173 2377 1230 Κυκλάδων
2416 1181 2603 1242 νήσων,
2633 1176 2765 1253 ῦπίρ
2810 1177 3035 1251 ἐμαυτοῦ
3076 1179 3164 1233 καί
3199 1186 3294 1241 τῆς
3337 1177 3425 1235 ὑπ’
3471 1179 3561 1250 ἐμὲ

1974 1265 2195 1323 συνόδου
2223 1266 2405 1339 ὁμοίως
2428 1270 2850 1341 ῦπεσημηνάμην.

2043 1384 2275 1443 Σισίννιος
2322 1384 2437 1454 ἐλέῳ
2502 1389 2631 1439 Θεοῦ
2694 1383 2865 1439 ίπίσκ.
2921 1393 3018 1445 τῆς
3063 1381 3418 1459 ἰεραπολιτῶν
3466 1407 3563 1457 μη-

1972 1475 2261 1551 τροπόλεως
2316 1484 2407 1537 τῆς
2456 1482 2661 1551 Φρυγῶν
2719 1483 3040 1531 Πακατιανῶν
3101 1477 3385 1551 ἐπαρχίας,
3424 1477 3562 1552 ῦπέρ

1972 1572 2198 1641 ἐμαυτοῦ
2234 1575 2436 1632 καὶτῆς
2472 1573 2669 1644 ὐπ’ὲμὲ
2719 1570 2936 1627 συνόδου
2984 1571 3170 1644 ὁμοίως
3216 1576 3449 1645 ὑπεσημ.

2044 1685 2300 1762 Θεόδωρος
2347 1688 2466 1760 ἐλέῳ
2518 1694 2644 1743 Θεοῦ
2704 1691 2986 1750 ἐπίσκοπος
3035 1699 3125 1749 τῆς
3181 1693 3420 1767 Ταρσέων
3465 1714 3563 1763 μη-

1975 1781 2258 1855 τροπόλεως
2298 1788 2391 1842 τῆς
2429 1784 2638 1856 πρώτης
2701 1789 2801 1838 τῶν
2857 1783 3057 1838 Κιλίκων
3090 1781 3374 1861 ἔπαρχῂ
3426 1787 3560 1859 ὑπὲρ

1894 1847 1946 1908 Β
1971 1869 2197 1941 ἐμαυτοῦ
2240 1875 2449 1931 καὶτῆς
2494 1872 2583 1927 ὑπ’
2605 1874 2691 1943 ἐμὲ
2728 1872 2947 1928 συνόδου
2998 1873 3183 1943 ὁμοίως
3220 1847 3388 1933 sui};

2039 1984 2275 2053 Στέφανος
2311 1985 2432 2053 ίλέῳ
2466 1991 2595 2039 Θεοῦ
2641 1987 2920 2047 ἐπίσκοπος
2964 1995 3055 2046 τῆς
3094 1987 3446 2061 Ἀναζαρϐἐων
3472 2010 3512 2042 π

1967 2079 2092 2141 λεως
2113 2089 2204 2140 τῆς
2231 2077 2475 2151 δευτέρας
2502 2086 2600 2133 τῶν
2639 2080 2836 2134 Κιλίκων
2866 2081 3151 2153 ἐπαρχίας,
3181 2080 3313 2155 ὑπὲρ
3335 2082 3562 2153 ἐμαυτοῦ

1969 2175 2056 2225 καὶ
2099 2179 2191 2231 τῆς
2225 2169 2424 2238 ὑπ’ἒμέ
2460 2169 2674 2224 συνόδου
2718 2170 2904 2241 ὁμοίως
2941 2172 3167 2240 ὑπεσημ.

2046 2281 2335 2355 Μακρόϐιος
2379 2282 2494 2351 ἐλέῳ
2536 2289 2663 2337 Θεοῦ
2710 2283 2984 2344 ίπίσκοπος
3022 2292 3111 2343 τῆς
3154 2284 3427 2338 Σελευκέων
3462 2306 3565 2355 μη-

1970 2370 2258 2447 τροπόλεως
2301 2381 2391 2431 τῆς
2421 2374 2665 2448 ’ῐσαύρων
2702 2376 2906 2447 χώρας,
2931 2375 3063 2447 ὑπὲρ
3099 2376 3323 2444 ἐμαυτοῦ
3360 2378 3566 2434 καὶτῆς

1969 2464 2061 2519 ὑπ’
2085 2467 2169 2534 ἐμὲ
2195 2464 2409 2520 συνόδου
2446 2464 2529 2537 όμ.
2566 2466 2987 2536 ὑπεσημηνὰμην.

2042 2580 2289 2653 Γεώργιος
2327 2579 2441 2647 ιλέῳ
2471 2584 2600 2632 Θεοῦ
2639 2578 2911 2639 ἐπίσκοπος
2937 2586 3027 2638 τῆς
3078 2584 3323 2645 Βιζυηνῶν
3364 2580 3561 2641 πόλεως

1970 2677 2062 2730 (ἧς
2095 2673 2305 2744 Θρᾲκων
2339 2673 2522 2744 χώρας
2553 2673 2785 2741 ὐπεσημ..

2043 2780 2304 2857 Θεόδωρος
2360 2784 2474 2849 ἐλέῳ
2524 2791 2650 2838 Θεοῦ
2699 2785 2867 2838 ίπίσκ.
2928 2793 3019 2845 τῆς
3080 2786 3564 2856 Πομπηϊουπολιτῶν

1969 2877 2155 2936 πόλεως
2192 2885 2299 2957 τῆς
2345 2876 2673 2949 Παφλαγόνων
2714 2877 2978 2953 ἐπαρχίας
3029 2876 3117 2949 όμ..
3165 2884 3394 2953 ὐπεσημ..

2046 3085 2309 3154 Ζαχαρίας
2352 3080 2472 3154 ίλίῳ
2512 3088 2638 3136 Θεοῦ
2685 3082 2857 3137 ίπίσκ.
2905 3091 3000 3145 τῆς
3036 3084 3432 3140 Λεοντοπολιτῶν
3465 3084 3560 3141 πό-

277 3180 563 3236 litarorum
603 3180 830 3235 civitatis
871 3179 1166 3234 Isaurorum
1207 3180 1438 3248 regionis
1487 3178 1809 3248 subsignavi.

2017 3195 2095 3234 εως
2123 3181 2213 3233 τῆς
2238 3174 2485 3247 ἰσαύρων
2516 3174 2700 3247 χώρας
2725 3171 2950 3247 ῦπεσημ.

351 3297 640 3367 Gregorius
678 3295 1042 3351 misericordia
1099 3294 1194 3350 Dei
1231 3298 1513 3364 episcopus
1548 3295 1868 3364 Mitylenen-

274 3393 353 3448 sis
396 3391 543 3447 urbis
584 3391 897 3446 Lesbiorum
931 3391 1118 3445 insulae
1159 3388 1485 3458 subsignavi.

350 3504 611 3573 Georgius
674 3503 1035 3559 misericordia
1104 3502 1201 3559 Dei
1274 3505 1554 3572 episcopus
1609 3502 1870 3558 Miletettm

274 3598 513 3654 civitatis
556 3597 729 3651 Caria:
774 3596 1008 3665 regionis
1053 3594 1377 3664 subsignavi.

351 3711 568 3779 Sergius
610 3710 970 3764 misericordia
1021 3708 1113 3763 Dei
1166 3708 1449 3778 episcopus
1502 3708 1866 3779 Selybriorum

273 3802 510 3857 civitatis
548 3800 790 3855 Thraciae
839 3802 1126 3870 provinciae
1168 3801 1491 3870 subsignavi.

348 3917 594 3970 Andreas
624 3917 987 3970 misericordia
1022 3916 1112 3970 Dei
1142 3916 1422 3985 episc0pus
1451 3915 1869 3988 Methymnensis

271 4006 509 4063 civitatis
537 4005 852 4061 Lesbiorum
894 4007 1082 4062 insulae
1111 4009 1438 4078 subsignavi.

350 4118 652 4174 Alexander
702 4120 1070 4175 misericordia
1120 4121 1214 4175 Dei
1269 4123 1553 4190 episc0pus
1609 4120 1868 4188 CQtrado-

275 4223 394 4261 rutn
413 4208 645 4263 civitatis
660 4207 960 4265 Isaurorum
981 4210 1266 4278 provincia:
1279 4212 1520 4266 similiter
1539 4212 1865 4281 subsignavi.

354 4322 683 4392 Epiphanius
702 4323 1071 4379 misericordia
1094 4326 1485 4396 Deiepiscopus
1514 4328 1868 4382 Euchaiteno-

276 4432 396 4470 rum
427 4417 620 4471 Christi
650 4418 893 4474 amabilis
924 4420 1282 4487 metropoleos
1312 4420 1658 4489 Helenoponti
1692 4423 1868 4490 regio-

271 4508 359 4563 nis
390 4508 712 4579 subsignavi.

345 4623 582 4678 Joannes
606 4624 969 4681 misericordia
992 4626 1085 4681 Dei
1102 4632 1381 4696 episcopus
1403 4628 1653 4696 Carpathi
1683 4631 1871 4683 insulae

273 4717 521 4773 similiter
548 4719 872 4788 subsignavi.

350 4829 589 4885 Joannes
630 4831 995 4887 misericordia
1042 4833 1136 4887 Dei
1182 4835 1461 4901 episcopus
1488 4830 1867 4901 ,lleracleopo-

276 4921 458 4976 litanse
516 4922 666 4978 urbis
710 4922 961 4978 secundae
1011 4922 1383 4979 Armeniorum
1438 4923 1671 4993 regionis
1740 4925 1866 4978 sub-

275 5025 506 5081 signa".

352 5125 539 5182 Petrus
574 5128 936 5185 misericordia
970 5130 1066 5186 Dei
1096 5133 1377 5201 episcopus
1420 5133 1751 5187 Mesembria:
1793 5133 1869 5187 ci-

277 5218 459 5272 vitatis
508 5219 861 5275 Haemimontii
900 5221 1133 5290 regionis
1168 5222 1493 5292 subsignavi.

352 5328 543 5386 Petrus
596 5334 958 5387 misericordia
1006 5333 1099 5389 Dei
1141 5336 1421 5405 episcOpus
1478 5336 1868 5405 SOZOpontanze

274 5427 512 5484 civitatis
545 5427 791 5486 Thracia;
832 5429 1118 5498 provinciae
1148 5430 1470 5500 subsignavi.

612 5814 876 5878 ΡΑτιιυι..
927 5816 1309 5877 LXXXVII.

1890 4557 1949 4615 D

2041 3292 2309 3367 Γρηγοριος
2344 3290 2462 3359 ἐλέῳ
2493 3297 2620 3344 Θεοῦ
2658 3290 2828 3345 ἐπίσκ.
2853 3297 2946 3349 τῆς
2983 3290 3336 3347 Μιτυληναίων
3370 3287 3564 3351 πόλεως

1969 3391 2060 3443 τῆς
2088 3383 2319 3438 Λεσϐίων
2344 3387 2499 3440 νήσου
2534 3386 2761 3454 υπεσημ.

2038 3499 2289 3570 Γεώργιος
2319 3496 2435 3565 ἐλέῳ
2463 3500 2592 3549 Θεοῦ
2636 3496 2804 3549 ίπίσκ.
2834 3503 2925 3553 τῆς
2964 3494 3218 3550 Μιλησίων
3245 3492 3441 3554 πόλεως
3469 3500 3558 3554 τῆς

1970 3596 2140 3665 Καρῶν
2163 3589 2290 3664 ἐπαρ
2296 3609 2360 3659 χ.
2394 3589 2626 3657 ύπεσημ.

2041 3703 2242 3771 Σέργιος
2268 3699 2387 3769 ἐλέῳ
2423 3707 2549 3754 Θεοῦ
2583 3700 2751 3753 ἔπίσκ.
2784 3707 2876 3758 τῆς
2896 3697 3219 3772 Σηλυϐρηνῶν
3247 3696 3441 3758 πόλεως
3466 3704 3560 3757 τῆς

1969 3794 2179 3865 Θρᾴκων
2206 3794 2389 3865 χώρας
2418 3792 2647 3861 ὑπεσημ.

2040 3903 2274 3981 ’Δνδρέας
2313 3905 2431 3976 ἐλέῳ
2480 3912 2605 3960 Θεοῦ
2659 3906 2832 3958 ὶπίσκ.
2868 3912 2958 3962 τῆς
2994 3905 3318 3972 Μεθυμναίων
3364 3903 3556 3961 πόλεως

1967 4005 2058 4057 τῆς
2095 3996 2325 4051 Λεσϐίων
2359 4001 2515 4055 νήσου
2548 3996 2631 4066 ὀμ.
2670 3997 2895 4066 ὑπεσημ..

2040 4110 2358 4185 Ἀλέξανδρος
2388 4112 2505 4182 ὶλὲῳ
2536 4120 2662 4166 Θεοῦ
2693 4113 2869 4167 ἑπίσκ.
2916 4120 3007 4173 τῆς
3036 4110 3325 4188 Κοτραδέων
3367 4115 3559 4173 πόλεως

1968 4213 2059 4264 τῆς
2081 4204 2330 4277 Ἰσαύρων
2358 4208 2539 4279 χώρας
2571 4206 2799 4275 ὑπεσημ..

2038 4320 2324 4390 Ἐπιφὰνιος
2386 4322 2504 4391 ἐλέῳ
2554 4328 2681 4375 Θεοῦ
2748 4322 3023 4381 ἐπίσκοπος
3072 4329 3166 4380 τῆς
3223 4322 3555 4391 ﬂuxerier

1970 4412 2306 4483 φιλοχρίστου
2363 4411 2717 4484 μητροπόλεως
2767 4418 2859 4470 τῆς
2910 4409 3289 4466 Ἐλενοποντίων
3349 4410 3552 4482 ἔπαρχ.

1972 4509 2203 4577 ὑπεσημ..

2049 4621 2271 4682 Ἰωάννης
2325 4620 2439 4690 ἐλέῳ
2494 4626 2621 4674 Θεοῦ
2684 4621 2854 4673 ἐπίσκ.
2904 4625 2996 4678 τῆς
3036 4618 3332 4693 Καρπαθίων
3393 4622 3554 4677 νήσου

1977 4713 2061 4781 ὀμ.
2096 4713 2326 4783 ὐπεσημ.

2046 4823 2268 4885 Ἰωάννης
2327 4826 2444 4896 ἐλέῳ
2511 4830 2632 4878 Θεοῦ
2702 4824 2978 4881 ἐπίσκοπος
3026 4830 3116 4884 τῆς
3174 4824 3557 4899 Ἠρακλειουπο-

1974 4914 2119 4968 λιτῶν
2161 4916 2353 4974 πόλεως
2395 4923 2487 4975 τῆς
2533 4912 2777 4985 δευτέρας
2823 4920 2921 4968 τῶν
2972 4913 3240 4990 ’Δρμενίων
3292 4918 3556 4988 ἐπαρχίας

1974 5010 2205 5078 ὐπεσημ.

2048 5126 2227 5198 Πέτρος
2269 5124 2386 5192 ἐλέῳ
2426 5128 2551 5177 Θεοῦ
2598 5124 2766 5176 inin.
2811 5130 2904 5183 τῆς
2948 5121 3319 5195 Μεσημϐρηνῶν
3359 5117 3555 5178 πόλεως

1974 5225 2065 5276 τῆς
2094 5217 2427 5288 Δὶμιμοντίων
2466 5215 2663 5288 ἐπαρχ.
2698 5215 2930 5284 ὑπεσημ..

2046 5336 2225 5409 Πέτρος
2276 5333 2394 5403 ἐλέῳ
2447 5338 2573 5386 Θεοῦ
2616 5334 2792 5387 ἐπίσκ.
2842 5338 2935 5391 τῆς
2985 5324 3328 5392 Σωζοπολιτῶν
3361 5326 3552 5390 πόλεως

1971 5432 2061 5484 τῆς
2080 5426 2288 5499 Θρᾴκων
2316 5427 2499 5499 χώρας
2526 5426 2753 5494 ῦπεσημ..

3000 5804 3078 5867 ιο

3612 2046 3741 2103 xx
