4016 6354
466 384 608 443 1265

1591 383 1866 437 DAMIANI
1906 381 2278 439 TICINENSIS
2321 381 2616 438 EPISCOPI

3598 380 3740 435 1264

471 498 821 557 serenissimo
850 497 1154 552 Christiano
1184 494 1490 551 Theodosio
1521 498 1764 567 principe
1808 498 1861 551 in
1903 500 2043 565 regia
2072 502 2126 559 Α
2223 498 2459 567 Demptis
2518 497 2599 552 Itis
2654 496 2925 561 omnibus,
2968 496 3222 565 deinceps
3268 495 3740 551 Christianissimo

462 595 595 649 urbe
626 590 1085 659 ConstantinOpoli
1131 602 1343 645 centum
1387 592 1771 660 quinquaginta
1822 591 2040 646 Patrum

461 685 692 741 concilio
722 693 1067 753 congregato,
1100 686 1319 753 perdita»,
1362 685 1600 739 audaciae
1630 694 1903 740 auctorem
1940 702 2043 741 una

460 794 581 834 cum
630 777 907 833 venenatis
960 780 1072 830 suis
1124 776 1632 847 pracsumptionibus
1683 778 2043 833 anathematis

458 873 675 929 vinculo
721 870 1074 926 subdiderunt
1119 868 1301 942 [subdi
1334 870 1617 943 decrevit].
1672 872 1769 927 liis
1815 873 2043 941 sopitis,

458 964 827 1020 clandestinus
884 961 1054 1016 hostis
1114 962 1225 1014 suis
1280 961 1500 1015 nefariis
1555 963 2043 1017 machinationibus

462 1072 567 1111 non
614 1057 795 1111 sinens
844 1064 1082 1123 pacatam
1137 1055 1228 1107 Dei
1284 1055 1575 1109 Ecclesiam
1630 1072 1885 1123 manere,
1957 1060 2046 1127 qui

462 1162 675 1217 semper
711 1146 1017 1201 consociata
1060 1145 1313 1201 divellere
1362 1156 1415 1200 et
1458 1148 1787 1201 consolidata
1835 1148 2048 1217 disper-

459 1239 588 1293 dere
615 1240 932 1303 consuevit,
982 1237 1244 1292 excitatus
1288 1247 1371 1292 est
1415 1238 1577 1293 homo
1609 1241 1852 1308 peccati,
1905 1242 2047 1297 filius

458 1331 795 1400 perditionis,
826 1332 1113 1386 humanam
1147 1332 1360 1401 quidem
1393 1334 1595 1389 habens
1626 1337 1863 1402 speciem
1887 1378 1901 1401 ,
1952 1336 2048 1392 sed

457 1423 775 1479 diabolicam
822 1434 1041 1493 gestans
1086 1424 1372 1495 imaginem
1401 1466 1413 1487 ,
1468 1424 1746 1480 Nestorius
1785 1427 2002 1494 quidam
2028 1471 2045 1495 ,

455 1514 1061 1585 Constantinopolitanaa
1114 1518 1370 1571 Ecclesia:
1425 1520 1591 1588 magis
1646 1521 1831 1589 praedo
1886 1536 2045 1589 quam

456 1617 663 1678 pastor,
696 1608 785 1677 qui
817 1610 995 1677 posuit
1024 1609 1076 1663 in
1106 1610 1301 1664 coelum
1331 1626 1390 1664 os
1417 1625 1570 1665 suum
1590 1652 1604 1675 ,
1637 1621 1691 1666 et
1724 1614 1899 1681 lingua
1931 1613 2047 1681 ejus

460 1702 671 1767 transiit
706 1717 867 1769 super
892 1710 1088 1755 terram
1116 1742 1130 1768 ,
1183 1704 1233 1755 in
1283 1712 1444 1756 tantm
1485 1705 1803 1771 perditionis
1836 1705 2043 1759 foveam

458 1793 759 1858 demersus,
788 1801 844 1846 ut
869 1793 1007 1847 fastu
1036 1794 1423 1859 superbissimo
1454 1804 1507 1847 et
1533 1793 1704 1849 fretus
1732 1797 2047 1849 temeritatis

2145 592 2444 646 Justiniano
2489 591 2839 661 imperatore,
2871 590 3024 660 cujus
3065 606 3187 645 cum
3232 590 3451 645 nomine
3479 598 3536 645 et
3572 604 3741 659 opera

2146 691 2475 753 micuerunt,
2526 701 2550 726 ι
2594 689 2946 744 existentibus
2988 688 3311 758 quibusdam
3354 686 3440 756 qui
3490 697 3739 742 sanctam

2145 781 2633 837 Chalcedonensem
2669 782 2935 853 synodum
2976 782 3077 835 sub
3108 797 3263 834 utcvo
3304 779 3625 835 offensionis
3653 795 3743 836 re—

2144 874 2307 942 jicere
2333 874 2454 947 [sub
2480 889 2687 928 naevum
2720 874 2794 927 of.
2822 874 2969 943 rejici
3000 871 3276 944 oportere]
3312 872 3741 928 inconsideratis

2148 970 2365 1023 vocibus
2402 968 2714 1037 iactitabant
2742 986 2753 1020 :
2787 977 2912 1021 tunc
2940 981 2969 1019 a
3002 967 3232 1022 Praefato
3271 966 3514 1034 principe
3544 965 3743 1018 iterato

2150 1061 2201 1113 in
2246 1062 2390 1127 regia
2438 1060 2570 1113 urbe
2615 1058 3083 1125 Constantinotioli
3131 1057 3385 1121 concilio,
3419 1055 3741 1125 congregati

2148 1160 2271 1206 sunt
2297 1166 2396 1205 cex
2427 1150 2711 1206 venerandi
2756 1150 2938 1204 Patres
2986 1149 3295 1221 [concilium
3342 1157 3735 1217 congregatum

2149 1252 2232 1296 est
2285 1241 2384 1295 l6ll
2436 1242 2860 1295 venerandorum
2913 1239 3196 1310 Patrum];
3246 1240 3478 1308 rspitula
3526 1240 3639 1303 illa,
3671 1238 3742 1292 de

2150 1334 2341 1400 quibus
2370 1332 2609 1386 infamari
2646 1331 2960 1405 [infamare]
2986 1332 3314 1397 gestiebant,
3339 1330 3737 1399 obloquentes;

2150 1423 2455 1491 praedictam
2502 1423 2997 1476 Chalcedoneusem
3040 1420 3300 1490 synodum
3332 1420 3400 1473 ab
3441 1421 3585 1472 omni
3642 1434 3739 1473 su-

2147 1516 2385 1583 spicione
2439 1520 2581 1583 pravi
2613 1515 2812 1569 erroris
2858 1514 3197 1568 absolventes
3242 1512 3606 1587 [absolvens];
3641 1512 3743 1565 tria

2149 1606 2403 1674 capitula,
2429 1621 2524 1674 pro
2555 1607 2746 1674 quibus
2773 1606 3144 1669 accusabatur,
3176 1618 3359 1672 aperta
3384 1604 3737 1657 damnatione

2149 1699 2272 1753 fecit
2314 1698 2529 1761 ulcisci;
2562 1699 2650 1753 ubi
2694 1708 2747 1752 et
2784 1699 3130 1753 decessorum
3163 1696 3375 1749 Patrum
3422 1697 3639 1763 regulas
3682 1702 3749 1749 et

2148 1788 2408 1843 formulas
2437 1804 2605 1844 sacrae
2654 1790 3004 1843 institutionis
3046 1795 3355 1853 sequentes,
3401 1794 3645 1840 sanctam
3686 1791 3747 1839 et

454 1883 677 1938 audacia
698 1925 712 1949 ,
761 1898 924 1937 ausus
954 1886 1024 1937 sit
1054 1884 1235 1938 dicere
1268 1886 1476 1938 beatam
1531 1885 1749 1939 Mariam
1799 1902 1903 1941 non
1950 1887 2044 1941 Dei
2079 1876 2126 1935 Β
2154 1880 2544 1935 immaculatam
2570 1881 2928 1933 orthodoxam
2964 1879 3120 1931 fidem
3146 1878 3420 1932 vivacibus
3449 1876 3742 1932 sententiis

458 1976 795 2047 genitricem,
821 1977 913 2030 sed
944 1979 1317 2031 tantummodo
1347 1978 1577 2030 hominis
1608 1979 1771 2032 fuisse
1796 1988 2043 2042 matrem,

460 2075 515 2121 et
545 2075 761 2137 propter
788 2068 1017 2122 duarum
1045 2072 1325 2123 veritatem
1371 2080 1679 2124 naturarum
1729 2070 2047 2138 tergiversa-

461 2161 659 2214 tionem
690 2161 892 2215 faciens
917 2202 933 2228 ,
984 2164 1116 2215 duas
1147 2163 1197 2215 in
1227 2162 1441 2217 Christo
1472 2163 1741 2218 asserebat
1776 2178 1895 2218 esse
1929 2179 2049 2232 per-

458 2270 640 2319 sonas,
666 2270 824 2309 unam
854 2257 1160 2323 passibilem
1189 2266 1242 2309 et
1268 2256 1429 2310 aliam
1458 2258 1863 2325 impassibilem.
1896 2258 2048 2323 Quod

458 2345 734 2400 infandum
760 2347 954 2416 dogma
986 2350 1192 2415 piorum
1226 2363 1384 2403 aures
1413 2364 1517 2402 non
1553 2350 1785 2403 ferentes
1808 2348 2048 2421 [auribus

462 2452 568 2492 non
602 2436 962 2510 ferentibus],
1013 2450 1336 2509 congregata
1386 2450 1467 2494 cst
1496 2451 1678 2495 sancta
1709 2443 1948 2512 synodus
1996 2445 2048 2495 in

460 2533 729 2602 Ephesina
775 2533 1031 2598 civitate,
1084 2533 1441 2588 ducentorum
1492 2546 1799 2589 sanctorum
1836 2537 2049 2590 Patrum

459 2640 736 2689 numerus,
771 2625 859 2679 ubi
891 2636 1091 2680 sanctae
1122 2630 1395 2680 memoria:
1417 2628 1650 2697 Cyrillus
1671 2629 2050 2683 Alexandrinae

461 2716 714 2772 Ecclesiae
741 2719 959 2786 praesul,
988 2718 1306 2773 auctoritate
1335 2728 1535 2774 sanctae
1564 2722 1713 2775 sedis
1741 2721 2051 2791 apostolicae

460 2809 738 2877 praeditus,
772 2819 934 2878 caput
961 2813 1187 2875 exstitit,
1221 2815 1311 2880 qui
1344 2811 1755 2868 ferventissimo
1786 2816 1904 2869 zelo
1932 2816 2048 2881 Dei,

459 2910 614 2955 scuto
644 2902 768 2956 fidei
796 2913 851 2956 et
881 2904 1043 2957 lorica
1077 2914 1349 2972 protectus
1377 2906 1656 2960 catholicae
1687 2909 2049 2974 auctoritatis,

464 2994 729 3048 haeretica
761 2997 1035 3060 pravitatis
1066 2997 1400 3051 inventorem
1427 3008 1483 3053 et
1508 3010 1830 3053 assertorem
1862 3000 2052 3068 iniqui-

466 3085 586 3138 tatis
614 3085 898 3154 praefatum
930 3086 1237 3142 Nestorium
1282 3104 1403 3144 cum
1436 3088 1595 3162 [suis]
1628 3092 1859 3159 vipereis
1901 3106 2050 3144 com—

464 3176 659 3231 mentis
701 3186 963 3245 perpetuo
1005 3179 1351 3234 anathemate
1390 3182 1794 3236 condemnavit.
1851 3182 2054 3237 Dehinc

465 3281 593 3321 vero
615 3267 719 3322 dua
744 3282 868 3324 vasa
895 3270 1195 3340 iniquitatis
1224 3273 1499 3340 bellantia,
1533 3275 1817 3328 Dioscorus
1843 3276 2054 3330 scilicet

465 3359 858 3416 Alexandrinus
890 3362 1086 3431 praesul
1106 3404 1123 3429 ,
1167 3373 1219 3417 et
1252 3362 1521 3435 Eutyches
1549 3364 2054 3431 Constantinopoli-

460 3460 620 3506 tanus
670 3454 1136 3523 archimandrita,
1204 3455 1345 3508 intra
1398 3456 1737 3510 venerandos
1794 3456 2052 3510 Ecclesiae

461 3545 676 3612 aditus,
732 3556 789 3601 ut
836 3564 1009 3604 saevus
1055 3564 1250 3605 cancer
1296 3551 1475 3605 omnia
1519 3566 1737 3621 serpere
1776 3554 2053 3619 cupientes

464 3635 626 3708 [sava
658 3651 1001 3693 cancromata
1034 3656 1254 3712 serpere
1296 3642 1647 3715 cupierunt],
1695 3644 2055 3711 simpliciores

462 3742 705 3797 quosque
726 3740 877 3798 peste
900 3732 1119 3787 nefaria:
1149 3735 1517 3802 persuasionis
1545 3736 1763 3789 inficere
1787 3736 2051 3800 volentes,

461 3823 551 3889 qui
595 3824 912 3877 asserebant
955 3827 1007 3878 in
1041 3823 1273 3881 Domino
1301 3838 1487 3883 nostro
1511 3828 1636 3883 Jesu
1668 3830 1882 3883 Christo
1926 3840 2053 3884 ante

463 3912 869 3979 adunationem,
897 3916 1030 3971 duas
1059 3927 1300 3985 naturas,
1339 3931 1457 3988 post
1486 3935 1613 3975 vero
1644 3921 2048 3989 adunationem,

465 4013 647 4057 unam.
698 4005 850 4060 Tunc
877 4021 904 4058 a
934 4010 1380 4075 praestantissimo
1411 4022 1459 4065 et
1493 4012 1811 4065 Christianae
1843 4013 2056 4081 religio-

466 4097 548 4149 nis
579 4106 818 4151 amatore
848 4098 1115 4153 Marciano
1146 4101 1468 4168 imperatore
1506 4103 1726 4157 collecta
1758 4114 1841 4158 est
1871 4116 2053 4160 sancta

465 4188 706 4259 synodus
736 4189 788 4241 in
811 4191 1027 4245 civitate
1050 4191 1410 4258 Chalcedone,
1434 4207 1811 4250 sexcentorum
1842 4199 2054 4266 triginta

468 4282 685 4336 Patrum
707 4284 1012 4336 veneranda
1036 4284 1251 4347 cohors,
1270 4286 1463 4354 quibus
1486 4288 1813 4342 mediatores
1839 4289 2056 4345 fuerunt

466 4372 761 4427 beatissimi
784 4374 1028 4442 praesulis
1052 4374 1246 4429 Leonis
1271 4377 1416 4429 urbis
1438 4376 1620 4431 Romae
1645 4380 2054 4446 missi,quorum

464 4468 785 4521 auctoritate
818 4468 1057 4536 praedicti
1091 4468 1378 4522 Dioscorus
1420 4479 1473 4523 et
1504 4471 1774 4541 Eutycbes
1815 4472 2053 4527 haeretici

465 4556 881 4611 anathematicis
934 4548 1200 4612 sententia
1257 4560 1534 4626 perculsi,
1590 4571 1742 4615 extra
1793 4564 2055 4629 gremium

467 4651 658 4703 matris
705 4650 961 4705 Ecclesia:
1006 4652 1285 4706 catholicae
1332 4664 1455 4706 sunt
1502 4654 1680 4721 eiecti.
1734 4654 1831 4722 Qui
1882 4658 2052 4710 sancti

468 4740 658 4795 Patres
689 4742 742 4795 in
773 4744 1008 4797 concilio
1040 4747 1350 4810 constituti,
1399 4748 1543 4801 omni
1574 4748 1913 4803 cavillatione
1944 4748 2055 4802 hae-

468 4829 649 4884 retica:
678 4834 960 4897 pravitatis
989 4835 1203 4901 abrasa,
1236 4837 1354 4891 fidei
1387 4838 1698 4893 fundamina
1728 4850 2051 4908 statuentes,

467 4920 908 4989 splendidissimo
932 4940 1181 4983 sermone
1209 4938 1262 4983 et
1285 4930 1547 4999 elegantia
1574 4933 1792 4987 urbante
1815 4935 2055 4989 scientiae

467 5013 771 5085 symbolum
793 5014 1107 5072 orthodoxae
1124 5020 1248 5075 fidei
1270 5024 1639 5089 confecerunt,
1664 5035 1808 5079 retro
1836 5028 2052 5080 l’atrum

468 5106 694 5178 vestigia
722 5117 1036 5176 sequentes,
1064 5120 1171 5165 tam
1196 5118 1366 5169 sancti
1396 5118 1600 5172 Nicaeni
1626 5121 1865 5185 concilii,
1896 5136 2052 5189 quam

467 5199 1090 5270 Constantinopolitani,
1144 5219 1239 5257 seu
1290 5207 1543 5275 Ephesini
1582 5212 1780 5277 primi,
1831 5227 2054 5282 quorum

468 5291 840 5345 sanctionibus
889 5294 981 5348 Det
1034 5293 1271 5349 Ecclesia
1320 5298 1371 5352 in
1419 5310 1530 5355 toto
1572 5304 1701 5358 orbe
1744 5306 2050 5360 decoratur.

466 5379 525 5436 In
556 5384 751 5453 quibus
795 5387 1308 5459 promulgationibus
1352 5399 1650 5448 statuentes
1678 5439 1691 5461 ,
1747 5406 1801 5449 ut
1845 5398 1890 5451 si
1937 5400 2055 5466 quis

468 5489 626 5545 supra
662 5478 715 5532 id
744 5480 886 5547 quod
922 5480 1116 5537 ibidem
1161 5482 1215 5536 itt
1260 5498 1420 5537 causa
1458 5485 1579 5539 fidet
1625 5499 1885 5544 statutum
1931 5502 2051 5558 est,

468 5568 667 5623 addere
692 5577 785 5623 aut
813 5571 1058 5629 minuere
1086 5576 1512 5645 praesumpserit,
1544 5580 1906 5636 auathematis
1936 5582 2052 5637 vin-

470 5661 595 5714 culo
621 5660 943 5731 subiaceret.

543 5806 570 5832 ⁸·
602 5797 658 5878 l_n
686 5813 787 5852 ms.
812 5811 927 5879 erat
954 5804 1220 5879 existentes
1249 5810 1529 5877 quosdam;
1572 5811 1620 5864 iit
1656 5814 1853 5867 nostris
1884 5830 2051 5879 tuem-

475 5871 676 5935 branis,
705 5872 1006 5923 exstiterunt
1031 5877 1257 5939 quidam.

2086 4606 2138 4665 D

2152 1970 2483 2033 roborantes,
2510 1970 2869 2025 firmissimam
2905 1969 3259 2025 assertionem
3291 1968 3629 2040 [firmissima
3653 1982 3745 2023 as-

2149 2062 2405 2134 sertione]
2433 2063 2911 2117 confirmaverunt.

2224 2159 2386 2224 Ecce,
2427 2160 2869 2227 praestantissime
2919 2158 3194 2228 princeps,
3242 2156 3585 2226 antiquorum
3642 2156 3748 2211 Pa-

2154 2264 2293 2305 trum
2321 2261 2540 2316 statuta,
2578 2266 2679 2304 una
2710 2264 2833 2305 cum
2866 2266 3136 2305 consensu
3168 2249 3535 2319 piissimorum
3568 2251 3748 2319 impo-

2153 2357 2388 2401 ratorum
2438 2345 2679 2411 dclinita,
2720 2359 2840 2413 qua:
2885 2345 3111 2398 convelli
3162 2343 3243 2397 vel
3288 2344 3547 2397 infirmari
3595 2342 3749 2398 nulla

2155 2441 2361 2493 ratione
2394 2438 2566 2505 pietas
2597 2447 2770 2492 vestra
2803 2439 3099 2505 permittat.
3130 2434 3261 2488 Nam
3292 2436 3337 2488 si
3378 2445 3501 2487 sunt
3530 2434 3623 2502 qui
3648 2448 3749 2487 au-

2151 2534 2297 2588 dacia
2353 2534 2643 2587 dialectica:
2692 2533 2823 2586 artis
2873 2532 3077 2597 inflati,
3120 2532 3441 2585 cothurnata
3500 2532 3747 2597 cervice,

2156 2628 2341 2681 buccis
2400 2625 2845 2691 tumescentibus,
2888 2624 3118 2677 sinuosis
3173 2622 3639 2676 circumitionibus
3690 2630 3749 2676 et

2159 2720 2418 2776 flexuosis
2447 2717 2783 2785 ambagibus,
2820 2714 3055 2782 phaleris
3094 2714 3377 2768 verborum
3425 2712 3750 2782 pompisque

2155 2825 2491 2873 sermonum,
2519 2824 2615 2863 sua
2659 2808 2807 2862 ferali
2838 2806 3128 2861 calliditate
3158 2805 3455 2873 simplicem
3507 2803 3632 2857 tidei
3664 2818 3752 2857 ra-

2156 2908 2357 2958 tionem
2402 2902 2723 2965 convellere,
2753 2909 2809 2955 et
2848 2900 3122 2967 delegatas
3162 2913 3191 2951 a
3243 2897 3490 2950 Patribus
3536 2896 3753 2964 regulas

2153 2998 2470 3051 conculcare
2500 2995 2585 3048 vel
2616 3005 2884 3048 temerare
2914 2992 3203 3056 voluerint,
3233 3004 3422 3045 eorum
3451 2988 3753 3043 inﬂationi-

2158 3092 2253 3142 hus
2289 3088 2639 3156 tranquillitas
2688 3096 2864 3139 vestra
2894 3100 3004 3139 non
3039 3085 3389 3153 acquiescat:
3424 3082 3519 3137 setl
3566 3096 3752 3137 recor-

2158 3179 2355 3232 datniui
2411 3177 2641 3241 qualiter
2691 3177 2945 3245 propheta
2995 3175 3164 3229 dicit:
3205 3173 3429 3228 Verbum
3471 3175 3756 3229 breviatum

2081 3240 2129 3303 ο
2160 3273 2308 3341 faciet
2344 3240 2594 3325 Dominus
2622 3240 2772 3337 super
2792 3240 2989 3323 terram
3018 3266 3157 3339 (Ita.
3188 3268 3274 3336 x);
3308 3268 3450 3337 quod
3485 3282 3579 3337 per
3626 3282 3755 3321 san-

2156 3372 2275 3416 ctos
2325 3362 2598 3430 apostolos
2645 3362 2874 3415 vidimus
2921 3361 3224 3427 impletum.
3260 3360 3395 3425 Quid
3428 3359 3575 3413 enim
3625 3358 3754 3413 bre-

2158 3457 2292 3519 vius,
2320 3469 2477 3524 quam
2511 3455 2737 3523 simplex
2771 3454 2891 3506 ﬁdei
2936 3454 3241 3523 symbolum
3270 3452 3340 3506 ab
3368 3451 3631 3520 apostolis
3676 3451 3758 3504 in-

2156 3548 2436 3610 stitutum,
2472 3545 2527 3599 in
2566 3559 2672 3613 quo
2726 3543 3008 3614 mysticum
3073 3543 3396 3597 sacramenti
3444 3542 3758 3597 continetur

2156 3640 2447 3695 arcanum?
2466 3638 2599 3693 Nam
2625 3638 2668 3693 si
2699 3638 2934 3711 [regulas
2961 3636 3107 3709 fidei]
3131 3636 3357 3704 relegas,
3387 3635 3758 3704 insignissime

2159 3737 2464 3803 imperator,
2494 3748 2598 3786 non
2646 3747 2766 3785 cum
2798 3731 3109 3796 dialeeicis,
3144 3746 3249 3785 non
3280 3745 3403 3785 cum
3434 3728 3747 3793 rhetoricis,

2159 3844 2263 3882 non
2293 3842 2412 3880 cum
2450 3826 2837 3897 grammaticis,
2864 3825 2957 3879 sed
2988 3840 3107 3877 cum
3151 3823 3404 3878 ruricolis
3433 3831 3490 3876 et
3520 3821 3755 3889 piscato-

2135 3923 2307 3987 .ribus
2353 3920 2609 3973 Dominus
2641 3922 2817 3987 posuit
2851 3918 2878 3956 ιι
2907 3918 3189 3983 rationem,
3223 3927 3277 3971 et
3304 3916 3388 3969 his
3419 3914 3638 3969 tradidit
3668 3914 3754 3967 sui

2163 4027 2371 4071 secreta
2404 4011 2635 4077 consilii,
2663 4025 2798 4080 quos
2825 4018 2882 4064 et
2935 4010 3201 4077 principes
3232 4005 3521 4070 ordinavit,
3554 4006 3754 4075 quibus

2163 4106 2359 4174 ligandi
2392 4101 2741 4171 solvendique
2782 4102 2961 4155 tribuit
2996 4112 3351 4169 potestatem;
3388 4113 3566 4152 nonne
3598 4098 3755 4151 vobis

2164 4200 2407 4262 videtur,
2457 4196 2661 4265 optime
2720 4193 3044 4262 imperator,
3096 4191 3513 4246 dementissima:
3558 4186 3755 4243 mentis

2159 4304 2298 4355 esse,
2342 4289 2430 4357 qui
2477 4288 2798 4355 apostolicus
2848 4286 3195 4352 traditiones,
3250 4295 3305 4338 et
3357 4283 3753 4339 venerabilior:

2162 4383 2376 4438 Patrum
2429 4382 2663 4437 instituta
2710 4381 3006 4447 depravare
3063 4380 3357 4436 festinant?
3412 4378 3519 4433 Nos
3567 4388 3753 4431 autem

2159 4488 2366 4539 omnes,
2402 4476 2489 4544 qui
2538 4474 2637 4526 sub
2688 4474 3031 4528 felicissimos
3076 4482 3130 4527 et
3179 4472 3676 4527 Christianissimos
3720 4485 3754 4525 a

2170 4566 2276 4618 Deo
2322 4563 2697 4617 custodiendos
2751 4565 3038 4632 principes,
3085 4563 3335 4617 dominos
3383 4572 3623 4626 nostros,
3656 4577 3755 4630 per

2165 4658 2645 4713 excellentissimos
2676 4674 2828 4726 reges
2869 4656 3186 4711 Christianae
3234 4654 3513 4723 religionis
3544 4666 3754 4708 amato-

2159 4766 2268 4818 res,
2297 4766 2399 4804 una
2430 4766 2550 4804 cum
2582 4766 2767 4803 eorum
2794 4759 2979 4803 sancta
3014 4748 3299 4803 devotione
3332 4749 3445 4816 pari
3479 4757 3667 4801 tenore
3696 4756 3754 4802 et

2160 4846 2455 4898 reverentia
2509 4842 2824 4896 traditiones
2871 4850 3178 4895 sanctorum
3225 4841 3621 4908 apostolorum,
3651 4855 3751 4895 seu

2160 4933 2724 4988 reverendissimorum
2774 4933 3010 4998 Patrum,
3042 4934 3131 5001 qui
3162 4932 3213 4985 in
3248 4932 3578 4999 supradictis
3620 4944 3754 4987 con-

2158 5029 2295 5082 ciliis
2334 5028 2641 5090 adfuerunt,
2670 5028 2815 5081 omni
2844 5040 2966 5081 cum
3000 5024 3374 5097 [Felieissimis
3403 5036 3456 5078 et
3489 5024 3756 5080 Christia-

2160 5122 2396 5175 nissimis
2440 5131 2496 5175 et
2527 5137 2554 5172 a
2598 5120 2706 5175 Deo
2755 5119 3119 5174 custodiendis
3170 5118 3499 5186 principibus
3550 5118 3757 5173 nostris

2163 5215 2397 5269 dominis
2447 5215 2741 5269 Peretharit
2769 5226 2819 5269 et
2849 5213 3130 5281 Cunibert,
3175 5214 3757 5282 praeexcellentissimis

2162 5310 2378 5378 regibus
2405 5307 2933 5379 (Langobardorum),
2961 5306 3275 5361 Christianae
3297 5306 3567 5375 rrligionis
3608 5321 3757 5358 ama-

2162 5400 2362 5454 toribus
2389 5414 2593 5464 sumus,
2622 5415 2723 5453 una
2750 5415 2893 5464 cum,
2919 5397 3050 5471 etc.]
3081 5398 3429 5452 veneratione
3450 5398 3753 5466 suscipere,

2160 5495 2434 5562 amplecti,
2485 5492 2803 5557 defendere,
2855 5491 3179 5561 praedicare,
3234 5490 3501 5558 praecipue
3553 5500 3755 5542 sancite

2161 5587 2435 5642 memoriae
2483 5584 2681 5639 Leonis
2734 5586 3045 5655 apostolicae
3096 5584 3241 5639 sedis
3288 5584 3536 5653 praesulis
3583 5584 3753 5649 dicta,

2160 5678 2255 5732 sed
2303 5676 2466 5731 etiam
2513 5676 2841 5730 orthodoxos
2874 5676 3087 5742 Patres,
3112 5674 3206 5745 qui
3236 5689 3334 5745 per
3373 5674 3592 5730 diversa
3632 5672 3753 5729 loca

2233 5807 2259 5846 ιι
2294 5807 2403 5861 Vox
2438 5808 2533 5861 ista
2589 5821 2693 5859 non
2722 5814 2802 5860 est
2833 5806 2885 5861 in
2917 5822 3017 5862 ms.
