4016 6354
296 328 438 389 ΙΞϐὄ

1106 319 1436 377 EPISTOLA
1477 320 1567 373 AD
1605 313 2138 372 CONSTANTINUM
2177 308 2699 367 IMPERATOKEM.

3422 295 3559 353 1266

296 444 415 498 xelo
447 441 539 496 Dei
569 439 833 493 ferventes
869 435 1115 504 dogmata
1148 432 1396 486 salutaria
1446 432 1595 483 nobis
1638 430 1868 498 relique—
1909 431 1950 482 Α
1985 428 2110 479 Iintn
2160 433 2278 492 post
2309 424 2538 480 Patrem.
2575 437 2673 476 nec
2700 420 2954 489 Spiritum
2980 429 3221 474 sanctum
3256 418 3566 473 inferiorem

291 543 449 599 runt;
482 541 541 585 ut
567 527 890 585 veneranda:
910 524 1185 581 memoriae
1207 524 1497 594 Gregorius
1524 521 1881 576 Nazianzan

290 626 523 683 civitatis
553 625 859 693 episcopus,
898 630 954 674 et
1003 618 1229 673 Basilius
1268 616 1624 684 Cappadocia:
1668 616 1879 683 episco-

291 733 414 788 pus,
467 727 520 771 et
577 713 806 785 Cyrillus
846 710 1239 767 Alexandrinus
1296 708 1515 777 praesul,
1553 715 1606 759 et
1649 705 1884 759 Athana-

289 810 409 865 sius
460 806 702 877 ejusdem
751 803 1125 858 Alexandrinae
1189 800 1442 856 Ecclesia
1492 799 1756 867 pontifex,
1785 813 1885 853 nec

291 919 401 958 non
454 912 507 955 et
559 899 794 955 Joannes
849 895 1466 962 Constantinopolitanus
1522 894 1779 956 antistes,
1831 901 1886 946 et

291 996 526 1051 Hilarius
573 990 923 1047 Pictaviensis
978 992 1285 1059 episcopus,
1329 999 1385 1043 et
1426 989 1572 1042 omni
1622 987 1883 1055 sapientia

290 1089 471 1143 clarus
516 1082 845 1153 Augustinus
898 1080 1396 1149 liipponiregiensis
1458 1075 1884 1149 [Hipponiensis]

289 1182 599 1248 episcopus,
624 1186 681 1233 et
708 1175 1013 1232 veneranda
1039 1189 1238 1229 corona
1271 1172 1619 1246 [venerandae
1646 1168 1885 1244 coronae]

291 1271 490 1326 Christi
519 1269 798 1325 confessor
824 1270 1136 1322 Ambrosius
1179 1267 1592 1321 Mediolanensis
1627 1264 1885 1319 Ecclesia!

290 1362 513 1434 presul,
542 1362 700 1417 simul
729 1371 783 1416 et
812 1360 1203 1415 eruditissimus
1244 1369 1299 1413 et
1329 1360 1471 1411 omni
1520 1359 1636 1411 luce
1668 1356 1885 1425 conspi-

290 1471 426 1512 cuus
453 1456 813 1526 Hieronymus
846 1456 1146 1524 presbyter,
1180 1452 1439 1520 quidquid
1483 1452 1534 1504 hi
1565 1452 1884 1517 docuerunt,

291 1556 622 1617 sapueruut,
671 1546 1130 1616 pradicaverunt,
1170 1546 1256 1599 vel
1297 1542 1616 1599 defensores
1655 1546 1876 1598 exstite-

290 1658 438 1714 runt,
472 1662 571 1702 nos
616 1661 803 1701 eorum
852 1653 971 1699 acta
1012 1644 1097 1698 vel
1160 1651 1356 1697 statuta
1405 1644 1548 1694 omni
1600 1642 1888 1695 devotione

291 1738 636 1808 suscipimus.
694 1737 787 1792 liis
836 1736 1093 1806 delegatis
1123 1751 1299 1805 opera:
1353 1737 1578 1803 pretium
1632 1734 1883 1807 dttximus

1987 518 2168 584 fuisse,
2204 518 2321 587 quia
2352 518 2476 571 dum
2510 516 2716 569 initium
2763 514 2967 583 paterni
3013 515 3244 568 nominis
3283 528 3385 566 non
3418 513 3565 568 inve-

1985 615 2144 674 nitur,
2171 610 2439 665 nescimus
2463 624 2564 678 qua
2597 609 2808 661 ratione
2836 604 2976 659 Filio
3011 606 3216 657 initium
3247 603 3565 657 ascribatnr.

1984 705 2117 771 Quia
2147 718 2269 757 cum
2303 702 2529 755 dicimus
2554 700 2937 766 sempiternqu
2970 698 3138 754 Deum
3168 695 3401 760 Patrem,
3429 708 3566 748 sem-

1987 794 2249 861 piternum
2280 792 2441 845 Deum
2471 790 2661 844 Filium
2684 788 3033 843 ostendimus.
3054 787 3179 840 ldeo
3194 795 3429 840 sanctam
3455 784 3573 839 Tri-

1988 885 2206 938 nitatem
2224 883 2275 935 itt
2294 898 2394 957 una
2412 893 2596 935 natura
2615 894 2824 949 unaque
2837 879 3066 935 essentia
3084 889 3242 946 atque
3257 879 3573 944 substantia,
3664 924 3673 931 .

1986 989 2041 1035 et
2067 980 2232 1032 tribus
2255 974 2631 1040 subsistentiis,
2670 972 2783 1030 sive
2810 977 3072 1042 personis,
3101 973 3428 1041 proﬁtemur.

2060 1088 2338 1143 Credimus
2366 1097 2539 1140 autem
2572 1087 2743 1154 ipsum
2788 1085 2884 1140 Dei
2926 1083 3182 1142 Verbum,
3220 1085 3320 1138 hoc
3347 1093 3450 1145 est,
3482 1080 3577 1136 Fi-r

1990 1183 2118 1236 lium
2159 1182 2330 1235 Patris
2362 1181 2479 1234 sine
2524 1180 2678 1233 initio
2718 1178 2956 1247 genitum
2988 1194 2999 1231 :
3034 1177 3280 1231 eumdem
3312 1191 3477 1228 unutn
3511 1190 3575 1228 ex

1988 1278 2157 1331 tribus
2198 1274 2558 1328 subsistentiis
2588 1274 2654 1326 de
2685 1281 2867 1324 sancta
2906 1268 3167 1325 Trinitate
3197 1282 3455 1323 internum
3486 1266 3579 1321 Fi-

1990 1366 2141 1430 lium,
2176 1381 2272 1433 pro
2318 1364 2715 1433 dispensatione
2765 1364 2902 1418 facta
2953 1377 3052 1431 pro
3102 1362 3255 1414 nobis
3299 1372 3353 1415 et
3399 1372 3582 1414 nostra

1988 1462 2161 1515 salute
2185 1459 2530 1527 descendisse
2561 1458 2625 1511 de
2649 1457 2818 1519 cmlis,
2854 1456 3187 1509 incarnatum
3222 1452 3452 1506 Verbum
3484 1450 3580 1505 Dei

1988 1564 2043 1609 et
2074 1554 2343 1607 hominem
2396 1552 2593 1605 factum
2648 1549 2786 1603 intra
2836 1545 3066 1619 Virginis
3113 1556 3342 1609 uterum,
3387 1546 3577 1597 uniens

1990 1647 2090 1702 sibi
2137 1654 2334 1698 nostra:
2363 1651 2568 1697 natura:
2611 1641 2892 1695 veritatem
2921 1653 2986 1692 ex
3033 1646 3214 1691 sancta
3258 1645 3311 1690 et
3344 1634 3576 1703 gloriOsa

1993 1737 2087 1793 Dei
2116 1737 2373 1806 genitrice
2410 1735 2568 1788 Maria
2621 1732 2841 1801 virgine,
2872 1731 3139 1799 perlectus
3193 1731 3327 1781 Deus
3357 1737 3411 1780 et
3457 1742 3575 1793 per—

290 1827 420 1898 quid
452 1834 637 1882 nostra
676 1827 807 1881 ﬁdes
836 1826 1108 1880 contineat
1153 1825 1442 1879 adnectere
1492 1822 1637 1893 [huic
1687 1833 1885 1877 nostrae
1916 1797 1964 1855 Β
1996 1829 2165 1883 tectus
2211 1831 2373 1883 homo
2427 1827 2479 1880 in
2522 1826 2725 1879 duabus
2777 1826 3000 1885 naturis,
3031 1823 3326 1877 divinitatis
3375 1819 3584 1874 scilicet

291 1916 625 1987 suggestioni
657 1916 782 1971 ﬁdei
829 1915 1213 1979 iormulam,ut
1256 1928 1315 1968 se
1362 1923 1543 1968 nostra
1594 1913 1727 1967 ﬁdes
1758 1928 1890 1966 con-

291 2009 452 2076 tinet,
483 2004 817 2079 adnectere].

327 2119 530 2188 lucipt't
584 2121 834 2192 expositio
874 2120 997 2189 fidei
1052 2120 1271 2242 Pgtrum
1313 2118 1716 2173 Mediolanemis
1770 2134 1859 2189 sy-

1015 2207 1083 2242 no
1124 2207 1162 2242 ι.

1015 2207 1162 2245 ηοαι.

310 2302 315 2306 ‘
372 2283 698 2362 Proﬁtemur
725 2297 823 2337 nos
852 2283 1073 2338 credere
1112 2283 1484 2338 indivisibilem
1517 2293 1754 2335 sanetam
1783 2282 1900 2335 Tri-

295 2377 548 2442 nitatem,
583 2376 685 2431 hoc
713 2384 796 2430 est
837 2375 1051 2430 Patrem
1082 2387 1134 2429 et
1169 2374 1361 2430 Filium
1392 2384 1448 2431 et
1480 2375 1739 2442 Spiritum
1774 2390 1899 2428 san-

294 2476 470 2532 ctum,
500 2482 665 2522 unum
710 2466 902 2529 Deum,
937 2464 1007 2518 ita
1040 2480 1201 2519 unum
1246 2474 1305 2520 ut
1350 2466 1571 2531 trinum,
1600 2474 1653 2519 et
1696 2465 1767 2519 ita
1803 2464 1899 2518 tri-

293 2576 427 2616 num
456 2569 514 2615 ut
540 2575 743 2614 unum:
774 2559 1091 2614 Trinitatem
1124 2560 1176 2614 in
1209 2560 1471 2615 distinctis
1502 2572 1665 2627 atque
1694 2562 1903 2615 discre-

296 2654 370 2709 tis
399 2653 665 2723 personis,
698 2652 801 2707 hoc
822 2661 923 2715 est.
956 2653 1192 2717 Patrem,
1216 2668 1282 2706 ex
1306 2668 1411 2720 quo
1435 2654 1645 2717 omnia;
1682 2652 1898 2722 Filium,

293 2761 397 2817 per
438 2762 601 2816 quem
637 2748 854 2812 omnia;
886 2745 1140 2814 Spiritum
1174 2757 1439 2809 sanctum,
1477 2748 1524 2797 in
1561 2760 1667 2812 quo
1697 2746 1897 2810 omnia,

293 2840 458 2893 unius
510 2847 688 2893 tamen
738 2838 1054 2901 divinitatis,
1101 2838 1256 2892 unius
1309 2840 1586 2902 essentia},
1640 2838 1901 2905 uniusque

295 2928 614 2986 substantia:
632 2947 647 2986 :
662 2930 714 2985 in
740 2930 907 2985 tribus
924 2930 1137 2996 quidem
1155 2927 1517 2984 subsistentiis
1532 2944 1625 2983 seu
1643 2927 1898 2992 personis,

296 3032 362 3077 ut
389 3020 549 3077 Pater
588 3022 744 3077 Pater
774 3022 872 3087 sit,
920 3021 1086 3075 Filius
1144 3019 1310 3075 Filius
1352 3022 1452 3087 sit,
1501 3021 1732 3088 Spiritus
1782 3034 1904 3073 san-

301 3123 425 3191 ctus
451 3114 677 3185 Spiritus
728 3125 943 3170 sanctus
971 3114 1078 3169 sit:
1111 3112 1163 3167 in
1190 3129 1292 3168 una
1321 3124 1509 3168 natura
1534 3129 1747 3183 unaque
1776 3113 1902 3167 sub-

298 3208 519 3273 Stautia,
550 3218 606 3261 ut
636 3207 778 3262 Deus
808 3224 966 3270 unus,
992 3216 1046 3261 et
1066 3208 1235 3270 solus.
1259 3215 1314 3261 et
1343 3222 1583 3261 summus
1611 3206 1895 3260 credatur:

300 3317 413 3358 non
462 3310 574 3357 tres
621 3298 1044 3367 introducentes,
1094 3308 1153 3353 ut
1200 3299 1359 3353 Arius
1410 3277 1769 3368 blasphemat,
1811 3297 1901 3367 qui

299 3404 418 3453 tres
458 3395 590 3450 deos
638 3394 977 3463 praedicavit,
1024 3393 1496 3456 exceilentiorem,
1560 3394 1821 3447 minorem
1850 3401 1905 3447 et

303 3486 640 3544 inferiorem.
676 3486 783 3541 Nos
809 3502 939 3542 vero
969 3498 1209 3541 sanctam
1242 3486 1560 3541 Trinitatem
1591 3486 1642 3539 in
1676 3487 1901 3553 unitate,

306 3590 361 3635 et
389 3581 645 3633 unitatem
675 3578 727 3632 in
754 3589 936 3634 sancta
965 3578 1230 3634 Trinitate
1254 3581 1593 3635 conﬁtemur.
1622 3580 1755 3633 Nam
1779 3594 1903 3634 cum

308 3670 536 3725 dicimus
565 3670 984 3738 omnipotentem
1016 3669 1255 3734 Patretn,
1284 3671 1575 3739 appellatio
1608 3670 1765 3739 hujus
1811 3686 1909 3741 pa-

310 3768 446 3820 terni
476 3764 706 3819 nominis
747 3764 812 3818 ad
860 3763 980 3818 Filii
1014 3780 1295 3833 personam
1342 3765 1660 3829 intenditur,
1689 3775 1744 3820 et
1785 3780 1906 3819 cum

311 3859 542 3914 dicimus
572 3868 831 3914 aeternum
866 3857 1082 3923 Filium,
1111 3857 1177 3913 ad
1203 3861 1391 3913 a:terui
1424 3858 1597 3913 Patris
1626 3873 1907 3926 personam

314 3951 581 4017 refertur;
610 3961 665 4005 et
703 3965 826 4006 cum
876 3949 1211 4005 nominamus
1257 3950 1511 4019 Spiritum
1562 3962 1803 4004 sanctum
1843 3950 1909 4005 ab

314 4044 503 4099 aeterni
536 4042 712 4097 Patris
738 4057 964 4111 persona
995 4058 1116 4099 eum
1152 4044 1440 4110 procedere
1471 4054 1849 4097 monstramus.

386 4132 520 4191 Cum
542 4142 723 4188 autem
754 4133 984 4187 dicimus
1013 4132 1179 4188 Deum
1208 4133 1423 4187 Patrem
1457 4134 1900 4202 omnipotentem,

316 4241 425 4283 non
474 4234 653 4295 potest
705 4225 865 4294 hujus
911 4227 1142 4280 nominis
1187 4225 1435 4280 evacuari
1490 4237 1906 4281 sacramentum.

314 4318 450 4385 Quia
477 4332 598 4372 cum
628 4316 854 4372 dicimus
878 4316 1116 4385 Patrem,
1141 4316 1335 4371 Filium
1364 4318 1827 4383 demonstramus;
1861 4328 1917 4374 et

316 4426 441 4467 cum
486 4409 714 4464 dicimus
764 4407 979 4477 Filium,
1020 4409 1233 4464 Patrem
1279 4410 1655 4476 declaramus;
1690 4425 1742 4467 et
1791 4429 1912 4467 cum

1994 1934 2154 1993 atque
2182 1921 2550 1987 humanitatis,
2574 1919 3045 1976 consubstantialis
3080 1917 3186 1972 Deo
3215 1915 3359 1969 Patri
3385 1928 3580 1969 secun-

1995 2019 2119 2071 dum
2142 2017 2492 2079 divinitatem,
2521 2024 2575 2069 et
2600 2010 3071 2068 consubstantialis
3094 2010 3234 2063 idem
3266 2009 3378 2075 ipse
3400 2006 3577 2070 nobis,

1996 2109 2287 2163 secundum
2335 2105 2717 2160 humanitatem
2744 2119 2759 2157 :
2787 2119 2892 2157 non
2924 2103 2974 2154 in
3006 2102 3215 2155 duolms
3244 2098 3393 2152 Filiis
3427 2097 3585 2168 [duos

2003 2198 2443 2271 Filiosjdivisus,
2489 2198 2582 2251 sed
2634 2210 2770 2250 unus
2815 2206 2869 2250 et
2918 2194 3058 2248 idem
3114 2192 3207 2246 Dei
3255 2200 3311 2245 et
3353 2188 3588 2244 hominis

2002 2292 2187 2356 Fiiius,
2221 2291 2274 2345 in
2317 2292 2545 2345 veritate
2573 2289 2798 2343 duarum
2847 2296 3155 2341 naturarum
3186 2303 3198 2337 :
3232 2285 3285 2337 in
3319 2299 3421 2337 una
3454 2280 3586 2336 sub-

2003 2385 2246 2439 sistentia
2273 2384 2389 2437 sive
2422 2396 2673 2451 persona,
2707 2379 2997 2433 divinitatis
3026 2376 3276 2432 videlicet
3304 2384 3358 2429 et
3401 2373 3591 2426 huma-

2004 2478 2186 2531 nitatis
2216 2476 2457 2529 unitione
2486 2475 2645 2538 faeta,
2673 2484 2727 2526 ut
2757 2488 2824 2526 ex
2870 2471 3078 2527 duabus
3108 2467 3358 2539 perfecris
3387 2466 3594 2521 naturis

2006 2584 2114 2627 non
2154 2568 2263 2621 duo
2294 2567 2432 2631 Filii,
2465 2568 2557 2621 sed
2586 2581 2721 2619 unus
2752 2565 2892 2619 idem
2925 2564 3017 2617 Dei
3047 2572 3102 2617 et
3134 2562 3362 2616 hominis
3407 2559 3595 2623 Filius,

2006 2674 2336 2731 permanens
2388 2659 2529 2726 quod
2587 2668 2735 2721 erat,
2782 2657 2944 2723 erepit
2974 2669 3095 2708 esse
3137 2656 3277 2723 quod
3309 2666 3417 2707 non
3447 2657 3597 2717 erat,

2006 2754 2133 2809 dum
2154 2754 2269 2807 sine
2295 2751 2440 2803 initio
2462 2749 2645 2801 aeterni
2672 2747 2843 2800 Patris
2870 2745 3040 2799 Filius
3071 2745 3240 2797 iactus
3261 2754 3342 2797 est
3366 2741 3598 2795 hominis

2007 2845 2171 2901 ﬁlius.
2198 2843 2320 2897 ldeo
2342 2853 2395 2895 et
2422 2856 2556 2894 unus
2577 2849 2659 2893 est
2686 2838 2941 2892 Dominus
2968 2846 3151 2890 noster
3175 2834 3332 2889 Jesus
3354 2832 3599 2889 Christus

2010 2938 2214 2993 habens
2258 2938 2312 2989 in
2357 2934 2647 3001 semetipso
2696 2932 3076 2999 perfectionem
3123 2925 3318 2982 divinae
3366 2934 3598 2989 naturae,

2011 3042 2062 3087 et
2101 3026 2493 3100 periectioiiem
2525 3025 2772 3077 humana:
2811 3032 3017 3075 natura:
3042 3037 3055 3072 :
3085 3028 3249 3075 etest
3295 3017 3600 3086 unigeuitus

2011 3124 2226 3195 quidem
2254 3138 2320 3177 ex
2354 3120 2529 3175 Verbo
2558 3117 2635 3191 [et
2668 3114 2943 3187 Verbum],
2974 3124 3032 3169 ut
3062 3123 3183 3183 pote
3213 3129 3279 3167 ex
3308 3111 3416 3167 Deo
3440 3112 3599 3165 Patre

2010 3229 2186 3283 natus,
2218 3229 2269 3271 et
2314 3215 2704 3286 pritnogenitus
2761 3214 2812 3266 in
2868 3211 3047 3265 multis
3104 3208 3390 3271 fratribus;
3431 3204 3604 3259 Filius

2010 3313 2152 3367 enim
2184 3310 2279 3365 Dei
2333 3309 2474 3364 ﬁlius
2528 3308 2761 3361 hominis
2803 3305 2975 3360 iactus
3021 3311 3126 3358 est.
3173 3301 3324 3356 Unde
3365 3308 3421 3355 et
3468 3299 3602 3353 duas

2014 3406 2318 3458 nativitates
2349 3399 2613 3470 ejusmodi
2643 3399 2810 3468 ipsius
2855 3397 3111 3466 unigeniti
3158 3395 3251 3449 Dei
3286 3392 3444 3449 Verbi
3474 3407 3602 3446 con—

2013 3500 2227 3551 ﬁtemur
2252 3512 2263 3546 :
2291 3504 2416 3546 ante
2464 3491 2659 3549 saecula
2690 3490 2903 3559 quidem
2944 3504 3009 3543 ex
3060 3488 3219 3541 Patre
3266 3486 3602 3551 incompara-

2013 3584 2190 3639 biliter
2216 3594 2396 3639 natum
2429 3580 2667 3655 [unam],
2709 3582 2759 3634 in
2788 3578 2990 3633 ultimis
3033 3586 3211 3632 autem
3239 3576 3430 3631 diebus
3457 3574 3604 3644 ejus-

2012 3677 2135 3732 dem
2188 3677 2355 3743 ipsius
2404 3673 2825 3728 incarnationem
2891 3670 3186 3742 [lncarnati
3232 3663 3492 3736 alteram]
3541 3665 3609 3720 de

2014 3780 2196 3824 sancta
2226 3761 2459 3837 gloriosa
2494 3768 2583 3821 Dei
2633 3766 2888 3836 genitrice
2915 3778 2968 3819 et
3016 3778 3228 3832 semper
3258 3763 3462 3831 virgine
3493 3759 3603 3813 Ma-

2016 3865 2134 3928 ria;
2178 3861 2267 3930 qui
2307 3862 2373 3914 de
2421 3860 2578 3914 Patre
2626 3858 2899 3927 splenduit
2938 3873 3097 3926 supra
3146 3856 3502 3919 intellecmm,
3536 3854 3604 3909 de

2018 3967 2190 4009 matre
2239 3962 2389 4007 ortus
2416 3962 2500 4006 est
2529 3967 2688 4021 supra
2732 3952 3017 4016 rationem,
3048 3959 3251 4005 etcum
3299 3948 3440 4003 Deus
3478 3959 3607 4005 vero

2016 4058 2180 4114 esset,
2215 4045 2380 4099 lactus
2411 4041 2539 4115 [est]
2580 4058 2704 4098 vere
2754 4045 2932 4097 homo.
2962 4042 3085 4097 ldeo
3134 4041 3346 4111 pr0prie
3388 4049 3443 4096 et
3481 4055 3608 4097 vere

2018 4140 2112 4196 Dei
2142 4138 2456 4209 genitricem
2487 4148 2727 4193 sanctam
2756 4148 2809 4193 et
2838 4139 3125 4208 gloriosam
3156 4147 3211 4193 et
3249 4151 3466 4206 semper
3490 4135 3604 4192 vir-

2016 4233 2196 4301 ginem
2246 4231 2459 4285 Mariain
2492 4232 2842 4296 conﬁtemur;
2885 4246 2993 4286 non
3032 4231 3153 4301 quia
3197 4230 3337 4285 Deus
3374 4230 3606 4287 Verbum

2018 4326 2224 4380 initium
2255 4340 2322 4378 ex
2352 4325 2467 4393 ipsa
2509 4326 2745 4393 accepit,
2778 4324 2872 4378 sed
2912 4326 3053 4394 quod
3100 4324 3153 4377 in
3183 4324 3386 4378 ultimis
3415 4324 3606 4379 diebus

2019 4418 2321 4488 unigenitus
2352 4416 2493 4471 Deus
2522 4417 2752 4471 Verbum
2772 4455 2787 4479 ,
2815 4418 2903 4484 qui
2951 4427 3077 4470 ante
3120 4416 3320 4470 saecula
3348 4426 3485 4481 erat,
3516 4415 3602 4471 in-

316 4503 544 4558 dicimus
572 4511 831 4598 tuit-eruum
882 4500 1123 4568 Patrem,
1151 4512 1412 4558 aeternum
1458 4504 1654 4560 Filium
1685 4506 1911 4561 demon-
1938 4539 1993 4598 ι)
2020 4520 2271 4567 carnatus
2312 4525 2380 4565 ex
2427 4512 2540 4578 ipsa
2590 4507 2993 4564 immutabiliter
3036 4505 3399 4581 [mirabiliter]
3445 4509 3610 4564 homo

318 4606 572 4651 stramus.
602 4592 738 4648 Nam
793 4594 839 4648 si
896 4610 1000 4649 non
1052 4594 1353 4650 invenimus
1400 4596 1615 4651 initium
1670 4598 1912 4653 vocabuli

318 4690 479 4759 hujus
508 4690 714 4759 paterni
740 4690 992 4754 nominis,
1020 4692 1234 4757 quando
1262 4689 1421 4745 Pater
1447 4692 1518 4746 sit
1545 4690 1747 4758 dictus,
1782 4705 1915 4746 con-

320 4797 610 4856 sequenter
648 4784 948 4840 OStenditur
977 4786 1099 4855 quia
1129 4800 1229 4840 nec
1279 4786 1489 4839 initium
1543 4786 1707 4856 geniti
1756 4800 1916 4853 repe-

323 4878 513 4932 rimus.
560 4877 917 4933 Obsecramus
981 4885 1039 4931 ut
1086 4877 1241 4931 detur
1301 4875 1457 4932 nobis
1517 4875 1653 4931 ratio
1705 4876 1919 4946 quando

321 4969 485 5025 Pater
514 4974 616 5025 hoc
644 4969 983 5041 vocabulum,
1015 4980 1072 5024 ut
1120 4968 1280 5024 Pater
1312 4968 1661 5036 vocitaretur,
1691 4970 1919 5025 sortitus

324 5076 411 5120 eSt
439 5081 453 5119 :
486 5065 531 5119 si
562 5063 615 5119 in
646 5072 910 5133 tempore,
940 5064 985 5118 si
1015 5073 1167 5118 extra
1197 5073 1429 5132 tempus,
1464 5063 1605 5117 dicat
1642 5063 1796 5117 nobis
1826 5062 1923 5117 ali-

327 5158 451 5227 quis
505 5156 726 5227 quando
773 5156 1017 5226 primitus
1044 5155 1273 5226 coaperit
1300 5155 1598 5224 appellari:
1635 5164 1689 5209 et
1733 5153 1777 5208 si
1825 5170 1921 5222 po-

329 5250 493 5305 tuerit
525 5249 628 5306 hoc
655 5249 977 5320 approbare,
1008 5249 1148 5303 nulla
1190 5248 1292 5303 erit
1319 5248 1564 5303 dubietas
1608 5263 1671 5302 ex
1700 5248 1791 5302 illo
1821 5247 1926 5302 ini-

332 5343 409 5398 tio
456 5346 666 5412 paterni
716 5344 950 5399 nominis
998 5343 1192 5398 Filium
1242 5342 1448 5397 initium
1496 5342 1767 5411 accepisse
1819 5357 1927 5410 quo

333 5444 485 5505 pater
513 5435 819 5491 nominatus
839 5444 939 5491 est.
970 5434 1037 5490 Et
1066 5435 1111 5489 si
1137 5433 1413 5499 defecerit,
1444 5434 1554 5488 imo
1579 5434 1700 5502 quia
1727 5432 1930 5499 deﬁcit,

335 5544 439 5587 nec
468 5533 664 5600 poterit
690 5531 1010 5601 approbare,
1041 5544 1139 5584 nec
1164 5530 1294 5585 dare
1323 5528 1533 5585 initium
1576 5529 1786 5599 paterni
1833 5544 1930 5583 no-

336 5622 521 5689 minis,
551 5624 763 5693 quando
797 5622 951 5678 Pater
988 5638 1108 5679 esse
1147 5624 1413 5692 coeperit:
1456 5624 1771 5692 proﬁteatur
1802 5638 1932 5693 ergo

342 5718 619 5773 nobiscum
650 5726 890 5773 sanctam
940 5717 1261 5774 Trinitatem
1314 5718 1726 5773 coessentialem
1776 5727 1935 5788 atque

343 5810 854 5869 consubstantialem
905 5825 1005 5869 nec
1046 5810 1259 5867 Patrem
1292 5818 1420 5867 ante
1461 5809 1679 5878 Filium,
1708 5824 1808 5865 nec
1852 5810 1937 5874 Fiv

2023 4604 2193 4656 factus
2236 4609 2336 4665 est,
2367 4609 2568 4653 etcum
2608 4597 2888 4654 invisibilis
2920 4599 2975 4653 in
3017 4599 3128 4653 suis
3176 4608 3350 4666 esset,
3385 4599 3609 4657 visibilis

2024 4694 2193 4748 iactus
2225 4703 2304 4747 est
2331 4693 2384 4745 in
2414 4692 2641 4757 nostris;
2671 4701 2725 4746 et
2752 4705 2874 4747 cum
2905 4690 3245 4759 itnpassibilis
3276 4692 3416 4748 Deus
3441 4704 3611 4763 esset,
3650 4678 3667 4720 ἶ

2023 4799 2130 4839 non
2161 4783 2480 4853 dedignatus
2509 4795 2593 4838 est
2630 4782 2896 4853 passibilis
2944 4783 3106 4839 homo
3144 4798 3285 4854 esse,
3314 4795 3369 4843 et
3394 4785 3618 4843 immor-
3646 4771 3657 4799 '

2026 4876 2167 4939 talis,
2200 4874 2385 4929 mortis
2433 4875 2636 4945 legibus
2683 4873 2984 4944 subiacere.
3018 4874 3196 4947 Ipsum
3226 4886 3402 4935 autem
3436 4877 3607 4936 Deum

2025 4980 2081 5027 et
2127 4970 2428 5035 Dominum,
2460 4968 2637 5038 quiin
2687 4967 3001 5026 Bethlehem
3050 4972 3345 5029 secundum
3392 4988 3613 5031 carnem

2027 5074 2182 5119 natus
2230 5073 2332 5130 est,
2371 5072 2427 5117 et
2473 5061 2663 5117 similis
2711 5063 2881 5117 factus
2920 5076 3003 5120 est
3059 5064 3365 5122 hominibus
3407 5066 3614 5137 absque

2028 5166 2270 5227 peccato,
2303 5164 2360 5209 et
2389 5154 2676 5210 cruciﬁxus
2702 5165 2787 5211 est
2815 5172 2913 5225 pro
2958 5158 3264 5214 hominibus
3291 5159 3390 5213 sub
3424 5156 3617 5215 Pontio

2031 5249 2220 5315 Pilato,
2254 5253 2428 5317 ipsum
2481 5249 2802 5303 conﬁtemur
2847 5248 3050 5317 Deum,
3086 5228 3273 5319 ipsum.
3312 5250 3619 5321 hominem,

2032 5342 2205 5408 ipsum
2240 5340 2435 5395 Filium
2468 5339 2589 5407 Dei,
2634 5341 2806 5410 ipsum
2838 5340 3011 5395 ﬁlium
3056 5339 3314 5407 hominis,
3358 5341 3531 5411 ipsum
3557 5342 3629 5401 de

2033 5434 2203 5500 cosio,
2252 5433 2425 5503 ipsum
2469 5432 2538 5487 de
2587 5443 2767 5489 terra:
2798 5435 2969 5502 ipsum
3004 5433 3406 5503 impassihilem,
3448 5434 3629 5504 ipsum

2036 5528 2365 5599 passibilem.
2399 5527 2565 5584 Deum
2607 5530 2750 5584 enim
2782 5543 2966 5599 verum
3007 5527 3172 5599 [Deus
3213 5529 3357 5584 enim
3404 5526 3628 5602 verus],

2038 5622 2125 5691 qui
2160 5632 2317 5675 natus
2346 5632 2522 5676 estex
2556 5620 2666 5674 Deo
2706 5620 2863 5674 Patre
2908 5619 3267 5686 ineﬁ‘abiliter,
3296 5620 3630 5677 inenarrabi-

2039 5716 2181 5782 liter,
2230 5712 2870 5784 incomprehensibiliter,
2914 5713 3030 5783 ipse
3074 5713 3133 5768 in
3180 5722 3421 5782 tempore
3472 5726 3631 5772 nam

2039 5816 2122 5863 est
2151 5808 2217 5871 de
2246 5815 2431 5863 sancta
2478 5804 2682 5874 virgine
2712 5802 2902 5871 Maria,
2932 5804 3075 5861 idem
3111 5803 3228 5875 ipse
3256 5802 3516 5861 Dominus
3541 5817 3635 5861 00-.

3532 5982 3702 6070 κί’
