4016 6354
494 352 623 409 1271

1484 348 1545 403 S.
1588 344 1849 399 AMANDI
1892 342 2402 399 TBAJECTENSIS
2446 340 2753 396 EPISCOPI

3631 336 3772 391 i272

485 487 664 532 seeos.
695 472 787 524 ivit
810 486 930 522 cum
961 471 1039 523 eis
1064 468 1130 522 ad
1162 481 1419 520 cacumen
1461 464 1681 524 montis,
1716 460 1804 513 uhi
1826 475 1952 515 eum
1979 472 2070 532 oc-
2104 465 2152 519 Α
2183 462 2473 516 serenitate
2521 471 2574 515 et
2628 461 2745 511 visu
2810 446 3028 521 recepto
3080 458 3145 509 ad
3213 458 3425 522 propria
3476 454 3772 514 redierunt.

482 544 664 598 cidere
694 540 1000 607 cupiebant,
1044 538 1144 593 nec
1186 540 1297 591 suis
1325 536 1484 607 sociis
1527 534 1627 587 hoc
1653 531 1931 589 revelavit.
1954 531 2077 598 quia

483 604 798 679 martyrium
847 609 1162 674 allectabat;
1215 607 1308 662 sed
1362 604 1537 659 subito
1582 613 1698 679 orta
1739 612 2077 679 tempestate=

489 672 682 752 pluvia
732 691 787 736 et
840 672 1230 752 grandinesita
1273 687 1508 752 montem
1558 676 1895 752 obtegi-erunt,
1934 672 2077 739 quod

483 744 699 821 maligni
748 744 1001 816 qni'enm
1056 750 1307 821 volebant
1348 747 1601 821 occidere
1648 744 1778 821 nihil
1813 744 2077 821 viderent.

484 813 642 881 Tunc
668 813 889 878 sanctus
930 820 1207 875 Amandus
1234 818 1417 873 tandiu
1446 818 1642 881 oravit,
1672 814 1843 869 donec
1874 813 2080 868 reddita

2185 532 2345 585 Multa
2401 533 2615 601 quidem
2661 540 2713 584 et
2759 530 2860 582 alia
2896 528 3153 601 miracula
3204 527 3330 582 fecit
3380 525 3520 581 Deus
3576 526 3775 601 meritis

2180 604 2351 659 sancti
2418 597 2646 657 Amandi
2712 616 2831 668 qua:
2895 598 2981 653 hic
3041 600 3237 661 scripta
3301 614 3409 652 non
3468 606 3613 651 sunt.
3685 597 3777 668 Hie

2181 690 2393 797 (ὖυυαμθ
2424 679 2613 742 plenus
2641 666 2845 727 dierum
2884 681 2935 725 et
2976 670 3228 740 operibus
3256 670 3411 725 bonis
3441 667 3687 738 migravit
3708 666 3772 721 ad

2227 760 2485 799 ominum.

488 967 3757 1013 ____________________.___——__——————-—-

1178 1100 1300 1222 S.
1401 1084 2118 1217 AMANDI
2217 1086 3037 1213 CHART/E.

1530 1360 1623 1423 [Ex
1648 1360 1955 1420 Brequigny,
1974 1352 2270 1416 Diplomata,
2290 1353 2504 1417 Charta,
2524 1352 2735 1417 Leges.)

481 1665 681 1723 Charta
755 1679 858 1732 qua
919 1670 1125 1716 sanctus
1189 1654 1456 1732 Amandus
1512 1650 1687 1732 villain
1756 1645 2076 1732 Barisiecum

553 1716 998 1793 Minimus
1046 1731 1200 1784 donat
1232 1768 1249 1794 ,
1302 1728 1369 1780 ad
1411 1722 1776 1777 monasterium
1816 1716 2082 1785 adiﬁcan-

559 1811 684 1865 dum
718 1820 743 1847 α
783 1808 929 1876 (amt.
955 1801 1095 1870 664),

562 1925 696 1979 Cum
747 1918 1092 1990 praesentium
1142 1929 1316 1970 rerum
1367 1923 1537 1967 status
1582 1910 1742 1965 celeri
1799 1919 1957 1960 cursu
1988 1918 2083 1956 Ilo-

492 2017 662 2071 scitur
691 2012 853 2069 dilabi
883 2011 946 2065 ad
977 2008 1182 2064 ruinam
1214 2018 1479 2068 eternam,
1527 2000 1685 2055 modo
1709 1995 1907 2053 eternis
1938 2007 2083 2047 com-

484 2106 723 2176 perimus
742 2104 956 2161 sedibus
982 2113 1296 2171 permanere
1314 2111 1417 2166 que
1445 2094 1499 2148 in
1527 2090 1774 2146 alimonia
1805 2101 2082 2143 servorum

487 2198 587 2253 Dei
615 2198 701 2255 vel
730 2195 1130 2268 peregrinorum
1187 2188 1535 2249 conferimus,
1582 2185 1827 2238 hortante
1870 2194 1967 2234 nos
2022 2193 2084 2233 ac

487 2299 743 2346 monente
788 2286 1051 2356 scriptura
1115 2283 1329 2346 divina,
1384 2279 1641 2333 dicente:
1699 2274 1880 2327 Facite
1934 2270 2083 2324 vobis

485 2380 690 2435 amicos
714 2380 782 2435 de
809 2392 1109 2431 mammona
1137 2371 1447 2441 iniquitatis,
1478 2370 1567 2437 qui
1595 2382 1687 2422 vos
1730 2365 1988 2434 recipiant
2028 2362 2081 2415 in

489 2485 675 2531 eterna
707 2469 1081 2536 tabernacula;
1120 2478 1176 2522 et
1201 2466 1361 2521 alibi:
1412 2462 1665 2518 .lubemur
1695 2459 1930 2515 condere
1963 2457 2082 2511 the—

484 2580 678 2622 sauros
729 2563 782 2618 in
814 2563 931 2618 celo
960 2560 1050 2617 ubi
1083 2560 1164 2615 fur
1198 2573 1304 2614 non
1360 2556 1657 2625 appropiat.
1708 2551 1938 2607 Proinde
1983 2563 2083 2619 ego

489 2656 766 2712 Amandus
795 2654 1127 2710 miserrimus
1150 2661 1204 2706 et
1226 2658 1497 2717 peccator,
1521 2660 1619 2717 pro
1645 2642 1880 2699 remedio
1906 2643 2084 2696 anime

487 2747 721 2807 meavel
739 2744 1090 2822 retributione
1120 2743 1225 2797 vite
1249 2751 1452 2806 eterne,
1492 2754 1553 2794 ea
1585 2752 1687 2805 que
1727 2735 1886 2790 michi
1910 2749 1939 2789 a
1972 2733 2083 2791 Deo

489 2840 577 2897 vel
617 2855 683 2896 ex
724 2838 1083 2894 muniﬁcentia
1132 2849 1317 2905 regum
1362 2832 1543 2888 domui
1587 2827 1873 2885 Childerici
1920 2828 2078 2895 regis,

486 2947 591 2989 nec
646 2946 753 2987 non
803 2941 858 2985 et
901 2928 1138 2999 precelse
1168 2926 1364 2981 domne
1391 2920 1753 2979 Chinechildis
1779 2920 1961 2988 regine
1990 2933 2085 2987 per

486 3040 676 3083 eorum
718 3028 1118 3096 preceptionem
1162 3018 1314 3074 nobis
1360 3016 1577 3070 fuerunt
1613 3013 1826 3080 collata,
1873 3012 1972 3064 hoc
2001 3018 2085 3065 est

488 3117 675 3173 villam
727 3121 1083 3182 nuncupatam
1134 3110 1421 3171 liarisiaco,
1473 3124 1523 3161 in
1571 3121 1705 3175 pago
1745 3102 2083 3160 Laudunensi

483 3210 667 3275 sitam,
703 3207 789 3263 ubi
815 3205 1099 3263 ceuobium
1130 3203 1181 3257 in
1215 3202 1332 3257 loco
1358 3202 1733 3268 cognominato
1768 3197 2079 3264 Faverolas,

482 3308 545 3365 in
590 3307 795 3361 honore
839 3301 1009 3356 sancti
1057 3299 1197 3354 Petri
1235 3306 1288 3353 et
1336 3295 1483 3351 Pauli
1536 3292 1782 3363 apostoli,
1825 3292 1910 3346 vel
1954 3291 2081 3345 reli-

484 3410 716 3467 quorum
768 3394 1087 3449 damnorum
1137 3368 1443 3444 sanctorum
1493 3385 1593 3440 sub
1636 3382 1823 3453 regula
1852 3380 1881 3419 b
1910 3380 2085 3434 damni

490 3485 759 3543 Benedicti
807 3500 897 3539 seu
947 3480 1129 3537 domni
1184 3475 1499 3533 Columbani
1528 3482 1840 3528 construere
1868 3470 2084 3525 inchoa-

489 3580 669 3634 vimus
700 3619 717 3645 ,
762 3576 851 3630 ubi
897 3574 1069 3630 virum
1119 3570 1483 3627 venerabilem
1529 3567 1793 3622 Andream
1837 3565 2081 3619 abbatem

486 3668 827 3739 proﬁcimus;
886 3673 941 3721 et
978 3665 1094 3735 ipso
1121 3665 1235 3717 loco
1260 3662 1341 3716 vel
1374 3661 1492 3715 villa
1538 3660 1780 3728 superius
1810 3657 2080 3712 nominata

485 3761 761 3819 Barisiaco
804 3775 924 3815 cum
967 3759 1111 3813 omni
1139 3755 1438 3827 integritate
1488 3754 1568 3806 vel
1596 3750 1893 3821 adjacentia
1925 3749 1989 3804 ad
2021 3764 2083 3805 se

483 3853 809 3925 pertinentia
865 3851 1110 3907 dedimus
1160 3850 1225 3903 ad
1278 3846 1667 3910 ediﬁcandum;
1723 3860 1819 3900 nec
1873 3859 1977 3897 non
2026 3850 2082 3898 et

481 3948 675 4003 locella
707 3955 1007 4014 nuncupata
1058 3953 1080 3981 ε
1132 3942 1184 3997 in
1210 3942 1512 3997 Cinciniaco
1552 3955 1707 4008 quem
1751 3938 1833 3991 vir
1860 3937 2084 3992 illustris

485 4036 808 4093 Fulcoaldus
837 4035 942 4089 dux
974 4048 1067 4103 per
1090 4048 1241 4087 suam
1266 4031 1564 4103 epistolam,
1588 4045 1707 4085 cum
1731 4027 1852 4098 jure
1876 4036 1930 4082 et
1951 4026 2081 4083 soli-

487 4131 654 4186 ditate
682 4143 779 4184 sua
810 4128 965 4182 nobis
988 4141 1085 4193 pro
1118 4125 1296 4178 anime
1316 4139 1411 4177 sue
1438 4121 1674 4177 remedio
1704 4118 1947 4185 contulit,
1986 4134 2081 4173 seu

482 4236 541 4283 et
562 4241 804 4281 mansum
835 4222 926 4292 qui
958 4230 1038 4277 eat
1065 4218 1200 4273 infra
1225 4232 1405 4273 muros
1431 4215 1657 4270 civitatis
1686 4214 2078 4279 Laudunensis,

484 4332 643 4389 quem
694 4316 777 4371 vir
820 4311 1141 4370 venerabilis
1192 4308 1449 4363 Gonlinus
1477 4305 1881 4361 archidiaconus
1924 4304 2077 4361 nobis

485 4422 585 4477 per
611 4406 869 4462 cartulam
912 4401 1217 4458 donationis
1246 4399 1484 4455 noscitur
1512 4396 1823 4465 delegasse;
1847 4410 1944 4451 nec
1970 4411 2077 4452 non

486 4507 545 4555 et
581 4497 791 4555 vineam
839 4496 893 4551 in
920 4495 1027 4550 ﬁne
1056 4492 1446 4561 Crispiacense,
1470 4504 1590 4544 cum
1612 4487 1845 4543 vinitore
1867 4487 2081 4543 nomine

484 4589 837 4655 Wulberone,
856 4586 1011 4643 nobis
1032 4586 1118 4641 vir
1143 4584 1365 4640 illustris
1386 4578 1793 4635 Chedenoaldus
1814 4577 2080 4647 quondam

488 4681 657 4748 dedit,
679 4697 776 4737 seu
795 4690 850 4735 et
876 4687 1075 4736 terram
1116 4692 1273 4746 quam
1307 4672 1607 4729 antedictus
1651 4669 2078 4734 Chedeuoaldus,

487 4792 591 4834 nec
642 4791 750 4832 non
796 4784 851 4831 et
895 4774 1121 4830 illustris
1152 4773 1232 4826 vir
1256 4771 1560 4824 Vulsmarus
1593 4780 1755 4834 super
1779 4763 1940 4819 ﬂuvio
1960 4764 2083 4819 Ses-

491 4868 716 4933 mereia,
755 4866 821 4922 ad
847 4866 1228 4921 monasterium
1257 4861 1612 4918 edilieandum
1656 4857 1957 4927 inprimitus
1994 4854 2088 4911 de-

488 4962 682 5020 derunt
706 4979 719 5015 :
750 4958 854 5015 hec
880 4958 1057 5014 omnia
1086 4956 1332 5025 superius
1373 4952 1644 5009 nominata
1668 4964 1699 5003 a
1725 4948 1809 5003 die
1840 4956 2089 5018 presente

560 5090 587 5117 α
612 5074 833 5131 Edimus
860 5088 925 5128 ex
972 5061 1856 5141 apographoinichartophylacip
1904 5070 2091 5141 nostro

488 5146 751 5216 reposito,
797 5130 1248 5216 exscriptovan'no
1293 5136 1432 5216 1775
1483 5130 2091 5216 a.dom'no.Queinsert

486 5202 916 5288 congregationis
943 5202 1121 5288 Sancti
1155 5212 1341 5288 Mauri,
1390 5224 1456 5263 ex
1497 5202 1955 5288 chartularionxni
1985 5217 2089 5284 sa:-

493 5273 620 5356 culi,
654 5273 715 5342 ui
737 5286 957 5340 archivo
990 5284 1310 5356 Elitonensis
1327 5274 1796 5356 monasteriiJam
1826 5273 2087 5356 quintius,

490 5344 684 5416 Ann'al.
720 5368 760 5413 t.
785 5356 875 5423 IV,
907 5371 1025 5426 pag.
1060 5353 1187 5421 865,
1212 5349 1656 5426 et‘Mabillonius,
1698 5347 1818 5426 A_ct.
1843 5344 1941 5401 SS.
1965 5344 2087 5426 ord.

788 5414 921 5483 sec:
962 5414 1034 5489 ιῖ,
1065 5414 1186 5496 pag.
1232 5422 1393 5496 104b,
1437 5419 1675 5496 chartam
1723 5414 2089 5496 bapcyulga-

492 5486 720 5565 verant,
778 5514 846 5555 ex
910 5486 1234 5564 eodemfut
1296 5492 1549 5557 videtur,
1606 5486 1930 5543 chartulario
1986 5486 2083 5541 de-

493 5584 820 5642 promptam.

563 5642 592 5680 ιι
648 5629 831 5696 italico
878 5640 1190 5695 charactere
1232 5635 1431 5705 scripta
1481 5629 2035 5705 expungit_Qointius
2066 5669 2084 5705 ε

494 5714 645 5781 quasi
677 5712 843 5767 textui
883 5712 1106 5775 inserta,
1149 5723 1273 5763 cum
1317 5698 1565 5781 regulam
1601 5699 1770 5781 saneti
1816 5698 2087 5781 Benedicti

496 5768 605 5838 non
676 5781 975 5851 impositam
1033 5768 1198 5837 fuisse
1257 5768 1450 5835 ascetis
1510 5770 1965 5831 Barisiacensibus
2020 5768 2089 5826 ah

498 5852 746 5921 Amantio
775 5851 1062 5927 contendat

2120 1531 2162 1589 Β
2192 1528 2359 1596 ipsius
2408 1528 2618 1584 abbatis
2645 1544 2739 1585 sua
2767 1530 2968 1584 ditiune
3014 1528 3210 1585 ibidem
3250 1528 3581 1586 consistente
3625 1532 3781 1587 tradi-

2187 1624 2363 1677 dimus
2418 1634 2579 1691 atque
2626 1622 3024 1688 transfudimus,
3079 1624 3149 1676 ita
3188 1632 3245 1677 ut
3268 1624 3343 1679 ab.
3364 1623 3463 1677 hac
3490 1624 3580 1679 die
3611 1626 3778 1694 ipsum

2188 1716 2569 1770 monasterium
2590 1716 2671 1770 vel
2693 1716 2873 1771 villam
2899 1731 3040 1781 swpe
3070 1717 3393 1769 nominatam
3421 1717 3772 1777 Barisiacum.

2186 1822 2315 1863 cum
2374 1809 2679 1878 integritate
2732 1809 2817 1862 vel
2866 1806 3182 1877 adjacentiis
3206 1808 3339 1872 suis,
3372 1823 3468 1862 seu
3496 1818 3552 1863 et
3582 1809 3784 1864 locellis

2189 1904 2437 1971 superius
2478 1904 2814 1973 conscriptis,
2848 1918 2968 1957 cum
3018 1903 3164 1956 omni
3193 1900 3459 1957 soliditate
3487 1919 3701 1969 eorum,
3732 1918 3786 1959 ut

2188 1995 2434 2064 superius
2466 1996 2725 2064 diximus,
2772 1995 2825 2051 id
2878 2006 2979 2060 est,
3031 1996 3299 2060 domibus,
3338 1995 3585 2059 editiciis,
3620 2000 3787 2052 curti-

2187 2090 2340 2153 feris,
2392 2089 2613 2158 accolis,
2643 2092 2866 2159 campis,
2897 2089 3088 2155 vineis,
3124 2091 3308 2157 pratis,
3342 2092 3570 2156 pascuis,
3610 2095 3783 2160 aquis,

2188 2197 2445 2249 aquarum
2480 2181 2815 2249 decursibus,
2874 2182 2955 2235 vel
2990 2182 3206 2251 reliquis
3232 2183 3657 2252 quibuscumque
3688 2185 3782 2239 be-

2189 2277 2413 2340 neliciis,
2449 2276 2663 2341 habeat,
2698 2286 2896 2339 teneat,
2932 2275 3220 2345 possideat,
3255 2278 3473 2346 suisque
3502 2292 3784 2331 successo-

2188 2368 2354 2432 ribus,
2387 2368 2678 2422 auxiliante
2697 2366 2945 2433 Domino,
2976 2369 3026 2421 in
3060 2378 3373 2437 perpetuum
3399 2367 3786 2435 possidendum

2190 2460 2558 2527 derelinquat.
2626 2458 2685 2515 Si
2746 2457 2864 2527 quis
2920 2474 3049 2511 vero
3118 2459 3198 2511 vel
3258 2456 3492 2527 quelibet
3542 2459 3785 2525 opposita

2188 2568 2437 2621 persona,
2469 2551 2608 2617 quod
2660 2550 2775 2605 fieri
2818 2564 2923 2604 non
2953 2550 3241 2611 credimus,
3274 2559 3458 2603 contra
3496 2550 3637 2602 hanc
3666 2563 3785 2602 care

2188 2646 2352 2700 tulam
2399 2643 2819 2707 deliberationis,
2862 2656 3017 2709 quam
3061 2654 3161 2709 ego
3191 2650 3482 2710 spontanee
3506 2642 3787 2693 voluntate

2187 2754 2309 2795 mea
2365 2736 2477 2792 fieri
2533 2736 2737 2806 rogavi,
2768 2736 3061 2802 irrumpere
3090 2745 3179 2787 aut
3224 2742 3482 2801 temptare
3528 2731 3784 2797 voluerit,

2190 2831 2493 2900 inprimitus
2521 2828 2650 2881 iram
2680 2825 2968 2880 divinitatis
3023 2825 3280 2887 incurrat,
3320 2835 3372 2877 et
3416 2824 3485 2877 ab
3534 2823 3788 2877 omnibus

2194 2921 2463 2978 liminibus
2507 2927 2813 2973 sanctorum
2853 2913 3347 2970 excommunicatus
3403 2922 3675 2983 appareat,
3727 2921 3789 2966 et

2188 3015 2411 3082 insuper
2442 3011 2636 3066 inferat
2676 3009 2828 3065 vobis
2854 3024 2975 3062 cum
3003 3007 3149 3061 socio
3180 3008 3310 3061 iisco
3355 3005 3471 3059 auri
3520 3006 3683 3059 libras
3723 3018 3786 3067 ι,

2186 3104 2393 3173 argenti
2422 3103 2656 3174 pondera
2691 3117 2791 3166 xx,
2828 3109 2879 3153 ct
2919 3107 3134 3153 coactus
3178 3098 3420 3161 exolvat,
3463 3104 3519 3149 et
3560 3094 3789 3148 nichilo-

2185 3199 2362 3253 minus
2392 3211 2616 3267 presens
2645 3194 2847 3251 cartula
2895 3191 3293 3246 deliberationis
3350 3192 3494 3244 omni
3544 3200 3793 3256 tempore

2187 3293 2341 3347 ﬁrma
2376 3297 2721 3358 permaneat;
2754 3297 2830 3354 et,
2874 3294 2933 3339 ut
2961 3285 3101 3339 circa
3133 3298 3230 3337 vos
3257 3283 3457 3337 cartula
3490 3281 3790 3334 ﬁrmiorem

2186 3386 2452 3455 optineret
2528 3384 2815 3453 vigorem,
2882 3393 3069 3433 manus
3135 3388 3314 3432 uostre
3388 3373 3793 3443 subscriptione

2186 3481 2369 3535 subter
2397 3494 2513 3533 eam
2557 3474 2987 3543 subscripsimus.
3039 3472 3228 3525 Actum
3255 3468 3511 3524 Lauduno
3536 3465 3788 3529 civitate,

2194 3589 2320 3627 xvm
2351 3570 2467 3625 Kal.
2500 3567 2852 3636 Septembris,
2908 3564 2933 3604 ά
2990 3578 3129 3617 anno
3159 3578 3188 3612 v
3222 3560 3369 3628 regni
3398 3560 3581 3614 domni
3611 3558 3790 3612 no~tri

2187 3660 2560 3734 gloriosissimi
2586 3658 2876 3716 Childerici
2907 3657 3067 3726 regis.
3118 3656 3175 3710 In
3204 3654 3402 3709 Christi
3436 3653 3656 3707 nomine
3682 3666 3794 3719 ego

2186 3755 2519 3810 Radebertus
2550 3753 2823 3821 dyaconus
2850 3763 2967 3804 mea
2998 3762 3158 3801 manu
3193 3747 3333 3799 hanc
3352 3744 3650 3799 chartulam
3688 3744 3795 3796 de-

2189 3845 2560 3909 liberationis,
2627 3852 2845 3912 rogante
2903 3840 3100 3895 domno
3142 3837 3423 3900 Amando,
3483 3836 3675 3903 scripsi
3731 3842 3799 3890 et

2187 3935 2498 4004 subscripsi.
2550 3933 2736 3987 Notavi
2786 3931 2925 3985 diem
2981 3942 3033 3983 et
3071 3938 3334 3998 tempora.
3365 3928 3475 3997 Ego
3506 3928 3797 3982 Amandus

2187 4036 2438 4096 peccator
2468 4025 2602 4078 hanc
2632 4020 2909 4091 epistolam
2949 4034 2979 4073 a
3024 4033 3112 4073 me
3141 4017 3334 4073 factam
3382 4017 3701 4083 subscripsi,
3732 4026 3799 4071 et

2187 4136 2283 4175 eos
2315 4119 2403 4188 qui
2454 4116 2795 4172 subscribant
2822 4128 2970 4183 rogo.
3018 4112 3076 4167 In
3105 4110 3304 4167 Christi
3336 4111 3548 4165 nomine
3576 4110 3793 4177 Attola,

2188 4231 2250 4270 ac
2298 4216 2340 4269 si
2393 4221 2636 4281 peccator
2680 4211 2962 4277 episcopus
2992 4249 3006 4274 ,
3058 4207 3367 4273 subscripsi.
3429 4205 3538 4272 Ego
3580 4203 3797 4259 Paulus

2187 4307 2465 4377 presbyter
2511 4302 2819 4368 subscripsi.
2883 4303 2906 4331 ⁸
2951 4299 3060 4367 Ego
3108 4296 3268 4351 Willo
3317 4296 3593 4366 presbyter
3654 4295 3781 4349 sub-

2184 4399 2397 4470 scripsi.
2486 4397 2769 4453 Bertuinus
2839 4392 3153 4461 subscripsi.
3220 4389 3437 4443 Vallnus
3501 4388 3794 4458 dyaconus

2186 4490 2507 4562 subscripsi.
2540 4486 2874 4543 Althecarius
2896 4484 3177 4554 presbyter
3202 4480 3512 4548 subscripsi.
3548 4477 3568 4517 ί
3602 4478 3798 4535 Οἰδιες

2189 4584 2392 4639 bardus
2440 4577 2750 4646 subscripsi.
2798 4573 3027 4630 Ymnius
3078 4571 3392 4640 subscripsi.
3459 4569 3799 4627 Grinbertus

2186 4673 2504 4745 subscripsi.
2547 4668 2894 4731 Gleobaldus,
2940 4665 3081 4734 quod
3139 4678 3300 4719 manu
3336 4661 3518 4718 domni
3548 4662 3797 4718 Amandi

2193 4768 2556 4835 conscriptum
2583 4762 2713 4826 vidi,
2744 4757 3055 4829 subscripsi.
3120 4754 3267 4811 Dado
3295 4754 3611 4823 subscripsi.
3640 4756 3801 4809 Iar-

2194 4862 2341 4917 tinus
2369 4859 2637 4929 dyaconus
2661 4851 2991 4921 subscripsig

2267 5045 2290 5073 °
2324 5041 2389 5096 In
2412 5037 2726 5100 Cinciniaco,
2761 5034 2813 5088 id
2840 5041 2943 5099 est,
2975 5032 3027 5086 in
3052 5030 3328 5085 territorio
3356 5031 3458 5085 loci
3486 5030 3552 5084 de
3578 5029 3801 5099 Cieeri,

2195 5115 2299 5185 qui
2336 5125 2521 5185 parum
2567 5123 2598 5185 ξι
2624 5104 2918 5185 _Barisiaco
2955 5102 3133 5157 distat.
3192 5100 3328 5156 Male
3367 5102 3422 5156 in
3471 5101 3633 5156 editis
3675 5119 3805 5160 uno

2195 5179 2360 5241 verbo
2380 5179 2752 5235 Jucincim’aco.

2266 5253 2291 5293 d
2321 5252 2505 5306 Annus
2538 5264 2567 5303 v
2600 5248 2747 5316 regni
2775 5244 3057 5316 Childerici
3083 5240 3125 5297 ll
3150 5242 3443 5316 concordat
3483 5259 3604 5316 cum
3643 5260 3807 5301 anno

2192 5325 2391 5381 Christi
2424 5319 2529 5376 664
2556 5313 2802 5373 εαιῖἰϐὅ.
2846 5315 2961 5370 Vox
3011 5322 3187 5369 autem
3216 5313 3493 5369 Childert'ci
3539 5315 3694 5370 deest
3738 5320 3806 5373 in

2191 5397 2349 5453 editis
2380 5408 2410 5446 a
2434 5390 2643 5447 Cointio
2671 5399 2723 5443 et
2761 5386 3082 5441 Mabillonio.

2224 5465 2492 5593 df’t'Voces
2540 5460 2651 5531 Ego
2699 5457 2862 5514 Willo
2900 5457 3159 5528 presbyter
3198 5457 3477 5526 subscripsi
3503 5458 3703 5513 desunt
3740 5460 3807 5515 in

2264 5550 2275 5585 ι
2307 5552 2369 5591 is.

2191 5540 2369 5593 editis.

2266 5605 2287 5644 τ
2349 5606 2515 5659 Voces
2556 5602 2889 5659 Gisia/tardus
2935 5599 3244 5666 subscripsi,
3283 5600 3481 5667 pariter
3527 5600 3577 5653 in
3625 5599 3809 5657 editis

2192 5678 2428 5735 omissae.
2455 5677 2627 5734 Varia:
2647 5672 2985 5741 lectiones,si
3006 5686 3126 5741 quae
3151 5670 3290 5738 alite,
3314 5669 3508 5728 nullius
3523 5674 3807 5729 momenti

2192 5752 2322 5808 visae
2350 5757 2493 5806 sunt.
