4016 6354
291 317 428 375 H73

1056 427 1124 484 ll.

290 544 570 601 Codiciiltts
616 544 784 598 sancti
818 544 1062 604 Amandi,
1092 544 1154 594 de
1182 544 1441 612 sepultura
1481 544 1560 596 sui
1590 546 1819 613 corporis
1842 555 1867 582 ιι

914 615 1225 685 (ann.b‘75).

362 710 419 765 in
469 709 687 763 nomine
744 708 955 762 Domini
1012 709 1139 763 Jesu
1184 708 1405 778 Christi,
1455 726 1554 780 ego
1596 709 1870 764 Amandus

294 802 631 861 miserrimus
676 811 732 856 et
756 812 1024 871 peccator.
1076 802 1359 857 Credimus
1398 804 1592 869 ubique
1638 801 1871 855 divinam

293 912 394 952 nos
424 896 680 965 pietatem
710 911 897 965 regere
925 906 976 950 et
996 895 1292 951 clementer
1320 898 1527 950 salvare
1559 896 1717 961 velle,
1749 898 1871 963 quia

290 1000 347 1047 et
369 990 671 1061 ingressum
695 1000 936 1045 nostrum
970 990 1021 1044 in
1046 991 1297 1044 mundum
1328 1001 1381 1045 et
1402 989 1600 1044 exitum
1628 991 1693 1043 de
1724 1005 1875 1041 mun—

290 1083 361 1138 do
391 1092 516 1139 ante
542 1084 740 1139 sarcula
771 1083 885 1150 ipse
915 1082 1464 1149 prmnoscit.Proinde
1491 1081 1739 1135 omnibus
1766 1095 1875 1134 non

293 1176 519 1230 habetur
561 1174 888 1243 incognitum
932 1172 1161 1243 qualiter
1191 1190 1310 1237 nos,
1355 1174 1508 1241 longe
1541 1173 1751 1240 lateque
1785 1187 1878 1239 per

291 1267 572 1321 universas
620 1267 925 1335 provincias
971 1282 1065 1321 seu
1098 1276 1307 1334 gentes,
1367 1276 1583 1336 propter
1637 1278 1873 1318 amorem

290 1358 491 1414 Christi
513 1374 608 1414 seu
634 1359 856 1413 verbum
908 1357 1003 1414 Dei
1057 1359 1398 1425 annuntiare,
1431 1357 1513 1413 vel
1555 1358 1874 1423 baptismum

290 1454 528 1518 tradere,
552 1453 851 1507 discursum
884 1453 1195 1517 habuimus;
1230 1461 1284 1507 et
1312 1468 1409 1506 nos
1438 1452 1504 1505 de
1528 1452 1710 1506 multis
1733 1450 1878 1518 peri-

289 1545 427 1600 culis
458 1547 627 1613 pietas
658 1544 749 1599 Dei
795 1544 1011 1612 eripuit.
1039 1553 1092 1598 et
1132 1558 1297 1614 usque
1329 1556 1571 1611 tempore
1602 1546 1715 1611 ipso
1751 1556 1875 1610 per-

291 1638 495 1693 ducere
523 1638 772 1708 dignatus
801 1648 902 1692 est.
936 1638 1041 1693 Sed
1098 1639 1220 1691 dum
1258 1637 1368 1707 jam
1399 1652 1625 1706 corpore
1655 1636 1798 1690 fesso
1828 1645 1880 1689 et

294 1730 480 1785 multis
505 1729 779 1785 laboribus
813 1730 1051 1797 fatigato,
1098 1731 1207 1800 jam
1260 1731 1314 1783 in
1344 1745 1549 1785 summa
1605 1738 1879 1784 senectute

1535 314 1745 369 anNt
1791 314 1925 369 nuo
1964 314 2262 383 ANTIQUI.

1894 434 2100 491 Avero
2151 427 2539 495 contradicere,
2587 438 2676 482 aut
2727 429 2794 483 de
2840 430 2956 499 ipso
2983 433 3309 490 monasterio
3351 449 3549 503 corpus

1975 537 2154 577 meum
2204 537 2300 590 per
2329 521 2482 575 fortia
2537 521 2869 586 abstrahere,
2899 528 2990 577 aut
3020 526 3301 580 temerario
3354 529 3542 597 spiritu

1974 616 2341 672 contradicere
2367 615 2617 679 voluerit,
2672 615 2992 683 imprimitus
3039 627 3235 672 sancta:
3269 617 3547 679 Trinitatis

3405 314 3546 371 1274

1978 712 2212 767 incurrat
2238 709 2518 775 offensam,
2565 718 2619 764 et
2660 709 2729 764 ab
2758 711 3005 765 omnibus
3034 711 3287 767 Ecclesiis
3323 717 3546 772 catholi-

1978 803 2056 859 cis
2069 803 2556 858 excommunicatus
2569 814 2840 872 appareat,
2855 812 2909 857 et
2922 820 2952 859 a
2968 805 3223 861 societate
3244 818 3546 863 sanctorum

1979 906 2267 951 extraneus
2303 897 2584 961 efficiatur,
2613 904 2668 950 et
2719 897 3114 952 damnationem
3146 914 3303 967 quam
3346 898 3553 956 Datban

1983 994 2037 1040 et
2070 988 2273 1040 Abiron
2304 989 2698 1050 sustinuerunt,
2726 1004 2861 1058 quos
2894 990 3128 1044 infernus
3182 990 3330 1045 vivos
3372 992 3555 1045 absor-

1981 1080 2092 1134 buit
2121 1080 2234 1147 ipse
2258 1080 2543 1145 sustineat,
2567 1088 2622 1135 et
2648 1082 2716 1134 sit
2747 1081 3031 1135 anathema
3057 1082 3387 1148 maranatha,
3415 1085 3556 1153 quod

1981 1184 2061 1226 est
2086 1168 2333 1240 perditio,
2366 1172 2419 1224 in
2446 1171 2675 1226 adventu
2707 1172 2917 1227 Domini
2943 1176 3113 1229 nostri
3161 1174 3288 1230 Jesu
3318 1173 3515 1230 Christi
3541 1191 3557 1241 ;

1980 1270 2036 1318 et
2088 1276 2186 1317 nec
2238 1262 2317 1317 sic
2370 1271 2612 1318 nostram
2680 1265 3013 1320 voluntatem
3083 1278 3292 1323 mutare
3347 1269 3561 1337 valeat,

1982 1356 2075 1408 sed
2133 1352 2249 1408 haec
2313 1353 2628 1409 deliberatio
2674 1366 2853 1410 nostra
2900 1357 2953 1411 in
2996 1370 3252 1428 perpetuo
3303 1360 3455 1416 ﬁrma
3509 1373 3565 1418 et

1982 1447 2234 1503 inviolata
2282 1460 2731 1518 permaneat;et,
2785 1463 2845 1507 ut
2891 1454 3088 1508 certius
3115 1456 3367 1522 credatis,
3401 1474 3559 1513 manu

1987 1541 2200 1607 propria
2251 1541 2542 1610 subscripsi
2572 1551 2628 1597 et
2649 1543 2898 1599 omnibus
2925 1545 3229 1601 hominibus
3278 1530 3446 1602 Deum
3497 1549 3563 1604 ti-

1986 1638 2253 1693 mentibus
2281 1651 2340 1693 ut
2394 1638 2727 1693 subscribant
2777 1641 3134 1709 supplicamus
3189 1653 3242 1697 et
3288 1657 3561 1711 rogamus.

1985 1733 2155 1799 Quam
2181 1734 2461 1802 epistolam
2516 1732 2660 1786 fratri
2711 1743 2893 1788 nostro
2923 1734 3299 1789 Baudemundo
3339 1736 3558 1805 presby-

290 1836 433 1892 pene
480 1836 707 1891 corpore
750 1834 1072 1889 praemortuo
1112 1822 1310 1877 exitum
1342 1822 1408 1876 de
1438 1822 1538 1875 hoc
1598 1822 1797 1876 mundo
1826 1823 1876 1874 in

1989 1837 2102 1882 tero
2134 1828 2246 1882 fieri
2270 1828 2592 1897 rogavimus.
2624 1826 2780 1881 Facta
2806 1828 3026 1896 epistola
3050 1830 3100 1883 in
3127 1829 3450 1883 monasterio
3475 1830 3559 1883 El-

296 1916 545 1984 proximo
570 1915 769 1970 habere
815 1930 1113 1984 speramus,
1140 1926 1193 1968 et
1215 1918 1335 1983 quia
1361 1930 1460 1969 nos
1478 1913 1623 1968 Deus
1650 1914 1699 1967 in
1724 1914 1880 1968 istum

295 2008 551 2064 locellum
583 2010 671 2078 qui
695 2018 915 2063 vocatur
940 2010 1157 2063 Elnonis
1188 2011 1480 2078 perducere
1504 2008 1750 2076 dignatus
1779 2016 1883 2071 est,

297 2116 459 2170 quem
491 2116 652 2170 super
696 2101 938 2170 largitate
974 2104 1116 2169 regia
1164 2101 1383 2170 proprio
1415 2100 1600 2154 labore
1630 2100 1728 2153 visi
1782 2098 1884 2153 fui-

297 2211 420 2249 mus
448 2196 846 2259 construxisse;
893 2196 938 2249 si
995 2210 1091 2247 nos
1142 2195 1212 2248 ibi
1245 2194 1382 2249 Deus
1435 2193 1499 2247 de
1532 2192 1634 2248 hoc
1689 2192 1887 2245 mundo

296 2287 599 2341 decreverit
619 2288 903 2354 emigrare,
939 2294 1084 2355 peto,
1110 2294 1163 2339 et
1191 2300 1370 2339 coram
1403 2284 1619 2337 Christo
1637 2283 1765 2338 Jesu
1800 2282 1887 2336 Fi-

303 2380 375 2433 lio
400 2379 516 2445 Dei,
544 2379 829 2448 conjurare
859 2393 1126 2448 praesumo
1160 2386 1215 2430 ut
1246 2377 1376 2431 nulli
1406 2375 1776 2443 episcoporum
1806 2376 1887 2429 vel

305 2474 583 2540 abbatum,
608 2488 703 2527 seu
740 2470 1077 2526 saecularium
1128 2470 1389 2533 virorum,
1421 2478 1512 2521 aut
1557 2466 1889 2535 quibuslibet

305 2565 668 2637 potestatibus
731 2564 833 2618 hoc
877 2563 1208 2619 contrarium
1263 2560 1353 2626 sit,
1411 2569 1469 2613 ut
1515 2559 1887 2627 corpusculum

311 2672 494 2711 meum
546 2657 599 2711 in
657 2656 775 2726 ipso
824 2654 1147 2710 monasterio
1191 2652 1333 2721 quod
1376 2651 1617 2720 superius
1659 2650 1889 2703 diximus

299 2752 329 2793 b
357 2749 580 2815 Elnone,
599 2748 737 2802 inter
753 2748 871 2802 illos
897 2748 1086 2801 fratres
1116 2746 1434 2814 requiescat,
1461 2742 1546 2795 ubi
1571 2742 1679 2811 jam
1710 2757 1805 2796 nos
1820 2740 1887 2795 ad

301 2841 449 2910 ipsos
495 2838 691 2895 fratres
718 2849 772 2894 et
808 2855 1033 2908 corpore
1059 2849 1111 2891 et
1139 2838 1316 2891 anima
1365 2834 1887 2898 cotmneudavimus;

300 2943 357 2989 et
383 2933 429 2987 si
480 2934 694 2999 itinere,
741 2942 833 2987 aut
874 2931 1055 2986 ubiubi
1100 2930 1222 2984 finis
1245 2939 1423 2983 noster
1452 2928 1791 2996 provenerit,
1821 2927 1889 2981 ad

301 3028 480 3099 ipsum
506 3029 680 3083 locum
711 3044 871 3097 quem
926 3026 1172 3095 superius
1223 3025 1639 3078 memoravimus
1694 3018 1889 3092 corpu;

301 3122 512 3176 sculum
544 3129 782 3174 nostrum
837 3119 1102 3173 licentiam
1139 3116 1370 3171 habeant
1400 3116 1590 3171 fratres
1640 3115 1723 3169 vel
1753 3115 1885 3169 abba

303 3215 371 3268 de
398 3215 517 3283 ipso
550 3214 880 3268 monasterio
910 3213 1113 3266 Liuoue
1143 3210 1338 3265 ibidem
1365 3224 1644 3264 revocare.
1674 3208 1729 3263 Si
1769 3210 1886 3278 quis
1911 3181 1958 3243 ο

378 3356 405 3383 “
432 3353 622 3409 Editus
664 3353 717 3408 in
772 3351 943 3405 sancti
996 3349 1218 3402 Atltaudi
1279 3348 1395 3400 Vita
1423 3386 1438 3411 ,
1488 3346 1625 3412 apud
1659 3344 1792 3398 Boii.
1824 3344 1891 3400 ad

305 3428 450 3482 diem
482 3424 516 3477 6
570 3424 867 3488 Februarii,
898 3436 927 3475 a
960 3420 1202 3487 Philippo
1228 3419 1545 3483 Harvengio,
1572 3418 1763 3470 abbate
1790 3416 1891 3470 Bo.

308 3498 534 3564 ttzespei,
561 3498 756 3561 scripta
789 3495 989 3547 saeculo
1024 3508 1097 3545 xu
1128 3509 1142 3557 ;
1177 3509 1205 3545 ιι
1240 3490 1539 3564 illabillonin
1590 3502 1811 3564 recusus
1840 3489 1892 3541 in

308 3560 462 3623 Actis
512 3567 610 3623 SS.
649 3560 856 3621 Ordinis
904 3564 1072 3617 sancti
1128 3562 1420 3627 Benedicti,
1459 3560 1657 3612 sarculo
1685 3573 1743 3623 ιι,
1775 3574 1894 3625 pag.

312 3642 439 3703 705,
476 3656 541 3692 ex
571 3637 756 3692 codice
835 3634 1099 3693 lnoneusi,
1127 3635 1179 3687 in
1209 3651 1312 3702 quo
1333 3633 1472 3685 belle
1497 3629 1722 3703 depietm
1744 3640 1899 3683 erant

312 3702 574 3782 imagines
606 3706 1075 3782 subscribendum,
1108 3705 1361 3782 qua_s__zcri
1397 3702 1704 3782 incidendus
1738 3714 1898 3782 cura-

310 3784 391 3835 vit
418 3768 560 3836 idem
591 3777 947 3839 Mabillonius,
973 3780 1022 3827 in
1049 3768 1360 3837 Annalibus,
1389 3784 1519 3827 toni.
1547 3775 1585 3837 Ι,
1622 3789 1737 3838 pag.
1769 3768 1894 3824 628.

311 3854 505 3907 lterum
555 3848 781 3904 Antandi
808 3846 1111 3901 codicillum
1149 3849 1282 3917 typis
1315 3846 1699 3897 mandaverunt
1738 3842 1898 3895 Coin-

312 3929 441 3985 tins,
466 3925 605 3976 Anti.
632 3931 759 3973 tom.
788 3917 871 3975 ill.
901 3934 1017 3985 pag.
1053 3916 1191 3979 76:2,
1228 3917 1436 3970 bltraeus
1467 3930 1696 3982 quoque,
1732 3916 1895 3985 fiper.

311 3982 444 4061 utpl.
482 4005 611 4045 tom.
634 3990 671 4051 l,
698 4005 814 4061 pagi.
836 3982 1148 4046 8._et'i“ast.
1178 3988 1373 4061 Βεειείιὲ
1406 3987 1469 4039 ad
1502 3986 1641 4038 diem
1734 3982 1895 4061 Febr.

313 4053 617 4118 Editmnetn
651 4053 937 4113 Mabillonii
992 4053 1293 4124 sequiuth
1332 4056 1638 4125 Foppenus,
1672 4056 1722 4107 in
1757 4053 1900 4108 notis

312 4141 384 4191 ad
413 4150 571 4204 opera
602 4130 766 4185 Minui
798 4130 1160 4204 diplomattca,
1185 4131 1281 4204 ubi
1307 4145 1494 4204 supra,
1546 4127 1900 4204 hocmit-tstru-

316 4194 550 4262 ιιιριιίυιιι
580 4194 917 4258 referendum
935 4215 1030 4254 ceu
1044 4215 1114 4255 ,οι
1132 4202 1197 4255 ad
1226 4194 1421 4255 annuin
1440 4198 1636 4254 Christi
1654 4194 1751 4252 661
1773 4211 1787 4261 ;
1811 4203 1897 4259 et,

1986 1936 2148 1987 none,
2191 1935 2333 1974 anno
2363 1919 2598 1974 secundo
2628 1920 2779 1990 regni
2826 1922 3025 1975 domini
3056 1922 3224 1975 nostri
3276 1920 3561 1975 'l‘hodorici

1984 2013 2201 2083 gloriosi
2226 2014 2384 2083 regis,
2417 2014 2516 2069 sub
2542 2013 2629 2068 die
2652 2005 2858 2068 decima
2889 2015 3072 2084 quinta
3110 2014 3376 2069 Kalendas
3419 2012 3563 2069 Maii.

1988 2106 2098 2174 Ego
2136 2100 2407 2159 Amandus
2439 2114 2681 2171 peccator
2708 2105 2844 2160 hanc
2890 2106 3165 2175 epistolam
3208 2123 3236 2160 a
3265 2122 3352 2163 me
3380 2106 3569 2162 factam

1988 2198 2238 2253 consensi
2292 2208 2345 2253 et
2374 2198 2687 2267 subscripsi.
2723 2198 2836 2268 Ego
2869 2200 2922 2253 in
2960 2199 3157 2254 Christi
3188 2201 3404 2254 nomine
3435 2199 3572 2252 liee-

1992 2289 2096 2353 lus,
2122 2304 2185 2343 ac
2216 2290 2259 2343 si
2292 2299 2537 2357 peceator
2568 2287 2878 2357 subscripsi.
2901 2290 3013 2356 Ego
3046 2291 3099 2343 in
3130 2290 3326 2344 Christi
3350 2292 3568 2345 nomine

1991 2380 2381 2435 Mummoienus
2437 2379 2722 2448 episcopus
2765 2380 3079 2444 subscripsi.
3132 2379 3241 2449 Ego
3265 2381 3318 2434 in
3366 2380 3562 2435 Christi

1992 2472 2209 2525 nomine
2241 2470 2584 2526 Vindicianus
2614 2486 2677 2526 ac
2724 2472 2767 2525 si
2815 2482 3064 2542 peccator
3093 2474 3400 2541 episcOpus,
3436 2475 3573 2527 hanc

1992 2562 2294 2631 epistolam,
2331 2572 2553 2632 rogante
2578 2562 2776 2616 domno
2809 2564 3070 2626 Amando,
3099 2566 3346 2619 consensi
3374 2575 3427 2617 et
3450 2564 3577 2618 sub-

1995 2654 2209 2722 scripsi.
2266 2654 2377 2724 Ego
2431 2655 2681 2709 Bertinus
2722 2654 2857 2708 abba
2913 2656 3229 2723 subscripsi.
3278 2654 3391 2723 Ego
3419 2654 3578 2709 Alde-

1992 2746 2373 2801 bertusabba
2428 2746 2737 2813 subscripsi.
2772 2745 2881 2814 Ego
2911 2744 3183 2801 Johatmes
3213 2784 3228 2808 ,
3286 2755 3503 2815 rogatus
3550 2759 3578 2797 a

1999 2839 2201 2894 domno
2231 2842 2494 2903 Amando,
2544 2839 2888 2893 consentiens
2943 2839 3079 2892 hanc
3127 2837 3403 2907 epistolam
3456 2837 3579 2890 sub-

1996 2935 2207 3005 scripsi.
2242 2937 2355 3006 Ego
2386 2933 2797 2988 Baudeutundus
2830 2943 3099 3003 peccator,
3130 2932 3347 3002 iubente
3374 2933 3572 2984 domno

1997 3045 2118 3085 meo
2158 3029 2423 3093 Amando,
2480 3026 2618 3081 hanc
2667 3027 2945 3097 epistolam
3003 3024 3407 3082 deliberationis
3471 3037 3581 3076 suae

1998 3120 2186 3190 scripsi
2214 3130 2268 3177 et
2293 3117 2606 3188 subscripsi.

1996 3355 2055 3399 ut
2072 3345 2123 3398 id
2137 3358 2257 3399 cum
2271 3344 2485 3397 nomine
2500 3343 2607 3412 regi
2612 3357 2641 3412 s
2656 3352 2782 3397 tunc
2793 3339 3065 3410 regnantis
3080 3338 3346 3412 conciliet,
3370 3337 3583 3412 COnjicil

1997 3415 2281 3484 legendum
2308 3428 2504 3484 annum
2534 3407 2879 3478 S'Cltlotarii,
2902 3426 2997 3484 pro
3023 3425 3163 3464 anno
3188 3409 3224 3462 2
3254 3407 3582 3484 Theoderici.

1999 3478 2108 3541 sed
2143 3499 2337 3540 nomen
2369 3483 2686 3539 Theoderici
2716 3478 3038 3537 servandum
3069 3496 3190 3535 esse
3218 3481 3393 3549 arguit
3420 3478 3583 3533 Coin-

1999 3559 2104 3611 tius
2132 3600 2146 3624 ,
2194 3572 2319 3609 ann.
2351 3554 2439 3610 ubi
2484 3571 2666 3621 supra,
2690 3570 2751 3609 ex
2781 3552 3263 3624 subscriptionibus
3302 3551 3585 3619 episcopo-

2001 3620 2142 3693 rum,
2171 3628 2442 3691 abbatum,
2476 3637 2527 3680 et
2550 3626 2715 3692 ipsius
2739 3624 3103 3679 Baudemundi
3133 3620 3427 3693 scriptoris,
3453 3634 3585 3686 quas

2006 3691 2198 3753 omnes
2228 3698 2500 3763 expendit.
2540 3697 2737 3751 Mensis
2765 3707 2939 3750 autem
2974 3695 3170 3759 Aprilis
3214 3694 3338 3745 anni
3370 3691 3404 3743 ἓ
3434 3693 3583 3763 regni

2006 3768 2326 3824 Theodorici
2355 3766 2423 3821 lii
2453 3768 2640 3823 incidit
2671 3769 2721 3821 in
2752 3782 2950 3820 annum
2981 3764 3177 3821 Christi
3207 3764 3333 3819 675.

2074 3838 2103 3878 ³³
2130 3837 2327 3894 Votum
2375 3849 2653 3894 assecutus
2703 3848 2784 3893 est
2828 3840 3141 3901 Amandus;
3174 3835 3415 3904 sepultus
3444 3833 3585 3886 enim

2003 3912 2107 3966 fuit
2160 3915 2211 3966 in
2264 3914 2591 3964 monasterio
2637 3909 3122 3977 Eluouensi,‘teste
3155 3905 3584 3977 Baudemundo,

2005 3985 2093 4052 qui
2118 3994 2169 4036 et
2189 3983 2493 4036 codicillum
2513 3988 2926 4052 exaraverat,ct
2960 3974 3129 4033 Vitam
3165 3977 3334 4031 sancti
3363 3974 3586 4052 Amandi

2008 4046 2197 4109 litteris
2252 4051 2667 4106 commendavit.
2712 4046 2858 4106 Obiit
2906 4052 3177 4105 Amandus
3221 4062 3363 4103 anno
3418 4046 3589 4101 aetatis

2007 4126 2377 4194 nonagesimo,
2409 4138 2530 4179 teras
2558 4123 2880 4179 Christianae
2910 4120 3036 4177 679.

379 4333 3575 4373 ,Μ-

1383 4483 1755 4556 ΗΥΜΝΙ
1818 4480 2042 4552 DUO
2093 4476 2547 4561 ANTIQUI

1153 4660 1261 4735 IN
1324 4650 1813 4733 HONOREM
1871 4646 2240 4729 SANCTI
2300 4645 2726 4725 AMANDI.

1486 4862 1578 4924 [Ex
1601 4861 1738 4912 Actis
1756 4860 2061 4918 Sanctorum,
2082 4869 2238 4908 mens.
2262 4856 2437 4917 Febr.]

315 5058 583 5125 Amande,
616 5054 806 5123 prtesul
836 5053 1127 5121 optime,...

312 5152 559 5212 Antando
586 5147 857 5204 Christum
889 5155 1206 5212 congruum,

313 5244 450 5298 Audi
491 5251 702 5296 tuorum
729 5236 926 5299 dulcia,

311 5337 446 5400 Quae
472 5334 784 5393 concinunt,
814 5327 1120 5397 gratissimo

316 5425 453 5479 Dum
482 5422 708 5478 floruisti
745 5434 993 5488 corpore,

315 5516 518 5585 Dignus
546 5523 637 5569 tuo
666 5514 756 5584 qui
797 5512 1033 5575 nomine,

312 5606 547 5661 Sortitus
570 5617 630 5659 es
658 5601 998 5667 vocabulum,

314 5698 736 5753 Vernaculorum
765 5696 1003 5751 carmina

317 5787 742 5857 Precordiorum
778 5784 994 5859 gaudio.

1429 5040 1679 5096 Mundqu
1709 5034 1931 5106 replesti
1960 5034 2164 5090 lumine

1429 5135 1643 5187 Astrum
1676 5128 1786 5199 poli
1818 5142 1963 5183 nunc
1991 5124 2327 5196 splendidum

1430 5224 1586 5278 Pater
1619 5225 1754 5293 pius,
1786 5232 1972 5292 pastor
1996 5221 2185 5285 bonus,

1431 5316 1539 5371 iias
1578 5330 1759 5370 recrea
1771 5314 1877 5369 ndo
1907 5312 2155 5380 flumine,

1437 5408 1625 5463 Frater
1656 5406 1839 5477 pupilli
1864 5404 2080 5471 fiebilis,

1435 5501 1649 5557 Patrem
1682 5498 1892 5554 vocavit
1928 5496 2223 5567 orphanus,

1434 5593 1601 5649 Ca:cis
1629 5591 1831 5648 ocellus
1853 5589 2081 5655 lucidus,

1428 5684 1704 5755 Perir‘que
1731 5684 1877 5754 ligno
1907 5683 2191 5754 pendulus,

1428 5780 1564 5849 Quid
1591 5780 1768 5851 plura,
1817 5778 1976 5841 miles
2003 5779 2227 5852 inclyte,

2547 5031 2861 5101 Quicunque
2892 5032 3043 5087 venit
3083 5029 3299 5095 debilis,

2546 5125 2697 5180 Nunc
2728 5125 2959 5181 Abrahm
2986 5123 3333 5181 vernantibus

2548 5217 2623 5273 De
2654 5217 2779 5273 Jesu
2809 5218 2951 5273 dulci
2979 5232 3224 5287 corpore.

2548 5311 2664 5368 Jam
2697 5314 2978 5382 c0pulatus
3017 5309 3231 5379 inclytis

2549 5404 2750 5459 Vertex
2779 5402 3013 5459 rubescit
3042 5398 3352 5471 gemmulis,

2548 5495 2727 5552 Nostri
2768 5508 2973 5550 memor
3000 5490 3338 5549 sanctissime

2550 5591 2720 5662 (Tuus
2757 5588 2998 5660 popellus
3020 5585 3296 5659 adsumus)

2553 5684 2623 5740 Ut
2646 5680 2857 5751 quando
2884 5680 3041 5736 Jesus
3070 5680 3280 5735 venerit

2550 5774 2667 5832 Non
2692 5786 3037 5843 segregemur
3062 5789 3093 5827 a
3124 5780 3234 5851 tuo,
