4016 6354
434 463 1779 668 FRANCOBUE

1899 492 1924 649 l
2064 497 2920 674 ΠΕΟ-ΠΜ
3057 502 3296 674 1V

1474 774 1816 854 ΡΠΙΜιΈ
1876 775 2282 858 STIRPIS

1117 969 1261 1044 DE
1323 969 1672 1054 BEBUS
1734 972 2244 1047 ECCLESIA
2261 974 2611 1049 STICIS

479 1163 1401 1316 DIPLOMATA
1499 1175 1700 1299 ET
1800 1175 2095 1308 ΡΙλίΕ
2197 1176 3254 1322 DONATIONES.

1589 1413 1743 1494 (AN.
1789 1413 2126 1493 660-700.)

1586 1578 2114 1604 -—-—-o-————

1271 1702 2149 1826 CLOTARII
2223 1706 2446 1819 III

1459 1979 1462 1982 Α
1515 1893 1944 1956 mancorum
1990 1896 2195 1972 REGIS

749 2043 1779 2178 ECCLESIASTICXE
1860 2053 2923 2166 PRZECEPTIONES.

1239 2320 1334 2382 [Ex
1356 2320 1662 2387 Breqnigny.
1683 2321 1973 2386 Diplomata,
1999 2323 2212 2386 Chartae,
2259 2327 2444 2389 .egesJ

189 2641 442 2715 Diploma
461 2639 698 2715 [Clotorii
717 2637 742 2692 1
751 2638 812 2692 11
821 2639 835 2710 J
846 2655 945 2715 quo
963 2639 1080 2715 dure
1101 2637 1786 2715 parte}tillaﬁl‘auricciaci,

201 2709 210 2724 ¹
260 2709 424 2769 rauca
462 2709 704 2782 cognita,
747 2709 974 2765 utilesin:
1013 2709 1192 2766 Sancti
1228 2711 1462 2782 Dionysii
1491 2724 1790 2765 asseruntur

263 2796 290 2826 ι
328 2789 481 2856 (ann.
512 2771 665 2852 ὁδε).

259 2895 618 2972 [Clilotarins]
647 2913 739 2952 rex
773 2897 1094 2952 Francorum
1114 2941 1127 2962 ,
1161 2896 1243 2950 vir
1274 2897 1496 2951 inluster
1630 2896 1787 2952 dere-

183 2993 447 3048 mendum
488 2990 571 3045 vel
607 2990 751 3060 justo
795 2989 996 3059 judicio
1051 2989 1457 3044 termenaudum
1510 2989 1788 3043 resedere-

185 3099 314 3140 mus
341 3126 357 3148 ,
396 3083 576 3151 ibique
606 3080 868 3136 venientis
898 3081 1096 3134 acturis
1135 3078 1466 3134 monasthirii
1509 3079 1789 3148 peculiaris

183 3177 406 3247 patroni
439 3174 609 3229 nostri
640 3172 823 3228 domui
854 3172 1138 3234 Dioninse,
1169 3173 1255 3226 ubi
1287 3172 1398 3240 ipse
1432 3171 1705 3242 preciosus
1735 3171 1786 3225 in

181 3287 421 3342 corpore
450 3270 737 3340 requiisset
757 3310 771 3334 ,
803 3268 1043 3338 lngober.
1068 3309 1082 3322 .
1101 3306 1115 3320 .
1133 3307 1145 3319 .
1167 3266 1192 3303 δ
1215 3281 1342 3333 sup.
1366 3305 1378 3320 .
1403 3305 1416 3320 .
1435 3303 1450 3320 .
1477 3267 1667 3320 iimena
1696 3266 1787 3320 de-

183 3363 268 3419 dit
303 3366 356 3416 in
387 3363 686 3430 reSpunsis,
717 3359 1004 3429 quod‘acta
1035 3357 1323 3425 conposci'o
1353 3356 1513 3409 talem
1549 3355 1784 3420 habibat,

180 3433 424 3527 dualiter
469 3453 614 3530 ipsas
656 3447 806 3506 villas
842 3449 954 3519 ipse
996 3449 1311 3503 Ermelenus
1345 3445 1538 3516 jocal'is'
1577 3462 1702 3499 suos
1737 3447 1783 3501 ei

180 3545 518 3607 contullerat
545 3565 560 3615 ;
592 3540 686 3602 sed
717 3547 830 3617 ipse
861 3541 1068 3615 agentis
1099 3555 1312 3600 econtra
1343 3585 1356 3599 .
1391 3584 1403 3597 .
1432 3581 1448 3598 .
1480 3583 1492 3596 .
1518 3554 1572 3598 et
1603 3543 1784 3612 predi-

183 3653 312 3698 ctus
343 3640 593 3712 pontel'ex
622 3639 673 3694 in
701 3640 937 3711 presenti
965 3635 1236 3700 adstabat,
1264 3645 1316 3690 et
1345 3635 1578 3704 precaria
1608 3645 1784 3690 osten-

179 3733 348 3792 debat
380 3735 447 3788 ab
479 3737 590 3802 ipsa
627 3733 815 3785 ﬁm’ena
846 3733 1006 3797 facta,
1029 3744 1134 3799 quo
1164 3729 1370 3795 relicta,
1402 3728 1672 3782 inventum
1703 3735 1784 3781 est

180 3825 330 3896 quod
375 3826 487 3891 ipsa
529 3823 726 3876 ﬁmena
761 3817 829 3874 de
868 3833 1027 3874 omne
1054 3833 1310 3886 corpore.
1337 3857 1350 3871 .
1372 3857 1419 3872 ..
1445 3831 1668 3884 corpore
1708 3815 1783 3868 fa-

180 3895 408 3972 cultatis
437 3914 601 3983 ipsius
629 3911 914 3966 Erineleno
948 3910 1136 3963 iecisse
1162 3926 1173 3962 :
1205 3911 1295 3964 sed
1326 3909 1529 3978 agentis
1558 3910 1778 3978 predicti
1814 3895 1859 3954 Β

183 3988 418 4064 basilice
445 4004 769 4066 vindicione,
801 4003 886 4056 vel
913 4002 1155 4071 preCario
1179 4004 1246 4055 ab
1276 4002 1392 4070 ipso
1420 3993 1700 4055 Erineleno
1730 4003 1780 4054 in

179 4114 448 4171 germano
473 4112 570 4151 suo
594 4095 1000 4166 Cliugliberctus
1135 4095 1438 4162 conscripta
1465 4096 1654 4148 ostenti

180 4194 253 4248 de
286 4209 449 4249 omne
475 4210 701 4263 corpore
732 4197 963 4250 facultati
992 4195 1072 4250 sui
1100 4195 1493 4264 COIlSCI‘lPSt‘I‘dl
1515 4237 1529 4260 ,
1557 4203 1610 4248 et
1638 4194 1780 4263 ipsas

259 4317 285 4341 ε’
330 4307 572 4362 Mutilum
616 4309 767 4362 valde
809 4310 1225 4364 instrumentum
1269 4327 1331 4363 ex
1369 4309 1625 4363 tabulario
1661 4309 1783 4362 Dio-

184 4379 421 4450 nysiano
449 4379 779 4450 deprompsit
811 4380 1168 4444 .‘llabillonius,
1195 4392 1247 4434 et
1271 4381 1336 4434 ad
1365 4382 1566 4433 calcem
1602 4379 1727 4433 tomi
1764 4382 1779 4435 Ι

181 4449 479 4522 Annalium
511 4449 712 4511 edidit,
749 4468 866 4522 pag.
903 4452 1044 4515 ($94;
1093 4457 1280 4520 iterum
1329 4453 1467 4520 typis
1511 4454 1781 4505 mandavit

181 4521 518 4595 Felibianus,
553 4522 685 4576 Ilist.
721 4525 843 4576 abli.
875 4525 930 4578 S.
966 4524 1119 4578 DlOll.
1152 4527 1303 4592 prob.
1337 4539 1453 4595 pag.
1487 4527 1538 4587 8,
1571 4540 1632 4576 ex
1663 4539 1782 4595 corf

183 4596 333 4655 tice,
385 4599 442 4644 ut
470 4594 576 4657 ait,
629 4597 976 4661 exscriptum.
1033 4595 1265 4663 Uterque
1315 4593 1510 4648 nomen
1559 4593 1778 4647 Clotaiii

180 4665 556 4716 oblitteratum
592 4665 739 4717 initio
770 4668 1075 4732 tliplomatis
1107 4667 1376 4732 supplevit
1407 4682 1469 4718 ex
1505 4668 1779 4730 conjectu-

182 4735 298 4796 ris,
351 4743 408 4785 et
457 4751 554 4787 nos
599 4736 749 4789 uncis
799 4738 1060 4790 inclusum
1115 4738 1462 4788 restituimus.
1513 4735 1776 4789 Recusum

180 4805 613 4874 exstattliploma
640 4807 1034 4861 intJollt-rttone
1063 4810 1382 4875 scriptorum
1403 4822 1581 4860 rerum
1607 4806 1778 4860 Fran-

189 4877 453 4940 cicarum,
485 4889 611 4931 tom.
649 4877 709 4929 IV
733 4919 746 4942 ,
782 4894 898 4948 pag.
931 4878 1055 4933 659.

262 4948 286 4984 ι’
337 4949 531 5014 Injuria
577 4960 873 5013 temporum
906 4960 957 5001 et
999 4952 1276 5012 scripturae
1319 4949 1460 5003 vitiis
1508 4950 1780 5004 deforma-

180 5027 300 5094 tum
323 5058 340 5086 ,
375 5019 503 5094 ipsis
531 5019 818 5094 t'tlabillonii
855 5022 1062 5082 verbis,
1098 5022 1291 5094 Annal.
1329 5030 1367 5074 t.
1404 5023 1449 5084 l,
1482 5036 1601 5094 pag.
1637 5021 1736 5094 (SOI
1764 5062 1777 5084 ,

180 5087 666 5157 interpretabimur
693 5107 704 5142 :
737 5110 756 5142 ‹
790 5092 1074 5160 lngoberga
1099 5133 1112 5155 ,
1141 5093 1337 5161 jngalis
1369 5109 1462 5147 seu
1484 5087 1645 5145 ‘umr
1679 5093 1776 5144 Er.

181 5161 422 5224 meleni,
472 5164 828 5216 contendebat
869 5163 1184 5216 'l‘auriacom
1238 5165 1411 5217 villam
1461 5165 1526 5216 ab
1571 5177 1636 5216 c0
1679 5163 1780 5217 sibi

181 5246 503 5284 cont'essam
533 5235 692 5285 fuissn
718 5251 732 5298 ;
765 5234 1067 5287 monasterii
1099 5236 1276 5287 Sancti
1309 5234 1542 5304 Dionysii
1569 5239 1780 5288 artor'es

183 5304 550 5366 denegabant.
593 5306 696 5358 Sed
733 5306 945 5371 quidam
993 5307 1225 5372 mutiles
1250 5347 1262 5368 ,
1299 5310 1451 5373 cojus
1486 5321 1678 5359 nomen
1712 5323 1778 5359 ex

182 5376 521 5442 autographa
549 5376 789 5429 avulsum
809 5415 854 5437 ,.
877 5416 890 5430 .
917 5414 930 5428 .
963 5380 1195 5429 ostendit
1229 5378 1523 5446 precariam
1557 5380 1622 5428 ab
1661 5380 1773 5442 ipsa

186 5446 387 5499 {crinita
432 5449 496 5498 de
526 5447 712 5500 eadem
744 5451 863 5500 villa
917 5449 1144 5510 iactam,
1180 5465 1279 5514 qua
1333 5459 1581 5502 ιιι-ιιιειιινθ
1629 5449 1764 5501 vitle-

186 5517 346 5568 liatnr
379 5519 717 5571 lirinelennm
749 5522 796 5572 ei
827 5521 962 5572 hanc
993 5522 1335 5574 donationem
1371 5521 1580 5573 iecisse.
1615 5518 1776 5573 Acto-

185 5601 278 5640 res
306 5590 493 5642 Sam-ti
528 5588 767 5659 Dionysii
800 5601 983 5644 contra
1018 5594 1375 5645 ostendebant
1407 5591 1774 5646 venditionem

182 5667 242 5735 et
277 5662 684 5735 precariatuab
713 5663 898 5735 eodem
949 5660 1233 5735 Etmeleno
1282 5664 1472 5716 factam
1519 5677 1776 5735 germana

183 5729 356 5796 ipsius
387 5731 784 5800 Cbtiglibercto,
811 5734 877 5786 de
906 5734 1050 5787 omni
1077 5747 1303 5799 corpore
1333 5729 1598 5790 taculta'tis
1628 5751 1735 5787 sure
1754 5774 1768 5800 ,

177 5808 242 5866 at
269 5803 412 5884 quod
449 5805 570 5866 dine
598 5817 785 5882 partes
806 5804 874 5868 ab
898 5801 1090 5869 eodem
1118 5805 1503 5886 Glioglilierctu
1531 5809 1772 5884 accepit.

1815 2529 1865 2588 Α
1889 2525 1943 2581 in
1982 2527 2213 2600 presenti
2253 2528 2668 2586 ostendedirunt
2706 2531 3097 2601 recensendas,
3149 2541 3206 2590 et
3252 2535 3490 2604 intendi-

1894 2620 2018 2675 bant
2045 2663 2057 2688 ,
2089 2621 2228 2690 quod
2259 2622 2398 2692 ipsas
2424 2624 2554 2677 duas
2584 2625 2750 2694 partis
2776 2625 2842 2679 de
2869 2627 3132 2698 predictas
3161 2627 3313 2684 villas
3340 2628 3483 2684 Tau-

1897 2711 2121 2786 ricciaco
2147 2718 2238 2764 et.
2257 2750 2270 2764 .
2297 2753 2309 2765 .
2329 2751 2342 2765 .
2378 2713 2548 2767 dictas
2573 2713 2724 2769 villas
2753 2715 3239 2790 adgaecenciasque
3270 2733 3486 2775 aearum

1895 2805 1945 2856 in
1988 2803 2251 2872 integrum
2305 2817 2401 2858 suo
2451 2804 2690 2859 dominio
2737 2807 2936 2861 valeret
2987 2807 3300 2862 vendecare.
3350 2808 3486 2864 Pro-

1893 2908 2072 2965 pterea
2100 2912 2326 2964 nuspna
2352 2913 2474 2964 cum
2500 2900 2695 2953 nostris
2715 2899 3043 2972 procerelius
3065 2910 3274 2980 constet
3297 2883 3485 2974 decre-

1895 2989 2068 3056 visse,
2103 3000 2156 3043 ut
2186 2989 2330 3068 ipsas
2360 2991 2491 3046 duas
2523 2994 2687 3064 partis
2736 2994 2800 3047 de
2841 2994 2970 3072 pred
2994 3035 3006 3048 .
3029 3033 3041 3048 .
3065 3035 3079 3048 .
3101 3036 3118 3064 ,
3147 2975 3272 3072 dum
3314 3003 3370 3051 et
3409 2997 3490 3052 in-

1895 3077 2065 3132 InSter
2111 3080 2193 3134 vir
2237 3080 2669 3152 Chadoloaldus,
2712 3083 2880 3138 comis
2925 3084 3102 3152 palatii
3149 3089 3357 3142 nostri.
3390 3128 3403 3141 .
3431 3127 3444 3141 .
3473 3128 3486 3142 .

1894 3171 2036 3237 quod
2073 3171 2250 3225 taliter
2277 3172 2378 3227 hac
2402 3188 2559 3228 causa
2589 3185 2727 3240 acta,
2759 3177 2842 3229 vel
2875 3191 2968 3246 per
2996 3177 3184 3258 ordeni
3219 3159 3487 3254 inquisita,

1891 3276 1986 3336 seo
2018 3263 2250 3317 delenita
2287 3264 2445 3319 luisse
2472 3267 2813 3344 denuscetur,
2841 3269 3091 3337 jubemus
3120 3280 3174 3326 ut
3203 3273 3343 3344 ipsas
3367 3315 3378 3327 .
3400 3312 3414 3327 .
3436 3315 3450 3329 .
3469 3312 3486 3330 .

1890 3354 2074 3432 domui
2122 3356 2375 3411 Dioninse
2408 3359 2562 3412 liactu
2588 3396 2602 3412 .
2631 3398 2644 3412 .
2673 3399 2686 3412 .
2714 3397 2728 3412 .
2760 3375 2866 3429 que
2896 3403 2908 3414 .
2935 3400 2950 3415 .
2977 3401 2989 3414 .
3015 3399 3030 3415 .
3063 3363 3209 3416 omni
3245 3371 3489 3432 tempore

1893 3445 2112 3526 liabiant
2141 3451 2497 3503 evendecatas
2523 3467 2536 3513 ;
2570 3460 2624 3526 et
2654 3451 2723 3526 sit
2753 3453 2892 3526 inter
2923 3452 3050 3522 ipsis
3082 3453 3148 3508 de
3179 3455 3279 3508 hac
3323 3470 3382 3528 re
3422 3456 3473 3510 in

1893 3523 2231 3616 postmodum
2265 3542 2437 3596 subita
2468 3545 2735 3618 causacio.

1963 3632 2293 3712 Teoberctus
2333 3650 2426 3704 rog
2446 3677 2458 3688 .
2487 3676 2533 3690 ..
2553 3675 2565 3690 .
2607 3633 2938 3692 Novembr:.
2968 3678 2981 3694 .
3013 3678 3026 3691 .
3069 3653 3135 3691 an
3159 3678 3173 3691 .
3203 3677 3217 3693 .
3245 3679 3260 3694 .
3292 3680 3306 3694 .
3338 3639 3478 3712 rigui

1891 3707 2056 3778 nostri
2093 3725 2256 3780 tercio
2289 3736 2310 3764 ο
2343 3725 2428 3808 [in
2461 3727 2674 3782 nomine
2711 3727 2917 3806 Domini
2953 3727 3235 3812 feliciter

2653 3843 2716 3914 ιι.

1889 3955 2132 4030 Diploma
2158 3973 2260 4025 quo
2290 3958 2549 4014 Clolarius
2579 3956 2727 4014 villas
2760 3960 2934 4030 plures
2963 3962 3276 4017 monasterio
3301 3961 3482 4018 Sancti

1960 4027 2196 4098 ῼὶοιιῃδὶἱ
2241 4033 2452 4083 donatas
2474 4075 2489 4096 ,
2525 4049 2553 4083 a
2590 4027 2902 4102 Beracimrio
2943 4034 3182 4100 episcopo
3212 4035 3483 4102 restituen-

1959 4103 2053 4152 das
2077 4141 2090 4164 ,
2126 4118 2280 4153 causa
2314 4102 2494 4154 audita
2526 4105 2828 4180 pronuntiat
2859 4099 2884 4139 ἀ
2921 4105 3069 4174 (ann.
3102 4099 3254 4175 658).

1959 4193 2309 4272 [Clilolariusj
2341 4210 2431 4270 rex
2464 4195 2821 4278 Francorum,
2856 4213 2903 4249 v.
2941 4197 3011 4276 iul
3033 4236 3079 4251 ..
3106 4236 3152 4251 ..
3173 4196 3480 4264 Siniscalcis

1887 4322 2027 4380 seut.
2060 4327 2078 4361 ι
2112 4309 2167 4363 In
2194 4310 2422 4380 gratiam
2448 4312 2830 4372 monachorum
2854 4312 3174 4378 sententiam
3202 4310 3319 4364 tulit
3341 4309 3479 4364 Cha-

1886 4377 2166 4444 doloaldus
2189 4377 2414 4442 [omnes
2448 4381 2626 4445 palatii
2653 4423 2666 4445 ,
2691 4383 2859 4447 'qnam
2895 4377 3189 4448 diplomate
3219 4396 3314 4431 suo
3343 4381 3475 4432 Clo-

1889 4464 2056 4506 tarius
2087 4453 2406 4505 confirmat;
2429 4448 2720 4504 Maliillouii
2755 4449 3031 4504 lectionem
3066 4449 3360 4516 seduimur.

1961 4534 1985 4562 ο
2022 4525 2202 4576 Mense
2233 4521 2519 4574 Novembri
2561 4523 2685 4590 anni
2730 4520 2868 4573 tertii
2912 4523 3059 4586 regni
3104 4521 3326 4590 Clotarii
3363 4519 3478 4590 jam

1887 4598 2137 4648 currebat
2174 4607 2347 4646 annus
2376 4591 2503 4645 Cltr.
2539 4589 2644 4645 658
2669 4631 2683 4654 ,
2717 4607 2840 4644 cum
2873 4591 3214 4646 Cblodoveus
3244 4588 3285 4648 ll
3305 4630 3322 4654 .
3351 4588 3477 4652 Clo-

1888 4665 2002 4717 tarii
2039 4673 2208 4729 pater,
2238 4663 2433 4715 obicrit
2460 4662 2603 4715 circa
2637 4661 2844 4714 initium
2877 4662 3152 4727 Septemb.
3190 4661 3312 4714 anni
3346 4661 3470 4714 (556.

1955 4735 1977 4770 ιι
2029 4734 2320 4787 Editleruut
2361 4732 2727 4794 Mabillonius.
2774 4736 2910 4787 Ann.
2941 4743 3086 4788 'tom.
3122 4732 3180 4794 ι.
3216 4747 3336 4802 pag.
3369 4733 3475 4789 695

1882 4814 1937 4859 et
1965 4806 2089 4869 501,
2122 4820 2187 4859 ex
2218 4803 2523 4866 authentico
2549 4820 2565 4865 ;
2606 4802 2932 4876 Felibianos,
2961 4805 3095 4860 llist.
3126 4805 3252 4876 abl).
3283 4805 3478 4864 Sancti

1885 4877 2043 4932 Dion.
2080 4877 2231 4945 prob.
2272 4891 2390 4945 pag.
2426 4876 2455 4928 7
2481 4915 2495 4936 ,
2529 4891 2593 4928 ex
2626 4875 2960 4943 autograpbo
3002 4875 3295 4932 iii-ctirtice
3323 4893 3338 4941 ;
3372 4892 3471 4929 au-

1885 4960 2059 5002 ctores
2102 4947 2447 5002 Collectiouis
2488 4949 2811 5010 scriptorum
2843 4961 3021 5002 rerum
3055 4945 3433 5002 Fraucicarum
3456 4985 3474 5010 ,

1885 5030 2020 5074 tom.
2056 5020 2144 5083 IV,
2184 5037 2301 5083 i-ag.
2334 5017 2468 5079 659,
2513 5033 2576 5070 ex
2620 5017 2947 5072 Mabillonio.
2995 5017 3238 5074 Mutilum
3282 5019 3474 5070 admo-

1884 5090 2008 5144 dum
2055 5092 2490 5144 instrumentum.
2526 5087 2857 5146 Felibianum
2887 5090 3198 5158 sequimur;
3234 5086 3475 5158 Mabillo-

1887 5164 1960 5215 nii
1991 5165 2166 5216 varias
2218 5161 2472 5213 teetion'es
2524 5160 2661 5216 inter
2710 5171 2874 5214 uncos
2917 5155 3255 5214 eitiibemus.
3305 5155 3475 5212 Nullae

1889 5243 2027 5286 notae
2059 5234 2489 5298 clirouologicze;
2517 5230 2614 5284 sed
2639 5242 2760 5284 cum
2789 5230 3024 5296 diploma
3047 5226 3295 5289 Ciotarii,
3325 5229 3477 5294 quod

1890 5307 2133 5371 proxime
2185 5303 2473 5376 praecedit,
2525 5313 2586 5376 et
2627 5302 2769 5366 quod
2817 5315 2975 5376 super
3003 5299 3211 5376 eodem
3259 5300 3475 5376 negotio

1889 5379 2202 5438 intervenit,
2237 5374 2416 5428 datum
2454 5373 2611 5430 fuerit
2643 5388 2786 5424 anno
2813 5371 3033 5426 Clotarii
3065 5371 3254 5431 tertio,
3286 5371 3474 5430 mense"

1884 5447 2172 5502 Novi-inituri
2192 5488 2204 5505 ,
2256 5446 2308 5499 id
2335 5455 2450 5508 est,
2479 5459 2622 5498 anno
2651 5440 2760 5497 0‘58
2782 5484 2798 5508 ,
2844 5443 2976 5498 satis
3020 5439 3264 5508 apposite
3296 5450 3472 5507 potest

1885 5521 2116 5587 diploma
2149 5518 2350 5590 dequo
2382 5531 2520 5570 nunc
2563 5516 2771 5590 agimus
2813 5513 2913 5564 sub
2956 5514 3056 5590 huc
3089 5511 3283 5590 eodem
3329 5525 3471 5566 anno

1886 5585 2163 5645 collocari.
2202 5585 2554 5644 Bel-acharius
2594 5585 2916 5659 episcopus,
2958 5585 3049 5650 qui
3089 5585 3154 5640 ibi
3189 5594 3468 5659 memora.

1889 5665 1995 5724 tur,
2024 5662 2452 5716 Cenomanensis
2482 5659 2692 5711 videtur
2723 5654 2947 5721 prmsul,
2979 5661 3135 5706 vulgo
3166 5654 3466 5715 itercarius,

1885 5748 1982 5787 seu
2015 5735 2295 5797 Ueraritts,
2327 5733 2422 5804 qui
2447 5729 2515 5786 ab
2544 5739 2686 5785 anno
2728 5724 2836 5786 655
2881 5724 3114 5784 Cononis
3153 5735 3340 5780 etatem
3381 5738 3468 5786 re-

1879 5805 2039 5882 gebat
2067 5805 2388 5866 Ecclesiaut.
