  <div class='ocr_page' id='page_1' title='image "/cluster/home/n/w/nwhite01/storage/ocr_20150623/87/hvd.32044015469471/657.png"; bbox 0 0 4016 6354; ppageno 0'>
   <div class='ocr_carea' id='block_1_1' title="bbox 502 309 645 366">
    <p class='ocr_par' dir='ltr' id='par_1_1' title="bbox 502 309 645 366">
     <span class='ocr_line' id='line_1_1' title="bbox 502 309 645 366; baseline 0.007 -1"><span class='ocrx_word' id='word_1_1' title='bbox 502 309 645 366; x_wconf 68' lang='grc'><strong>1279</strong></span> 
     </span>
    </p>
   </div>
   <div class='ocr_carea' id='block_1_2' title="bbox 1568 310 2711 370">
    <p class='ocr_par' dir='ltr' id='par_1_2' title="bbox 1568 310 2711 370">
     <span class='ocr_line' id='line_1_2' title="bbox 1568 310 2711 370; baseline 0 0"><span class='ocrx_word' id='word_1_2' title='bbox 1568 313 1816 370; x_wconf 79' lang='lat' dir='ltr'><strong>FRANC.</strong></span> <span class='ocrx_word' id='word_1_3' title='bbox 1862 312 2020 367; x_wconf 77' lang='lat' dir='ltr'><strong>RBG.</strong></span> <span class='ocrx_word' id='word_1_4' title='bbox 2065 310 2134 367; x_wconf 80' lang='lat' dir='ltr'><strong>IV</strong></span> <span class='ocrx_word' id='word_1_5' title='bbox 2174 310 2409 366; x_wconf 69' lang='lat' dir='ltr'><strong>PRIMIE</strong></span> <span class='ocrx_word' id='word_1_6' title='bbox 2447 312 2711 370; x_wconf 80' lang='lat' dir='ltr'><strong>STIRPIS</strong></span> 
     </span>
    </p>
   </div>
   <div class='ocr_carea' id='block_1_3' title="bbox 3640 310 3779 364">
    <p class='ocr_par' dir='ltr' id='par_1_3' title="bbox 3640 310 3779 364">
     <span class='ocr_line' id='line_1_3' title="bbox 3640 310 3779 364; baseline -0.007 0"><span class='ocrx_word' id='word_1_7' title='bbox 3640 310 3779 364; x_wconf 69' lang='lat'><strong>1280</strong></span> 
     </span>
    </p>
   </div>
   <div class='ocr_carea' id='block_1_4' title="bbox 505 420 3784 498">
    <p class='ocr_par' dir='ltr' id='par_1_4' title="bbox 505 420 3784 498">
     <span class='ocr_line' id='line_1_4' title="bbox 505 420 3784 498; baseline 0.002 -19"><span class='ocrx_word' id='word_1_8' title='bbox 505 420 877 479; x_wconf 80' lang='lat' dir='ltr'><strong>Vuidracbado</strong></span> <span class='ocrx_word' id='word_1_9' title='bbox 902 432 957 478; x_wconf 91' lang='lat' dir='ltr'><strong>et</strong></span> <span class='ocrx_word' id='word_1_10' title='bbox 986 422 1359 482; x_wconf 79' lang='lat' dir='ltr'><strong>Anseberctbo</strong></span> <span class='ocrx_word' id='word_1_11' title='bbox 1396 426 1809 491; x_wconf 86' lang='lat' dir='ltr'><strong>relereudariis,</strong></span> <span class='ocrx_word' id='word_1_12' title='bbox 1853 435 1904 479; x_wconf 90' lang='lat' dir='ltr'><strong>et</strong></span> <span class='ocrx_word' id='word_1_13' title='bbox 1949 427 2089 480; x_wconf 80' lang='lat' dir='ltr'><strong>Cba-</strong></span> <span class='ocrx_word' id='word_1_14' title='bbox 2122 432 2166 485; x_wconf 79' lang='grc' dir='ltr'><strong>Α</strong></span> <span class='ocrx_word' id='word_1_15' title='bbox 2198 440 2318 479; x_wconf 91' lang='lat' dir='ltr'><strong>nem</strong></span> <span class='ocrx_word' id='word_1_16' title='bbox 2351 441 2447 495; x_wconf 92' lang='lat' dir='ltr'><strong>pro</strong></span> <span class='ocrx_word' id='word_1_17' title='bbox 2472 426 2850 498; x_wconf 86' lang='lat' dir='ltr'><strong>Chagilbertbo</strong></span> <span class='ocrx_word' id='word_1_18' title='bbox 2880 431 3152 498; x_wconf 85' lang='lat' dir='ltr'><strong>quondam</strong></span> <span class='ocrx_word' id='word_1_19' title='bbox 3183 439 3237 484; x_wconf 91' lang='lat' dir='ltr'><strong>et</strong></span> <span class='ocrx_word' id='word_1_20' title='bbox 3269 430 3558 486; x_wconf 86' lang='lat' dir='ltr'><strong>Ermeleno</strong></span> <span class='ocrx_word' id='word_1_21' title='bbox 3590 432 3784 487; x_wconf 85' lang='lat' dir='ltr'><strong>ads....</strong></span> 
     </span>
    </p>
   </div>
   <div class='ocr_carea' id='block_1_5' title="bbox 500 516 2087 589">
    <p class='ocr_par' dir='ltr' id='par_1_5' title="bbox 500 516 2087 589">
     <span class='ocr_line' id='line_1_5' title="bbox 500 516 2087 589; baseline 0 -16"><span class='ocrx_word' id='word_1_22' title='bbox 500 516 794 583; x_wconf 85' lang='lat' dir='ltr'><strong>doloaldo,</strong></span> <span class='ocrx_word' id='word_1_23' title='bbox 842 517 1025 572; x_wconf 95' lang='lat' dir='ltr'><strong>comiti</strong></span> <span class='ocrx_word' id='word_1_24' title='bbox 1080 518 1259 587; x_wconf 88' lang='lat' dir='ltr'><strong>palatii</strong></span> <span class='ocrx_word' id='word_1_25' title='bbox 1313 528 1542 589; x_wconf 85' lang='lat' dir='ltr'><strong>nostro,</strong></span> <span class='ocrx_word' id='word_1_26' title='bbox 1594 518 1659 571; x_wconf 90' lang='lat' dir='ltr'><strong>ad</strong></span> <span class='ocrx_word' id='word_1_27' title='bbox 1718 520 2087 573; x_wconf 88' lang='lat' dir='ltr'><strong>universorum</strong></span> 
     </span>
    </p>
   </div>
   <div class='ocr_carea' id='block_1_6' title="bbox 507 612 2096 682">
    <p class='ocr_par' dir='ltr' id='par_1_6' title="bbox 507 612 2096 682">
     <span class='ocr_line' id='line_1_6' title="bbox 507 612 2096 682; baseline -0.001 -15"><span class='ocrx_word' id='word_1_28' title='bbox 507 625 701 667; x_wconf 79' lang='lat' dir='ltr'><strong>causas</strong></span> <span class='ocrx_word' id='word_1_29' title='bbox 748 612 1108 675; x_wconf 84' lang='lat' dir='ltr'><strong>audiendum,</strong></span> <span class='ocrx_word' id='word_1_30' title='bbox 1162 614 1242 667; x_wconf 86' lang='lat' dir='ltr'><strong>vel</strong></span> <span class='ocrx_word' id='word_1_31' title='bbox 1300 625 1447 667; x_wconf 85' lang='lat' dir='ltr'><strong>recto</strong></span> <span class='ocrx_word' id='word_1_32' title='bbox 1494 614 1694 682; x_wconf 90' lang='lat' dir='ltr'><strong>judicio</strong></span> <span class='ocrx_word' id='word_1_33' title='bbox 1747 614 2096 668; x_wconf 76' lang='lat' dir='ltr'><strong>termenando</strong></span> 
     </span>
    </p>
   </div>
   <div class='ocr_carea' id='block_1_7' title="bbox 508 700 2095 773">
    <p class='ocr_par' dir='ltr' id='par_1_7' title="bbox 508 700 2095 773">
     <span class='ocr_line' id='line_1_7' title="bbox 508 700 2095 773; baseline -0.002 -14"><span class='ocrx_word' id='word_1_34' title='bbox 508 702 920 769; x_wconf 86' lang='lat' dir='ltr'><strong>resederemus,</strong></span> <span class='ocrx_word' id='word_1_35' title='bbox 970 703 1146 770; x_wconf 89' lang='lat' dir='ltr'><strong>ibique</strong></span> <span class='ocrx_word' id='word_1_36' title='bbox 1185 704 1463 758; x_wconf 78' lang='lat' dir='ltr'><strong>venientes</strong></span> <span class='ocrx_word' id='word_1_37' title='bbox 1507 704 1715 773; x_wconf 76' lang='lat' dir='ltr'><strong>agentis</strong></span> <span class='ocrx_word' id='word_1_38' title='bbox 1758 700 2095 757; x_wconf 87' lang='lat' dir='ltr'><strong>monastbirii</strong></span> 
     </span>
    </p>
   </div>
   <div class='ocr_carea' id='block_1_8' title="bbox 512 793 2095 863">
    <p class='ocr_par' dir='ltr' id='par_1_8' title="bbox 512 793 2095 863">
     <span class='ocr_line' id='line_1_8' title="bbox 512 793 2095 863; baseline -0.003 -12"><span class='ocrx_word' id='word_1_39' title='bbox 512 795 701 851; x_wconf 89' lang='lat' dir='ltr'><strong>domui</strong></span> <span class='ocrx_word' id='word_1_40' title='bbox 735 795 987 849; x_wconf 86' lang='lat' dir='ltr'><strong>Diouinse</strong></span> <span class='ocrx_word' id='word_1_41' title='bbox 1009 836 1024 861; x_wconf 93' lang='lat'><strong>,</strong></span> <span class='ocrx_word' id='word_1_42' title='bbox 1059 794 1145 848; x_wconf 91' lang='lat' dir='ltr'><strong>ubi</strong></span> <span class='ocrx_word' id='word_1_43' title='bbox 1177 796 1291 863; x_wconf 89' lang='lat' dir='ltr'><strong>ipse</strong></span> <span class='ocrx_word' id='word_1_44' title='bbox 1331 795 1607 863; x_wconf 89' lang='lat' dir='ltr'><strong>preciosus</strong></span> <span class='ocrx_word' id='word_1_45' title='bbox 1637 795 1865 849; x_wconf 91' lang='lat' dir='ltr'><strong>domnus</strong></span> <span class='ocrx_word' id='word_1_46' title='bbox 1897 793 1949 847; x_wconf 90' lang='lat' dir='ltr'><strong>in</strong></span> <span class='ocrx_word' id='word_1_47' title='bbox 1976 806 2095 847; x_wconf 88' lang='lat' dir='ltr'><strong>cor-</strong></span> 
     </span>
    </p>
   </div>
   <div class='ocr_carea' id='block_1_9' title="bbox 503 887 2095 963">
    <p class='ocr_par' dir='ltr' id='par_1_9' title="bbox 503 887 2095 963">
     <span class='ocr_line' id='line_1_9' title="bbox 503 887 2095 963; baseline -0.004 -16"><span class='ocrx_word' id='word_1_48' title='bbox 503 905 636 963; x_wconf 84' lang='lat' dir='ltr'><strong>pore</strong></span> <span class='ocrx_word' id='word_1_49' title='bbox 664 890 969 960; x_wconf 88' lang='lat' dir='ltr'><strong>requiiscit,</strong></span> <span class='ocrx_word' id='word_1_50' title='bbox 1002 890 1260 945; x_wconf 85' lang='lat' dir='ltr'><strong>adversus</strong></span> <span class='ocrx_word' id='word_1_51' title='bbox 1289 889 1588 958; x_wconf 89' lang='lat' dir='ltr'><strong>apostolico</strong></span> <span class='ocrx_word' id='word_1_52' title='bbox 1618 889 1732 943; x_wconf 88' lang='lat' dir='ltr'><strong>viro</strong></span> <span class='ocrx_word' id='word_1_53' title='bbox 1763 887 1961 942; x_wconf 91' lang='lat' dir='ltr'><strong>domno</strong></span> <span class='ocrx_word' id='word_1_54' title='bbox 1992 887 2095 941; x_wconf 85' lang='lat' dir='ltr'><strong>Be-</strong></span> 
     </span>
    </p>
   </div>
   <div class='ocr_carea' id='block_1_10' title="bbox 504 980 2095 1053">
    <p class='ocr_par' dir='ltr' id='par_1_10' title="bbox 504 980 2095 1053">
     <span class='ocr_line' id='line_1_10' title="bbox 504 980 2095 1053; baseline -0.003 -14"><span class='ocrx_word' id='word_1_55' title='bbox 504 985 755 1039; x_wconf 83' lang='lat' dir='ltr'><strong>rachario</strong></span> <span class='ocrx_word' id='word_1_56' title='bbox 795 986 1049 1053; x_wconf 88' lang='lat' dir='ltr'><strong>episcopo</strong></span> <span class='ocrx_word' id='word_1_57' title='bbox 1088 982 1442 1049; x_wconf 84' lang='lat' dir='ltr'><strong>adserebant,</strong></span> <span class='ocrx_word' id='word_1_58' title='bbox 1489 999 1554 1038; x_wconf 92' lang='lat' dir='ltr'><strong>eo</strong></span> <span class='ocrx_word' id='word_1_59' title='bbox 1597 982 1737 1051; x_wconf 90' lang='lat' dir='ltr'><strong>quod</strong></span> <span class='ocrx_word' id='word_1_60' title='bbox 1782 980 2095 1036; x_wconf 89' lang='lat' dir='ltr'><strong>Ermelenus</strong></span> 
     </span>
    </p>
   </div>
   <div class='ocr_carea' id='block_1_11' title="bbox 502 1074 2095 1150">
    <p class='ocr_par' dir='ltr' id='par_1_11' title="bbox 502 1074 2095 1150">
     <span class='ocr_line' id='line_1_11' title="bbox 502 1074 2095 1150; baseline -0.001 -19"><span class='ocrx_word' id='word_1_61' title='bbox 502 1076 773 1150; x_wconf 87' lang='lat' dir='ltr'><strong>quondam</strong></span> <span class='ocrx_word' id='word_1_62' title='bbox 794 1116 809 1139; x_wconf 92' lang='lat'><strong>,</strong></span> <span class='ocrx_word' id='word_1_63' title='bbox 838 1077 921 1130; x_wconf 86' lang='lat' dir='ltr'><strong>vel</strong></span> <span class='ocrx_word' id='word_1_64' title='bbox 949 1076 1089 1130; x_wconf 81' lang='lat' dir='ltr'><strong>illius</strong></span> <span class='ocrx_word' id='word_1_65' title='bbox 1115 1090 1241 1130; x_wconf 89' lang='lat' dir='ltr'><strong>suos</strong></span> <span class='ocrx_word' id='word_1_66' title='bbox 1265 1075 1451 1131; x_wconf 87' lang='lat' dir='ltr'><strong>Goddo</strong></span> <span class='ocrx_word' id='word_1_67' title='bbox 1479 1077 1529 1129; x_wconf 90' lang='lat' dir='ltr'><strong>iu</strong></span> <span class='ocrx_word' id='word_1_68' title='bbox 1559 1091 1673 1146; x_wconf 90' lang='lat' dir='ltr'><strong>ger.</strong></span> <span class='ocrx_word' id='word_1_69' title='bbox 1694 1113 1711 1129; x_wconf 92' lang='lat'><strong>.</strong></span> <span class='ocrx_word' id='word_1_70' title='bbox 1735 1114 1750 1129; x_wconf 96' lang='lat'><strong>.</strong></span> <span class='ocrx_word' id='word_1_71' title='bbox 1772 1114 1788 1130; x_wconf 91' lang='lat'><strong>.</strong></span> <span class='ocrx_word' id='word_1_72' title='bbox 1817 1074 2095 1129; x_wconf 78' lang='lat' dir='ltr'><strong>eracliario</strong></span> 
     </span>
    </p>
   </div>
   <div class='ocr_carea' id='block_1_12' title="bbox 500 1163 2097 1235">
    <p class='ocr_par' dir='ltr' id='par_1_12' title="bbox 500 1163 2097 1235">
     <span class='ocr_line' id='line_1_12' title="bbox 500 1163 2097 1235; baseline -0.004 -10"><span class='ocrx_word' id='word_1_73' title='bbox 500 1167 875 1225; x_wconf 81' lang='lat' dir='ltr'><strong>contradicere</strong></span> <span class='ocrx_word' id='word_1_74' title='bbox 894 1206 908 1221; x_wconf 95' lang='lat'><strong>.</strong></span> <span class='ocrx_word' id='word_1_75' title='bbox 929 1208 943 1222; x_wconf 93' lang='lat'><strong>.</strong></span> <span class='ocrx_word' id='word_1_76' title='bbox 968 1207 982 1221; x_wconf 97' lang='lat'><strong>.</strong></span> <span class='ocrx_word' id='word_1_77' title='bbox 1005 1205 1018 1219; x_wconf 94' lang='lat'><strong>.</strong></span> <span class='ocrx_word' id='word_1_78' title='bbox 1042 1166 1231 1229; x_wconf 88' lang='lat' dir='ltr'><strong>debet,</strong></span> <span class='ocrx_word' id='word_1_79' title='bbox 1260 1167 1349 1235; x_wconf 86' lang='lat' dir='ltr'><strong>qui</strong></span> <span class='ocrx_word' id='word_1_80' title='bbox 1386 1167 1732 1221; x_wconf 79' lang='lat' dir='ltr'><strong>Beracliarius</strong></span> <span class='ocrx_word' id='word_1_81' title='bbox 1762 1174 1982 1219; x_wconf 86' lang='lat' dir='ltr'><strong>econtra</strong></span> <span class='ocrx_word' id='word_1_82' title='bbox 2012 1163 2097 1219; x_wconf 92' lang='lat' dir='ltr'><strong>di-</strong></span> 
     </span>
    </p>
   </div>
   <div class='ocr_carea' id='block_1_13' title="bbox 503 1258 2097 1329">
    <p class='ocr_par' dir='ltr' id='par_1_13' title="bbox 503 1258 2097 1329">
     <span class='ocr_line' id='line_1_13' title="bbox 503 1258 2097 1329; baseline -0.004 -12"><span class='ocrx_word' id='word_1_83' title='bbox 503 1262 699 1324; x_wconf 88' lang='lat' dir='ltr'><strong>cebat,</strong></span> <span class='ocrx_word' id='word_1_84' title='bbox 731 1275 796 1315; x_wconf 91' lang='lat' dir='ltr'><strong>eo</strong></span> <span class='ocrx_word' id='word_1_85' title='bbox 822 1260 963 1327; x_wconf 90' lang='lat' dir='ltr'><strong>quod</strong></span> <span class='ocrx_word' id='word_1_86' title='bbox 1008 1260 1075 1313; x_wconf 91' lang='lat' dir='ltr'><strong>ab</strong></span> <span class='ocrx_word' id='word_1_87' title='bbox 1116 1260 1234 1329; x_wconf 86' lang='lat' dir='ltr'><strong>ipso</strong></span> <span class='ocrx_word' id='word_1_88' title='bbox 1282 1260 1566 1314; x_wconf 88' lang='lat' dir='ltr'><strong>Ermeleno</strong></span> <span class='ocrx_word' id='word_1_89' title='bbox 1613 1258 1665 1312; x_wconf 93' lang='lat' dir='ltr'><strong>in</strong></span> <span class='ocrx_word' id='word_1_90' title='bbox 1712 1260 1955 1326; x_wconf 75' lang='lat' dir='ltr'><strong>geniture</strong></span> <span class='ocrx_word' id='word_1_91' title='bbox 1998 1272 2097 1312; x_wconf 92' lang='lat' dir='ltr'><strong>suo</strong></span> 
     </span>
    </p>
   </div>
   <div class='ocr_carea' id='block_1_14' title="bbox 503 1351 2097 1423">
    <p class='ocr_par' dir='ltr' id='par_1_14' title="bbox 503 1351 2097 1423">
     <span class='ocr_line' id='line_1_14' title="bbox 503 1351 2097 1423; baseline -0.003 -12"><span class='ocrx_word' id='word_1_92' title='bbox 503 1354 706 1412; x_wconf 81' lang='lat' dir='ltr'><strong>exinde</strong></span> <span class='ocrx_word' id='word_1_93' title='bbox 744 1354 967 1423; x_wconf 90' lang='lat' dir='ltr'><strong>epistola</strong></span> <span class='ocrx_word' id='word_1_94' title='bbox 1011 1353 1317 1408; x_wconf 88' lang='lat' dir='ltr'><strong>donationis</strong></span> <span class='ocrx_word' id='word_1_95' title='bbox 1358 1353 1521 1408; x_wconf 81' lang='lat' dir='ltr'><strong>fuisse</strong></span> <span class='ocrx_word' id='word_1_96' title='bbox 1561 1352 1892 1419; x_wconf 88' lang='lat' dir='ltr'><strong>conscripta,</strong></span> <span class='ocrx_word' id='word_1_97' title='bbox 1936 1362 1990 1407; x_wconf 88' lang='lat' dir='ltr'><strong>et</strong></span> <span class='ocrx_word' id='word_1_98' title='bbox 2027 1351 2097 1407; x_wconf 90' lang='lat' dir='ltr'><strong>ob</strong></span> 
     </span>
    </p>
   </div>
   <div class='ocr_carea' id='block_1_15' title="bbox 507 1446 2097 1518">
    <p class='ocr_par' dir='ltr' id='par_1_15' title="bbox 507 1446 2097 1518">
     <span class='ocr_line' id='line_1_15' title="bbox 507 1446 2097 1518; baseline -0.003 -15"><span class='ocrx_word' id='word_1_99' title='bbox 507 1446 613 1504; x_wconf 86' lang='lat' dir='ltr'><strong>hoc</strong></span> <span class='ocrx_word' id='word_1_100' title='bbox 662 1449 775 1518; x_wconf 92' lang='lat' dir='ltr'><strong>ipsa</strong></span> <span class='ocrx_word' id='word_1_101' title='bbox 828 1447 1107 1503; x_wconf 83' lang='lat' dir='ltr'><strong>heredetas</strong></span> <span class='ocrx_word' id='word_1_102' title='bbox 1151 1447 1217 1503; x_wconf 91' lang='lat' dir='ltr'><strong>ad</strong></span> <span class='ocrx_word' id='word_1_103' title='bbox 1262 1448 1449 1503; x_wconf 89' lang='lat' dir='ltr'><strong>eodem</strong></span> <span class='ocrx_word' id='word_1_104' title='bbox 1496 1447 1861 1516; x_wconf 87' lang='lat' dir='ltr'><strong>pervenissit:</strong></span> <span class='ocrx_word' id='word_1_105' title='bbox 1907 1446 2002 1502; x_wconf 89' lang='lat' dir='ltr'><strong>sed</strong></span> <span class='ocrx_word' id='word_1_106' title='bbox 2046 1446 2097 1500; x_wconf 92' lang='lat' dir='ltr'><strong>in</strong></span> 
     </span>
    </p>
   </div>
   <div class='ocr_carea' id='block_1_16' title="bbox 503 1538 2101 1609">
    <p class='ocr_par' dir='ltr' id='par_1_16' title="bbox 503 1538 2101 1609">
     <span class='ocr_line' id='line_1_16' title="bbox 503 1538 2101 1609; baseline -0.003 -13"><span class='ocrx_word' id='word_1_107' title='bbox 503 1540 739 1609; x_wconf 91' lang='lat' dir='ltr'><strong>presenti</strong></span> <span class='ocrx_word' id='word_1_108' title='bbox 767 1538 988 1594; x_wconf 82' lang='lat' dir='ltr'><strong>antelati</strong></span> <span class='ocrx_word' id='word_1_109' title='bbox 1019 1542 1226 1609; x_wconf 83' lang='lat' dir='ltr'><strong>agentis</strong></span> <span class='ocrx_word' id='word_1_110' title='bbox 1254 1539 1436 1594; x_wconf 89' lang='lat' dir='ltr'><strong>domui</strong></span> <span class='ocrx_word' id='word_1_111' title='bbox 1465 1539 1717 1593; x_wconf 91' lang='lat' dir='ltr'><strong>Dioninse</strong></span> <span class='ocrx_word' id='word_1_112' title='bbox 1750 1539 2101 1605; x_wconf 84' lang='lat' dir='ltr'><strong>precepcione</strong></span> 
     </span>
    </p>
   </div>
   <div class='ocr_carea' id='block_1_17' title="bbox 499 1634 2101 1701">
    <p class='ocr_par' dir='ltr' id='par_1_17' title="bbox 499 1634 2101 1701">
     <span class='ocr_line' id='line_1_17' title="bbox 499 1634 2101 1701; baseline -0.004 -8"><span class='ocrx_word' id='word_1_113' title='bbox 499 1635 677 1693; x_wconf 83' lang='lat' dir='ltr'><strong>incliti</strong></span> <span class='ocrx_word' id='word_1_114' title='bbox 701 1636 1087 1692; x_wconf 69' lang='lat' dir='ltr'><strong>fecordationis</strong></span> <span class='ocrx_word' id='word_1_115' title='bbox 1110 1637 1290 1689; x_wconf 88' lang='lat' dir='ltr'><strong>domui</strong></span> <span class='ocrx_word' id='word_1_116' title='bbox 1318 1645 1368 1688; x_wconf 88' lang='lat' dir='ltr'><strong>et</strong></span> <span class='ocrx_word' id='word_1_117' title='bbox 1390 1636 1651 1701; x_wconf 74' lang='lat' dir='ltr'><strong>genituris</strong></span> <span class='ocrx_word' id='word_1_118' title='bbox 1676 1636 1838 1688; x_wconf 87' lang='lat' dir='ltr'><strong>nostri</strong></span> <span class='ocrx_word' id='word_1_119' title='bbox 1863 1634 2101 1689; x_wconf 82' lang='lat' dir='ltr'><strong>Citlodo-</strong></span> 
     </span>
    </p>
   </div>
   <div class='ocr_carea' id='block_1_18' title="bbox 503 1729 2096 1801">
    <p class='ocr_par' dir='ltr' id='par_1_18' title="bbox 503 1729 2096 1801">
     <span class='ocr_line' id='line_1_18' title="bbox 503 1729 2096 1801; baseline -0.003 -16"><span class='ocrx_word' id='word_1_120' title='bbox 503 1731 608 1787; x_wconf 87' lang='lat' dir='ltr'><strong>viei</strong></span> <span class='ocrx_word' id='word_1_121' title='bbox 630 1774 642 1795; x_wconf 88' lang='lat'><strong>,</strong></span> <span class='ocrx_word' id='word_1_122' title='bbox 673 1730 941 1801; x_wconf 76' lang='lat' dir='ltr'><strong>quondam</strong></span> <span class='ocrx_word' id='word_1_123' title='bbox 969 1729 1112 1799; x_wconf 88' lang='lat' dir='ltr'><strong>regis</strong></span> <span class='ocrx_word' id='word_1_124' title='bbox 1138 1729 1492 1799; x_wconf 87' lang='lat' dir='ltr'><strong>protullerunt</strong></span> <span class='ocrx_word' id='word_1_125' title='bbox 1513 1730 1870 1794; x_wconf 83' lang='lat' dir='ltr'><strong>.recensenda,</strong></span> <span class='ocrx_word' id='word_1_126' title='bbox 1902 1729 2096 1783; x_wconf 92' lang='lat' dir='ltr'><strong>ubi</strong></span> 
     </span>
    </p>
   </div>
   <div class='ocr_carea' id='block_1_19' title="bbox 506 1818 2099 1892">
    <p class='ocr_par' dir='ltr' id='par_1_19' title="bbox 506 1818 2099 1892">
     <span class='ocr_line' id='line_1_19' title="bbox 506 1818 2099 1892; baseline -0.004 -15"><span class='ocrx_word' id='word_1_127' title='bbox 506 1821 798 1879; x_wconf 91' lang='lat' dir='ltr'><strong>Ermeleno</strong></span> <span class='ocrx_word' id='word_1_128' title='bbox 815 1864 828 1877; x_wconf 93' lang='lat'><strong>.</strong></span> <span class='ocrx_word' id='word_1_129' title='bbox 854 1860 868 1875; x_wconf 94' lang='lat'><strong>.</strong></span> <span class='ocrx_word' id='word_1_130' title='bbox 889 1858 905 1876; x_wconf 91' lang='lat'><strong>.</strong></span> <span class='ocrx_word' id='word_1_131' title='bbox 924 1858 939 1875; x_wconf 94' lang='lat'><strong>.</strong></span> <span class='ocrx_word' id='word_1_132' title='bbox 961 1821 1140 1892; x_wconf 86' lang='lat' dir='ltr'><strong>(Mab.</strong></span> <span class='ocrx_word' id='word_1_133' title='bbox 1165 1860 1178 1874; x_wconf 93' lang='lat'><strong>.</strong></span> <span class='ocrx_word' id='word_1_134' title='bbox 1198 1859 1214 1876; x_wconf 95' lang='lat'><strong>.</strong></span> <span class='ocrx_word' id='word_1_135' title='bbox 1232 1860 1246 1875; x_wconf 94' lang='lat'><strong>.</strong></span> <span class='ocrx_word' id='word_1_136' title='bbox 1270 1860 1283 1874; x_wconf 97' lang='lat'><strong>.</strong></span> <span class='ocrx_word' id='word_1_137' title='bbox 1309 1820 1537 1889; x_wconf 76' lang='lat' dir='ltr'><strong>eceptio)</strong></span> <span class='ocrx_word' id='word_1_138' title='bbox 1562 1821 1870 1875; x_wconf 71' lang='lat' dir='ltr'><strong>conteniliat</strong></span> <span class='ocrx_word' id='word_1_139' title='bbox 1889 1861 1903 1883; x_wconf 95' lang='lat'><strong>,</strong></span> <span class='ocrx_word' id='word_1_140' title='bbox 1928 1829 1985 1873; x_wconf 88' lang='lat' dir='ltr'><strong>ut</strong></span> <span class='ocrx_word' id='word_1_141' title='bbox 2010 1818 2099 1873; x_wconf 93' lang='lat' dir='ltr'><strong>ubi</strong></span> 
     </span>
    </p>
   </div>
   <div class='ocr_carea' id='block_1_20' title="bbox 496 1911 2101 1979">
    <p class='ocr_par' dir='ltr' id='par_1_20' title="bbox 496 1911 2101 1979">
     <span class='ocr_line' id='line_1_20' title="bbox 496 1911 2101 1979; baseline -0.002 -9"><span class='ocrx_word' id='word_1_142' title='bbox 496 1922 561 1970; x_wconf 75' lang='lat' dir='ltr'><strong>et</strong></span> <span class='ocrx_word' id='word_1_143' title='bbox 586 1913 678 1968; x_wconf 89' lang='lat' dir='ltr'><strong>ubi</strong></span> <span class='ocrx_word' id='word_1_144' title='bbox 706 1913 797 1968; x_wconf 93' lang='lat' dir='ltr'><strong>ille</strong></span> <span class='ocrx_word' id='word_1_145' title='bbox 818 1952 832 1968; x_wconf 94' lang='lat'><strong>.</strong></span> <span class='ocrx_word' id='word_1_146' title='bbox 854 1952 902 1969; x_wconf 92' lang='lat'><strong>..</strong></span> <span class='ocrx_word' id='word_1_147' title='bbox 925 1952 940 1967; x_wconf 90' lang='lat'><strong>.</strong></span> <span class='ocrx_word' id='word_1_148' title='bbox 967 1912 1287 1968; x_wconf 87' lang='lat' dir='ltr'><strong>Ermelenus</strong></span> <span class='ocrx_word' id='word_1_149' title='bbox 1315 1912 1371 1967; x_wconf 90' lang='lat' dir='ltr'><strong>in</strong></span> <span class='ocrx_word' id='word_1_150' title='bbox 1400 1912 1664 1966; x_wconf 86' lang='lat' dir='ltr'><strong>Beroaldo</strong></span> <span class='ocrx_word' id='word_1_151' title='bbox 1694 1911 2101 1979; x_wconf 69' lang='lat' dir='ltr'><strong>lieretlebusque</strong></span> 
     </span>
    </p>
   </div>
   <div class='ocr_carea' id='block_1_21' title="bbox 507 2004 2097 2072">
    <p class='ocr_par' dir='ltr' id='par_1_21' title="bbox 507 2004 2097 2072">
     <span class='ocr_line' id='line_1_21' title="bbox 507 2004 2097 2072; baseline -0.002 -12"><span class='ocrx_word' id='word_1_152' title='bbox 507 2006 623 2065; x_wconf 83' lang='lat' dir='ltr'><strong>suis</strong></span> <span class='ocrx_word' id='word_1_153' title='bbox 657 2006 873 2068; x_wconf 85' lang='lat' dir='ltr'><strong>licerat,</strong></span> <span class='ocrx_word' id='word_1_154' title='bbox 908 2005 1292 2059; x_wconf 87' lang='lat' dir='ltr'><strong>inveuibantur</strong></span> <span class='ocrx_word' id='word_1_155' title='bbox 1322 2019 1518 2058; x_wconf 84' lang='lat' dir='ltr'><strong>vacuas</strong></span> <span class='ocrx_word' id='word_1_156' title='bbox 1551 2015 1602 2059; x_wconf 90' lang='lat' dir='ltr'><strong>et</strong></span> <span class='ocrx_word' id='word_1_157' title='bbox 1635 2004 1811 2057; x_wconf 86' lang='lat' dir='ltr'><strong>inanis</strong></span> <span class='ocrx_word' id='word_1_158' title='bbox 1842 2018 2097 2072; x_wconf 84' lang='lat' dir='ltr'><strong>perman-</strong></span> 
     </span>
    </p>
   </div>
   <div class='ocr_carea' id='block_1_22' title="bbox 509 2096 2101 2163">
    <p class='ocr_par' dir='ltr' id='par_1_22' title="bbox 509 2096 2101 2163">
     <span class='ocr_line' id='line_1_22' title="bbox 509 2096 2101 2163; baseline -0.001 -12"><span class='ocrx_word' id='word_1_159' title='bbox 509 2096 708 2163; x_wconf 87' lang='lat' dir='ltr'><strong>sirent,</strong></span> <span class='ocrx_word' id='word_1_160' title='bbox 741 2105 796 2152; x_wconf 90' lang='lat' dir='ltr'><strong>et</strong></span> <span class='ocrx_word' id='word_1_161' title='bbox 824 2097 1027 2151; x_wconf 89' lang='lat' dir='ltr'><strong>nullum</strong></span> <span class='ocrx_word' id='word_1_162' title='bbox 1058 2097 1381 2151; x_wconf 87' lang='lat' dir='ltr'><strong>sortirentur</strong></span> <span class='ocrx_word' id='word_1_163' title='bbox 1412 2096 1696 2160; x_wconf 77' lang='lat' dir='ltr'><strong>ellectum;</strong></span> <span class='ocrx_word' id='word_1_164' title='bbox 1730 2096 1824 2151; x_wconf 91' lang='lat' dir='ltr'><strong>sed</strong></span> <span class='ocrx_word' id='word_1_165' title='bbox 1858 2096 2101 2151; x_wconf 86' lang='lat' dir='ltr'><strong>ubicum-</strong></span> 
     </span>
    </p>
   </div>
   <div class='ocr_carea' id='block_1_23' title="bbox 511 2188 2102 2258">
    <p class='ocr_par' dir='ltr' id='par_1_23' title="bbox 511 2188 2102 2258">
     <span class='ocr_line' id='line_1_23' title="bbox 511 2188 2102 2258; baseline 0 -14"><span class='ocrx_word' id='word_1_166' title='bbox 511 2205 617 2258; x_wconf 91' lang='lat' dir='ltr'><strong>que</strong></span> <span class='ocrx_word' id='word_1_167' title='bbox 673 2190 975 2245; x_wconf 89' lang='lat' dir='ltr'><strong>antedictus</strong></span> <span class='ocrx_word' id='word_1_168' title='bbox 1031 2191 1348 2246; x_wconf 84' lang='lat' dir='ltr'><strong>Ermelenus</strong></span> <span class='ocrx_word' id='word_1_169' title='bbox 1400 2193 1481 2249; x_wconf 86' lang='lat' dir='ltr'><strong>vel</strong></span> <span class='ocrx_word' id='word_1_170' title='bbox 1541 2191 1680 2244; x_wconf 87' lang='lat' dir='ltr'><strong>lilins</strong></span> <span class='ocrx_word' id='word_1_171' title='bbox 1731 2204 1858 2244; x_wconf 89' lang='lat' dir='ltr'><strong>suos</strong></span> <span class='ocrx_word' id='word_1_172' title='bbox 1912 2188 2102 2245; x_wconf 90' lang='lat' dir='ltr'><strong>Goddo</strong></span> 
     </span>
    </p>
   </div>
   <div class='ocr_carea' id='block_1_24' title="bbox 507 2280 2099 2349">
    <p class='ocr_par' dir='ltr' id='par_1_24' title="bbox 507 2280 2099 2349">
     <span class='ocr_line' id='line_1_24' title="bbox 507 2280 2099 2349; baseline -0.003 -13"><span class='ocrx_word' id='word_1_173' title='bbox 507 2296 694 2336; x_wconf 88' lang='lat' dir='ltr'><strong>eorum</strong></span> <span class='ocrx_word' id='word_1_174' title='bbox 728 2281 1033 2337; x_wconf 75' lang='lat' dir='ltr'><strong>facultatem</strong></span> <span class='ocrx_word' id='word_1_175' title='bbox 1080 2282 1211 2337; x_wconf 72' lang='lat' dir='ltr'><strong>dare</strong></span> <span class='ocrx_word' id='word_1_176' title='bbox 1250 2291 1342 2335; x_wconf 87' lang='lat' dir='ltr'><strong>aut</strong></span> <span class='ocrx_word' id='word_1_177' title='bbox 1385 2281 1761 2349; x_wconf 87' lang='lat' dir='ltr'><strong>derelinquere</strong></span> <span class='ocrx_word' id='word_1_178' title='bbox 1807 2280 2099 2348; x_wconf 81' lang='lat' dir='ltr'><strong>vellibant,</strong></span> 
     </span>
    </p>
   </div>
   <div class='ocr_carea' id='block_1_25' title="bbox 510 2371 2102 2441">
    <p class='ocr_par' dir='ltr' id='par_1_25' title="bbox 510 2371 2102 2441">
     <span class='ocr_line' id='line_1_25' title="bbox 510 2371 2102 2441; baseline -0.001 -14"><span class='ocrx_word' id='word_1_179' title='bbox 510 2371 733 2427; x_wconf 89' lang='lat' dir='ltr'><strong>liberum</strong></span> <span class='ocrx_word' id='word_1_180' title='bbox 765 2388 828 2429; x_wconf 81' lang='lat' dir='ltr'><strong>ex</strong></span> <span class='ocrx_word' id='word_1_181' title='bbox 866 2374 1125 2439; x_wconf 78' lang='lat' dir='ltr'><strong>permisso</strong></span> <span class='ocrx_word' id='word_1_182' title='bbox 1154 2372 1393 2441; x_wconf 91' lang='lat' dir='ltr'><strong>predicto</strong></span> <span class='ocrx_word' id='word_1_183' title='bbox 1436 2374 1686 2441; x_wconf 88' lang='lat' dir='ltr'><strong>princepe</strong></span> <span class='ocrx_word' id='word_1_184' title='bbox 1731 2373 1978 2427; x_wconf 84' lang='lat' dir='ltr'><strong>habirent</strong></span> <span class='ocrx_word' id='word_1_185' title='bbox 2014 2386 2102 2426; x_wconf 85' lang='lat' dir='ltr'><strong>ar-</strong></span> 
     </span>
    </p>
   </div>
   <div class='ocr_carea' id='block_1_26' title="bbox 507 2463 2104 2533">
    <p class='ocr_par' dir='ltr' id='par_1_26' title="bbox 507 2463 2104 2533">
     <span class='ocr_line' id='line_1_26' title="bbox 507 2463 2104 2533; baseline 0.001 -16"><span class='ocrx_word' id='word_1_186' title='bbox 507 2464 747 2519; x_wconf 85' lang='lat' dir='ltr'><strong>bitrium.</strong></span> <span class='ocrx_word' id='word_1_187' title='bbox 778 2464 883 2520; x_wconf 91' lang='lat' dir='ltr'><strong>Sed</strong></span> <span class='ocrx_word' id='word_1_188' title='bbox 914 2464 1208 2519; x_wconf 86' lang='lat' dir='ltr'><strong>dummodo</strong></span> <span class='ocrx_word' id='word_1_189' title='bbox 1238 2465 1377 2519; x_wconf 88' lang='lat' dir='ltr'><strong>inter</strong></span> <span class='ocrx_word' id='word_1_190' title='bbox 1408 2480 1466 2518; x_wconf 89' lang='lat' dir='ltr'><strong>se</strong></span> <span class='ocrx_word' id='word_1_191' title='bbox 1498 2463 1550 2517; x_wconf 88' lang='lat' dir='ltr'><strong>lo</strong></span> <span class='ocrx_word' id='word_1_192' title='bbox 1574 2504 1589 2517; x_wconf 94' lang='lat'><strong>.</strong></span> <span class='ocrx_word' id='word_1_193' title='bbox 1611 2504 1625 2519; x_wconf 95' lang='lat'><strong>.</strong></span> <span class='ocrx_word' id='word_1_194' title='bbox 1647 2504 1660 2517; x_wconf 92' lang='lat'><strong>.</strong></span> <span class='ocrx_word' id='word_1_195' title='bbox 1687 2466 1735 2529; x_wconf 92' lang='lat'><strong>.(</strong></span> <span class='ocrx_word' id='word_1_196' title='bbox 1763 2465 1932 2533; x_wconf 77' lang='lat' dir='ltr'><strong>foret)</strong></span> <span class='ocrx_word' id='word_1_197' title='bbox 1958 2474 2011 2520; x_wconf 91' lang='lat' dir='ltr'><strong>et</strong></span> <span class='ocrx_word' id='word_1_198' title='bbox 2037 2466 2104 2519; x_wconf 90' lang='lat' dir='ltr'><strong>de</strong></span> 
     </span>
    </p>
   </div>
   <div class='ocr_carea' id='block_1_27' title="bbox 507 2556 2100 2628">
    <p class='ocr_par' dir='ltr' id='par_1_27' title="bbox 507 2556 2100 2628">
     <span class='ocr_line' id='line_1_27' title="bbox 507 2556 2100 2628; baseline 0 -16"><span class='ocrx_word' id='word_1_199' title='bbox 507 2556 731 2616; x_wconf 69' lang='lat' dir='ltr'><strong>i....iat</strong></span> <span class='ocrx_word' id='word_1_200' title='bbox 760 2557 978 2628; x_wconf 79' lang='lat' dir='ltr'><strong>(desunt</strong></span> <span class='ocrx_word' id='word_1_201' title='bbox 1005 2559 1141 2626; x_wconf 88' lang='lat' dir='ltr'><strong>apud</strong></span> <span class='ocrx_word' id='word_1_202' title='bbox 1167 2556 1394 2627; x_wconf 83' lang='lat' dir='ltr'><strong>Mabill.)</strong></span> <span class='ocrx_word' id='word_1_203' title='bbox 1427 2572 1679 2612; x_wconf 87' lang='lat' dir='ltr'><strong>revocare</strong></span> <span class='ocrx_word' id='word_1_204' title='bbox 1710 2556 2100 2612; x_wconf 67' lang='lat' dir='ltr'><strong>dominium...</strong></span> 
     </span>
    </p>
   </div>
   <div class='ocr_carea' id='block_1_28' title="bbox 512 2650 2106 2722">
    <p class='ocr_par' dir='ltr' id='par_1_28' title="bbox 512 2650 2106 2722">
     <span class='ocr_line' id='line_1_28' title="bbox 512 2650 2106 2722; baseline 0 -17"><span class='ocrx_word' id='word_1_205' title='bbox 512 2654 651 2722; x_wconf 84' lang='lat' dir='ltr'><strong>parti</strong></span> <span class='ocrx_word' id='word_1_206' title='bbox 686 2652 1038 2707; x_wconf 83' lang='lat' dir='ltr'><strong>Beracharius</strong></span> <span class='ocrx_word' id='word_1_207' title='bbox 1065 2653 1348 2721; x_wconf 88' lang='lat' dir='ltr'><strong>episcopus</strong></span> <span class='ocrx_word' id='word_1_208' title='bbox 1380 2668 1443 2705; x_wconf 88' lang='lat' dir='ltr'><strong>ex</strong></span> <span class='ocrx_word' id='word_1_209' title='bbox 1488 2652 1597 2721; x_wconf 65' lang='lat' dir='ltr'><strong>ipsa</strong></span> <span class='ocrx_word' id='word_1_210' title='bbox 1628 2652 1874 2705; x_wconf 81' lang='lat' dir='ltr'><strong>facultate</strong></span> <span class='ocrx_word' id='word_1_211' title='bbox 1906 2650 2106 2719; x_wconf 82' lang='lat' dir='ltr'><strong>absque</strong></span> 
     </span>
    </p>
   </div>
   <div class='ocr_carea' id='block_1_29' title="bbox 510 2743 2105 2815">
    <p class='ocr_par' dir='ltr' id='par_1_29' title="bbox 510 2743 2105 2815">
     <span class='ocr_line' id='line_1_29' title="bbox 510 2743 2105 2815; baseline -0.002 -15"><span class='ocrx_word' id='word_1_212' title='bbox 510 2745 894 2815; x_wconf 88' lang='lat' dir='ltr'><strong>repeticionem</strong></span> <span class='ocrx_word' id='word_1_213' title='bbox 938 2757 1187 2815; x_wconf 86' lang='lat' dir='ltr'><strong>agentum</strong></span> <span class='ocrx_word' id='word_1_214' title='bbox 1236 2744 1458 2813; x_wconf 88' lang='lat' dir='ltr'><strong>predicti</strong></span> <span class='ocrx_word' id='word_1_215' title='bbox 1489 2743 1825 2797; x_wconf 80' lang='lat' dir='ltr'><strong>mouastliirii</strong></span> <span class='ocrx_word' id='word_1_216' title='bbox 1855 2744 1918 2795; x_wconf 87' lang='lat' dir='ltr'><strong>ad</strong></span> <span class='ocrx_word' id='word_1_217' title='bbox 1950 2759 2105 2797; x_wconf 88' lang='lat' dir='ltr'><strong>suum</strong></span> 
     </span>
    </p>
   </div>
   <div class='ocr_carea' id='block_1_30' title="bbox 512 2834 2105 2907">
    <p class='ocr_par' dir='ltr' id='par_1_30' title="bbox 512 2834 2105 2907">
     <span class='ocr_line' id='line_1_30' title="bbox 512 2834 2105 2907; baseline -0.002 -17"><span class='ocrx_word' id='word_1_218' title='bbox 512 2836 633 2907; x_wconf 87' lang='lat' dir='ltr'><strong>jure</strong></span> <span class='ocrx_word' id='word_1_219' title='bbox 674 2850 933 2893; x_wconf 87' lang='lat' dir='ltr'><strong>revocare</strong></span> <span class='ocrx_word' id='word_1_220' title='bbox 971 2836 1223 2891; x_wconf 88' lang='lat' dir='ltr'><strong>deberit:</strong></span> <span class='ocrx_word' id='word_1_221' title='bbox 1270 2836 1409 2907; x_wconf 91' lang='lat' dir='ltr'><strong>quod</strong></span> <span class='ocrx_word' id='word_1_222' title='bbox 1454 2847 1506 2889; x_wconf 89' lang='lat' dir='ltr'><strong>et</strong></span> <span class='ocrx_word' id='word_1_223' title='bbox 1551 2836 1602 2889; x_wconf 94' lang='lat' dir='ltr'><strong>in</strong></span> <span class='ocrx_word' id='word_1_224' title='bbox 1646 2835 1879 2905; x_wconf 67' lang='lat' dir='ltr'><strong>presenti</strong></span> <span class='ocrx_word' id='word_1_225' title='bbox 1906 2834 2105 2904; x_wconf 87' lang='lat' dir='ltr'><strong>judicia</strong></span> 
     </span>
    </p>
   </div>
   <div class='ocr_carea' id='block_1_31' title="bbox 511 2926 2105 2997">
    <p class='ocr_par' dir='ltr' id='par_1_31' title="bbox 511 2926 2105 2997">
     <span class='ocr_line' id='line_1_31' title="bbox 511 2926 2105 2997; baseline -0.002 -14"><span class='ocrx_word' id='word_1_226' title='bbox 511 2938 694 2984; x_wconf 88' lang='lat' dir='ltr'><strong>nostra</strong></span> <span class='ocrx_word' id='word_1_227' title='bbox 724 2938 980 2995; x_wconf 87' lang='lat' dir='ltr'><strong>utrasque</strong></span> <span class='ocrx_word' id='word_1_228' title='bbox 1010 2930 1174 2996; x_wconf 89' lang='lat' dir='ltr'><strong>partis</strong></span> <span class='ocrx_word' id='word_1_229' title='bbox 1204 2943 1299 2997; x_wconf 92' lang='lat' dir='ltr'><strong>pro</strong></span> <span class='ocrx_word' id='word_1_230' title='bbox 1328 2927 1543 2982; x_wconf 87' lang='lat' dir='ltr'><strong>calcada</strong></span> <span class='ocrx_word' id='word_1_231' title='bbox 1589 2926 1755 2995; x_wconf 81' lang='lat' dir='ltr'><strong>(Mab.</strong></span> <span class='ocrx_word' id='word_1_232' title='bbox 1790 2926 2061 2981; x_wconf 64' lang='lat' dir='ltr'><strong>‘calcanda</strong></span> <span class='ocrx_word' id='word_1_233' title='bbox 2086 2926 2105 2997; x_wconf 96' lang='lat'><strong>)</strong></span> 
     </span>
    </p>
   </div>
   <div class='ocr_carea' id='block_1_32' title="bbox 513 3020 2103 3089">
    <p class='ocr_par' dir='ltr' id='par_1_32' title="bbox 513 3020 2103 3089">
     <span class='ocr_line' id='line_1_32' title="bbox 513 3020 2103 3089; baseline 0 -15"><span class='ocrx_word' id='word_1_234' title='bbox 513 3021 636 3085; x_wconf 89' lang='lat' dir='ltr'><strong>lite,</strong></span> <span class='ocrx_word' id='word_1_235' title='bbox 667 3021 781 3075; x_wconf 88' lang='lat' dir='ltr'><strong>vise</strong></span> <span class='ocrx_word' id='word_1_236' title='bbox 810 3021 1024 3075; x_wconf 87' lang='lat' dir='ltr'><strong>luerunt</strong></span> <span class='ocrx_word' id='word_1_237' title='bbox 1052 3022 1343 3089; x_wconf 90' lang='lat' dir='ltr'><strong>accepisse.</strong></span> <span class='ocrx_word' id='word_1_238' title='bbox 1380 3020 1485 3077; x_wconf 88' lang='lat' dir='ltr'><strong>Sed</strong></span> <span class='ocrx_word' id='word_1_239' title='bbox 1516 3021 1641 3074; x_wconf 89' lang='lat' dir='ltr'><strong>dum</strong></span> <span class='ocrx_word' id='word_1_240' title='bbox 1672 3022 1725 3075; x_wconf 91' lang='lat' dir='ltr'><strong>in</strong></span> <span class='ocrx_word' id='word_1_241' title='bbox 1768 3021 1881 3089; x_wconf 84' lang='lat' dir='ltr'><strong>ipsa</strong></span> <span class='ocrx_word' id='word_1_242' title='bbox 1914 3036 2103 3075; x_wconf 87' lang='lat' dir='ltr'><strong>causa-</strong></span> 
     </span>
    </p>
   </div>
   <div class='ocr_carea' id='block_1_33' title="bbox 512 3112 2102 3184">
    <p class='ocr_par' dir='ltr' id='par_1_33' title="bbox 512 3112 2102 3184">
     <span class='ocr_line' id='line_1_33' title="bbox 512 3112 2102 3184; baseline 0.001 -15"><span class='ocrx_word' id='word_1_243' title='bbox 512 3112 669 3169; x_wconf 86' lang='lat' dir='ltr'><strong>cione</strong></span> <span class='ocrx_word' id='word_1_244' title='bbox 712 3112 1086 3179; x_wconf 86' lang='lat' dir='ltr'><strong>intenderent,</strong></span> <span class='ocrx_word' id='word_1_245' title='bbox 1134 3115 1350 3168; x_wconf 83' lang='lat' dir='ltr'><strong>veniens</strong></span> <span class='ocrx_word' id='word_1_246' title='bbox 1391 3128 1455 3169; x_wconf 83' lang='lat' dir='ltr'><strong>ex</strong></span> <span class='ocrx_word' id='word_1_247' title='bbox 1501 3130 1668 3182; x_wconf 91' lang='lat' dir='ltr'><strong>pro..</strong></span> <span class='ocrx_word' id='word_1_248' title='bbox 1694 3116 1960 3184; x_wconf 82' lang='lat' dir='ltr'><strong>..ltotuo,</strong></span> <span class='ocrx_word' id='word_1_249' title='bbox 2008 3131 2102 3171; x_wconf 89' lang='lat' dir='ltr'><strong>no-</strong></span> 
     </span>
    </p>
   </div>
   <div class='ocr_carea' id='block_1_34' title="bbox 515 3202 2099 3275">
    <p class='ocr_par' dir='ltr' id='par_1_34' title="bbox 515 3202 2099 3275">
     <span class='ocr_line' id='line_1_34' title="bbox 515 3202 2099 3275; baseline 0.001 -16"><span class='ocrx_word' id='word_1_250' title='bbox 515 3218 674 3259; x_wconf 88' lang='lat' dir='ltr'><strong>meue</strong></span> <span class='ocrx_word' id='word_1_251' title='bbox 702 3202 1071 3271; x_wconf 83' lang='lat' dir='ltr'><strong>Madroaldus,</strong></span> <span class='ocrx_word' id='word_1_252' title='bbox 1100 3206 1448 3274; x_wconf 89' lang='lat' dir='ltr'><strong>presentebus</strong></span> <span class='ocrx_word' id='word_1_253' title='bbox 1477 3207 1853 3275; x_wconf 87' lang='lat' dir='ltr'><strong>suprascriptis</strong></span> <span class='ocrx_word' id='word_1_254' title='bbox 1883 3205 2099 3261; x_wconf 81' lang='lat' dir='ltr'><strong>viris....</strong></span> 
     </span>
    </p>
   </div>
   <div class='ocr_carea' id='block_1_35' title="bbox 518 3294 2107 3365">
    <p class='ocr_par' dir='ltr' id='par_1_35' title="bbox 518 3294 2107 3365">
     <span class='ocr_line' id='line_1_35' title="bbox 518 3294 2107 3365; baseline 0.004 -20"><span class='ocrx_word' id='word_1_255' title='bbox 518 3294 660 3365; x_wconf 90' lang='lat' dir='ltr'><strong>quod</strong></span> <span class='ocrx_word' id='word_1_256' title='bbox 690 3294 755 3349; x_wconf 95' lang='lat' dir='ltr'><strong>de</strong></span> <span class='ocrx_word' id='word_1_257' title='bbox 786 3294 988 3363; x_wconf 90' lang='lat' dir='ltr'><strong>predict</strong></span> <span class='ocrx_word' id='word_1_258' title='bbox 1008 3334 1021 3349; x_wconf 91' lang='lat'><strong>.</strong></span> <span class='ocrx_word' id='word_1_259' title='bbox 1046 3338 1061 3353; x_wconf 97' lang='lat'><strong>.</strong></span> <span class='ocrx_word' id='word_1_260' title='bbox 1084 3332 1097 3347; x_wconf 92' lang='lat'><strong>.</strong></span> <span class='ocrx_word' id='word_1_261' title='bbox 1119 3334 1134 3350; x_wconf 95' lang='lat'><strong>.</strong></span> <span class='ocrx_word' id='word_1_262' title='bbox 1182 3294 1357 3350; x_wconf 81' lang='lat' dir='ltr'><strong>fecere</strong></span> <span class='ocrx_word' id='word_1_263' title='bbox 1407 3310 1678 3365; x_wconf 81' lang='lat' dir='ltr'><strong>suprascr.</strong></span> <span class='ocrx_word' id='word_1_264' title='bbox 1699 3335 1713 3350; x_wconf 94' lang='lat'><strong>.</strong></span> <span class='ocrx_word' id='word_1_265' title='bbox 1733 3335 1749 3349; x_wconf 93' lang='lat'><strong>.</strong></span> <span class='ocrx_word' id='word_1_266' title='bbox 1768 3335 1781 3353; x_wconf 90' lang='lat'><strong>.</strong></span> <span class='ocrx_word' id='word_1_267' title='bbox 1830 3297 1943 3351; x_wconf 86' lang='lat' dir='ltr'><strong>loca</strong></span> <span class='ocrx_word' id='word_1_268' title='bbox 1994 3298 2107 3352; x_wconf 83' lang='lat' dir='ltr'><strong>Ma-</strong></span> 
     </span>
    </p>
   </div>
   <div class='ocr_carea' id='block_1_36' title="bbox 512 3388 2101 3458">
    <p class='ocr_par' dir='ltr' id='par_1_36' title="bbox 512 3388 2101 3458">
     <span class='ocr_line' id='line_1_36' title="bbox 512 3388 2101 3458; baseline -0.001 -13"><span class='ocrx_word' id='word_1_269' title='bbox 512 3388 735 3445; x_wconf 81' lang='lat' dir='ltr'><strong>droaldo</strong></span> <span class='ocrx_word' id='word_1_270' title='bbox 749 3390 861 3444; x_wconf 87' lang='lat' dir='ltr'><strong>viro</strong></span> <span class='ocrx_word' id='word_1_271' title='bbox 883 3388 1106 3447; x_wconf 88' lang='lat' dir='ltr'><strong>dedissit</strong></span> <span class='ocrx_word' id='word_1_272' title='bbox 1122 3430 1136 3445; x_wconf 93' lang='lat'><strong>.</strong></span> <span class='ocrx_word' id='word_1_273' title='bbox 1160 3429 1174 3444; x_wconf 95' lang='lat'><strong>.</strong></span> <span class='ocrx_word' id='word_1_274' title='bbox 1199 3430 1213 3444; x_wconf 92' lang='lat'><strong>.</strong></span> <span class='ocrx_word' id='word_1_275' title='bbox 1234 3429 1248 3444; x_wconf 93' lang='lat'><strong>.</strong></span> <span class='ocrx_word' id='word_1_276' title='bbox 1269 3391 1360 3445; x_wconf 88' lang='lat' dir='ltr'><strong>sed</strong></span> <span class='ocrx_word' id='word_1_277' title='bbox 1386 3389 1438 3445; x_wconf 92' lang='lat' dir='ltr'><strong>in</strong></span> <span class='ocrx_word' id='word_1_278' title='bbox 1459 3391 1690 3456; x_wconf 88' lang='lat' dir='ltr'><strong>presenti</strong></span> <span class='ocrx_word' id='word_1_279' title='bbox 1716 3390 1987 3458; x_wconf 81' lang='lat' dir='ltr'><strong>professus</strong></span> <span class='ocrx_word' id='word_1_280' title='bbox 2001 3399 2101 3458; x_wconf 86' lang='lat' dir='ltr'><strong>est,</strong></span> 
     </span>
    </p>
   </div>
   <div class='ocr_carea' id='block_1_37' title="bbox 514 3481 2108 3551">
    <p class='ocr_par' dir='ltr' id='par_1_37' title="bbox 514 3481 2108 3551">
     <span class='ocr_line' id='line_1_37' title="bbox 514 3481 2108 3551; baseline -0.001 -15"><span class='ocrx_word' id='word_1_281' title='bbox 514 3481 659 3551; x_wconf 88' lang='lat' dir='ltr'><strong>quod</strong></span> <span class='ocrx_word' id='word_1_282' title='bbox 702 3482 844 3551; x_wconf 87' lang='lat' dir='ltr'><strong>ipsas</strong></span> <span class='ocrx_word' id='word_1_283' title='bbox 889 3482 1043 3534; x_wconf 86' lang='lat' dir='ltr'><strong>villas</strong></span> <span class='ocrx_word' id='word_1_284' title='bbox 1092 3498 1184 3549; x_wconf 89' lang='lat' dir='ltr'><strong>per</strong></span> <span class='ocrx_word' id='word_1_285' title='bbox 1228 3483 1550 3537; x_wconf 88' lang='lat' dir='ltr'><strong>vindicionis</strong></span> <span class='ocrx_word' id='word_1_286' title='bbox 1601 3483 1839 3548; x_wconf 88' lang='lat' dir='ltr'><strong>titolum,</strong></span> <span class='ocrx_word' id='word_1_287' title='bbox 1888 3492 2108 3550; x_wconf 90' lang='lat' dir='ltr'><strong>accepta</strong></span> 
     </span>
    </p>
   </div>
   <div class='ocr_carea' id='block_1_38' title="bbox 514 3572 2105 3646">
    <p class='ocr_par' dir='ltr' id='par_1_38' title="bbox 514 3572 2105 3646">
     <span class='ocr_line' id='line_1_38' title="bbox 514 3572 2105 3646; baseline 0.001 -18"><span class='ocrx_word' id='word_1_288' title='bbox 514 3588 609 3629; x_wconf 77' lang='lat' dir='ltr'><strong>suo</strong></span> <span class='ocrx_word' id='word_1_289' title='bbox 647 3574 869 3643; x_wconf 86' lang='lat' dir='ltr'><strong>pecunia</strong></span> <span class='ocrx_word' id='word_1_290' title='bbox 897 3572 1263 3640; x_wconf 76' lang='lat' dir='ltr'><strong>distraxerat;</strong></span> <span class='ocrx_word' id='word_1_291' title='bbox 1298 3575 1647 3643; x_wconf 82' lang='lat' dir='ltr'><strong>suprascript.</strong></span> <span class='ocrx_word' id='word_1_292' title='bbox 1692 3576 1898 3646; x_wconf 87' lang='lat' dir='ltr'><strong>agentis</strong></span> <span class='ocrx_word' id='word_1_293' title='bbox 1935 3577 2105 3629; x_wconf 87' lang='lat' dir='ltr'><strong>sancti</strong></span> 
     </span>
    </p>
   </div>
   <div class='ocr_carea' id='block_1_39' title="bbox 513 3666 2109 3737">
    <p class='ocr_par' dir='ltr' id='par_1_39' title="bbox 513 3666 2109 3737">
     <span class='ocr_line' id='line_1_39' title="bbox 513 3666 2109 3737; baseline 0.003 -15"><span class='ocrx_word' id='word_1_294' title='bbox 513 3666 698 3722; x_wconf 87' lang='lat' dir='ltr'><strong>domui</strong></span> <span class='ocrx_word' id='word_1_295' title='bbox 749 3666 1003 3721; x_wconf 87' lang='lat' dir='ltr'><strong>Dioniuse</strong></span> <span class='ocrx_word' id='word_1_296' title='bbox 1052 3667 1105 3722; x_wconf 89' lang='lat' dir='ltr'><strong>in</strong></span> <span class='ocrx_word' id='word_1_297' title='bbox 1150 3669 1386 3737; x_wconf 88' lang='lat' dir='ltr'><strong>presenti</strong></span> <span class='ocrx_word' id='word_1_298' title='bbox 1434 3669 1751 3722; x_wconf 85' lang='lat' dir='ltr'><strong>asserebant</strong></span> <span class='ocrx_word' id='word_1_299' title='bbox 1800 3671 1940 3736; x_wconf 90' lang='lat' dir='ltr'><strong>quod</strong></span> <span class='ocrx_word' id='word_1_300' title='bbox 1992 3670 2109 3726; x_wconf 86' lang='lat' dir='ltr'><strong>illas</strong></span> 
     </span>
    </p>
   </div>
   <div class='ocr_carea' id='block_1_40' title="bbox 521 3760 2108 3830">
    <p class='ocr_par' dir='ltr' id='par_1_40' title="bbox 521 3760 2108 3830">
     <span class='ocr_line' id='line_1_40' title="bbox 521 3760 2108 3830; baseline 0.001 -15"><span class='ocrx_word' id='word_1_301' title='bbox 521 3760 659 3816; x_wconf 84' lang='lat' dir='ltr'><strong>duas</strong></span> <span class='ocrx_word' id='word_1_302' title='bbox 705 3769 884 3828; x_wconf 88' lang='lat' dir='ltr'><strong>partes</strong></span> <span class='ocrx_word' id='word_1_303' title='bbox 913 3760 980 3816; x_wconf 91' lang='lat' dir='ltr'><strong>de</strong></span> <span class='ocrx_word' id='word_1_304' title='bbox 1012 3760 1264 3829; x_wconf 88' lang='lat' dir='ltr'><strong>predictis</strong></span> <span class='ocrx_word' id='word_1_305' title='bbox 1290 3761 1548 3826; x_wconf 88' lang='lat' dir='ltr'><strong>villabus,</strong></span> <span class='ocrx_word' id='word_1_306' title='bbox 1582 3761 1722 3830; x_wconf 87' lang='lat' dir='ltr'><strong>quod</strong></span> <span class='ocrx_word' id='word_1_307' title='bbox 1759 3761 2108 3817; x_wconf 82' lang='lat' dir='ltr'><strong>Beracltarius</strong></span> 
     </span>
    </p>
   </div>
   <div class='ocr_carea' id='block_1_41' title="bbox 519 3851 2109 3923">
    <p class='ocr_par' dir='ltr' id='par_1_41' title="bbox 519 3851 2109 3923">
     <span class='ocr_line' id='line_1_41' title="bbox 519 3851 2109 3923; baseline 0.003 -18"><span class='ocrx_word' id='word_1_308' title='bbox 519 3851 856 3918; x_wconf 86' lang='lat' dir='ltr'><strong>vindedirat,</strong></span> <span class='ocrx_word' id='word_1_309' title='bbox 891 3852 1119 3919; x_wconf 88' lang='lat' dir='ltr'><strong>recipire</strong></span> <span class='ocrx_word' id='word_1_310' title='bbox 1149 3853 1388 3908; x_wconf 85' lang='lat' dir='ltr'><strong>vellibat.</strong></span> <span class='ocrx_word' id='word_1_311' title='bbox 1420 3853 1526 3909; x_wconf 90' lang='lat' dir='ltr'><strong>Sed</strong></span> <span class='ocrx_word' id='word_1_312' title='bbox 1558 3852 1612 3908; x_wconf 90' lang='lat' dir='ltr'><strong>in</strong></span> <span class='ocrx_word' id='word_1_313' title='bbox 1660 3863 1913 3923; x_wconf 89' lang='lat' dir='ltr'><strong>quantum</strong></span> <span class='ocrx_word' id='word_1_314' title='bbox 1960 3856 2109 3909; x_wconf 88' lang='lat' dir='ltr'><strong>inlu-</strong></span> 
     </span>
    </p>
   </div>
   <div class='ocr_carea' id='block_1_42' title="bbox 517 3946 2106 4018">
    <p class='ocr_par' dir='ltr' id='par_1_42' title="bbox 517 3946 2106 4018">
     <span class='ocr_line' id='line_1_42' title="bbox 517 3946 2106 4018; baseline 0.001 -17"><span class='ocrx_word' id='word_1_315' title='bbox 517 3954 630 4001; x_wconf 88' lang='lat' dir='ltr'><strong>ster</strong></span> <span class='ocrx_word' id='word_1_316' title='bbox 684 3947 766 4001; x_wconf 87' lang='lat' dir='ltr'><strong>vir</strong></span> <span class='ocrx_word' id='word_1_317' title='bbox 803 3947 1218 4014; x_wconf 77' lang='lat' dir='ltr'><strong>Cliadoloaldus,</strong></span> <span class='ocrx_word' id='word_1_318' title='bbox 1261 3946 1430 4005; x_wconf 90' lang='lat' dir='ltr'><strong>comis</strong></span> <span class='ocrx_word' id='word_1_319' title='bbox 1462 3951 1571 4018; x_wconf 86' lang='lat' dir='ltr'><strong>pal.</strong></span> <span class='ocrx_word' id='word_1_320' title='bbox 1614 3949 1781 4005; x_wconf 87' lang='lat' dir='ltr'><strong>nostri</strong></span> <span class='ocrx_word' id='word_1_321' title='bbox 1813 3950 1964 4003; x_wconf 84' lang='lat' dir='ltr'><strong>nobis</strong></span> <span class='ocrx_word' id='word_1_322' title='bbox 1984 3989 1997 4003; x_wconf 92' lang='lat'><strong>.</strong></span> <span class='ocrx_word' id='word_1_323' title='bbox 2021 3990 2034 4003; x_wconf 94' lang='lat'><strong>.</strong></span> <span class='ocrx_word' id='word_1_324' title='bbox 2056 3987 2071 4002; x_wconf 91' lang='lat'><strong>.</strong></span> <span class='ocrx_word' id='word_1_325' title='bbox 2091 3986 2106 4003; x_wconf 90' lang='lat'><strong>.</strong></span> 
     </span>
    </p>
   </div>
   <div class='ocr_carea' id='block_1_43' title="bbox 527 4042 2109 4111">
    <p class='ocr_par' dir='ltr' id='par_1_43' title="bbox 527 4042 2109 4111">
     <span class='ocr_line' id='line_1_43' title="bbox 527 4042 2109 4111; baseline 0.003 -16"><span class='ocrx_word' id='word_1_326' title='bbox 527 4042 732 4111; x_wconf 81' lang='lat' dir='ltr'><strong>absque</strong></span> <span class='ocrx_word' id='word_1_327' title='bbox 759 4056 885 4111; x_wconf 90' lang='lat' dir='ltr'><strong>resp</strong></span> <span class='ocrx_word' id='word_1_328' title='bbox 905 4084 919 4096; x_wconf 94' lang='lat'><strong>.</strong></span> <span class='ocrx_word' id='word_1_329' title='bbox 943 4082 955 4096; x_wconf 97' lang='lat'><strong>.</strong></span> <span class='ocrx_word' id='word_1_330' title='bbox 977 4082 990 4097; x_wconf 90' lang='lat'><strong>.</strong></span> <span class='ocrx_word' id='word_1_331' title='bbox 1016 4082 1029 4096; x_wconf 92' lang='lat'><strong>.</strong></span> <span class='ocrx_word' id='word_1_332' title='bbox 1058 4059 1160 4110; x_wconf 88' lang='lat' dir='ltr'><strong>que</strong></span> <span class='ocrx_word' id='word_1_333' title='bbox 1190 4044 1485 4099; x_wconf 80' lang='lat' dir='ltr'><strong>heredebus</strong></span> <span class='ocrx_word' id='word_1_334' title='bbox 1515 4045 1634 4099; x_wconf 93' lang='lat' dir='ltr'><strong>vel.</strong></span> <span class='ocrx_word' id='word_1_335' title='bbox 1659 4084 1673 4101; x_wconf 97' lang='lat'><strong>.</strong></span> <span class='ocrx_word' id='word_1_336' title='bbox 1698 4084 1712 4097; x_wconf 90' lang='lat'><strong>.</strong></span> <span class='ocrx_word' id='word_1_337' title='bbox 1736 4084 1749 4097; x_wconf 94' lang='lat'><strong>.</strong></span> <span class='ocrx_word' id='word_1_338' title='bbox 1778 4060 1872 4098; x_wconf 87' lang='lat' dir='ltr'><strong>sco</strong></span> <span class='ocrx_word' id='word_1_339' title='bbox 1901 4045 2109 4111; x_wconf 82' lang='lat' dir='ltr'><strong>agentis</strong></span> 
     </span>
    </p>
   </div>
   <div class='ocr_carea' id='block_1_44' title="bbox 517 4132 2107 4201">
    <p class='ocr_par' dir='ltr' id='par_1_44' title="bbox 517 4132 2107 4201">
     <span class='ocr_line' id='line_1_44' title="bbox 517 4132 2107 4201; baseline 0 -14"><span class='ocrx_word' id='word_1_340' title='bbox 517 4133 702 4187; x_wconf 88' lang='lat' dir='ltr'><strong>domui</strong></span> <span class='ocrx_word' id='word_1_341' title='bbox 728 4132 980 4190; x_wconf 88' lang='lat' dir='ltr'><strong>Dioninse</strong></span> <span class='ocrx_word' id='word_1_342' title='bbox 1008 4134 1218 4200; x_wconf 87' lang='lat' dir='ltr'><strong>habeat,</strong></span> <span class='ocrx_word' id='word_1_343' title='bbox 1247 4134 1576 4191; x_wconf 82' lang='lat' dir='ltr'><strong>evindicaret</strong></span> <span class='ocrx_word' id='word_1_344' title='bbox 1602 4137 1653 4189; x_wconf 91' lang='lat' dir='ltr'><strong>in</strong></span> <span class='ocrx_word' id='word_1_345' title='bbox 1684 4137 1854 4201; x_wconf 78' lang='lat' dir='ltr'><strong>villas,</strong></span> <span class='ocrx_word' id='word_1_346' title='bbox 1885 4136 1933 4189; x_wconf 93' lang='lat' dir='ltr'><strong>id</strong></span> <span class='ocrx_word' id='word_1_347' title='bbox 1957 4144 2107 4201; x_wconf 90' lang='lat' dir='ltr'><strong>sunt,</strong></span> 
     </span>
    </p>
   </div>
   <div class='ocr_carea' id='block_1_45' title="bbox 528 4222 2111 4294">
    <p class='ocr_par' dir='ltr' id='par_1_45' title="bbox 528 4222 2111 4294">
     <span class='ocr_line' id='line_1_45' title="bbox 528 4222 2111 4294; baseline 0.002 -16"><span class='ocrx_word' id='word_1_348' title='bbox 528 4222 903 4293; x_wconf 83' lang='lat' dir='ltr'><strong>Simplicciaco</strong></span> <span class='ocrx_word' id='word_1_349' title='bbox 924 4266 941 4292; x_wconf 89' lang='lat'><strong>,</strong></span> <span class='ocrx_word' id='word_1_350' title='bbox 972 4224 1271 4293; x_wconf 88' lang='lat' dir='ltr'><strong>Tauriaco,</strong></span> <span class='ocrx_word' id='word_1_351' title='bbox 1301 4227 1602 4294; x_wconf 85' lang='lat' dir='ltr'><strong>Stupellas,</strong></span> <span class='ocrx_word' id='word_1_352' title='bbox 1635 4226 1977 4293; x_wconf 86' lang='lat' dir='ltr'><strong>Flaviniaco,</strong></span> <span class='ocrx_word' id='word_1_353' title='bbox 2008 4225 2111 4281; x_wconf 84' lang='lat' dir='ltr'><strong>Po-</strong></span> 
     </span>
    </p>
   </div>
   <div class='ocr_carea' id='block_1_46' title="bbox 522 4316 2107 4389">
    <p class='ocr_par' dir='ltr' id='par_1_46' title="bbox 522 4316 2107 4389">
     <span class='ocr_line' id='line_1_46' title="bbox 522 4316 2107 4389; baseline 0.002 -18"><span class='ocrx_word' id='word_1_354' title='bbox 522 4316 882 4383; x_wconf 81' lang='lat' dir='ltr'><strong>ciusciniaco,</strong></span> <span class='ocrx_word' id='word_1_355' title='bbox 914 4317 1287 4374; x_wconf 84' lang='lat' dir='ltr'><strong>Vassurecurti</strong></span> <span class='ocrx_word' id='word_1_356' title='bbox 1307 4359 1323 4383; x_wconf 91' lang='lat'><strong>,</strong></span> <span class='ocrx_word' id='word_1_357' title='bbox 1357 4319 1649 4389; x_wconf 90' lang='lat' dir='ltr'><strong>Burgonno</strong></span> <span class='ocrx_word' id='word_1_358' title='bbox 1669 4360 1687 4386; x_wconf 91' lang='lat'><strong>,</strong></span> <span class='ocrx_word' id='word_1_359' title='bbox 1718 4318 2107 4389; x_wconf 79' lang='lat' dir='ltr'><strong>Alintummas,</strong></span> 
     </span>
    </p>
   </div>
   <div class='ocr_carea' id='block_1_47' title="bbox 523 4408 2109 4478">
    <p class='ocr_par' dir='ltr' id='par_1_47' title="bbox 523 4408 2109 4478">
     <span class='ocr_line' id='line_1_47' title="bbox 523 4408 2109 4478; baseline -0.001 -12"><span class='ocrx_word' id='word_1_360' title='bbox 523 4408 821 4477; x_wconf 84' lang='lat' dir='ltr'><strong>Sastivale,</strong></span> <span class='ocrx_word' id='word_1_361' title='bbox 853 4408 1233 4476; x_wconf 87' lang='lat' dir='ltr'><strong>Cambariaco,</strong></span> <span class='ocrx_word' id='word_1_362' title='bbox 1282 4409 1566 4478; x_wconf 88' lang='lat' dir='ltr'><strong>Bursiaco,</strong></span> <span class='ocrx_word' id='word_1_363' title='bbox 1597 4408 1821 4464; x_wconf 86' lang='lat' dir='ltr'><strong>Coriaco</strong></span> <span class='ocrx_word' id='word_1_364' title='bbox 1862 4418 1917 4465; x_wconf 92' lang='lat' dir='ltr'><strong>et</strong></span> <span class='ocrx_word' id='word_1_365' title='bbox 1960 4411 2109 4465; x_wconf 82' lang='lat' dir='ltr'><strong>Mun-</strong></span> 
     </span>
    </p>
   </div>
   <div class='ocr_carea' id='block_1_48' title="bbox 518 4503 2186 4593">
    <p class='ocr_par' dir='ltr' id='par_1_48' title="bbox 518 4503 2186 4593">
     <span class='ocr_line' id='line_1_48' title="bbox 518 4503 2186 4593; baseline 0 -35"><span class='ocrx_word' id='word_1_366' title='bbox 518 4505 672 4559; x_wconf 90' lang='lat' dir='ltr'><strong>ciaco</strong></span> <span class='ocrx_word' id='word_1_367' title='bbox 700 4507 829 4559; x_wconf 89' lang='lat' dir='ltr'><strong>sitas</strong></span> <span class='ocrx_word' id='word_1_368' title='bbox 860 4505 912 4559; x_wconf 93' lang='lat' dir='ltr'><strong>in</strong></span> <span class='ocrx_word' id='word_1_369' title='bbox 946 4519 1112 4575; x_wconf 84' lang='lat' dir='ltr'><strong>pagus</strong></span> <span class='ocrx_word' id='word_1_370' title='bbox 1138 4504 1605 4571; x_wconf 86' lang='lat' dir='ltr'><strong>Cinnomannico,</strong></span> <span class='ocrx_word' id='word_1_371' title='bbox 1649 4504 1951 4569; x_wconf 80' lang='lat' dir='ltr'><strong>Andicavo,</strong></span> <span class='ocrx_word' id='word_1_372' title='bbox 1994 4503 2104 4558; x_wconf 86' lang='lat' dir='ltr'><strong>Ro-</strong></span> <span class='ocrx_word' id='word_1_373' title='bbox 2135 4534 2186 4593; x_wconf 73' lang='grc' dir='ltr'>ι)</span> 
     </span>
    </p>
   </div>
   <div class='ocr_carea' id='block_1_49' title="bbox 513 4592 2106 4667">
    <p class='ocr_par' dir='ltr' id='par_1_49' title="bbox 513 4592 2106 4667">
     <span class='ocr_line' id='line_1_49' title="bbox 513 4592 2106 4667; baseline -0.001 -19"><span class='ocrx_word' id='word_1_374' title='bbox 513 4594 692 4650; x_wconf 90' lang='lat' dir='ltr'><strong>donuo</strong></span> <span class='ocrx_word' id='word_1_375' title='bbox 722 4592 893 4666; x_wconf 67' lang='grc' dir='ltr'><strong>(Μαι).</strong></span> <span class='ocrx_word' id='word_1_376' title='bbox 926 4593 1228 4667; x_wconf 78' lang='lat' dir='ltr'><strong>Rodonico)</strong></span> <span class='ocrx_word' id='word_1_377' title='bbox 1260 4605 1313 4650; x_wconf 88' lang='lat' dir='ltr'><strong>et</strong></span> <span class='ocrx_word' id='word_1_378' title='bbox 1340 4595 1508 4650; x_wconf 81' lang='lat' dir='ltr'><strong>Musla</strong></span> <span class='ocrx_word' id='word_1_379' title='bbox 1541 4612 1553 4647; x_wconf 88' lang='lat'>:</span> <span class='ocrx_word' id='word_1_380' title='bbox 1581 4594 1721 4649; x_wconf 90' lang='lat' dir='ltr'><strong>unde</strong></span> <span class='ocrx_word' id='word_1_381' title='bbox 1749 4595 1803 4649; x_wconf 92' lang='lat' dir='ltr'><strong>in</strong></span> <span class='ocrx_word' id='word_1_382' title='bbox 1834 4594 2106 4649; x_wconf 88' lang='lat' dir='ltr'><strong>causacio—</strong></span> 
     </span>
    </p>
   </div>
   <div class='ocr_carea' id='block_1_50' title="bbox 589 4728 2109 4796">
    <p class='ocr_par' dir='ltr' id='par_1_50' title="bbox 589 4728 2109 4796">
     <span class='ocr_line' id='line_1_50' title="bbox 589 4728 2109 4796; baseline 0 -14"><span class='ocrx_word' id='word_1_383' title='bbox 589 4738 615 4765; x_wconf 70' lang='grc' dir='ltr'><strong>ιι</strong></span> <span class='ocrx_word' id='word_1_384' title='bbox 655 4729 936 4796; x_wconf 84' lang='lat' dir='ltr'><strong>Vulgatum</strong></span> <span class='ocrx_word' id='word_1_385' title='bbox 966 4745 997 4784; x_wconf 87' lang='lat' dir='ltr'><strong>a</strong></span> <span class='ocrx_word' id='word_1_386' title='bbox 1025 4729 1348 4796; x_wconf 81' lang='lat' dir='ltr'><strong>Mabillouio,</strong></span> <span class='ocrx_word' id='word_1_387' title='bbox 1374 4729 1443 4783; x_wconf 80' lang='lat' dir='ltr'><strong>(le</strong></span> <span class='ocrx_word' id='word_1_388' title='bbox 1468 4729 1549 4784; x_wconf 85' lang='lat' dir='ltr'><strong>Re</strong></span> <span class='ocrx_word' id='word_1_389' title='bbox 1571 4728 1704 4794; x_wconf 89' lang='lat' dir='ltr'><strong>dipl.</strong></span> <span class='ocrx_word' id='word_1_390' title='bbox 1732 4729 1841 4781; x_wconf 83' lang='lat' dir='ltr'><strong>tab.</strong></span> <span class='ocrx_word' id='word_1_391' title='bbox 1873 4742 2023 4792; x_wconf 86' lang='lat' dir='ltr'><strong>xvm,</strong></span> <span class='ocrx_word' id='word_1_392' title='bbox 2055 4735 2109 4782; x_wconf 89' lang='lat' dir='ltr'><strong>et</strong></span> 
     </span>
    </p>
   </div>
   <div class='ocr_carea' id='block_1_51' title="bbox 516 4797 2109 4870">
    <p class='ocr_par' dir='ltr' id='par_1_51' title="bbox 516 4797 2109 4870">
     <span class='ocr_line' id='line_1_51' title="bbox 516 4797 2109 4870; baseline 0 -17"><span class='ocrx_word' id='word_1_393' title='bbox 516 4815 637 4870; x_wconf 86' lang='lat' dir='ltr'><strong>pag.</strong></span> <span class='ocrx_word' id='word_1_394' title='bbox 678 4797 803 4865; x_wconf 74' lang='lat'><strong>378,</strong></span> <span class='ocrx_word' id='word_1_395' title='bbox 844 4800 934 4869; x_wconf 91' lang='lat' dir='ltr'><strong>qui</strong></span> <span class='ocrx_word' id='word_1_396' title='bbox 976 4811 1180 4870; x_wconf 89' lang='lat' dir='ltr'><strong>partem</strong></span> <span class='ocrx_word' id='word_1_397' title='bbox 1223 4801 1339 4868; x_wconf 87' lang='lat' dir='ltr'><strong>ejus</strong></span> <span class='ocrx_word' id='word_1_398' title='bbox 1382 4798 1754 4869; x_wconf 86' lang='lat' dir='ltr'><strong>Merovingicis</strong></span> <span class='ocrx_word' id='word_1_399' title='bbox 1781 4797 1984 4870; x_wconf 89' lang='lat' dir='ltr'><strong>litteris</strong></span> <span class='ocrx_word' id='word_1_400' title='bbox 2014 4798 2109 4853; x_wconf 67' lang='lat' dir='ltr'><strong>aeri</strong></span> 
     </span>
    </p>
   </div>
   <div class='ocr_carea' id='block_1_52' title="bbox 515 4868 2111 4941">
    <p class='ocr_par' dir='ltr' id='par_1_52' title="bbox 515 4868 2111 4941">
     <span class='ocr_line' id='line_1_52' title="bbox 515 4868 2111 4941; baseline 0.001 -16"><span class='ocrx_word' id='word_1_401' title='bbox 515 4868 679 4926; x_wconf 82' lang='lat' dir='ltr'><strong>incidi</strong></span> <span class='ocrx_word' id='word_1_402' title='bbox 711 4868 919 4925; x_wconf 77' lang='lat' dir='ltr'><strong>curavit</strong></span> <span class='ocrx_word' id='word_1_403' title='bbox 940 4910 956 4935; x_wconf 94' lang='lat'><strong>,</strong></span> <span class='ocrx_word' id='word_1_404' title='bbox 976 4868 1104 4925; x_wconf 60' lang='lat' dir='ltr'><strong>&#39;tum</strong></span> <span class='ocrx_word' id='word_1_405' title='bbox 1135 4871 1390 4941; x_wconf 91' lang='lat' dir='ltr'><strong>quidquid</strong></span> <span class='ocrx_word' id='word_1_406' title='bbox 1421 4886 1489 4926; x_wconf 83' lang='lat' dir='ltr'><strong>ex</strong></span> <span class='ocrx_word' id='word_1_407' title='bbox 1519 4868 1849 4941; x_wconf 78' lang='lat' dir='ltr'><strong>autOgrapho</strong></span> <span class='ocrx_word' id='word_1_408' title='bbox 1876 4871 2111 4941; x_wconf 82' lang='lat' dir='ltr'><strong>corticeo</strong></span> 
     </span>
    </p>
   </div>
   <div class='ocr_carea' id='block_1_53' title="bbox 514 4940 2105 5011">
    <p class='ocr_par' dir='ltr' id='par_1_53' title="bbox 514 4940 2105 5011">
     <span class='ocr_line' id='line_1_53' title="bbox 514 4940 2105 5011; baseline -0.001 -14"><span class='ocrx_word' id='word_1_409' title='bbox 514 4942 830 4997; x_wconf 88' lang='lat' dir='ltr'><strong>semilacero</strong></span> <span class='ocrx_word' id='word_1_410' title='bbox 858 4942 1053 4997; x_wconf 91' lang='lat' dir='ltr'><strong>elicere</strong></span> <span class='ocrx_word' id='word_1_411' title='bbox 1095 4940 1298 5011; x_wconf 81' lang='lat' dir='ltr'><strong>potuit,</strong></span> <span class='ocrx_word' id='word_1_412' title='bbox 1340 4941 1645 5011; x_wconf 78' lang='lat' dir='ltr'><strong>vulgaribus</strong></span> <span class='ocrx_word' id='word_1_413' title='bbox 1692 4940 1881 5011; x_wconf 85' lang='lat' dir='ltr'><strong>litteris</strong></span> <span class='ocrx_word' id='word_1_414' title='bbox 1922 4940 2105 4995; x_wconf 89' lang='lat' dir='ltr'><strong>edidit.</strong></span> 
     </span>
    </p>
   </div>
   <div class='ocr_carea' id='block_1_54' title="bbox 517 5010 2109 5080">
    <p class='ocr_par' dir='ltr' id='par_1_54' title="bbox 517 5010 2109 5080">
     <span class='ocr_line' id='line_1_54' title="bbox 517 5010 2109 5080; baseline -0.003 -11"><span class='ocrx_word' id='word_1_415' title='bbox 517 5013 784 5069; x_wconf 82' lang='lat' dir='ltr'><strong>Recusum</strong></span> <span class='ocrx_word' id='word_1_416' title='bbox 832 5028 862 5067; x_wconf 86' lang='lat' dir='ltr'><strong>a</strong></span> <span class='ocrx_word' id='word_1_417' title='bbox 911 5010 1209 5080; x_wconf 86' lang='lat' dir='ltr'><strong>Felibiano,</strong></span> <span class='ocrx_word' id='word_1_418' title='bbox 1264 5014 1320 5067; x_wconf 92' lang='lat' dir='ltr'><strong>in</strong></span> <span class='ocrx_word' id='word_1_419' title='bbox 1373 5010 1599 5067; x_wconf 81' lang='lat' dir='ltr'><strong>Historia</strong></span> <span class='ocrx_word' id='word_1_420' title='bbox 1646 5010 1875 5065; x_wconf 66' lang='lat' dir='ltr'><strong>abbatiaa</strong></span> <span class='ocrx_word' id='word_1_421' title='bbox 1924 5012 2109 5065; x_wconf 83' lang='lat' dir='ltr'><strong>Sancti</strong></span> 
     </span>
    </p>
   </div>
   <div class='ocr_carea' id='block_1_55' title="bbox 518 5080 2109 5156">
    <p class='ocr_par' dir='ltr' id='par_1_55' title="bbox 518 5080 2109 5156">
     <span class='ocr_line' id='line_1_55' title="bbox 518 5080 2109 5156; baseline -0.006 -16"><span class='ocrx_word' id='word_1_422' title='bbox 518 5084 794 5156; x_wconf 60' lang='lat' dir='ltr'><strong>Dionysii,</strong></span> <span class='ocrx_word' id='word_1_423' title='bbox 826 5084 981 5156; x_wconf 88' lang='lat' dir='ltr'><strong>prob.</strong></span> <span class='ocrx_word' id='word_1_424' title='bbox 1014 5098 1134 5153; x_wconf 90' lang='lat' dir='ltr'><strong>pag.</strong></span> <span class='ocrx_word' id='word_1_425' title='bbox 1160 5084 1226 5152; x_wconf 87' lang='lat'><strong>6;</strong></span> <span class='ocrx_word' id='word_1_426' title='bbox 1271 5083 1404 5156; x_wconf 72' lang='lat' dir='ltr'><strong>etin</strong></span> <span class='ocrx_word' id='word_1_427' title='bbox 1434 5080 1761 5156; x_wconf 56' lang='lat' dir='ltr'><strong>Collectioue</strong></span> <span class='ocrx_word' id='word_1_428' title='bbox 1788 5080 2109 5156; x_wconf 76' lang='lat' dir='ltr'><strong>scriptorum</strong></span> 
     </span>
    </p>
   </div>
   <div class='ocr_carea' id='block_1_56' title="bbox 519 5152 2113 5224">
    <p class='ocr_par' dir='ltr' id='par_1_56' title="bbox 519 5152 2113 5224">
     <span class='ocr_line' id='line_1_56' title="bbox 519 5152 2113 5224; baseline -0.003 -13"><span class='ocrx_word' id='word_1_429' title='bbox 519 5152 701 5211; x_wconf 81' lang='lat' dir='ltr'><strong>rerum</strong></span> <span class='ocrx_word' id='word_1_430' title='bbox 741 5152 1153 5220; x_wconf 82' lang='lat' dir='ltr'><strong>Francicarum,</strong></span> <span class='ocrx_word' id='word_1_431' title='bbox 1196 5166 1235 5210; x_wconf 93' lang='lat' dir='ltr'><strong>t.</strong></span> <span class='ocrx_word' id='word_1_432' title='bbox 1269 5154 1360 5221; x_wconf 84' lang='lat' dir='ltr'><strong>IV,</strong></span> <span class='ocrx_word' id='word_1_433' title='bbox 1402 5167 1522 5224; x_wconf 89' lang='lat' dir='ltr'><strong>pag.</strong></span> <span class='ocrx_word' id='word_1_434' title='bbox 1552 5152 1682 5224; x_wconf 10' lang='lat'><strong>658.,</strong></span> <span class='ocrx_word' id='word_1_435' title='bbox 1719 5152 1956 5224; x_wconf 87' lang='lat' dir='ltr'><strong>Primum</strong></span> <span class='ocrx_word' id='word_1_436' title='bbox 1996 5153 2113 5218; x_wconf 86' lang='lat' dir='ltr'><strong>qui-</strong></span> 
     </span>
    </p>
   </div>
   <div class='ocr_carea' id='block_1_57' title="bbox 520 5222 2110 5282">
    <p class='ocr_par' dir='ltr' id='par_1_57' title="bbox 520 5222 2110 5282">
     <span class='ocr_line' id='line_1_57' title="bbox 520 5222 2110 5282; baseline -0.003 -1"><span class='ocrx_word' id='word_1_437' title='bbox 520 5228 643 5281; x_wconf 91' lang='lat' dir='ltr'><strong>dem</strong></span> <span class='ocrx_word' id='word_1_438' title='bbox 676 5226 1009 5282; x_wconf 87' lang='lat' dir='ltr'><strong>Mabillonius</strong></span> <span class='ocrx_word' id='word_1_439' title='bbox 1037 5228 1161 5282; x_wconf 90' lang='lat' dir='ltr'><strong>illud</strong></span> <span class='ocrx_word' id='word_1_440' title='bbox 1191 5222 1500 5282; x_wconf 82' lang='lat' dir='ltr'><strong>Chlodoveo</strong></span> <span class='ocrx_word' id='word_1_441' title='bbox 1530 5223 1573 5278; x_wconf 93' lang='lat' dir='ltr'><strong>ll</strong></span> <span class='ocrx_word' id='word_1_442' title='bbox 1602 5222 1942 5279; x_wconf 87' lang='lat' dir='ltr'><strong>tribuendum</strong></span> <span class='ocrx_word' id='word_1_443' title='bbox 1974 5236 2110 5277; x_wconf 89' lang='lat' dir='ltr'><strong>con-</strong></span> 
     </span>
    </p>
   </div>
   <div class='ocr_carea' id='block_1_58' title="bbox 516 5291 2112 5447">
    <p class='ocr_par' dir='ltr' id='par_1_58' title="bbox 516 5291 2112 5447">
     <span class='ocr_line' id='line_1_58' title="bbox 516 5291 2112 5368; baseline -0.002 -17"><span class='ocrx_word' id='word_1_444' title='bbox 516 5299 752 5368; x_wconf 88' lang='lat' dir='ltr'><strong>jecerat;</strong></span> <span class='ocrx_word' id='word_1_445' title='bbox 796 5308 1019 5366; x_wconf 90' lang='lat' dir='ltr'><strong>postea,</strong></span> <span class='ocrx_word' id='word_1_446' title='bbox 1054 5298 1124 5353; x_wconf 89' lang='lat' dir='ltr'><strong>de</strong></span> <span class='ocrx_word' id='word_1_447' title='bbox 1151 5298 1231 5353; x_wconf 79' lang='lat' dir='ltr'><strong>Re</strong></span> <span class='ocrx_word' id='word_1_448' title='bbox 1268 5298 1400 5366; x_wconf 88' lang='lat' dir='ltr'><strong>dipi.</strong></span> <span class='ocrx_word' id='word_1_449' title='bbox 1428 5296 1605 5364; x_wconf 89' lang='lat' dir='ltr'><strong>suppl.</strong></span> <span class='ocrx_word' id='word_1_450' title='bbox 1636 5310 1758 5363; x_wconf 88' lang='lat' dir='ltr'><strong>pag.</strong></span> <span class='ocrx_word' id='word_1_451' title='bbox 1795 5292 1886 5358; x_wconf 77' lang='lat' dir='ltr'><strong>2i,</strong></span> <span class='ocrx_word' id='word_1_452' title='bbox 1929 5291 2112 5348; x_wconf 84' lang='lat' dir='ltr'><strong>Clota-</strong></span> 
     </span>
     <span class='ocr_line' id='line_1_59' title="bbox 523 5361 2110 5447; baseline -0.002 -24"><span class='ocrx_word' id='word_1_453' title='bbox 523 5370 605 5423; x_wconf 92' lang='lat' dir='ltr'><strong>rio</strong></span> <span class='ocrx_word' id='word_1_454' title='bbox 635 5368 701 5423; x_wconf 88' lang='grc' dir='ltr'><strong>ιιι</strong></span> <span class='ocrx_word' id='word_1_455' title='bbox 744 5369 1129 5447; x_wconf 65' lang='lat' dir='ltr'><strong>reSIitugndum</strong></span> <span class='ocrx_word' id='word_1_456' title='bbox 1161 5370 1404 5447; x_wconf 77' lang='lat' dir='ltr'><strong>censuit,</strong></span> <span class='ocrx_word' id='word_1_457' title='bbox 1429 5382 1565 5447; x_wconf 71' lang='lat' dir='ltr'><strong>cum</strong></span> <span class='ocrx_word' id='word_1_458' title='bbox 1601 5365 1770 5447; x_wconf 77' lang='lat' dir='ltr'><strong>luerit</strong></span> <span class='ocrx_word' id='word_1_459' title='bbox 1809 5361 2110 5447; x_wconf 67' lang='lat' dir='ltr'><strong>conlectum</strong></span> 
     </span>
    </p>
   </div>
   <div class='ocr_carea' id='block_1_59' title="bbox 522 5435 2110 5509">
    <p class='ocr_par' dir='ltr' id='par_1_59' title="bbox 522 5435 2110 5509">
     <span class='ocr_line' id='line_1_60' title="bbox 522 5435 2110 5509; baseline -0.001 -16"><span class='ocrx_word' id='word_1_460' title='bbox 522 5451 645 5509; x_wconf 84' lang='lat' dir='ltr'><strong>post</strong></span> <span class='ocrx_word' id='word_1_461' title='bbox 676 5449 900 5494; x_wconf 87' lang='lat' dir='ltr'><strong>mortem</strong></span> <span class='ocrx_word' id='word_1_462' title='bbox 930 5438 1266 5495; x_wconf 86' lang='lat' dir='ltr'><strong>Erchinoaldi</strong></span> <span class='ocrx_word' id='word_1_463' title='bbox 1285 5477 1303 5505; x_wconf 88' lang='lat'><strong>,</strong></span> <span class='ocrx_word' id='word_1_464' title='bbox 1335 5438 1804 5509; x_wconf 40' lang='lat' dir='ltr'><strong>majoris‘domus,</strong></span> <span class='ocrx_word' id='word_1_465' title='bbox 1831 5435 1927 5509; x_wconf 87' lang='lat' dir='ltr'><strong>qui</strong></span> <span class='ocrx_word' id='word_1_466' title='bbox 1952 5435 2110 5491; x_wconf 82' lang='lat' dir='ltr'><strong>Chlo—</strong></span> 
     </span>
    </p>
   </div>
   <div class='ocr_carea' id='block_1_60' title="bbox 525 5507 2111 5581">
    <p class='ocr_par' dir='ltr' id='par_1_60' title="bbox 525 5507 2111 5581">
     <span class='ocr_line' id='line_1_61' title="bbox 525 5507 2111 5581; baseline -0.002 -16"><span class='ocrx_word' id='word_1_467' title='bbox 525 5507 701 5565; x_wconf 83' lang='lat' dir='ltr'><strong>doveo</strong></span> <span class='ocrx_word' id='word_1_468' title='bbox 741 5511 1063 5579; x_wconf 78' lang='lat' dir='ltr'><strong>supervixit.</strong></span> <span class='ocrx_word' id='word_1_469' title='bbox 1111 5511 1250 5581; x_wconf 88' lang='lat' dir='ltr'><strong>Ergo</strong></span> <span class='ocrx_word' id='word_1_470' title='bbox 1281 5507 1431 5566; x_wconf 89' lang='lat' dir='ltr'><strong>male</strong></span> <span class='ocrx_word' id='word_1_471' title='bbox 1452 5508 1757 5581; x_wconf 76' lang='lat' dir='ltr'><strong>Felibianus</strong></span> <span class='ocrx_word' id='word_1_472' title='bbox 1787 5508 1887 5562; x_wconf 92' lang='lat' dir='ltr'><strong>hoc</strong></span> <span class='ocrx_word' id='word_1_473' title='bbox 1915 5507 2111 5563; x_wconf 87' lang='lat' dir='ltr'><strong>instru-</strong></span> 
     </span>
    </p>
   </div>
   <div class='ocr_carea' id='block_1_61' title="bbox 526 5578 2109 5647">
    <p class='ocr_par' dir='ltr' id='par_1_61' title="bbox 526 5578 2109 5647">
     <span class='ocr_line' id='line_1_62' title="bbox 526 5578 2109 5647; baseline -0.003 -10"><span class='ocrx_word' id='word_1_474' title='bbox 526 5592 764 5637; x_wconf 86' lang='lat' dir='ltr'><strong>mentum</strong></span> <span class='ocrx_word' id='word_1_475' title='bbox 810 5582 1034 5637; x_wconf 88' lang='lat' dir='ltr'><strong>collocat</strong></span> <span class='ocrx_word' id='word_1_476' title='bbox 1075 5578 1363 5637; x_wconf 53' lang='lat' dir='ltr'><strong>sub&#39;anno</strong></span> <span class='ocrx_word' id='word_1_477' title='bbox 1408 5580 1534 5647; x_wconf 74' lang='lat'><strong>655,</strong></span> <span class='ocrx_word' id='word_1_478' title='bbox 1580 5578 1921 5635; x_wconf 88' lang='lat' dir='ltr'><strong>Cblodoveus</strong></span> <span class='ocrx_word' id='word_1_479' title='bbox 1968 5580 2109 5633; x_wconf 91' lang='lat' dir='ltr'><strong>enim</strong></span> 
     </span>
    </p>
   </div>
   <div class='ocr_carea' id='block_1_62' title="bbox 527 5647 2113 5720">
    <p class='ocr_par' dir='ltr' id='par_1_62' title="bbox 527 5647 2113 5720">
     <span class='ocr_line' id='line_1_63' title="bbox 527 5647 2113 5720; baseline 0 -15"><span class='ocrx_word' id='word_1_480' title='bbox 527 5653 659 5706; x_wconf 86' lang='lat' dir='ltr'><strong>obiit</strong></span> <span class='ocrx_word' id='word_1_481' title='bbox 690 5666 830 5705; x_wconf 86' lang='lat' dir='ltr'><strong>anno</strong></span> <span class='ocrx_word' id='word_1_482' title='bbox 856 5650 995 5719; x_wconf 82' lang='lat'><strong>656;</strong></span> <span class='ocrx_word' id='word_1_483' title='bbox 1026 5653 1412 5709; x_wconf 81' lang='lat' dir='ltr'><strong>Ercltiuoaldus</strong></span> <span class='ocrx_word' id='word_1_484' title='bbox 1441 5668 1588 5717; x_wconf 86' lang='lat' dir='ltr'><strong>vero,</strong></span> <span class='ocrx_word' id='word_1_485' title='bbox 1626 5652 1773 5720; x_wconf 81' lang='lat' dir='ltr'><strong>juxta</strong></span> <span class='ocrx_word' id='word_1_486' title='bbox 1805 5647 2113 5720; x_wconf 86' lang='lat' dir='ltr'><strong>Fredegarii</strong></span> 
     </span>
    </p>
   </div>
   <div class='ocr_carea' id='block_1_63' title="bbox 526 5718 2117 5791">
    <p class='ocr_par' dir='ltr' id='par_1_63' title="bbox 526 5718 2117 5791">
     <span class='ocr_line' id='line_1_64' title="bbox 526 5718 2117 5791; baseline 0.001 -15"><span class='ocrx_word' id='word_1_487' title='bbox 526 5718 988 5790; x_wconf 84' lang='lat' dir='ltr'><strong>continuatorem,</strong></span> <span class='ocrx_word' id='word_1_488' title='bbox 1018 5738 1137 5791; x_wconf 88' lang='lat' dir='ltr'><strong>cap.</strong></span> <span class='ocrx_word' id='word_1_489' title='bbox 1169 5723 1239 5779; x_wconf 72' lang='lat'><strong>92</strong></span> <span class='ocrx_word' id='word_1_490' title='bbox 1262 5734 1318 5781; x_wconf 90' lang='lat' dir='ltr'><strong>et</strong></span> <span class='ocrx_word' id='word_1_491' title='bbox 1346 5724 1495 5780; x_wconf 86' lang='lat' dir='ltr'><strong>Gest.</strong></span> <span class='ocrx_word' id='word_1_492' title='bbox 1526 5718 1719 5779; x_wconf 38' lang='lat' dir='ltr'><strong>Fra’nc.</strong></span> <span class='ocrx_word' id='word_1_493' title='bbox 1745 5733 1863 5787; x_wconf 88' lang='lat' dir='ltr'><strong>cap.</strong></span> <span class='ocrx_word' id='word_1_494' title='bbox 1894 5718 1999 5789; x_wconf 54' lang='lat'><strong>95,’</strong></span> <span class='ocrx_word' id='word_1_495' title='bbox 2014 5721 2117 5778; x_wconf 86' lang='lat' dir='ltr'><strong>hoc</strong></span> 
     </span>
    </p>
   </div>
   <div class='ocr_carea' id='block_1_64' title="bbox 528 5791 2113 5871">
    <p class='ocr_par' dir='ltr' id='par_1_64' title="bbox 528 5791 2113 5871">
     <span class='ocr_line' id='line_1_65' title="bbox 528 5791 2113 5871; baseline -0.002 -20"><span class='ocrx_word' id='word_1_496' title='bbox 528 5794 722 5865; x_wconf 79' lang='lat' dir='ltr'><strong>eodem</strong></span> <span class='ocrx_word' id='word_1_497' title='bbox 748 5808 890 5851; x_wconf 86' lang='lat' dir='ltr'><strong>anno</strong></span> <span class='ocrx_word' id='word_1_498' title='bbox 916 5795 1023 5853; x_wconf 87' lang='lat' dir='ltr'><strong>vita</strong></span> <span class='ocrx_word' id='word_1_499' title='bbox 1046 5796 1209 5853; x_wconf 81' lang='lat' dir='ltr'><strong>cessit</strong></span> <span class='ocrx_word' id='word_1_500' title='bbox 1229 5812 1245 5851; x_wconf 89' lang='lat'><strong>:</strong></span> <span class='ocrx_word' id='word_1_501' title='bbox 1263 5796 1414 5871; x_wconf 82' lang='lat' dir='ltr'><strong>juxta</strong></span> <span class='ocrx_word' id='word_1_502' title='bbox 1439 5795 1642 5852; x_wconf 81' lang='lat' dir='ltr'><strong>Chron.</strong></span> <span class='ocrx_word' id='word_1_503' title='bbox 1672 5791 1938 5851; x_wconf 79' lang='lat' dir='ltr'><strong>Moissiac.</strong></span> <span class='ocrx_word' id='word_1_504' title='bbox 1966 5802 2007 5851; x_wconf 87' lang='grc' dir='ltr'><strong>ι.</strong></span> <span class='ocrx_word' id='word_1_505' title='bbox 2030 5791 2113 5867; x_wconf 73' lang='grc' dir='ltr'><strong>ιΙ,;</strong></span> 
     </span>
    </p>
   </div>
   <div class='ocr_carea' id='block_1_65' title="bbox 2196 521 3784 590">
    <p class='ocr_par' dir='ltr' id='par_1_65' title="bbox 2196 521 3784 590">
     <span class='ocr_line' id='line_1_66' title="bbox 2196 521 3784 590; baseline 0.003 -18"><span class='ocrx_word' id='word_1_506' title='bbox 2196 521 2455 589; x_wconf 86' lang='lat' dir='ltr'><strong>prescrip.</strong></span> <span class='ocrx_word' id='word_1_507' title='bbox 2486 522 2642 575; x_wconf 82' lang='lat' dir='ltr'><strong>villas</strong></span> <span class='ocrx_word' id='word_1_508' title='bbox 2695 523 3108 590; x_wconf 85' lang='lat' dir='ltr'><strong>Simplicciaco,</strong></span> <span class='ocrx_word' id='word_1_509' title='bbox 3142 523 3437 587; x_wconf 86' lang='lat' dir='ltr'><strong>Tauriaco,</strong></span> <span class='ocrx_word' id='word_1_510' title='bbox 3492 523 3784 589; x_wconf 84' lang='lat' dir='ltr'><strong>Stupellas,</strong></span> 
     </span>
    </p>
   </div>
   <div class='ocr_carea' id='block_1_66' title="bbox 2196 613 3786 683">
    <p class='ocr_par' dir='ltr' id='par_1_66' title="bbox 2196 613 3786 683">
     <span class='ocr_line' id='line_1_67' title="bbox 2196 613 3786 683; baseline 0.003 -18"><span class='ocrx_word' id='word_1_511' title='bbox 2196 613 2525 677; x_wconf 77' lang='lat' dir='ltr'><strong>Flaviuiaco,</strong></span> <span class='ocrx_word' id='word_1_512' title='bbox 2564 614 2997 677; x_wconf 83' lang='lat' dir='ltr'><strong>Pociusciniaco,</strong></span> <span class='ocrx_word' id='word_1_513' title='bbox 3037 614 3440 679; x_wconf 85' lang='lat' dir='ltr'><strong>Vassurecurti,</strong></span> <span class='ocrx_word' id='word_1_514' title='bbox 3477 617 3786 683; x_wconf 84' lang='lat' dir='ltr'><strong>Burgonno,</strong></span> 
     </span>
    </p>
   </div>
   <div class='ocr_carea' id='block_1_67' title="bbox 2196 705 3789 772">
    <p class='ocr_par' dir='ltr' id='par_1_67' title="bbox 2196 705 3789 772">
     <span class='ocr_line' id='line_1_68' title="bbox 2196 705 3789 772; baseline 0.001 -14"><span class='ocrx_word' id='word_1_515' title='bbox 2196 706 2583 770; x_wconf 76' lang='lat' dir='ltr'><strong>Aliutummas,</strong></span> <span class='ocrx_word' id='word_1_516' title='bbox 2618 706 2915 772; x_wconf 88' lang='lat' dir='ltr'><strong>Sastivale,</strong></span> <span class='ocrx_word' id='word_1_517' title='bbox 2952 707 3333 772; x_wconf 87' lang='lat' dir='ltr'><strong>Cambariaco,</strong></span> <span class='ocrx_word' id='word_1_518' title='bbox 3361 706 3657 771; x_wconf 84' lang='lat' dir='ltr'><strong>Bursiaco,</strong></span> <span class='ocrx_word' id='word_1_519' title='bbox 3687 705 3789 760; x_wconf 86' lang='lat' dir='ltr'><strong>Co-</strong></span> 
     </span>
    </p>
   </div>
   <div class='ocr_carea' id='block_1_68' title="bbox 2196 798 3783 867">
    <p class='ocr_par' dir='ltr' id='par_1_68' title="bbox 2196 798 3783 867">
     <span class='ocr_line' id='line_1_69' title="bbox 2196 798 3783 867; baseline -0.001 -14"><span class='ocrx_word' id='word_1_520' title='bbox 2196 802 2341 853; x_wconf 89' lang='lat' dir='ltr'><strong>riaco</strong></span> <span class='ocrx_word' id='word_1_521' title='bbox 2383 810 2437 853; x_wconf 91' lang='lat' dir='ltr'><strong>et</strong></span> <span class='ocrx_word' id='word_1_522' title='bbox 2470 800 2739 853; x_wconf 84' lang='lat' dir='ltr'><strong>Munsiaco</strong></span> <span class='ocrx_word' id='word_1_523' title='bbox 2762 840 2777 864; x_wconf 93' lang='lat'><strong>,</strong></span> <span class='ocrx_word' id='word_1_524' title='bbox 2824 815 2981 865; x_wconf 87' lang='lat' dir='ltr'><strong>quem</strong></span> <span class='ocrx_word' id='word_1_525' title='bbox 3032 814 3128 867; x_wconf 92' lang='lat' dir='ltr'><strong>per</strong></span> <span class='ocrx_word' id='word_1_526' title='bbox 3170 808 3354 853; x_wconf 90' lang='lat' dir='ltr'><strong>nostro</strong></span> <span class='ocrx_word' id='word_1_527' title='bbox 3382 838 3396 852; x_wconf 96' lang='lat'><strong>.</strong></span> <span class='ocrx_word' id='word_1_528' title='bbox 3425 838 3439 852; x_wconf 96' lang='lat'><strong>.</strong></span> <span class='ocrx_word' id='word_1_529' title='bbox 3466 836 3481 852; x_wconf 93' lang='lat'><strong>.</strong></span> <span class='ocrx_word' id='word_1_530' title='bbox 3514 839 3528 852; x_wconf 97' lang='lat'><strong>.</strong></span> <span class='ocrx_word' id='word_1_531' title='bbox 3553 798 3695 866; x_wconf 88' lang='lat' dir='ltr'><strong>quod</strong></span> <span class='ocrx_word' id='word_1_532' title='bbox 3736 799 3783 851; x_wconf 93' lang='lat' dir='ltr'><strong>in</strong></span> 
     </span>
    </p>
   </div>
   <div class='ocr_carea' id='block_1_69' title="bbox 2198 891 3785 959">
    <p class='ocr_par' dir='ltr' id='par_1_69' title="bbox 2198 891 3785 959">
     <span class='ocr_line' id='line_1_70' title="bbox 2198 891 3785 959; baseline 0.001 -16"><span class='ocrx_word' id='word_1_533' title='bbox 2198 891 2340 952; x_wconf 81' lang='lat' dir='ltr'><strong>ipsas</strong></span> <span class='ocrx_word' id='word_1_534' title='bbox 2372 891 2526 945; x_wconf 88' lang='lat' dir='ltr'><strong>villas</strong></span> <span class='ocrx_word' id='word_1_535' title='bbox 2558 891 2914 945; x_wconf 82' lang='lat' dir='ltr'><strong>Beracliarius</strong></span> <span class='ocrx_word' id='word_1_536' title='bbox 2946 891 3131 945; x_wconf 83' lang='lat' dir='ltr'><strong>habire</strong></span> <span class='ocrx_word' id='word_1_537' title='bbox 3162 891 3391 959; x_wconf 89' lang='lat' dir='ltr'><strong>poterit,</strong></span> <span class='ocrx_word' id='word_1_538' title='bbox 3426 893 3665 957; x_wconf 87' lang='lat' dir='ltr'><strong>inspecta</strong></span> <span class='ocrx_word' id='word_1_539' title='bbox 3695 905 3785 945; x_wconf 88' lang='lat' dir='ltr'><strong>sua</strong></span> 
     </span>
    </p>
   </div>
   <div class='ocr_carea' id='block_1_70' title="bbox 2197 984 3790 1055">
    <p class='ocr_par' dir='ltr' id='par_1_70' title="bbox 2197 984 3790 1055">
     <span class='ocr_line' id='line_1_71' title="bbox 2197 984 3790 1055; baseline -0.001 -16"><span class='ocrx_word' id='word_1_540' title='bbox 2197 984 2427 1055; x_wconf 88' lang='lat' dir='ltr'><strong>epistola</strong></span> <span class='ocrx_word' id='word_1_541' title='bbox 2453 984 2610 1054; x_wconf 80' lang='lat' dir='ltr'><strong>hujus</strong></span> <span class='ocrx_word' id='word_1_542' title='bbox 2638 986 2824 1039; x_wconf 89' lang='lat' dir='ltr'><strong>mereti</strong></span> <span class='ocrx_word' id='word_1_543' title='bbox 2855 986 3095 1053; x_wconf 77' lang='lat' dir='ltr'><strong>partibus</strong></span> <span class='ocrx_word' id='word_1_544' title='bbox 3120 985 3291 1039; x_wconf 89' lang='lat' dir='ltr'><strong>sancti</strong></span> <span class='ocrx_word' id='word_1_545' title='bbox 3318 984 3500 1038; x_wconf 85' lang='lat' dir='ltr'><strong>domui</strong></span> <span class='ocrx_word' id='word_1_546' title='bbox 3537 984 3790 1037; x_wconf 73' lang='lat' dir='ltr'><strong>Dioninse</strong></span> 
     </span>
    </p>
   </div>
   <div class='ocr_carea' id='block_1_71' title="bbox 2200 1076 3795 1132">
    <p class='ocr_par' dir='ltr' id='par_1_71' title="bbox 2200 1076 3795 1132">
     <span class='ocr_line' id='line_1_72' title="bbox 2200 1076 3795 1132; baseline 0.001 -4"><span class='ocrx_word' id='word_1_547' title='bbox 2200 1076 2288 1131; x_wconf 89' lang='lat' dir='ltr'><strong>vel</strong></span> <span class='ocrx_word' id='word_1_548' title='bbox 2318 1114 2332 1129; x_wconf 94' lang='lat'><strong>.</strong></span> <span class='ocrx_word' id='word_1_549' title='bbox 2362 1115 2376 1129; x_wconf 94' lang='lat'><strong>.</strong></span> <span class='ocrx_word' id='word_1_550' title='bbox 2402 1117 2415 1129; x_wconf 92' lang='lat'><strong>.</strong></span> <span class='ocrx_word' id='word_1_551' title='bbox 2444 1116 2458 1131; x_wconf 93' lang='lat'><strong>.</strong></span> <span class='ocrx_word' id='word_1_552' title='bbox 2491 1076 2659 1132; x_wconf 82' lang='lat' dir='ltr'><strong>lacire</strong></span> <span class='ocrx_word' id='word_1_553' title='bbox 2707 1087 2761 1130; x_wconf 84' lang='lat' dir='ltr'><strong>et</strong></span> <span class='ocrx_word' id='word_1_554' title='bbox 2784 1115 2799 1131; x_wconf 95' lang='lat'><strong>.</strong></span> <span class='ocrx_word' id='word_1_555' title='bbox 2826 1115 2840 1129; x_wconf 96' lang='lat'><strong>.</strong></span> <span class='ocrx_word' id='word_1_556' title='bbox 2866 1116 2880 1131; x_wconf 94' lang='lat'><strong>.</strong></span> <span class='ocrx_word' id='word_1_557' title='bbox 2910 1116 2924 1130; x_wconf 93' lang='lat'><strong>.</strong></span> <span class='ocrx_word' id='word_1_558' title='bbox 2954 1078 3153 1131; x_wconf 86' lang='lat' dir='ltr'><strong>dictum</strong></span> <span class='ocrx_word' id='word_1_559' title='bbox 3182 1116 3193 1128; x_wconf 95' lang='lat'><strong>.</strong></span> <span class='ocrx_word' id='word_1_560' title='bbox 3225 1117 3243 1131; x_wconf 93' lang='lat'><strong>.</strong></span> <span class='ocrx_word' id='word_1_561' title='bbox 3267 1118 3282 1132; x_wconf 92' lang='lat'><strong>.</strong></span> <span class='ocrx_word' id='word_1_562' title='bbox 3308 1115 3324 1130; x_wconf 95' lang='lat'><strong>.</strong></span> <span class='ocrx_word' id='word_1_563' title='bbox 3354 1078 3585 1131; x_wconf 87' lang='lat' dir='ltr'><strong>domnus</strong></span> <span class='ocrx_word' id='word_1_564' title='bbox 3638 1077 3795 1130; x_wconf 71' lang='lat' dir='ltr'><strong>Dera-</strong></span> 
     </span>
    </p>
   </div>
   <div class='ocr_carea' id='block_1_72' title="bbox 2200 1165 3794 1239">
    <p class='ocr_par' dir='ltr' id='par_1_72' title="bbox 2200 1165 3794 1239">
     <span class='ocr_line' id='line_1_73' title="bbox 2200 1165 3794 1239; baseline 0 -17"><span class='ocrx_word' id='word_1_565' title='bbox 2200 1169 2437 1223; x_wconf 84' lang='lat' dir='ltr'><strong>cltarius.</strong></span> <span class='ocrx_word' id='word_1_566' title='bbox 2468 1169 2488 1239; x_wconf 93' lang='lat'><strong>(</strong></span> <span class='ocrx_word' id='word_1_567' title='bbox 2514 1169 2612 1223; x_wconf 81' lang='lat' dir='ltr'><strong>llic</strong></span> <span class='ocrx_word' id='word_1_568' title='bbox 2640 1170 2845 1235; x_wconf 89' lang='lat' dir='ltr'><strong>aliquot</strong></span> <span class='ocrx_word' id='word_1_569' title='bbox 2873 1179 3066 1235; x_wconf 88' lang='lat' dir='ltr'><strong>puncta</strong></span> <span class='ocrx_word' id='word_1_570' title='bbox 3097 1172 3235 1237; x_wconf 88' lang='lat' dir='ltr'><strong>apud</strong></span> <span class='ocrx_word' id='word_1_571' title='bbox 3271 1167 3411 1222; x_wconf 81' lang='lat' dir='ltr'><strong>Mab.</strong></span> <span class='ocrx_word' id='word_1_572' title='bbox 3437 1168 3458 1236; x_wconf 94' lang='lat'><strong>)</strong></span> <span class='ocrx_word' id='word_1_573' title='bbox 3500 1165 3623 1220; x_wconf 82' lang='lat' dir='ltr'><strong>Illas</strong></span> <span class='ocrx_word' id='word_1_574' title='bbox 3663 1167 3794 1222; x_wconf 83' lang='lat' dir='ltr'><strong>duas</strong></span> 
     </span>
    </p>
   </div>
   <div class='ocr_carea' id='block_1_73' title="bbox 2203 1261 3797 1331">
    <p class='ocr_par' dir='ltr' id='par_1_73' title="bbox 2203 1261 3797 1331">
     <span class='ocr_line' id='line_1_74' title="bbox 2203 1261 3797 1331; baseline 0.001 -17"><span class='ocrx_word' id='word_1_575' title='bbox 2203 1263 2368 1330; x_wconf 85' lang='lat' dir='ltr'><strong>partis</strong></span> <span class='ocrx_word' id='word_1_576' title='bbox 2394 1300 2407 1314; x_wconf 96' lang='lat'><strong>.</strong></span> <span class='ocrx_word' id='word_1_577' title='bbox 2440 1298 2496 1317; x_wconf 90' lang='lat'><strong>..</strong></span> <span class='ocrx_word' id='word_1_578' title='bbox 2526 1303 2540 1316; x_wconf 95' lang='lat'><strong>.</strong></span> <span class='ocrx_word' id='word_1_579' title='bbox 2584 1261 2824 1331; x_wconf 85' lang='lat' dir='ltr'><strong>partibus</strong></span> <span class='ocrx_word' id='word_1_580' title='bbox 2864 1263 3201 1317; x_wconf 80' lang='lat' dir='ltr'><strong>monastltirii</strong></span> <span class='ocrx_word' id='word_1_581' title='bbox 3247 1262 3448 1330; x_wconf 89' lang='lat' dir='ltr'><strong>placuit</strong></span> <span class='ocrx_word' id='word_1_582' title='bbox 3489 1272 3797 1315; x_wconf 88' lang='lat' dir='ltr'><strong>restaurare</strong></span> 
     </span>
    </p>
   </div>
   <div class='ocr_carea' id='block_1_74' title="bbox 2201 1353 3795 1424">
    <p class='ocr_par' dir='ltr' id='par_1_74' title="bbox 2201 1353 3795 1424">
     <span class='ocr_line' id='line_1_75' title="bbox 2201 1353 3795 1424; baseline -0.001 -16"><span class='ocrx_word' id='word_1_583' title='bbox 2201 1355 2473 1409; x_wconf 85' lang='lat' dir='ltr'><strong>semileter</strong></span> <span class='ocrx_word' id='word_1_584' title='bbox 2492 1353 2671 1408; x_wconf 86' lang='lat' dir='ltr'><strong>antela</strong></span> <span class='ocrx_word' id='word_1_585' title='bbox 2695 1394 2707 1407; x_wconf 92' lang='lat'><strong>.</strong></span> <span class='ocrx_word' id='word_1_586' title='bbox 2735 1395 2751 1410; x_wconf 90' lang='lat'><strong>.</strong></span> <span class='ocrx_word' id='word_1_587' title='bbox 2779 1394 2792 1408; x_wconf 94' lang='lat'><strong>.</strong></span> <span class='ocrx_word' id='word_1_588' title='bbox 2822 1396 2833 1409; x_wconf 97' lang='lat'><strong>.</strong></span> <span class='ocrx_word' id='word_1_589' title='bbox 2862 1366 2916 1408; x_wconf 84' lang='lat' dir='ltr'><strong>et</strong></span> <span class='ocrx_word' id='word_1_590' title='bbox 2941 1356 3334 1424; x_wconf 84' lang='lat' dir='ltr'><strong>expopondedit</strong></span> <span class='ocrx_word' id='word_1_591' title='bbox 3367 1367 3424 1408; x_wconf 91' lang='lat' dir='ltr'><strong>ut</strong></span> <span class='ocrx_word' id='word_1_592' title='bbox 3459 1356 3606 1407; x_wconf 88' lang='lat' dir='ltr'><strong>omni</strong></span> <span class='ocrx_word' id='word_1_593' title='bbox 3659 1366 3795 1407; x_wconf 83' lang='lat' dir='ltr'><strong>tetu-</strong></span> 
     </span>
    </p>
   </div>
   <div class='ocr_carea' id='block_1_75' title="bbox 2207 1445 3798 1514">
    <p class='ocr_par' dir='ltr' id='par_1_75' title="bbox 2207 1445 3798 1514">
     <span class='ocr_line' id='line_1_76' title="bbox 2207 1445 3798 1514; baseline 0.002 -20"><span class='ocrx_word' id='word_1_594' title='bbox 2207 1458 2368 1513; x_wconf 84' lang='lat' dir='ltr'><strong>pore,</strong></span> <span class='ocrx_word' id='word_1_595' title='bbox 2420 1458 2479 1498; x_wconf 90' lang='lat' dir='ltr'><strong>se</strong></span> <span class='ocrx_word' id='word_1_596' title='bbox 2528 1445 2715 1512; x_wconf 88' lang='lat' dir='ltr'><strong>aleqna</strong></span> <span class='ocrx_word' id='word_1_597' title='bbox 2764 1446 3027 1499; x_wconf 78' lang='lat' dir='ltr'><strong>calumnia</strong></span> <span class='ocrx_word' id='word_1_598' title='bbox 3073 1456 3166 1499; x_wconf 91' lang='lat' dir='ltr'><strong>aut</strong></span> <span class='ocrx_word' id='word_1_599' title='bbox 3215 1445 3601 1514; x_wconf 84' lang='lat' dir='ltr'><strong>repeticionetn</strong></span> <span class='ocrx_word' id='word_1_600' title='bbox 3652 1448 3798 1513; x_wconf 85' lang='lat' dir='ltr'><strong>quis-</strong></span> 
     </span>
    </p>
   </div>
   <div class='ocr_carea' id='block_1_76' title="bbox 2204 1536 2682 1590">
    <p class='ocr_par' dir='ltr' id='par_1_76' title="bbox 2204 1536 2682 1590">
     <span class='ocr_line' id='line_1_77' title="bbox 2204 1536 2682 1590; baseline 0 -1"><span class='ocrx_word' id='word_1_601' title='bbox 2204 1536 2311 1590; x_wconf 83' lang='lat' dir='ltr'><strong>lib.</strong></span> <span class='ocrx_word' id='word_1_602' title='bbox 2346 1571 2361 1588; x_wconf 91' lang='lat'><strong>.</strong></span> <span class='ocrx_word' id='word_1_603' title='bbox 2389 1574 2404 1590; x_wconf 93' lang='lat'><strong>.</strong></span> <span class='ocrx_word' id='word_1_604' title='bbox 2433 1575 2447 1590; x_wconf 93' lang='lat'><strong>.</strong></span> <span class='ocrx_word' id='word_1_605' title='bbox 2480 1537 2682 1590; x_wconf 83' lang='lat' dir='ltr'><strong>Madro.</strong></span> 
     </span>
    </p>
   </div>
   <div class='ocr_carea' id='block_1_77' title="bbox 2961 1630 3047 1686">
    <p class='ocr_par' dir='ltr' id='par_1_77' title="bbox 2961 1630 3047 1686">
     <span class='ocr_line' id='line_1_78' title="bbox 2961 1630 3047 1686; baseline -0.035 0"><span class='ocrx_word' id='word_1_606' title='bbox 2961 1630 3047 1686; x_wconf 90' lang='lat' dir='ltr'><strong>Ill.</strong></span> 
     </span>
    </p>
   </div>
   <div class='ocr_carea' id='block_1_78' title="bbox 2213 1724 3801 1797">
    <p class='ocr_par' dir='ltr' id='par_1_78' title="bbox 2213 1724 3801 1797">
     <span class='ocr_line' id='line_1_79' title="bbox 2213 1724 3801 1797; baseline 0.007 -24"><span class='ocrx_word' id='word_1_607' title='bbox 2213 1726 2447 1795; x_wconf 73' lang='lat' dir='ltr'><strong>Diploma</strong></span> <span class='ocrx_word' id='word_1_608' title='bbox 2484 1726 2717 1797; x_wconf 71' lang='lat' dir='ltr'><strong>iC/olarii</strong></span> <span class='ocrx_word' id='word_1_609' title='bbox 2750 1724 2869 1795; x_wconf 77' lang='lat' dir='ltr'><strong>Ill]</strong></span> <span class='ocrx_word' id='word_1_610' title='bbox 2898 1742 2996 1795; x_wconf 73' lang='lat' dir='ltr'><strong>quo</strong></span> <span class='ocrx_word' id='word_1_611' title='bbox 3029 1728 3092 1781; x_wconf 71' lang='lat' dir='ltr'><strong>lis</strong></span> <span class='ocrx_word' id='word_1_612' title='bbox 3132 1728 3185 1780; x_wconf 84' lang='lat' dir='ltr'><strong>in</strong></span> <span class='ocrx_word' id='word_1_613' title='bbox 3228 1730 3416 1793; x_wconf 83' lang='lat' dir='ltr'><strong>palatio</strong></span> <span class='ocrx_word' id='word_1_614' title='bbox 3446 1730 3709 1781; x_wconf 80' lang='lat' dir='ltr'><strong>dirimitur</strong></span> <span class='ocrx_word' id='word_1_615' title='bbox 3737 1732 3801 1784; x_wconf 77' lang='lat' dir='ltr'><strong>de</strong></span> 
     </span>
    </p>
   </div>
   <div class='ocr_carea' id='block_1_79' title="bbox 2133 1796 3798 1869">
    <p class='ocr_par' dir='ltr' id='par_1_79' title="bbox 2133 1796 3798 1869">
     <span class='ocr_line' id='line_1_80' title="bbox 2133 1796 3798 1869; baseline 0.004 -22"><span class='ocrx_word' id='word_1_616' title='bbox 2133 1796 2179 1857; x_wconf 86' lang='lat' dir='ltr'><strong>B</strong></span> <span class='ocrx_word' id='word_1_617' title='bbox 2275 1796 2495 1865; x_wconf 78' lang='lat' dir='ltr'><strong>quadam</strong></span> <span class='ocrx_word' id='word_1_618' title='bbox 2547 1799 2667 1851; x_wconf 74' lang='lat' dir='ltr'><strong>villa</strong></span> <span class='ocrx_word' id='word_1_619' title='bbox 2720 1798 3065 1869; x_wconf 4' lang='lat' dir='ltr'><strong>h’rcjliinoaldo</strong></span> <span class='ocrx_word' id='word_1_620' title='bbox 3119 1802 3537 1867; x_wconf 82' lang='lat' dir='ltr'><strong>majori-domus</strong></span> <span class='ocrx_word' id='word_1_621' title='bbox 3590 1804 3798 1869; x_wconf 64' lang='lat' dir='ltr'><strong>rallam,</strong></span> 
     </span>
    </p>
   </div>
   <div class='ocr_carea' id='block_1_80' title="bbox 2276 1868 3804 1938">
    <p class='ocr_par' dir='ltr' id='par_1_80' title="bbox 2276 1868 3804 1938">
     <span class='ocr_line' id='line_1_81' title="bbox 2276 1868 3804 1938; baseline 0.001 -19"><span class='ocrx_word' id='word_1_622' title='bbox 2276 1885 2427 1936; x_wconf 84' lang='lat' dir='ltr'><strong>quam</strong></span> <span class='ocrx_word' id='word_1_623' title='bbox 2466 1868 2608 1936; x_wconf 77' lang='lat' dir='ltr'><strong>[ilius</strong></span> <span class='ocrx_word' id='word_1_624' title='bbox 2650 1872 2762 1936; x_wconf 79' lang='lat' dir='ltr'><strong>ejus</strong></span> <span class='ocrx_word' id='word_1_625' title='bbox 2800 1868 3075 1923; x_wconf 78' lang='lat' dir='ltr'><strong>Leudesius</strong></span> <span class='ocrx_word' id='word_1_626' title='bbox 3119 1872 3434 1938; x_wconf 67' lang='lat' dir='ltr'><strong>possederat,</strong></span> <span class='ocrx_word' id='word_1_627' title='bbox 3478 1876 3611 1924; x_wconf 70' lang='lat' dir='ltr'><strong>inter</strong></span> <span class='ocrx_word' id='word_1_628' title='bbox 3646 1868 3804 1925; x_wconf 59' lang='lat' dir='ltr'><strong>crde;</strong></span> 
     </span>
    </p>
   </div>
   <div class='ocr_carea' id='block_1_81' title="bbox 2277 1940 3806 2008">
    <p class='ocr_par' dir='ltr' id='par_1_81' title="bbox 2277 1940 3806 2008">
     <span class='ocr_line' id='line_1_82' title="bbox 2277 1940 3806 2008; baseline 0.003 -18"><span class='ocrx_word' id='word_1_629' title='bbox 2277 1943 2403 1992; x_wconf 83' lang='lat' dir='ltr'><strong>siam</strong></span> <span class='ocrx_word' id='word_1_630' title='bbox 2450 1940 2904 2008; x_wconf 72' lang='lat' dir='ltr'><strong>Rothomagensem</strong></span> <span class='ocrx_word' id='word_1_631' title='bbox 2945 1950 2992 1994; x_wconf 76' lang='lat' dir='ltr'><strong>et</strong></span> <span class='ocrx_word' id='word_1_632' title='bbox 3039 1945 3405 1996; x_wconf 78' lang='lat' dir='ltr'><strong>monasterium</strong></span> <span class='ocrx_word' id='word_1_633' title='bbox 3450 1944 3633 1997; x_wconf 71' lang='lat' dir='ltr'><strong>Sancti</strong></span> <span class='ocrx_word' id='word_1_634' title='bbox 3680 1944 3806 1996; x_wconf 81' lang='lat' dir='ltr'><strong>Dio-</strong></span> 
     </span>
    </p>
   </div>
   <div class='ocr_carea' id='block_1_82' title="bbox 2274 2011 2819 2082">
    <p class='ocr_par' dir='ltr' id='par_1_82' title="bbox 2274 2011 2819 2082">
     <span class='ocr_line' id='line_1_83' title="bbox 2274 2011 2819 2082; baseline 0.002 -18"><span class='ocrx_word' id='word_1_635' title='bbox 2274 2013 2407 2081; x_wconf 76' lang='lat' dir='ltr'><strong>nysii</strong></span> <span class='ocrx_word' id='word_1_636' title='bbox 2438 2021 2462 2048; x_wconf 72' lang='grc'>⁸</span> <span class='ocrx_word' id='word_1_637' title='bbox 2493 2014 2638 2082; x_wconf 82' lang='lat' dir='ltr'><strong>(anu.</strong></span> <span class='ocrx_word' id='word_1_638' title='bbox 2669 2011 2819 2081; x_wconf 75' lang='lat'><strong>659).</strong></span> 
     </span>
    </p>
   </div>
   <div class='ocr_carea' id='block_1_83' title="bbox 2277 2126 3805 2198">
    <p class='ocr_par' dir='ltr' id='par_1_83' title="bbox 2277 2126 3805 2198">
     <span class='ocr_line' id='line_1_84' title="bbox 2277 2126 3805 2198; baseline 0.003 -17"><span class='ocrx_word' id='word_1_639' title='bbox 2277 2126 2618 2198; x_wconf 75' lang='lat' dir='ltr'><strong>[Clotltarius,</strong></span> <span class='ocrx_word' id='word_1_640' title='bbox 2672 2142 2766 2180; x_wconf 89' lang='lat' dir='ltr'><strong>rex</strong></span> <span class='ocrx_word' id='word_1_641' title='bbox 2821 2127 3190 2192; x_wconf 85' lang='lat' dir='ltr'><strong>Francorum,</strong></span> <span class='ocrx_word' id='word_1_642' title='bbox 3240 2130 3321 2182; x_wconf 86' lang='lat' dir='ltr'><strong>vir</strong></span> <span class='ocrx_word' id='word_1_643' title='bbox 3371 2130 3618 2183; x_wconf 79' lang='lat' dir='ltr'><strong>inluster.</strong></span> <span class='ocrx_word' id='word_1_644' title='bbox 3671 2128 3805 2185; x_wconf 85' lang='lat' dir='ltr'><strong>Cum</strong></span> 
     </span>
    </p>
   </div>
   <div class='ocr_carea' id='block_1_84' title="bbox 2206 2219 3807 2291">
    <p class='ocr_par' dir='ltr' id='par_1_84' title="bbox 2206 2219 3807 2291">
     <span class='ocr_line' id='line_1_85' title="bbox 2206 2219 3807 2291; baseline 0.002 -17"><span class='ocrx_word' id='word_1_645' title='bbox 2206 2219 2458 2291; x_wconf 86' lang='lat' dir='ltr'><strong>uos].....</strong></span> <span class='ocrx_word' id='word_1_646' title='bbox 2521 2220 2878 2285; x_wconf 82' lang='lat' dir='ltr'><strong>Vnarattone,</strong></span> <span class='ocrx_word' id='word_1_647' title='bbox 2940 2221 3179 2286; x_wconf 76' lang='lat' dir='ltr'><strong>Basenn,</strong></span> <span class='ocrx_word' id='word_1_648' title='bbox 3234 2224 3617 2291; x_wconf 79' lang='lat' dir='ltr'><strong>graviouibns,</strong></span> <span class='ocrx_word' id='word_1_649' title='bbox 3678 2227 3807 2279; x_wconf 84' lang='lat' dir='ltr'><strong>item</strong></span> 
     </span>
    </p>
   </div>
   <div class='ocr_carea' id='block_1_85' title="bbox 2207 2312 3809 2384">
    <p class='ocr_par' dir='ltr' id='par_1_85' title="bbox 2207 2312 3809 2384">
     <span class='ocr_line' id='line_1_86' title="bbox 2207 2312 3809 2384; baseline 0.001 -17"><span class='ocrx_word' id='word_1_650' title='bbox 2207 2314 2540 2378; x_wconf 81' lang='lat' dir='ltr'><strong>Amalbcrto,</strong></span> <span class='ocrx_word' id='word_1_651' title='bbox 2570 2312 2905 2374; x_wconf 83' lang='lat' dir='ltr'><strong>Madelaudo,</strong></span> <span class='ocrx_word' id='word_1_652' title='bbox 2935 2314 3265 2377; x_wconf 87' lang='lat' dir='ltr'><strong>seniscalcis,</strong></span> <span class='ocrx_word' id='word_1_653' title='bbox 3298 2327 3346 2368; x_wconf 90' lang='lat' dir='ltr'><strong>et</strong></span> <span class='ocrx_word' id='word_1_654' title='bbox 3381 2314 3686 2384; x_wconf 78' lang='lat' dir='ltr'><strong>Vuaningt),</strong></span> <span class='ocrx_word' id='word_1_655' title='bbox 3714 2331 3809 2369; x_wconf 87' lang='lat' dir='ltr'><strong>co-</strong></span> 
     </span>
    </p>
   </div>
   <div class='ocr_carea' id='block_1_86' title="bbox 2206 2405 3806 2475">
    <p class='ocr_par' dir='ltr' id='par_1_86' title="bbox 2206 2405 3806 2475">
     <span class='ocr_line' id='line_1_87' title="bbox 2206 2405 3806 2475; baseline 0.002 -15"><span class='ocrx_word' id='word_1_656' title='bbox 2206 2408 2334 2460; x_wconf 74' lang='lat' dir='ltr'><strong>mite</strong></span> <span class='ocrx_word' id='word_1_657' title='bbox 2386 2406 2596 2473; x_wconf 80' lang='lat' dir='ltr'><strong>pulalii,</strong></span> <span class='ocrx_word' id='word_1_658' title='bbox 2650 2405 3041 2471; x_wconf 85' lang='lat' dir='ltr'><strong>resederemus,</strong></span> <span class='ocrx_word' id='word_1_659' title='bbox 3093 2406 3271 2475; x_wconf 80' lang='lat' dir='ltr'><strong>ibique</strong></span> <span class='ocrx_word' id='word_1_660' title='bbox 3317 2407 3370 2461; x_wconf 80' lang='lat' dir='ltr'><strong>in</strong></span> <span class='ocrx_word' id='word_1_661' title='bbox 3422 2414 3806 2473; x_wconf 58' lang='lat' dir='ltr'><strong>praesentum...</strong></span> 
     </span>
    </p>
   </div>
   <div class='ocr_carea' id='block_1_87' title="bbox 2207 2496 3808 2554">
    <p class='ocr_par' dir='ltr' id='par_1_87' title="bbox 2207 2496 3808 2554">
     <span class='ocr_line' id='line_1_88' title="bbox 2207 2496 3808 2554; baseline 0.001 -2"><span class='ocrx_word' id='word_1_662' title='bbox 2207 2496 2406 2553; x_wconf 69' lang='lat' dir='ltr'><strong>latuine</strong></span> <span class='ocrx_word' id='word_1_663' title='bbox 2441 2504 2651 2552; x_wconf 88' lang='lat' dir='ltr'><strong>actores</strong></span> <span class='ocrx_word' id='word_1_664' title='bbox 2679 2498 2847 2551; x_wconf 87' lang='lat' dir='ltr'><strong>sancti</strong></span> <span class='ocrx_word' id='word_1_665' title='bbox 2890 2496 3163 2551; x_wconf 76' lang='lat' dir='ltr'><strong>Aecclesie</strong></span> <span class='ocrx_word' id='word_1_666' title='bbox 3196 2500 3225 2541; x_wconf 73' lang='grc' dir='ltr'><strong>ιι</strong></span> <span class='ocrx_word' id='word_1_667' title='bbox 3266 2497 3581 2553; x_wconf 84' lang='lat' dir='ltr'><strong>Rotomiuse</strong></span> <span class='ocrx_word' id='word_1_668' title='bbox 3610 2503 3808 2554; x_wconf 72' lang='lat' dir='ltr'><strong>adver-</strong></span> 
     </span>
    </p>
   </div>
   <div class='ocr_carea' id='block_1_88' title="bbox 2208 2591 3813 2659">
    <p class='ocr_par' dir='ltr' id='par_1_88' title="bbox 2208 2591 3813 2659">
     <span class='ocr_line' id='line_1_89' title="bbox 2208 2591 3813 2659; baseline 0.001 -13"><span class='ocrx_word' id='word_1_669' title='bbox 2208 2608 2298 2647; x_wconf 90' lang='lat' dir='ltr'><strong>sus</strong></span> <span class='ocrx_word' id='word_1_670' title='bbox 2333 2591 2469 2645; x_wconf 85' lang='lat' dir='ltr'><strong>V....</strong></span> <span class='ocrx_word' id='word_1_671' title='bbox 2504 2592 2571 2645; x_wconf 84' lang='lat' dir='ltr'><strong>ad</strong></span> <span class='ocrx_word' id='word_1_672' title='bbox 2604 2601 2785 2645; x_wconf 85' lang='lat' dir='ltr'><strong>sancta</strong></span> <span class='ocrx_word' id='word_1_673' title='bbox 2818 2591 3080 2645; x_wconf 85' lang='lat' dir='ltr'><strong>Aecclisia</strong></span> <span class='ocrx_word' id='word_1_674' title='bbox 3125 2591 3525 2647; x_wconf 47' lang='lat' dir='ltr'><strong>llmominse.“</strong></span> <span class='ocrx_word' id='word_1_675' title='bbox 3579 2608 3673 2659; x_wconf 90' lang='lat' dir='ltr'><strong>per</strong></span> <span class='ocrx_word' id='word_1_676' title='bbox 3712 2609 3813 2647; x_wconf 82' lang='lat' dir='ltr'><strong>eo-</strong></span> 
     </span>
    </p>
   </div>
   <div class='ocr_carea' id='block_1_89' title="bbox 2208 2685 3815 2754">
    <p class='ocr_par' dir='ltr' id='par_1_89' title="bbox 2208 2685 3815 2754">
     <span class='ocr_line' id='line_1_90' title="bbox 2208 2685 3815 2754; baseline 0.002 -16"><span class='ocrx_word' id='word_1_677' title='bbox 2208 2700 2326 2739; x_wconf 82' lang='lat' dir='ltr'><strong>rum</strong></span> <span class='ocrx_word' id='word_1_678' title='bbox 2354 2685 2607 2753; x_wconf 86' lang='lat' dir='ltr'><strong>epistolas</strong></span> <span class='ocrx_word' id='word_1_679' title='bbox 2636 2686 3013 2753; x_wconf 83' lang='lat' dir='ltr'><strong>delegaverant</strong></span> <span class='ocrx_word' id='word_1_680' title='bbox 3050 2697 3264 2754; x_wconf 90' lang='lat' dir='ltr'><strong>post....</strong></span> <span class='ocrx_word' id='word_1_681' title='bbox 3300 2695 3546 2740; x_wconf 85' lang='lat' dir='ltr'><strong>tenerent</strong></span> <span class='ocrx_word' id='word_1_682' title='bbox 3577 2687 3815 2743; x_wconf 83' lang='lat' dir='ltr'><strong>inlebete</strong></span> 
     </span>
    </p>
   </div>
   <div class='ocr_carea' id='block_1_90' title="bbox 2208 2777 3813 2845">
    <p class='ocr_par' dir='ltr' id='par_1_90' title="bbox 2208 2777 3813 2845">
     <span class='ocr_line' id='line_1_91' title="bbox 2208 2777 3813 2845; baseline 0.004 -17"><span class='ocrx_word' id='word_1_683' title='bbox 2208 2779 2392 2845; x_wconf 91' lang='lat' dir='ltr'><strong>qui....</strong></span> <span class='ocrx_word' id='word_1_684' title='bbox 2424 2777 2581 2831; x_wconf 90' lang='lat' dir='ltr'><strong>ab....</strong></span> <span class='ocrx_word' id='word_1_685' title='bbox 2633 2777 2716 2830; x_wconf 80' lang='lat' dir='ltr'><strong>vel</strong></span> <span class='ocrx_word' id='word_1_686' title='bbox 2757 2787 2966 2831; x_wconf 87' lang='lat' dir='ltr'><strong>actores</strong></span> <span class='ocrx_word' id='word_1_687' title='bbox 3007 2777 3356 2833; x_wconf 89' lang='lat' dir='ltr'><strong>antedicti....</strong></span> <span class='ocrx_word' id='word_1_688' title='bbox 3389 2779 3641 2833; x_wconf 85' lang='lat' dir='ltr'><strong>dicebant</strong></span> <span class='ocrx_word' id='word_1_689' title='bbox 3682 2781 3813 2835; x_wconf 82' lang='lat' dir='ltr'><strong>red-</strong></span> 
     </span>
    </p>
   </div>
   <div class='ocr_carea' id='block_1_91' title="bbox 2210 2869 3813 2937">
    <p class='ocr_par' dir='ltr' id='par_1_91' title="bbox 2210 2869 3813 2937">
     <span class='ocr_line' id='line_1_92' title="bbox 2210 2869 3813 2937; baseline 0.002 -14"><span class='ocrx_word' id='word_1_690' title='bbox 2210 2870 2428 2924; x_wconf 85' lang='lat' dir='ltr'><strong>debere.</strong></span> <span class='ocrx_word' id='word_1_691' title='bbox 2457 2869 2565 2923; x_wconf 85' lang='lat' dir='ltr'><strong>Sed</strong></span> <span class='ocrx_word' id='word_1_692' title='bbox 2597 2870 2925 2937; x_wconf 85' lang='lat' dir='ltr'><strong>inquirentes</strong></span> <span class='ocrx_word' id='word_1_693' title='bbox 2953 2884 3138 2923; x_wconf 87' lang='lat' dir='ltr'><strong>eorum</strong></span> <span class='ocrx_word' id='word_1_694' title='bbox 3174 2871 3548 2937; x_wconf 83' lang='lat' dir='ltr'><strong>instrumenta,</strong></span> <span class='ocrx_word' id='word_1_695' title='bbox 3583 2872 3813 2927; x_wconf 79' lang='lat' dir='ltr'><strong>invene-</strong></span> 
     </span>
    </p>
   </div>
   <div class='ocr_carea' id='block_1_92' title="bbox 2211 2962 3817 3033">
    <p class='ocr_par' dir='ltr' id='par_1_92' title="bbox 2211 2962 3817 3033">
     <span class='ocr_line' id='line_1_93' title="bbox 2211 2962 3817 3033; baseline 0.003 -19"><span class='ocrx_word' id='word_1_696' title='bbox 2211 2974 2335 3015; x_wconf 88' lang='lat' dir='ltr'><strong>runt</strong></span> <span class='ocrx_word' id='word_1_697' title='bbox 2374 2962 2517 3031; x_wconf 86' lang='lat' dir='ltr'><strong>quod</strong></span> <span class='ocrx_word' id='word_1_698' title='bbox 2560 2962 2647 3015; x_wconf 86' lang='lat' dir='ltr'><strong>illa</strong></span> <span class='ocrx_word' id='word_1_699' title='bbox 2692 2964 2891 3030; x_wconf 84' lang='lat' dir='ltr'><strong>porcio,</strong></span> <span class='ocrx_word' id='word_1_700' title='bbox 2947 2964 3049 3015; x_wconf 85' lang='lat' dir='ltr'><strong>hoc</strong></span> <span class='ocrx_word' id='word_1_701' title='bbox 3097 2973 3179 3015; x_wconf 89' lang='lat' dir='ltr'><strong>cst</strong></span> <span class='ocrx_word' id='word_1_702' title='bbox 3228 2962 3295 3015; x_wconf 88' lang='lat' dir='ltr'><strong>de</strong></span> <span class='ocrx_word' id='word_1_703' title='bbox 3342 2964 3455 3031; x_wconf 87' lang='lat' dir='ltr'><strong>ipsa</strong></span> <span class='ocrx_word' id='word_1_704' title='bbox 3498 2964 3624 3017; x_wconf 88' lang='lat' dir='ltr'><strong>villa</strong></span> <span class='ocrx_word' id='word_1_705' title='bbox 3667 2965 3817 3033; x_wconf 85' lang='lat' dir='ltr'><strong>quod</strong></span> 
     </span>
    </p>
   </div>
   <div class='ocr_carea' id='block_1_93' title="bbox 2210 3054 3818 3125">
    <p class='ocr_par' dir='ltr' id='par_1_93' title="bbox 2210 3054 3818 3125">
     <span class='ocr_line' id='line_1_94' title="bbox 2210 3054 3818 3125; baseline 0.003 -17"><span class='ocrx_word' id='word_1_706' title='bbox 2210 3071 2284 3109; x_wconf 92' lang='lat' dir='ltr'><strong>a..</strong></span> <span class='ocrx_word' id='word_1_707' title='bbox 2320 3094 2334 3108; x_wconf 96' lang='lat'><strong>.</strong></span> <span class='ocrx_word' id='word_1_708' title='bbox 2361 3064 2477 3111; x_wconf 90' lang='lat' dir='ltr'><strong>erat</strong></span> <span class='ocrx_word' id='word_1_709' title='bbox 2506 3055 2605 3107; x_wconf 88' lang='lat' dir='ltr'><strong>hoc</strong></span> <span class='ocrx_word' id='word_1_710' title='bbox 2630 3055 2997 3108; x_wconf 81' lang='lat' dir='ltr'><strong>Erclienoaldo</strong></span> <span class='ocrx_word' id='word_1_711' title='bbox 3020 3054 3288 3123; x_wconf 88' lang='lat' dir='ltr'><strong>quondam</strong></span> <span class='ocrx_word' id='word_1_712' title='bbox 3322 3055 3818 3125; x_wconf 48' lang='lat' dir='ltr'><strong>majoremqlomus</strong></span> 
     </span>
    </p>
   </div>
   <div class='ocr_carea' id='block_1_94' title="bbox 2130 3146 3815 3226">
    <p class='ocr_par' dir='ltr' id='par_1_94' title="bbox 2130 3146 3815 3226">
     <span class='ocr_line' id='line_1_95' title="bbox 2130 3146 3815 3226; baseline 0.004 -27"><span class='ocrx_word' id='word_1_713' title='bbox 2130 3163 2177 3226; x_wconf 72' lang='grc' dir='ltr'>ο</span> <span class='ocrx_word' id='word_1_714' title='bbox 2210 3150 2510 3201; x_wconf 76' lang='lat' dir='ltr'><strong>cnntulerat</strong></span> <span class='ocrx_word' id='word_1_715' title='bbox 2544 3166 2557 3202; x_wconf 89' lang='lat'><strong>:</strong></span> <span class='ocrx_word' id='word_1_716' title='bbox 2589 3157 2641 3201; x_wconf 93' lang='lat' dir='ltr'><strong>et</strong></span> <span class='ocrx_word' id='word_1_717' title='bbox 2685 3149 2797 3213; x_wconf 82' lang='lat' dir='ltr'><strong>ipse</strong></span> <span class='ocrx_word' id='word_1_718' title='bbox 2837 3146 3136 3201; x_wconf 75' lang='lat' dir='ltr'><strong>Leudusius</strong></span> <span class='ocrx_word' id='word_1_719' title='bbox 3179 3147 3429 3216; x_wconf 85' lang='lat' dir='ltr'><strong>Iigetemo</strong></span> <span class='ocrx_word' id='word_1_720' title='bbox 3471 3152 3674 3205; x_wconf 86' lang='lat' dir='ltr'><strong>ordene</strong></span> <span class='ocrx_word' id='word_1_721' title='bbox 3720 3153 3815 3205; x_wconf 85' lang='lat' dir='ltr'><strong>illa</strong></span> 
     </span>
    </p>
   </div>
   <div class='ocr_carea' id='block_1_95' title="bbox 2209 3238 3815 3309">
    <p class='ocr_par' dir='ltr' id='par_1_95' title="bbox 2209 3238 3815 3309">
     <span class='ocr_line' id='line_1_96' title="bbox 2209 3238 3815 3309; baseline 0.002 -17"><span class='ocrx_word' id='word_1_722' title='bbox 2209 3238 2592 3293; x_wconf 69' lang='lat' dir='ltr'><strong>medietatem.</strong></span> <span class='ocrx_word' id='word_1_723' title='bbox 2628 3238 2860 3292; x_wconf 81' lang='lat' dir='ltr'><strong>liabe....</strong></span> <span class='ocrx_word' id='word_1_724' title='bbox 2898 3238 3059 3291; x_wconf 89' lang='lat' dir='ltr'><strong>ad....</strong></span> <span class='ocrx_word' id='word_1_725' title='bbox 3099 3239 3301 3294; x_wconf 87' lang='lat' dir='ltr'><strong>ordene</strong></span> <span class='ocrx_word' id='word_1_726' title='bbox 3340 3242 3512 3308; x_wconf 85' lang='lat' dir='ltr'><strong>pri....</strong></span> <span class='ocrx_word' id='word_1_727' title='bbox 3555 3242 3703 3297; x_wconf 87' lang='lat' dir='ltr'><strong>inter</strong></span> <span class='ocrx_word' id='word_1_728' title='bbox 3733 3259 3815 3309; x_wconf 87' lang='lat' dir='ltr'><strong>se,</strong></span> 
     </span>
    </p>
   </div>
   <div class='ocr_carea' id='block_1_96' title="bbox 2206 3328 3819 3393">
    <p class='ocr_par' dir='ltr' id='par_1_96' title="bbox 2206 3328 3819 3393">
     <span class='ocr_line' id='line_1_97' title="bbox 2206 3328 3819 3393; baseline 0.004 -11"><span class='ocrx_word' id='word_1_729' title='bbox 2206 3328 2347 3382; x_wconf 87' lang='lat' dir='ltr'><strong>sicut</strong></span> <span class='ocrx_word' id='word_1_730' title='bbox 2382 3328 2532 3384; x_wconf 89' lang='lat' dir='ltr'><strong>decet</strong></span> <span class='ocrx_word' id='word_1_731' title='bbox 2579 3328 2908 3393; x_wconf 87' lang='lat' dir='ltr'><strong>sacerdotes,</strong></span> <span class='ocrx_word' id='word_1_732' title='bbox 2951 3344 3073 3385; x_wconf 87' lang='lat' dir='ltr'><strong>cum</strong></span> <span class='ocrx_word' id='word_1_733' title='bbox 3116 3342 3351 3387; x_wconf 83' lang='lat' dir='ltr'><strong>caretate</strong></span> <span class='ocrx_word' id='word_1_734' title='bbox 3397 3332 3708 3388; x_wconf 86' lang='lat' dir='ltr'><strong>inraciones</strong></span> <span class='ocrx_word' id='word_1_735' title='bbox 3750 3336 3819 3388; x_wconf 85' lang='lat' dir='ltr'><strong>ad</strong></span> 
     </span>
    </p>
   </div>
   <div class='ocr_carea' id='block_1_97' title="bbox 2208 3418 3815 3493">
    <p class='ocr_par' dir='ltr' id='par_1_97' title="bbox 2208 3418 3815 3493">
     <span class='ocr_line' id='line_1_98' title="bbox 2208 3418 3815 3493; baseline 0.006 -22"><span class='ocrx_word' id='word_1_736' title='bbox 2208 3418 2441 3475; x_wconf 81' lang='lat' dir='ltr'><strong>basileca</strong></span> <span class='ocrx_word' id='word_1_737' title='bbox 2482 3420 2620 3475; x_wconf 89' lang='lat' dir='ltr'><strong>inter</strong></span> <span class='ocrx_word' id='word_1_738' title='bbox 2651 3435 2709 3474; x_wconf 91' lang='lat' dir='ltr'><strong>se</strong></span> <span class='ocrx_word' id='word_1_739' title='bbox 2751 3421 3026 3490; x_wconf 62' lang='lat' dir='ltr'><strong>arqualiter</strong></span> <span class='ocrx_word' id='word_1_740' title='bbox 3056 3421 3310 3477; x_wconf 87' lang='lat' dir='ltr'><strong>devidere</strong></span> <span class='ocrx_word' id='word_1_741' title='bbox 3340 3422 3602 3479; x_wconf 85' lang='lat' dir='ltr'><strong>deberint.</strong></span> <span class='ocrx_word' id='word_1_742' title='bbox 3654 3426 3815 3493; x_wconf 87' lang='lat' dir='ltr'><strong>Quod</strong></span> 
     </span>
    </p>
   </div>
   <div class='ocr_carea' id='block_1_98' title="bbox 2208 3513 3817 3583">
    <p class='ocr_par' dir='ltr' id='par_1_98' title="bbox 2208 3513 3817 3583">
     <span class='ocr_line' id='line_1_99' title="bbox 2208 3513 3817 3583; baseline 0.003 -14"><span class='ocrx_word' id='word_1_743' title='bbox 2208 3522 2261 3569; x_wconf 90' lang='lat' dir='ltr'><strong>et</strong></span> <span class='ocrx_word' id='word_1_744' title='bbox 2304 3513 2356 3567; x_wconf 91' lang='lat' dir='ltr'><strong>in</strong></span> <span class='ocrx_word' id='word_1_745' title='bbox 2400 3515 2649 3583; x_wconf 71' lang='lat' dir='ltr'><strong>praesenti</strong></span> <span class='ocrx_word' id='word_1_746' title='bbox 2696 3513 2875 3567; x_wconf 87' lang='lat' dir='ltr'><strong>taliter</strong></span> <span class='ocrx_word' id='word_1_747' title='bbox 2915 3516 3156 3569; x_wconf 87' lang='lat' dir='ltr'><strong>noscitur</strong></span> <span class='ocrx_word' id='word_1_748' title='bbox 3198 3516 3605 3571; x_wconf 86' lang='lat' dir='ltr'><strong>convenisse....</strong></span> <span class='ocrx_word' id='word_1_749' title='bbox 3658 3530 3817 3575; x_wconf 89' lang='lat' dir='ltr'><strong>ut....</strong></span> 
     </span>
    </p>
   </div>
   <div class='ocr_carea' id='block_1_99' title="bbox 2210 3606 3815 3680">
    <p class='ocr_par' dir='ltr' id='par_1_99' title="bbox 2210 3606 3815 3680">
     <span class='ocr_line' id='line_1_100' title="bbox 2210 3606 3815 3680; baseline 0.002 -17"><span class='ocrx_word' id='word_1_750' title='bbox 2210 3608 2353 3663; x_wconf 88' lang='lat' dir='ltr'><strong>omni</strong></span> <span class='ocrx_word' id='word_1_751' title='bbox 2396 3617 2601 3661; x_wconf 91' lang='lat' dir='ltr'><strong>mereto</strong></span> <span class='ocrx_word' id='word_1_752' title='bbox 2630 3606 2713 3661; x_wconf 88' lang='lat' dir='ltr'><strong>vel</strong></span> <span class='ocrx_word' id='word_1_753' title='bbox 2759 3607 3091 3675; x_wconf 86' lang='lat' dir='ltr'><strong>adjecentias</strong></span> <span class='ocrx_word' id='word_1_754' title='bbox 3130 3624 3275 3675; x_wconf 88' lang='lat' dir='ltr'><strong>suas,</strong></span> <span class='ocrx_word' id='word_1_755' title='bbox 3322 3624 3427 3663; x_wconf 91' lang='lat' dir='ltr'><strong>una</strong></span> <span class='ocrx_word' id='word_1_756' title='bbox 3458 3624 3579 3664; x_wconf 90' lang='lat' dir='ltr'><strong>cum</strong></span> <span class='ocrx_word' id='word_1_757' title='bbox 3622 3615 3815 3680; x_wconf 84' lang='lat' dir='ltr'><strong>terris,</strong></span> 
     </span>
    </p>
   </div>
   <div class='ocr_carea' id='block_1_100' title="bbox 2209 3698 3817 3770">
    <p class='ocr_par' dir='ltr' id='par_1_100' title="bbox 2209 3698 3817 3770">
     <span class='ocr_line' id='line_1_101' title="bbox 2209 3698 3817 3770; baseline 0.003 -16"><span class='ocrx_word' id='word_1_758' title='bbox 2209 3700 2476 3762; x_wconf 88' lang='lat' dir='ltr'><strong>domibus,</strong></span> <span class='ocrx_word' id='word_1_759' title='bbox 2507 3698 2781 3761; x_wconf 71' lang='lat' dir='ltr'><strong>tedilicies,</strong></span> <span class='ocrx_word' id='word_1_760' title='bbox 2818 3716 2964 3753; x_wconf 85' lang='lat' dir='ltr'><strong>tu....</strong></span> <span class='ocrx_word' id='word_1_761' title='bbox 2999 3704 3208 3770; x_wconf 80' lang='lat' dir='ltr'><strong>pascuis</strong></span> <span class='ocrx_word' id='word_1_762' title='bbox 3238 3703 3415 3755; x_wconf 89' lang='lat' dir='ltr'><strong>vel....</strong></span> <span class='ocrx_word' id='word_1_763' title='bbox 3464 3702 3528 3755; x_wconf 87' lang='lat' dir='ltr'><strong>ad</strong></span> <span class='ocrx_word' id='word_1_764' title='bbox 3570 3702 3817 3759; x_wconf 81' lang='lat' dir='ltr'><strong>baselica</strong></span> 
     </span>
    </p>
   </div>
   <div class='ocr_carea' id='block_1_101' title="bbox 2210 3790 3820 3865">
    <p class='ocr_par' dir='ltr' id='par_1_101' title="bbox 2210 3790 3820 3865">
     <span class='ocr_line' id='line_1_102' title="bbox 2210 3790 3820 3865; baseline 0.002 -18"><span class='ocrx_word' id='word_1_765' title='bbox 2210 3792 2389 3847; x_wconf 90' lang='lat' dir='ltr'><strong>domui</strong></span> <span class='ocrx_word' id='word_1_766' title='bbox 2418 3790 2690 3862; x_wconf 88' lang='lat' dir='ltr'><strong>Diouynse</strong></span> <span class='ocrx_word' id='word_1_767' title='bbox 2719 3792 2920 3862; x_wconf 87' lang='lat' dir='ltr'><strong>absque</strong></span> <span class='ocrx_word' id='word_1_768' title='bbox 2951 3793 3371 3861; x_wconf 88' lang='lat' dir='ltr'><strong>repeticione....</strong></span> <span class='ocrx_word' id='word_1_769' title='bbox 3415 3795 3669 3849; x_wconf 82' lang='lat' dir='ltr'><strong>Audoiuo</strong></span> <span class='ocrx_word' id='word_1_770' title='bbox 3701 3796 3820 3865; x_wconf 80' lang='lat' dir='ltr'><strong>epi-</strong></span> 
     </span>
    </p>
   </div>
   <div class='ocr_carea' id='block_1_102' title="bbox 2209 3884 3824 3954">
    <p class='ocr_par' dir='ltr' id='par_1_102' title="bbox 2209 3884 3824 3954">
     <span class='ocr_line' id='line_1_103' title="bbox 2209 3884 3824 3954; baseline 0.004 -17"><span class='ocrx_word' id='word_1_771' title='bbox 2209 3897 2409 3954; x_wconf 90' lang='lat' dir='ltr'><strong>scopo,</strong></span> <span class='ocrx_word' id='word_1_772' title='bbox 2468 3884 2554 3938; x_wconf 88' lang='lat' dir='ltr'><strong>vel</strong></span> <span class='ocrx_word' id='word_1_773' title='bbox 2613 3896 2954 3939; x_wconf 88' lang='lat' dir='ltr'><strong>successores</strong></span> <span class='ocrx_word' id='word_1_774' title='bbox 3008 3900 3137 3939; x_wconf 88' lang='lat' dir='ltr'><strong>suos</strong></span> <span class='ocrx_word' id='word_1_775' title='bbox 3189 3885 3444 3940; x_wconf 78' lang='lat' dir='ltr'><strong>Ecclesiae</strong></span> <span class='ocrx_word' id='word_1_776' title='bbox 3498 3887 3824 3943; x_wconf 83' lang='lat' dir='ltr'><strong>Rotominse</strong></span> 
     </span>
    </p>
   </div>
   <div class='ocr_carea' id='block_1_103' title="bbox 2210 3979 3824 4047">
    <p class='ocr_par' dir='ltr' id='par_1_103' title="bbox 2210 3979 3824 4047">
     <span class='ocr_line' id='line_1_104' title="bbox 2210 3979 3824 4047; baseline 0.003 -14"><span class='ocrx_word' id='word_1_777' title='bbox 2210 3992 2368 4033; x_wconf 89' lang='lat' dir='ltr'><strong>cu....</strong></span> <span class='ocrx_word' id='word_1_778' title='bbox 2421 3986 2839 4031; x_wconf 90' lang='lat' dir='ltr'><strong>nomenaute....</strong></span> <span class='ocrx_word' id='word_1_779' title='bbox 2886 3980 3058 4035; x_wconf 86' lang='lat' dir='ltr'><strong>vis....</strong></span> <span class='ocrx_word' id='word_1_780' title='bbox 3107 3979 3312 4047; x_wconf 87' lang='lat' dir='ltr'><strong>ipsa....</strong></span> <span class='ocrx_word' id='word_1_781' title='bbox 3359 3979 3474 4033; x_wconf 88' lang='lat' dir='ltr'><strong>loca</strong></span> <span class='ocrx_word' id='word_1_782' title='bbox 3523 3981 3824 4038; x_wconf 83' lang='lat' dir='ltr'><strong>medietate</strong></span> 
     </span>
    </p>
   </div>
   <div class='ocr_carea' id='block_1_104' title="bbox 2212 4070 3254 4140">
    <p class='ocr_par' dir='ltr' id='par_1_104' title="bbox 2212 4070 3254 4140">
     <span class='ocr_line' id='line_1_105' title="bbox 2212 4070 3254 4140; baseline 0.002 -16"><span class='ocrx_word' id='word_1_783' title='bbox 2212 4070 2831 4140; x_wconf 49' lang='lat' dir='ltr'><strong>valeant&#39;possedere....</strong></span> <span class='ocrx_word' id='word_1_784' title='bbox 2865 4070 3100 4126; x_wconf 87' lang='lat' dir='ltr'><strong>unde....</strong></span> <span class='ocrx_word' id='word_1_785' title='bbox 3137 4070 3254 4127; x_wconf 90' lang='lat' dir='ltr'><strong>Dei.</strong></span> 
     </span>
    </p>
   </div>
   <div class='ocr_carea' id='block_1_105' title="bbox 2966 4184 3056 4240">
    <p class='ocr_par' dir='ltr' id='par_1_105' title="bbox 2966 4184 3056 4240">
     <span class='ocr_line' id='line_1_106' title="bbox 2966 4184 3056 4240; baseline 0.022 -2"><span class='ocrx_word' id='word_1_786' title='bbox 2966 4184 3056 4240; x_wconf 78' lang='grc' dir='ltr'><strong>ιν.</strong></span> 
     </span>
    </p>
   </div>
   <div class='ocr_carea' id='block_1_106' title="bbox 2211 4275 3817 4350">
    <p class='ocr_par' dir='ltr' id='par_1_106' title="bbox 2211 4275 3817 4350">
     <span class='ocr_line' id='line_1_107' title="bbox 2211 4275 3817 4350; baseline 0.001 -17"><span class='ocrx_word' id='word_1_787' title='bbox 2211 4277 2456 4350; x_wconf 79' lang='lat' dir='ltr'><strong>Diploma</strong></span> <span class='ocrx_word' id='word_1_788' title='bbox 2498 4295 2598 4346; x_wconf 88' lang='lat' dir='ltr'><strong>quo</strong></span> <span class='ocrx_word' id='word_1_789' title='bbox 2637 4278 2891 4350; x_wconf 75' lang='lat' dir='ltr'><strong>Clolarius</strong></span> <span class='ocrx_word' id='word_1_790' title='bbox 2936 4277 3111 4329; x_wconf 85' lang='lat' dir='ltr'><strong>villam</strong></span> <span class='ocrx_word' id='word_1_791' title='bbox 3133 4275 3479 4350; x_wconf 57' lang='lat' dir='ltr'><strong>gorbeiamet</strong></span> <span class='ocrx_word' id='word_1_792' title='bbox 3518 4280 3657 4334; x_wconf 78' lang='lat' dir='ltr'><strong>alias</strong></span> <span class='ocrx_word' id='word_1_793' title='bbox 3689 4297 3817 4335; x_wconf 80' lang='lat' dir='ltr'><strong>cou-</strong></span> 
     </span>
    </p>
   </div>
   <div class='ocr_carea' id='block_1_107' title="bbox 2283 4347 3824 4423">
    <p class='ocr_par' dir='ltr' id='par_1_107' title="bbox 2283 4347 3824 4423">
     <span class='ocr_line' id='line_1_108' title="bbox 2283 4347 3824 4423; baseline 0.002 -20"><span class='ocrx_word' id='word_1_794' title='bbox 2283 4347 2379 4423; x_wconf 66' lang='lat' dir='ltr'><strong>fert</strong></span> <span class='ocrx_word' id='word_1_795' title='bbox 2420 4350 2723 4423; x_wconf 48' lang='lat' dir='ltr'><strong>monasterio</strong></span> <span class='ocrx_word' id='word_1_796' title='bbox 2769 4349 3077 4423; x_wconf 67' lang='lat' dir='ltr'><strong>Sanctorum</strong></span> <span class='ocrx_word' id='word_1_797' title='bbox 3123 4347 3265 4423; x_wconf 84' lang='lat' dir='ltr'><strong>Pel_ri</strong></span> <span class='ocrx_word' id='word_1_798' title='bbox 3308 4360 3356 4403; x_wconf 81' lang='lat' dir='ltr'><strong>et</strong></span> <span class='ocrx_word' id='word_1_799' title='bbox 3398 4348 3579 4413; x_wconf 82' lang='lat' dir='ltr'><strong>Pauli,</strong></span> <span class='ocrx_word' id='word_1_800' title='bbox 3613 4353 3670 4403; x_wconf 84' lang='lat' dir='ltr'><strong>in</strong></span> <span class='ocrx_word' id='word_1_801' title='bbox 3708 4356 3824 4406; x_wconf 86' lang='lat' dir='ltr'><strong>loco</strong></span> 
     </span>
    </p>
   </div>
   <div class='ocr_carea' id='block_1_108' title="bbox 2318 4417 3823 4489">
    <p class='ocr_par' dir='ltr' id='par_1_108' title="bbox 2318 4417 3823 4489">
     <span class='ocr_line' id='line_1_109' title="bbox 2318 4417 3823 4489; baseline 0.002 -17"><span class='ocrx_word' id='word_1_802' title='bbox 2318 4422 2371 4473; x_wconf 88' lang='lat' dir='ltr'><strong>ui</strong></span> <span class='ocrx_word' id='word_1_803' title='bbox 2425 4422 2611 4473; x_wconf 84' lang='lat' dir='ltr'><strong>dicitur</strong></span> <span class='ocrx_word' id='word_1_804' title='bbox 2670 4417 2923 4489; x_wconf 67' lang='lat' dir='ltr'><strong>Corbeia,</strong></span> <span class='ocrx_word' id='word_1_805' title='bbox 2980 4435 3133 4487; x_wconf 79' lang='lat' dir='ltr'><strong>super</strong></span> <span class='ocrx_word' id='word_1_806' title='bbox 3188 4421 3399 4489; x_wconf 79' lang='lat' dir='ltr'><strong>[luvium</strong></span> <span class='ocrx_word' id='word_1_807' title='bbox 3458 4424 3545 4474; x_wconf 88' lang='lat' dir='ltr'><strong>aui</strong></span> <span class='ocrx_word' id='word_1_808' title='bbox 3600 4437 3823 4477; x_wconf 71' lang='lat' dir='ltr'><strong>vocmur</strong></span> 
     </span>
    </p>
   </div>
   <div class='ocr_carea' id='block_1_109' title="bbox 2311 4487 2916 4561">
    <p class='ocr_par' dir='ltr' id='par_1_109' title="bbox 2311 4487 2916 4561">
     <span class='ocr_line' id='line_1_110' title="bbox 2311 4487 2916 4561; baseline -0.005 -17"><span class='ocrx_word' id='word_1_809' title='bbox 2311 4493 2496 4545; x_wconf 76' lang='lat' dir='ltr'><strong>iomma</strong></span> <span class='ocrx_word' id='word_1_810' title='bbox 2528 4500 2549 4528; x_wconf 73' lang='grc' dir='ltr'><strong><em>ο</em></strong></span> <span class='ocrx_word' id='word_1_811' title='bbox 2584 4493 2729 4561; x_wconf 84' lang='grc' dir='ltr'><em>(αηη.</em></span> <span class='ocrx_word' id='word_1_812' title='bbox 2765 4487 2916 4559; x_wconf 82' lang='lat'><strong>659).</strong></span> 
     </span>
    </p>
   </div>
   <div class='ocr_carea' id='block_1_110' title="bbox 2285 4582 3826 4651">
    <p class='ocr_par' dir='ltr' id='par_1_110' title="bbox 2285 4582 3826 4651">
     <span class='ocr_line' id='line_1_111' title="bbox 2285 4582 3826 4651; baseline 0 -11"><span class='ocrx_word' id='word_1_813' title='bbox 2285 4584 2650 4651; x_wconf 85' lang='lat' dir='ltr'><strong>Chlotharius,</strong></span> <span class='ocrx_word' id='word_1_814' title='bbox 2679 4599 2772 4639; x_wconf 86' lang='lat' dir='ltr'><strong>rex</strong></span> <span class='ocrx_word' id='word_1_815' title='bbox 2805 4582 3153 4648; x_wconf 80' lang='lat' dir='ltr'><strong>Francorum,</strong></span> <span class='ocrx_word' id='word_1_816' title='bbox 3184 4584 3266 4636; x_wconf 85' lang='lat' dir='ltr'><strong>vir</strong></span> <span class='ocrx_word' id='word_1_817' title='bbox 3293 4584 3535 4639; x_wconf 90' lang='lat' dir='ltr'><strong>inluster.</strong></span> <span class='ocrx_word' id='word_1_818' title='bbox 3566 4587 3649 4639; x_wconf 83' lang='lat' dir='ltr'><strong>Ad</strong></span> <span class='ocrx_word' id='word_1_819' title='bbox 3686 4603 3826 4640; x_wconf 80' lang='lat' dir='ltr'><strong>nier-</strong></span> 
     </span>
    </p>
   </div>
   <div class='ocr_carea' id='block_1_111' title="bbox 2215 4717 3825 4789">
    <p class='ocr_par' dir='ltr' id='par_1_111' title="bbox 2215 4717 3825 4789">
     <span class='ocr_line' id='line_1_112' title="bbox 2215 4717 3825 4789; baseline -0.007 -10"><span class='ocrx_word' id='word_1_820' title='bbox 2215 4726 2351 4781; x_wconf 83' lang='lat' dir='ltr'><strong>Coll.</strong></span> <span class='ocrx_word' id='word_1_821' title='bbox 2395 4722 2520 4777; x_wconf 88' lang='lat' dir='ltr'><strong>bist.</strong></span> <span class='ocrx_word' id='word_1_822' title='bbox 2564 4722 2753 4776; x_wconf 76' lang='lat' dir='ltr'><strong>Frauc.</strong></span> <span class='ocrx_word' id='word_1_823' title='bbox 2801 4735 2916 4789; x_wconf 84' lang='lat' dir='ltr'><strong>pag.</strong></span> <span class='ocrx_word' id='word_1_824' title='bbox 2958 4717 3097 4781; x_wconf 68' lang='grc'><strong>652,</strong></span> <span class='ocrx_word' id='word_1_825' title='bbox 3139 4735 3280 4773; x_wconf 87' lang='lat' dir='ltr'><strong>anno</strong></span> <span class='ocrx_word' id='word_1_826' title='bbox 3308 4719 3443 4784; x_wconf 75' lang='lat'><strong>658;</strong></span> <span class='ocrx_word' id='word_1_827' title='bbox 3471 4721 3621 4788; x_wconf 85' lang='lat' dir='ltr'><strong>juxta</strong></span> <span class='ocrx_word' id='word_1_828' title='bbox 3655 4724 3825 4779; x_wconf 63' lang='lat' dir='ltr'><strong>Coi“-</strong></span> 
     </span>
    </p>
   </div>
   <div class='ocr_carea' id='block_1_112' title="bbox 2216 4789 3824 4860">
    <p class='ocr_par' dir='ltr' id='par_1_112' title="bbox 2216 4789 3824 4860">
     <span class='ocr_line' id='line_1_113' title="bbox 2216 4789 3824 4860; baseline 0.002 -13"><span class='ocrx_word' id='word_1_829' title='bbox 2216 4800 2384 4860; x_wconf 82' lang='lat' dir='ltr'><strong>tium,</strong></span> <span class='ocrx_word' id='word_1_830' title='bbox 2426 4792 2621 4847; x_wconf 83' lang='lat' dir='ltr'><strong>Annal.</strong></span> <span class='ocrx_word' id='word_1_831' title='bbox 2661 4802 2699 4845; x_wconf 92' lang='lat' dir='ltr'><strong>t.</strong></span> <span class='ocrx_word' id='word_1_832' title='bbox 2734 4789 2833 4855; x_wconf 82' lang='grc' dir='ltr'><strong>ΙΙΙ,</strong></span> <span class='ocrx_word' id='word_1_833' title='bbox 2880 4805 2999 4860; x_wconf 85' lang='lat' dir='ltr'><strong>pag.</strong></span> <span class='ocrx_word' id='word_1_834' title='bbox 3041 4789 3168 4855; x_wconf 70' lang='lat'><strong>478,</strong></span> <span class='ocrx_word' id='word_1_835' title='bbox 3200 4805 3342 4843; x_wconf 88' lang='lat' dir='ltr'><strong>anno</strong></span> <span class='ocrx_word' id='word_1_836' title='bbox 3370 4790 3505 4857; x_wconf 83' lang='lat'><strong>659;</strong></span> <span class='ocrx_word' id='word_1_837' title='bbox 3540 4794 3691 4847; x_wconf 88' lang='lat' dir='ltr'><strong>unde</strong></span> <span class='ocrx_word' id='word_1_838' title='bbox 3722 4811 3824 4850; x_wconf 84' lang='lat' dir='ltr'><strong>nos</strong></span> 
     </span>
    </p>
   </div>
   <div class='ocr_carea' id='block_1_113' title="bbox 2220 4859 3823 4930">
    <p class='ocr_par' dir='ltr' id='par_1_113' title="bbox 2220 4859 3823 4930">
     <span class='ocr_line' id='line_1_114' title="bbox 2220 4859 3823 4930; baseline -0.003 -6"><span class='ocrx_word' id='word_1_839' title='bbox 2220 4859 2588 4924; x_wconf 14' lang='lat' dir='ltr'><strong>ltunc’auuum</strong></span> <span class='ocrx_word' id='word_1_840' title='bbox 2635 4863 2756 4916; x_wconf 88' lang='lat' dir='ltr'><strong>huic</strong></span> <span class='ocrx_word' id='word_1_841' title='bbox 2786 4859 3065 4930; x_wconf 77' lang='lat' dir='ltr'><strong>diplouiati</strong></span> <span class='ocrx_word' id='word_1_842' title='bbox 3114 4859 3465 4929; x_wconf 57' lang='lat' dir='ltr'><strong>pratiigimus,</strong></span> <span class='ocrx_word' id='word_1_843' title='bbox 3509 4864 3655 4928; x_wconf 86' lang='lat' dir='ltr'><strong>quod</strong></span> <span class='ocrx_word' id='word_1_844' title='bbox 3690 4883 3823 4919; x_wconf 83' lang='lat' dir='ltr'><strong>con-</strong></span> 
     </span>
    </p>
   </div>
   <div class='ocr_carea' id='block_1_114' title="bbox 2218 4930 3826 5007">
    <p class='ocr_par' dir='ltr' id='par_1_114' title="bbox 2218 4930 3826 5007">
     <span class='ocr_line' id='line_1_115' title="bbox 2218 4930 3826 5007; baseline -0.002 -13"><span class='ocrx_word' id='word_1_845' title='bbox 2218 4939 2403 4994; x_wconf 86' lang='lat' dir='ltr'><strong>cordat</strong></span> <span class='ocrx_word' id='word_1_846' title='bbox 2437 4951 2557 4990; x_wconf 89' lang='lat' dir='ltr'><strong>cum</strong></span> <span class='ocrx_word' id='word_1_847' title='bbox 2595 4932 2925 5007; x_wconf 66' lang='lat' dir='ltr'><strong>temporibus</strong></span> <span class='ocrx_word' id='word_1_848' title='bbox 2954 4930 3299 5007; x_wconf 79' lang='lat' dir='ltr'><strong>Waratltouis</strong></span> <span class='ocrx_word' id='word_1_849' title='bbox 3324 4942 3377 4985; x_wconf 89' lang='lat' dir='ltr'><strong>et</strong></span> <span class='ocrx_word' id='word_1_850' title='bbox 3410 4932 3662 5007; x_wconf 68' lang='lat' dir='ltr'><strong>Waningi</strong></span> <span class='ocrx_word' id='word_1_851' title='bbox 3683 4976 3702 5003; x_wconf 89' lang='lat'><strong>,</strong></span> <span class='ocrx_word' id='word_1_852' title='bbox 3734 4939 3826 5007; x_wconf 89' lang='lat' dir='ltr'><strong>qui</strong></span> 
     </span>
    </p>
   </div>
   <div class='ocr_carea' id='block_1_115' title="bbox 2216 5000 3821 5077">
    <p class='ocr_par' dir='ltr' id='par_1_115' title="bbox 2216 5000 3821 5077">
     <span class='ocr_line' id='line_1_116' title="bbox 2216 5000 3821 5077; baseline -0.003 -13"><span class='ocrx_word' id='word_1_853' title='bbox 2216 5010 2287 5063; x_wconf 84' lang='lat' dir='ltr'><strong>ibi</strong></span> <span class='ocrx_word' id='word_1_854' title='bbox 2345 5000 2728 5062; x_wconf 71' lang='lat' dir='ltr'><strong>memorantur.</strong></span> <span class='ocrx_word' id='word_1_855' title='bbox 2754 5073 2769 5077; x_wconf 86' lang='lat'><strong>_</strong></span> <span class='ocrx_word' id='word_1_856' title='bbox 2796 5000 3119 5077; x_wconf 55' lang='lat' dir='ltr'><strong>ﬁertuonius</strong></span> <span class='ocrx_word' id='word_1_857' title='bbox 3136 5003 3287 5077; x_wconf 79' lang='lat' dir='ltr'><strong>_.__tle</strong></span> <span class='ocrx_word' id='word_1_858' title='bbox 3336 5012 3444 5057; x_wconf 87' lang='lat' dir='ltr'><strong>vet.</strong></span> <span class='ocrx_word' id='word_1_859' title='bbox 3504 5000 3647 5071; x_wconf 78' lang='lat' dir='ltr'><strong>Dipl.</strong></span> 
     </span>
    </p>
   </div>
   <div class='ocr_carea' id='block_1_116' title="bbox 2219 5071 3823 5145">
    <p class='ocr_par' dir='ltr' id='par_1_116' title="bbox 2219 5071 3823 5145">
     <span class='ocr_line' id='line_1_117' title="bbox 2219 5071 3823 5145; baseline -0.002 -11"><span class='ocrx_word' id='word_1_860' title='bbox 2219 5081 2410 5135; x_wconf 88' lang='lat' dir='ltr'><strong>Franc.</strong></span> <span class='ocrx_word' id='word_1_861' title='bbox 2432 5089 2470 5134; x_wconf 89' lang='lat' dir='ltr'><strong>t.</strong></span> <span class='ocrx_word' id='word_1_862' title='bbox 2497 5077 2558 5142; x_wconf 90' lang='lat' dir='ltr'><strong>ll,</strong></span> <span class='ocrx_word' id='word_1_863' title='bbox 2596 5091 2713 5143; x_wconf 88' lang='lat' dir='ltr'><strong>pag.</strong></span> <span class='ocrx_word' id='word_1_864' title='bbox 2745 5073 2852 5127; x_wconf 76' lang='grc'><strong>215</strong></span> <span class='ocrx_word' id='word_1_865' title='bbox 2880 5083 2934 5127; x_wconf 91' lang='lat' dir='ltr'><strong>et</strong></span> <span class='ocrx_word' id='word_1_866' title='bbox 2960 5088 3102 5145; x_wconf 73' lang='lat' dir='ltr'><strong>seq.,</strong></span> <span class='ocrx_word' id='word_1_867' title='bbox 3136 5071 3456 5142; x_wconf 80' lang='lat' dir='ltr'><strong>Waninguni</strong></span> <span class='ocrx_word' id='word_1_868' title='bbox 3486 5079 3599 5127; x_wconf 88' lang='lat' dir='ltr'><strong>vult</strong></span> <span class='ocrx_word' id='word_1_869' title='bbox 3629 5071 3823 5145; x_wconf 56' lang='lat' dir='ltr'><strong>palatii</strong></span> 
     </span>
    </p>
   </div>
   <div class='ocr_carea' id='block_1_117' title="bbox 2218 5142 3826 5209">
    <p class='ocr_par' dir='ltr' id='par_1_117' title="bbox 2218 5142 3826 5209">
     <span class='ocr_line' id='line_1_118' title="bbox 2218 5142 3826 5209; baseline -0.003 -2"><span class='ocrx_word' id='word_1_870' title='bbox 2218 5151 2465 5207; x_wconf 89' lang='lat' dir='ltr'><strong>comitem</strong></span> <span class='ocrx_word' id='word_1_871' title='bbox 2492 5165 2596 5202; x_wconf 88' lang='lat' dir='ltr'><strong>non</strong></span> <span class='ocrx_word' id='word_1_872' title='bbox 2626 5142 2931 5209; x_wconf 69' lang='lat' dir='ltr'><strong>ertstitisse;</strong></span> <span class='ocrx_word' id='word_1_873' title='bbox 2959 5143 3053 5198; x_wconf 88' lang='lat' dir='ltr'><strong>sed</strong></span> <span class='ocrx_word' id='word_1_874' title='bbox 3077 5142 3128 5197; x_wconf 87' lang='lat' dir='ltr'><strong>id</strong></span> <span class='ocrx_word' id='word_1_875' title='bbox 3161 5157 3264 5196; x_wconf 89' lang='lat' dir='ltr'><strong>non</strong></span> <span class='ocrx_word' id='word_1_876' title='bbox 3293 5144 3421 5197; x_wconf 88' lang='lat' dir='ltr'><strong>satis</strong></span> <span class='ocrx_word' id='word_1_877' title='bbox 3452 5142 3826 5202; x_wconf 45' lang='lat' dir='ltr'><strong>ﬁrmis—ratio-</strong></span> 
     </span>
    </p>
   </div>
   <div class='ocr_carea' id='block_1_118' title="bbox 2218 5214 3822 5287">
    <p class='ocr_par' dir='ltr' id='par_1_118' title="bbox 2218 5214 3822 5287">
     <span class='ocr_line' id='line_1_119' title="bbox 2218 5214 3822 5287; baseline -0.003 -11"><span class='ocrx_word' id='word_1_878' title='bbox 2218 5223 2375 5277; x_wconf 89' lang='lat' dir='ltr'><strong>nibus</strong></span> <span class='ocrx_word' id='word_1_879' title='bbox 2403 5220 2622 5275; x_wconf 87' lang='lat' dir='ltr'><strong>eviucit.</strong></span> <span class='ocrx_word' id='word_1_880' title='bbox 2656 5219 3044 5287; x_wconf 86' lang='lat' dir='ltr'><strong>Argumentum</strong></span> <span class='ocrx_word' id='word_1_881' title='bbox 3077 5224 3253 5267; x_wconf 87' lang='lat' dir='ltr'><strong>autem</strong></span> <span class='ocrx_word' id='word_1_882' title='bbox 3285 5214 3625 5270; x_wconf 88' lang='lat' dir='ltr'><strong>instrumenti</strong></span> <span class='ocrx_word' id='word_1_883' title='bbox 3662 5222 3716 5271; x_wconf 91' lang='lat' dir='ltr'><strong>in</strong></span> <span class='ocrx_word' id='word_1_884' title='bbox 3749 5220 3822 5272; x_wconf 87' lang='lat' dir='ltr'><strong>ti-</strong></span> 
     </span>
    </p>
   </div>
   <div class='ocr_carea' id='block_1_119' title="bbox 2218 5288 3827 5357">
    <p class='ocr_par' dir='ltr' id='par_1_119' title="bbox 2218 5288 3827 5357">
     <span class='ocr_line' id='line_1_120' title="bbox 2218 5288 3827 5357; baseline -0.002 -10"><span class='ocrx_word' id='word_1_885' title='bbox 2218 5293 2330 5347; x_wconf 88' lang='lat' dir='ltr'><strong>tulo</strong></span> <span class='ocrx_word' id='word_1_886' title='bbox 2354 5293 2477 5347; x_wconf 86' lang='lat' dir='ltr'><strong>huic</strong></span> <span class='ocrx_word' id='word_1_887' title='bbox 2505 5290 2725 5357; x_wconf 69' lang='lat' dir='ltr'><strong>praeﬁxo</strong></span> <span class='ocrx_word' id='word_1_888' title='bbox 2757 5288 3111 5350; x_wconf 87' lang='lat' dir='ltr'><strong>declaramus,</strong></span> <span class='ocrx_word' id='word_1_889' title='bbox 3139 5295 3397 5354; x_wconf 83' lang='lat' dir='ltr'><strong>quantum</strong></span> <span class='ocrx_word' id='word_1_890' title='bbox 3421 5301 3487 5340; x_wconf 84' lang='lat' dir='ltr'><strong>ex</strong></span> <span class='ocrx_word' id='word_1_891' title='bbox 3514 5289 3673 5344; x_wconf 86' lang='lat' dir='ltr'><strong>valde</strong></span> <span class='ocrx_word' id='word_1_892' title='bbox 3699 5306 3827 5344; x_wconf 86' lang='lat' dir='ltr'><strong>mu-</strong></span> 
     </span>
    </p>
   </div>
   <div class='ocr_carea' id='block_1_120' title="bbox 2221 5360 2963 5431">
    <p class='ocr_par' dir='ltr' id='par_1_120' title="bbox 2221 5360 2963 5431">
     <span class='ocr_line' id='line_1_121' title="bbox 2221 5360 2963 5431; baseline -0.009 -13"><span class='ocrx_word' id='word_1_893' title='bbox 2221 5365 2315 5419; x_wconf 92' lang='lat' dir='ltr'><strong>tilo</strong></span> <span class='ocrx_word' id='word_1_894' title='bbox 2346 5364 2591 5431; x_wconf 87' lang='lat' dir='ltr'><strong>exemplo</strong></span> <span class='ocrx_word' id='word_1_895' title='bbox 2620 5360 2733 5415; x_wconf 88' lang='lat' dir='ltr'><strong>erui</strong></span> <span class='ocrx_word' id='word_1_896' title='bbox 2767 5368 2963 5431; x_wconf 70' lang='lat' dir='ltr'><strong>potest.</strong></span> 
     </span>
    </p>
   </div>
   <div class='ocr_carea' id='block_1_121' title="bbox 2290 5427 3827 5503">
    <p class='ocr_par' dir='ltr' id='par_1_121' title="bbox 2290 5427 3827 5503">
     <span class='ocr_line' id='line_1_122' title="bbox 2290 5427 3827 5503; baseline 0.001 -16"><span class='ocrx_word' id='word_1_897' title='bbox 2290 5433 2317 5475; x_wconf 69' lang='grc' dir='ltr'>δ</span> <span class='ocrx_word' id='word_1_898' title='bbox 2365 5427 2786 5503; x_wconf 71' lang='lat' dir='ltr'><strong>liolhomagensis</strong></span> <span class='ocrx_word' id='word_1_899' title='bbox 2832 5427 3069 5483; x_wconf 79' lang='lat' dir='ltr'><strong>Ecclesia</strong></span> <span class='ocrx_word' id='word_1_900' title='bbox 3101 5436 3184 5503; x_wconf 75' lang='lat' dir='ltr'><strong>est</strong></span> <span class='ocrx_word' id='word_1_901' title='bbox 3210 5428 3459 5503; x_wconf 57' lang='lat' dir='ltr'><strong>quarltic</strong></span> <span class='ocrx_word' id='word_1_902' title='bbox 3498 5431 3827 5488; x_wconf 75' lang='lat' dir='ltr'><strong>Rotomimis</strong></span> 
     </span>
    </p>
   </div>
   <div class='ocr_carea' id='block_1_122' title="bbox 2220 5498 3827 5577">
    <p class='ocr_par' dir='ltr' id='par_1_122' title="bbox 2220 5498 3827 5577">
     <span class='ocr_line' id='line_1_123' title="bbox 2220 5498 3827 5577; baseline -0.007 -16"><span class='ocrx_word' id='word_1_903' title='bbox 2220 5507 2536 5577; x_wconf 86' lang='lat' dir='ltr'><strong>appellatur.</strong></span> <span class='ocrx_word' id='word_1_904' title='bbox 2582 5498 2915 5577; x_wconf 55' lang='lat' dir='ltr'><strong>Sicﬁotomo</strong></span> <span class='ocrx_word' id='word_1_905' title='bbox 2952 5514 3048 5577; x_wconf 80' lang='lat' dir='ltr'><strong>pro</strong></span> <span class='ocrx_word' id='word_1_906' title='bbox 3100 5498 3606 5577; x_wconf 45' lang='lat' dir='ltr'><strong>(latontagonlegittir</strong></span> <span class='ocrx_word' id='word_1_907' title='bbox 3641 5506 3695 5557; x_wconf 88' lang='lat' dir='ltr'><strong>in</strong></span> <span class='ocrx_word' id='word_1_908' title='bbox 3728 5505 3827 5577; x_wconf 65' lang='grc' dir='ltr'>μί..</span> 
     </span>
    </p>
   </div>
   <div class='ocr_carea' id='block_1_123' title="bbox 2218 5570 3825 5645">
    <p class='ocr_par' dir='ltr' id='par_1_123' title="bbox 2218 5570 3825 5645">
     <span class='ocr_line' id='line_1_124' title="bbox 2218 5570 3825 5645; baseline -0.002 -10"><span class='ocrx_word' id='word_1_909' title='bbox 2218 5570 2383 5635; x_wconf 74' lang='lat' dir='ltr'><strong>sioria</strong></span> <span class='ocrx_word' id='word_1_910' title='bbox 2411 5576 2650 5645; x_wconf 85' lang='lat' dir='ltr'><strong>Gregorii</strong></span> <span class='ocrx_word' id='word_1_911' title='bbox 2681 5571 3013 5628; x_wconf 87' lang='lat' dir='ltr'><strong>Turonensis</strong></span> <span class='ocrx_word' id='word_1_912' title='bbox 3039 5571 3350 5639; x_wconf 88' lang='lat' dir='ltr'><strong>epitomata,</strong></span> <span class='ocrx_word' id='word_1_913' title='bbox 3382 5570 3519 5629; x_wconf 85' lang='lat' dir='ltr'><strong>Coll.</strong></span> <span class='ocrx_word' id='word_1_914' title='bbox 3556 5573 3687 5629; x_wconf 87' lang='lat' dir='ltr'><strong>hist.</strong></span> <span class='ocrx_word' id='word_1_915' title='bbox 3722 5576 3825 5631; x_wconf 85' lang='lat' dir='ltr'><strong>Fr.</strong></span> 
     </span>
    </p>
   </div>
   <div class='ocr_carea' id='block_1_124' title="bbox 2296 5664 3827 5786">
    <p class='ocr_par' dir='ltr' id='par_1_124' title="bbox 2296 5664 3827 5786">
     <span class='ocr_line' id='line_1_125' title="bbox 2296 5664 2614 5717; baseline -0.006 -13"><span class='ocrx_word' id='word_1_916' title='bbox 2296 5664 2367 5716; x_wconf 90' lang='lat' dir='ltr'><strong>ll,</strong></span> <span class='ocrx_word' id='word_1_917' title='bbox 2404 5664 2456 5717; x_wconf 90' lang='lat' dir='ltr'><strong>p.</strong></span> <span class='ocrx_word' id='word_1_918' title='bbox 2489 5664 2614 5703; x_wconf 69' lang='grc' dir='ltr'>ιιυι.</span> 
     </span>
     <span class='ocr_line' id='line_1_126' title="bbox 2296 5710 3827 5786; baseline -0.001 -11"><span class='ocrx_word' id='word_1_919' title='bbox 2296 5732 2319 5760; x_wconf 84' lang='grc' dir='ltr'><strong>ο</strong></span> <span class='ocrx_word' id='word_1_920' title='bbox 2362 5721 2551 5776; x_wconf 86' lang='lat' dir='ltr'><strong>Exstat</strong></span> <span class='ocrx_word' id='word_1_921' title='bbox 2591 5720 2644 5773; x_wconf 92' lang='lat' dir='ltr'><strong>in</strong></span> <span class='ocrx_word' id='word_1_922' title='bbox 2674 5715 2929 5771; x_wconf 87' lang='lat' dir='ltr'><strong>Conciliis</strong></span> <span class='ocrx_word' id='word_1_923' title='bbox 2955 5720 3065 5767; x_wconf 86' lang='lat' dir='ltr'><strong>aut.</strong></span> <span class='ocrx_word' id='word_1_924' title='bbox 3103 5710 3291 5786; x_wconf 74' lang='lat' dir='ltr'><strong>Gallia:</strong></span> <span class='ocrx_word' id='word_1_925' title='bbox 3336 5712 3641 5786; x_wconf 86' lang='lat' dir='ltr'><strong>Sirmondi,</strong></span> <span class='ocrx_word' id='word_1_926' title='bbox 3688 5726 3731 5771; x_wconf 89' lang='lat' dir='ltr'><strong>t.</strong></span> <span class='ocrx_word' id='word_1_927' title='bbox 3768 5719 3827 5786; x_wconf 86' lang='lat' dir='ltr'><strong>l,</strong></span> 
     </span>
    </p>
   </div>
   <div class='ocr_carea' id='block_1_125' title="bbox 2224 5780 3826 5865">
    <p class='ocr_par' dir='ltr' id='par_1_125' title="bbox 2224 5780 3826 5865">
     <span class='ocr_line' id='line_1_127' title="bbox 2224 5780 3826 5865; baseline 0.009 -36"><span class='ocrx_word' id='word_1_928' title='bbox 2224 5807 2343 5865; x_wconf 54' lang='lat' dir='ltr'><strong>pag,</strong></span> <span class='ocrx_word' id='word_1_929' title='bbox 2374 5789 2515 5859; x_wconf 64' lang='lat'><strong>500;</strong></span> <span class='ocrx_word' id='word_1_930' title='bbox 2558 5800 2614 5851; x_wconf 64' lang='grc' dir='ltr'>ει</span> <span class='ocrx_word' id='word_1_931' title='bbox 2654 5790 2708 5853; x_wconf 72' lang='grc' dir='ltr'><strong>ί..</strong></span> <span class='ocrx_word' id='word_1_932' title='bbox 2738 5786 3098 5861; x_wconf 66' lang='lat' dir='ltr'><strong>conciliorum</strong></span> <span class='ocrx_word' id='word_1_933' title='bbox 3142 5780 3551 5847; x_wconf 78' lang='lat' dir='ltr'><strong>collectionibus</strong></span> <span class='ocrx_word' id='word_1_934' title='bbox 3578 5780 3826 5859; x_wconf 61' lang='lat' dir='ltr'><strong>Labbei;</strong></span> 
     </span>
    </p>
   </div>
  </div>
