4016 6354
251 354 378 409 1281

1020 354 1436 410 DIPI.0MATA.
1469 380 1540 395 --
1580 351 1903 411 CLO’I‘ARII
1942 353 2009 409 IIl
2051 353 2337 411 ECCLES.
2381 354 2744 412 PRECEPT.

3388 355 3529 413 128‘!

240 474 426 527 cedem
469 478 702 527 nostram
745 469 796 523 in
849 470 937 525 Dei
986 472 1201 525 nomine
1226 470 1492 525 credimus
1532 471 1824 538 pertinere,
1852 471 1906 530 Α
1930 467 2067 524 ullas
2094 470 2481 525 redhibitiones
2511 472 2563 525 in
2591 470 2735 525 villis
2765 469 3011 537 superius
3039 470 3349 535 nominatis,
3370 469 3529 539 quid-

239 566 493 636 quicquid
535 580 632 635 pro
662 565 854 620 animae
894 566 1063 619 salute
1106 565 1237 619 locis
1266 572 1570 617 sanctorum
1598 562 1831 617 conferi-

240 673 383 725 mus,
416 668 475 714 ut
502 658 698 713 ibidem
730 660 1038 727 perenniter
1065 656 1324 725 proﬁciat,
1356 666 1412 711 et
1432 656 1681 726 gloriam,
1720 656 1831 710 Deo

238 752 553 817 auxiliante,
604 750 802 805 habere
852 764 1175 805 mereamur.
1234 750 1395 819 Igitur
1443 751 1568 803 dum
1628 764 1726 802 nos
1776 755 1832 802 et

241 845 495 911 praecelsa
523 842 764 912 genetrix
792 853 993 908 nostra,
1024 844 1215 895 domna
1245 841 1600 897 Baldechildis
1624 839 1830 910 regina,

228 936 625 990 monasterium
669 938 720 990 in
768 934 971 989 honore
1014 944 1323 991 sanctorum
1366 933 1510 989 Petri
1558 942 1611 989 et
1661 933 1830 999 Pauli,

240 1029 628 1098 apostolorum,
658 1036 713 1083 et
741 1028 909 1082 sancti
940 1027 1225 1096 Stephani,
1260 1025 1711 1096 moto-martyris,
1743 1039 1833 1079 su-

242 1136 335 1189 per
384 1121 605 1176 ﬂuvium
654 1121 873 1185 Somna,
924 1119 975 1172 in
1029 1120 1150 1174 loco
1198 1118 1288 1186 qui
1338 1116 1532 1172 dicitur
1580 1115 1829 1185 Corbeia,

238 1226 399 1280 quem
431 1212 765 1267 Guntlandns
792 1209 1057 1277 quondam
1092 1210 1437 1279 possederat,
1464 1218 1519 1263 et
1544 1208 1610 1262 ad
1643 1209 1830 1263 ﬁscum

239 1313 485 1357 nostrum
518 1312 851 1370 pervenerat,
878 1302 966 1356 ubi
997 1313 1189 1371 praeest
1215 1299 1536 1355 venerabilis
1555 1299 1638 1353 vir
1660 1300 1699 1354 Τ
1705 1300 1831 1354 heo-

240 1394 484 1450 defridus
523 1396 680 1465 abba,
724 1412 822 1465 pro
861 1396 1044 1451 aeterni
1094 1394 1326 1449 numinis
1363 1394 1535 1448 intuiti
1577 1393 1829 1448 aediﬁcari

238 1489 615 1557 praecepimus,
660 1496 717 1542 nt
759 1486 1003 1541 monachi
1045 1486 1143 1540 sub
1182 1495 1362 1540 sancta
1409 1485 1589 1552 regula
1634 1484 1830 1538 ibidem

236 1584 476 1638 debeant
496 1584 821 1638 conversari.
844 1580 1145 1650 Cognoscat
1174 1579 1461 1634 strenuitas
1490 1590 1661 1632 vestra
1690 1576 1829 1646 quod

237 1692 337 1731 nos
368 1677 543 1743 ipsam
573 1674 749 1728 villam
781 1673 1058 1727 Corbeiam
1100 1671 1165 1724 ad
1209 1671 1378 1739 ipsum
1418 1670 1827 1733 monasterium,

236 1784 363 1825 cum
401 1768 714 1835 adjacentiis
742 1767 855 1819 suis
891 1765 946 1818 in
978 1765 1239 1833 integrum
1260 1802 1276 1827 ,
1305 1776 1400 1817 seu
1431 1775 1481 1816 et
1515 1762 1645 1815 alias
1677 1760 1832 1813 villas

1931 562 2055 631 quid
2089 571 2327 633 tempore
2360 566 2609 632 praesenti
2638 563 2849 619 videtur
2875 564 3174 633 possidere,
3206 576 3297 620 aut
3324 565 3529 633 adhuc,

1932 664 1990 710 ut
2012 656 2268 722 diximus,
2300 671 2330 710 a
2362 656 2519 711 nobis
2546 658 2632 711 vel
2661 671 2692 712 a
2728 656 3141 712 succedentibus
3167 656 3407 725 regibus,
3440 656 3529 711 vel

1930 762 1961 803 a
1991 748 2155 803 Deum
2188 751 2499 807 timentibus
2542 751 2845 805 hominibus
2874 751 3002 805 inibi
3033 751 3276 806 additum
3307 752 3393 807 vel
3422 753 3529 807 de-

1933 840 2161 909 legatum
2194 842 2372 907 fuerit,
2409 845 2521 910 ipsa
2559 841 2846 911 judiciaria
2880 852 3119 912 potestas
3163 858 3272 897 non
3320 857 3529 911 praesu-

1933 942 2043 987 mat
2084 933 2325 1002 ingredi,
2371 933 2463 990 sed
2503 949 2629 1006 pars
2668 935 2834 1004 ipsius
2875 934 3183 990 monasterii
3228 933 3316 989 vel
3356 935 3531 990 omnis

1932 1025 2273 1094 congregatio
2304 1025 2499 1081 ibidem
2530 1027 2867 1093 consistens,
2899 1028 3103 1096 absque
3132 1027 3352 1081 introitu
3378 1025 3526 1096 judi-

1932 1131 2054 1173 cum
2076 1157 2091 1180 ,
2122 1128 2177 1171 ut
2208 1117 2477 1185 diximus,
2520 1119 2621 1173 sub
2657 1119 2863 1185 integra
2891 1115 3232 1172 immunitate
3264 1116 3537 1186 possidere

1937 1210 2112 1264 valeat
2142 1209 2225 1264 vel
2258 1210 2542 1265 dominari.
2581 1210 2647 1265 Et
2675 1221 2731 1264 ut
2761 1210 2876 1265 haec
2905 1212 3193 1280 praeceptio
3225 1220 3409 1264 nostra
3441 1222 3538 1278 pe-

1933 1303 2083 1356 renni
2133 1311 2373 1372 tempore
2417 1303 2705 1359 ﬁrmiorem
2750 1303 2998 1358 obtineat
3042 1304 3302 1371 vigorem,
3345 1316 3443 1357 nos
3482 1308 3540 1357 et

1933 1398 2187 1467 praecelsa
2218 1398 2458 1469 genetrix
2499 1407 2683 1453 nostra
2714 1397 3068 1453 Baldechildis
3110 1398 3327 1466 regina,
3357 1398 3537 1466 signa-

1933 1488 2069 1543 culis
2097 1504 2286 1543 manus
2318 1499 2511 1544 nostrae
2541 1489 2728 1544 subter
2751 1489 3088 1545 decrevimus
3113 1487 3404 1543 affirmare.

2702 1601 2768 1655 V.

1935 1691 2177 1764 Diploma
2213 1711 2312 1762 quo
2348 1693 2606 1747 Clolarius
2644 1694 3017 1764 immunitatem
3051 1695 3115 1747 ab
3159 1693 3299 1747 omni
3341 1693 3537 1747 teloneo

2086 1768 2314 1818 concedit
2345 1766 2646 1819 monmterio
2672 1763 2961 1819 ϐοτὸθὶεωὶ
2992 1776 3017 1802 ³
3053 1768 3196 1835 (ann.
3231 1764 3381 1833 660).

240 1833 617 1925 nuncupantes
667 1858 890 1922 Folieto,
942 1855 1192 1920 Gentilla,
1243 1856 1520 1925 Cipiliaco,
1574 1853 1827 1909 Fortilca-
1858 1833 1907 1895 Β
2008 1857 2373 1924 Chlotharius,
2406 1872 2495 1912 rex
2529 1858 2875 1924 Francorum,
2906 1858 2987 1912 vir
3013 1833 3255 1920 inluster,
3286 1857 3537 1912 omnibus

244 1951 406 2013 Villa,
455 1950 540 2003 vel
582 1949 812 2017 reliquas
847 1948 1171 2014 adjacentias
1212 1961 1395 2000 earum
1437 1945 1504 1999 ad
1544 1944 1831 2015 integrum,

241 2043 528 2098 Albiniaco
555 2057 674 2096 cum
700 2040 1014 2111 adjacentiis
1041 2039 1126 2092 vel
1152 2038 1473 2107 appenditiis
1503 2036 1634 2101 suis,
1661 2050 1833 2105 quan-

238 2144 355 2189 tum
392 2134 589 2187 ibidem
621 2134 779 2187 Iiscus
806 2141 989 2186 noster
1015 2132 1202 2196 tenuit,
1235 2132 1297 2184 ad
1328 2131 1591 2197 integrum
1622 2130 1672 2181 in
1704 2140 1837 2195 pago

242 2226 629 2289 Ambianense,
673 2239 767 2278 seu
808 2231 863 2277 et
904 2223 1198 2289 Monciaco,
1233 2221 1512 2285 Walliaco,
1562 2221 1835 2285 Bellirino,

240 2332 367 2370 cum
396 2314 708 2385 adjacentiis
733 2330 917 2369 earum
960 2315 1011 2367 in
1054 2329 1188 2382 pago
1218 2317 1569 2367 Atravatense
1597 2328 1611 2364 :
1646 2314 1837 2367 immo-

243 2424 348 2476 quc
376 2418 431 2462 et
459 2409 634 2461 villam
656 2423 777 2475 quae
803 2415 1023 2462 vocatur
1048 2406 1331 2475 Templum
1361 2407 1562 2470 Martis,
1596 2404 1751 2459 sitam
1785 2405 1837 2457 in

243 2514 385 2569 pago
412 2500 785 2566 Ambianense,
818 2499 883 2552 ad
913 2501 1196 2569 integrum,
1230 2514 1351 2553 cum
1384 2512 1584 2567 pagena
1610 2497 1679 2552 de
1706 2495 1838 2552 silva

244 2594 313 2647 de
345 2592 543 2646 foreste
573 2602 751 2646 nostra
785 2592 1169 2660 Windegonia,
1204 2594 1304 2647 hoc
1329 2604 1443 2657 est,
1482 2606 1574 2660 per
1605 2592 1720 2646 loca
1748 2592 1839 2645 de-

244 2686 548 2747 nominata,
588 2698 619 2737 a
650 2684 756 2739 line
781 2684 1059 2739 Cartainse
1097 2700 1262 2754 usque
1289 2685 1340 2738 in
1368 2684 1638 2738 dominico
1668 2684 1837 2750 lacco,

244 2793 342 2847 per
370 2779 573 2833 Siccasi
602 2778 834 2846 derude,
870 2793 964 2846 per
991 2793 1274 2833 cervorum
1304 2777 1585 2842 Marcasio,
1617 2792 1712 2843 per
1742 2777 1835 2830 Ba-

244 2887 422 2946 gusta,
454 2890 550 2943 per
578 2876 662 2928 via
706 2874 937 2942 publica,
982 2889 1147 2943 usque
1192 2874 1556 2928 Fraudehario
1600 2884 1836 2929 exserto.

244 2968 504 3023 Similiter
537 2977 591 3021 et
634 2968 933 3035 portionem
966 2966 1017 3019 in
1050 2968 1176 3033 loco
1202 2970 1293 3036 qui
1326 2978 1550 3021 vocatur
1577 2966 1839 3032 Taceaco,

246 3077 403 3132 quem
435 3060 701 3115 Frodinus
728 3061 795 3115 de
828 3060 1020 3115 Ursino
1049 3060 1175 3114 dato
1203 3060 1372 3128 pretio
1400 3061 1759 3128 comparavit,
1789 3070 1844 3114 et

1936 1949 2214 2017 agentibus
2243 1958 2353 2003 tam
2386 1950 2739 2018 praesentibus
2769 1966 2928 2019 quam
2976 1950 3190 2006 futuris.
3233 1950 3540 2019 Cognoscat

1938 2040 2249 2109 magnitudo
2275 2056 2368 2095 seu
2402 2040 2661 2095 industria
2689 2054 2887 2108 vestra,
2920 2056 3018 2111 pro
3056 2040 3319 2096 mercedis
3346 2048 3542 2093 vestra:

1936 2141 2222 2200 augmento
2262 2142 2315 2185 et
2353 2131 2533 2186 divino
2578 2134 2794 2201 intuitu,
2846 2133 2948 2187 tale
2990 2148 3086 2187 nos
3128 2132 3398 2188 actoribus
3439 2144 3539 2185 seu

1938 2223 2336 2278 discursoribus
2395 2226 2705 2279 monasterii
2766 2227 3000 2281 virorum
3060 2222 3291 2279 Corbeia
3324 2264 3338 2289 ,
3397 2222 3544 2294 quod

1939 2316 2138 2371 domna
2180 2326 2235 2369 et
2277 2317 2523 2384 genetrix
2572 2328 2754 2372 nostra
2804 2318 3166 2373 Baldechildis
3212 2319 3396 2388 regina
3440 2331 3541 2373 suo

1939 2422 2102 2475 opere
2145 2409 2480 2474 construxit,
2533 2410 2846 2478 praestitisse
2894 2412 3248 2476 benelicium,
3305 2420 3360 2463 ut
3409 2424 3547 2479 quo-

1942 2505 2315 2569 tienscumque
2356 2502 2645 2569 monachi,
2678 2504 2863 2569 missi,
2896 2502 2982 2559 vel
3010 2504 3347 2557 discussores
3376 2501 3546 2571 ipsius

1941 2594 2276 2656 monaSterii,
2305 2594 2548 2661 partibus
2580 2576 2894 2663 provinciae,
2926 2596 3009 2651 vel
3039 2611 3134 2664 per
3163 2595 3370 2664 reliqua
3402 2595 3546 2662 loca,

1940 2684 2005 2736 ad
2051 2698 2249 2751 cappas
2288 2688 2675 2752 comparandas
2714 2699 2805 2740 aut
2845 2686 3079 2757 reliquas
3117 2686 3546 2758 opportunitates

1941 2775 2108 2846 ipsius
2136 2779 2450 2834 monasterii
2481 2780 2874 2843 exercendum,
2906 2795 3002 2834 seu
3036 2779 3315 2833 cellarium
3348 2779 3551 2833 fuerint

1943 2882 2145 2951 egressi
2174 2879 2522 2935 mercandum
2552 2876 2603 2929 in
2635 2871 2963 2942 quibuslibet
2989 2870 3121 2927 locis
3144 2872 3229 2925 vel
3260 2870 3547 2924 territoriis

1942 2986 2037 3025 seu
2072 2970 2336 3040 partibus,
2370 2969 2690 3035 ubicumque
2719 2964 3019 3027 teloneum,
3048 2962 3413 3031 pontaticum,
3455 2975 3544 3014 ro-

1947 3066 2203 3130 taticum,
2260 3071 2576 3131 ceterasque
2632 3057 3020 3113 redhibitiones
3068 3057 3229 3111 tiscus
3278 3063 3462 3110 noster
3514 3069 3547 3111 a

246 3156 313 3208 ad
349 3156 534 3208 iiscum
567 3164 805 3208 nostrum
836 3154 949 3222 ipse
975 3152 1240 3209 Frodinus
1272 3156 1320 3207 in
1349 3154 1840 3223 compensationem
1875 3206 1917 3223 Α
1947 3157 2374 3223 discursoribus,
2417 3170 2513 3211 seu
2545 3156 2648 3208 iter
2689 3150 2969 3221 agentibus
2997 3151 3214 3220 exigere
3240 3148 3544 3216 consuevit,

248 3261 347 3314 pro
391 3245 494 3299 alia
538 3260 597 3299 re
626 3245 789 3310 dedit,
836 3246 888 3299 in
937 3248 1052 3315 ipso
1089 3261 1227 3315 pago
1258 3246 1637 3313 Ambianense,
1679 3262 1709 3300 a
1754 3246 1843 3303 die

250 3337 525 3407 praesenti,
573 3335 675 3391 sub
718 3338 919 3406 integra
971 3338 1328 3401 immunitate,
1380 3340 1580 3404 absque
1627 3336 1845 3390 introitu

242 3429 514 3499 judicum,
547 3431 647 3483 visi
682 3428 877 3484 fuimus
902 3430 1258 3483 concessisse.
1305 3428 1533 3483 Proinde
1576 3444 1671 3497 per
1710 3430 1847 3483 hanc

247 3521 670 3588 praeceptionem
706 3522 991 3588 specialius
1017 3522 1355 3576 decernimus
1385 3536 1504 3576 esse
1535 3536 1844 3576 mansurum

249 3621 338 3673 ut,
372 3622 477 3665 tam
518 3612 690 3678 ipsum
738 3612 911 3665 locum
952 3612 1231 3667 Corbeiam
1262 3627 1421 3680 quam
1450 3622 1505 3667 et
1542 3615 1845 3682 suprascri-

248 3713 368 3773 ptas
418 3704 600 3768 villas,
660 3718 759 3756 una
808 3718 929 3758 cum
983 3704 1175 3769 terris,
1226 3704 1493 3770 domibus,
1544 3706 1843 3772 mancipiis,

247 3797 512 3864 :editiciis,
543 3798 733 3861 vineis,
776 3797 941 3862 silvis,
991 3799 1174 3865 pratis,
1213 3800 1440 3865 pascuis,
1475 3796 1762 3863 farinariis,
1794 3808 1847 3851 et

245 3891 455 3942 cunctis
496 3888 839 3957 appenditiis,
881 3891 963 3943 vel
1004 3889 1146 3957 quod
1190 3890 1384 3944 ibidem
1420 3890 1627 3945 videtur
1666 3894 1845 3959 adspi-

245 3995 392 4041 cere,
438 3995 560 4047 pars
604 3982 770 4049 ipsius
812 3982 1123 4035 monasterii
1167 3984 1249 4036 vel
1293 3984 1468 4038 omnis
1504 3987 1845 4055 congregatio

247 4072 317 4126 de
365 4072 484 4141 ipso
530 4076 856 4129 monasterio
902 4076 1077 4129 valeat
1122 4076 1396 4142 possidere
1433 4079 1513 4131 vel
1556 4078 1840 4133 dominari.

249 4166 316 4220 Et
345 4166 523 4219 nullus
561 4168 785 4236 quilibet
824 4167 892 4221 de
930 4166 1219 4236 judicibus,
1264 4184 1362 4223 nec
1406 4170 1468 4222 ad
1512 4169 1680 4238 ipsum
1724 4187 1842 4225 mo-

248 4259 542 4313 nasterium
561 4303 576 4327 ,
606 4273 706 4315 nec
733 4260 796 4313 ad
831 4261 1073 4315 homines
1095 4275 1242 4326 suos,
1276 4276 1372 4315 nec
1404 4263 1456 4315 in
1487 4274 1666 4321 curtes
1696 4282 1842 4335 suas,

247 4352 501 4419 quicquid
534 4367 562 4403 a
596 4353 681 4409 die
711 4355 959 4420 praesenti
995 4353 1190 4407 ibidem
1219 4356 1577 4422 contulimus,
1610 4368 1663 4413 et
1701 4362 1842 4430 quod

247 4458 279 4496 a
324 4446 478 4498 nobis
520 4444 601 4498 vel
644 4460 670 4495 a
717 4445 1127 4499 succedentibus
1157 4446 1366 4501 domuis
1412 4450 1647 4518 regibus,
1693 4453 1775 4507 vel
1811 4467 1842 4507 a

1870 3206 1918 3271 C

1948 3252 2180 3306 habeant
2223 3250 2325 3305 hoc
2356 3246 2602 3303 monachi
2644 3245 2696 3299 in
2737 3241 2847 3312 jam
2874 3242 3016 3297 dicto
3063 3242 3390 3296 monasterio
3417 3239 3551 3294 Cor-

1950 3343 2063 3398 beia
2102 3344 2476 3403 consistentes,
2526 3351 2630 3391 tam
2679 3346 2972 3405 presentes
3011 3349 3169 3400 quam
3214 3335 3264 3387 in
3308 3331 3543 3387 futurum

1946 3435 2077 3489 inibi
2123 3434 2505 3495 advenientes,
2560 3429 2613 3483 in
2664 3428 2912 3482 omnibus
2964 3424 3227 3479 indultum
3276 3425 3546 3492 simulque

1945 3542 2283 3583 concessum.
2316 3523 2388 3577 Ea
2418 3524 2624 3577 scilicet
2667 3522 2875 3574 ratione
2914 3528 2973 3572 ut
3014 3532 3189 3586 neque
3224 3530 3341 3581 nos,
3373 3529 3547 3585 neque

1940 3618 2216 3688 junii‘ires,
2247 3625 2338 3670 aut
2377 3628 2721 3670 successores
2752 3614 2953 3675 nostri,
2989 3610 3098 3664 ullo
3131 3623 3364 3678 unquam
3406 3616 3545 3662 tem-

1948 3726 2097 3783 pore,
2128 3711 2196 3766 de
2234 3724 2301 3764 eo
2343 3708 2484 3778 quod
2527 3706 2776 3775 superius
2817 3703 3146 3771 continetur,
3189 3716 3218 3754 a
3263 3700 3545 3755 monachis

1946 3813 2038 3859 aut
2064 3803 2242 3859 missis
2266 3803 2347 3855 vel
2376 3800 2774 3855 discursoribus
2798 3796 2965 3866 ipsius
2989 3796 3297 3850 monasterii
3323 3797 3545 3863 exigere

1947 3914 2045 3953 nec
2094 3898 2404 3965 requirere,
2454 3892 2580 3948 ullis
2630 3892 2762 3945 locis
2808 3889 3035 3957 ullisque
3083 3888 3360 3942 ordinibus
3405 3886 3545 3940 intra

1948 3992 2205 4046 terminos
2235 3988 2382 4057 regni
2431 3984 2597 4039 nostri
2638 3982 2994 4053 praesumatis.
3023 3980 3129 4035 Sed
3161 3986 3221 4032 ut
3248 3993 3412 4046 super
3445 3984 3542 4030 ha-

1948 4084 2104 4137 betur
2133 4084 2392 4136 insertum
2416 4120 2431 4146 ,
2466 4078 2700 4131 habeant
2722 4076 2895 4144 ipsum
2928 4072 3247 4127 beneﬁcium
3273 4069 3386 4140 jam
3416 4069 3543 4124 dicti

1947 4174 2195 4228 monachi
2243 4179 2442 4226 sanctae
2485 4167 2913 4239 congregationis
2950 4164 3177 4220 Corbeia
3221 4162 3550 4218 monasterio

1946 4278 1999 4324 et
2029 4278 2240 4323 actores
2269 4280 2458 4320 eorum
2480 4303 2497 4328 ,
2528 4278 2594 4317 ex
2636 4272 2835 4335 nostrae
2875 4259 3136 4329 largitatis
3178 4258 3545 4313 muniﬁcentia

1946 4377 2262 4422 concessum
2302 4360 2568 4428 simulque
2611 4358 2906 4417 indultum,
2950 4370 3056 4421 quo
3103 4350 3272 4419 potius
3311 4350 3544 4405 delectet

1948 4462 2114 4529 ipsam
2143 4464 2381 4510 sanctam
2415 4451 2879 4519 congregationem
2906 4462 2971 4501 ex
3014 4448 3129 4513 ipso
3159 4442 3417 4499 beneflcio
3447 4458 3545 4513 pro

252 4538 421 4591 Deum
470 4537 779 4591 timentibus
829 4539 1133 4594 hominibus
1177 4541 1305 4595 inibi
1362 4540 1522 4596 fuerit
1570 4544 1840 4609 collatum,
1873 4551 2235 4628 Dsiabiliiate
2280 4544 2426 4612 regni
2473 4544 2638 4596 nostri
2689 4538 2897 4594 Domini
2945 4536 3365 4591 misericordiam
3411 4549 3541 4591 em.

248 4644 349 4683 nec
374 4628 443 4683 ad
473 4642 666 4683 causas
695 4630 1039 4695 audiendum,
1069 4646 1166 4686 nec
1195 4633 1341 4686 freda
1372 4633 1712 4703 exigendum,
1741 4650 1839 4689 nec

249 4728 557 4783 mansiones
585 4722 907 4791 faciendum,
937 4739 1036 4780 nec
1066 4736 1275 4793 paratas
1306 4727 1702 4797 requirendum,
1735 4748 1835 4787 nec

247 4908 288 4951 t.
324 4892 425 4956 Vl,
454 4892 557 4946 col.
586 4888 712 4957 525,
756 4889 1047 4953 Hardnini,
1079 4898 1117 4943 t.
1154 4888 1247 4952 IlI,
1279 4888 1387 4943 col.
1428 4885 1586 4953 1009,
1618 4898 1750 4953 etc.;
1795 4889 1847 4943 in

250 4966 547 5022 Annalibus
578 4962 804 5026 Cointii,
850 4974 887 5015 t.
937 4962 1035 5022 Ill,
1070 4974 1189 5027 pag.
1223 4958 1359 5025 “8;
1404 4959 1457 5013 in
1502 4960 1646 5012 Nova
1678 4960 1847 5015 Gallia

249 5036 576 5096 Christiana,
612 5043 649 5087 t.
682 5031 749 5099 Χ,
784 5037 908 5086 inst.
944 5047 1059 5099 pag.
1090 5032 1225 5095 28I;
1274 5031 1412 5100 inter
1454 5032 1627 5099 Opera
1670 5031 1847 5100 diplo-

255 5109 447 5163 matica
493 5105 678 5169 Mirari,
712 5115 748 5157 ι.
783 5104 822 5169 I,
856 5120 977 5172 pag.
1004 5102 1137 5167 U38;
1182 5111 1236 5155 et
1276 5103 1327 5155 in
1359 5099 1685 5172 Collccrtione
1716 5099 1850 5156 scri-

255 5190 468 5248 ptorum
499 5190 675 5248 rerum
710 5171 1105 5248 Francicarum,
1149 5183 1190 5228 t.
1220 5173 1307 5237 IV,
1341 5186 1460 5248 pag.
1488 5171 1615 5225 642.
1643 5171 1848 5248 Iletno-

250 5242 326 5305 ria
358 5259 443 5302 est
468 5247 668 5299 conditi
710 5246 1025 5300 monasterii
1051 5245 1119 5298 de
1146 5259 1252 5313 quo
1279 5246 1473 5311 agitur,
1518 5257 1613 5310 per
1641 5242 1845 5296 Balbil-

249 5324 373 5375 dem
422 5333 516 5372 seu
565 5316 965 5371 Baldechildem
1015 5316 1289 5385 reginam,
1342 5314 1393 5367 in
1451 5314 1565 5365 Vita
1614 5314 1730 5382 ejus
1778 5314 1847 5367 ab

248 5404 522 5459 anonymo
551 5388 747 5459 scripta
799 5402 873 5440 vn
911 5388 1128 5459 saeculo,
1164 5386 1318 5459 inter
1360 5389 1491 5459 Acta
1538 5395 1844 5438 sanctorum

252 5455 460 5516 ordinis
488 5457 659 5513 sancti
695 5458 961 5511 Benedicti
988 5474 1015 5509 a
1044 5456 1348 5510 Mabillonio
1375 5455 1605 5521 vulgata,
1641 5469 1749 5509 sec.
1786 5470 1844 5519 ll,

256 5546 298 5591 ι,
334 5532 396 5596 Il,
428 5545 543 5597 pag.
575 5529 701 5585 747.
750 5530 943 5581 Desunt
989 5532 1040 5581 in
1069 5528 1359 5595 diplomate
1392 5536 1529 5597 nota;
1558 5523 1845 5597 chronolo-

256 5593 799 5676 gicaéCM'abillonius
844 5600 967 5653 illud
1011 5593 1167 5676 circa
1194 5612 1393 5676 annum
1576 5596 1845 5676 collocan-

254 5667 383 5730 dum
409 5683 613 5737 censet,
646 5672 732 5725 cui
762 5676 1102 5725 assentimur.
1130 5670 1265 5723 Cum
1292 5667 1433 5722 enim
1465 5668 1534 5719 ibi
1571 5674 1843 5720 monasteo

257 5749 397 5801 rium
440 5758 469 5795 a
516 5742 853 5798 Baldechilde
890 5742 1159 5795 conditum
1203 5738 1496 5807 appelletur
1540 5738 1845 5792 nominibus

256 5818 355 5874 SS.
388 5816 534 5871 Petri
563 5823 619 5870 et
649 5812 814 5877 Pauli,
837 5824 893 5867 et
922 5820 1045 5867 tunc
1069 5812 1301 5881 primum
1328 5810 1378 5863 ei
1403 5823 1659 5865 concessa
1687 5807 1847 5863 fuerit

1954 4656 2093 4695 rare.
2141 4639 2207 4692 Et
2248 4643 2307 4689 ut
2344 4636 2459 4688 haec
2500 4632 2783 4701 praeceptio
2823 4628 3023 4683 Ilrmior
3066 4627 3324 4682 habeatur
3352 4638 3405 4683 et
3443 4642 3540 4697 per

1946 4740 2188 4797 tempora
2215 4732 2583 4788 conservetur,
2627 4735 2727 4778 nos
2766 4729 2821 4774 et
2860 4717 3115 4788 praecelsa
3158 4718 3402 4785 genetrix
3444 4731 3540 4774 no-

1950 4887 2172 4942 Corbeia
2202 4882 2351 4949 villa,
2382 4880 2593 4935 videtur
2620 4878 2720 4932 hoc
2747 4873 2984 4949 diploma
3008 4872 3191 4927 datum
3223 4871 3387 4949 fuisse
3414 4881 3541 4949 ante

1950 4960 2200 5022 alterum,
2248 4946 2388 5023 quod
2437 4952 2576 5005 idem
2620 4962 2713 5003 rex
2761 4946 2941 5023 emisit
2988 4961 3129 5023 anno
3169 4960 3199 4994 v
3240 4946 3387 5016 regni
3428 4946 3535 5023 sui,

1991 5019 2199 5096 uodque
2229 5019 2473 5096 proxime
2497 5022 2757 5096 sequitur,
2793 5020 2844 5071 in
2875 5019 3112 5096 quoilue
3148 5019 3533 5096 monasterium

1997 5086 2192 5155 orbeiae
2217 5086 2435 5149 nomine
2456 5093 2564 5161 jam
2578 5086 2918 5157 designatur.
2938 5088 3081 5161 Illud
3110 5098 3285 5140 autem
3311 5086 3540 5161 alterum

1948 5154 2361 5225 instrumentum
2394 5154 2591 5239 datum
2634 5154 2752 5239 luit,
2798 5169 2857 5214 ut
2899 5158 3079 5239 videre
3119 5166 3203 5239 est
3229 5156 3351 5239 col,
3375 5154 3540 5239 issi,

1951 5257 2093 5296 anno
2122 5258 2149 5293 v
2182 5239 2329 5306 regni
2370 5234 2611 5298 Clotarii,
2644 5232 2758 5306 die
2787 5227 3290 5306 xxttt‘ADecetubris,
3337 5227 3389 5280 id
3435 5236 3542 5296 est,

1952 5311 2184 5367 nondum
2216 5300 2432 5375 e'xpleto
2462 5320 2604 5360 anno
2632 5303 2832 5377 Christi
2858 5300 2988 5377 9'60.
3088 5368 3119 5377 __

2024 5392 2049 5417 α
2092 5366 2349 5435 Ειειθῐῖη
2370 5374 2829 5433 ConciliisGallia:
2853 5368 3147 5432 Sirmondi,
3167 5376 3205 5420 ι.
3226 5366 3545 5437 I,psg.50l;

1949 5456 2001 5508 in
2032 5450 2357 5508 Collectione
2388 5446 2737 5503 conciliorum
2766 5460 2794 5496 a
2826 5442 3060 5503 Labbeo,
3096 5447 3135 5494 t.
3168 5436 3253 5502 VI,
3284 5436 3387 5493 col.
3413 5437 3541 5507 526,

1949 5524 2248 5586 Harduino,
2298 5529 2338 5575 t.
2386 5518 2477 5586 Ill,
2520 5520 2624 5574 col.
2674 5514 2837 5581 I010,
2870 5518 3097 5586 etc.,__et
3139 5510 3191 5562 in
3220 5508 3548 5586 collectione

1949 5579 2273 5662 scriptorum
2303 5579 2479 5646 rerum
2513 5579 2911 5662 francicarum,
2941 5592 2979 5636 ι.
3012 5580 3102 5645 IV,
3134 5593 3253 5662 pag.
3279 5579 3405 5662 ϐρὖ
3434 5584 3547 5662 ρης

1952 5649 2299 5733 nus-quintus
2339 5662 2488 5733 regni
2515 5656 2730 5714 Clotarii
2762 5654 2827 5733 _ll|
2851 5694 2865 5719 ,
2908 5667 2935 5705 a
2970 5662 3171 5733 morte
3196 5649 3449 5733 Clodovei
3500 5649 3545 5705 II

1951 5718 2543 5861 ἓὴρᾳῦξυέὂὸξκυιῦἰυω
2571 5725 2805 5794 sumpsit
2833 5737 3021 5779 mense
3048 5718 3371 5792 Septembri,
3400 5733 3542 5777 anno

2038 5814 2154 5861 rtstt
2290 5839 2309 5856 .

2038 5820 2154 5861 ηειι
2182 5820 2309 5860 ουν.
