4016 6354
520 343 655 401 1287

1576 339 1821 395 ΡΒΛΝΟ.
1866 340 2024 395 REG.
2067 340 2135 394 IV
2174 339 2411 396 ΡΜΜῶ
2452 339 2712 395 STIRPIS

3657 339 3793 395 I288

520 460 682 528 igitur
715 456 765 510 in
816 454 1078 523 integrum
1131 455 1231 508 hoc
1274 462 1462 508 nostre
1503 454 1870 508 concessionis
1898 452 2097 507 benefi—
2125 456 2175 514 Α
2205 468 2311 506 non
2345 452 2412 506 de
2462 454 2717 506 canonica
2769 450 3103 505 institutione
3151 450 3486 514 convellitur,
3533 450 3792 521 quidquid

516 554 659 608 cium
692 551 903 605 firmum
938 563 1058 604 esse
1089 548 1354 613 volumus,
1389 556 1446 601 ut
1471 546 1580 615 jam
1613 548 1786 601 dictus
1819 546 2093 613 pontifex,

513 644 581 699 de
612 644 724 712 ipsa
757 642 886 696 villa
939 639 1211 694 Barisiaco
1236 680 1252 705 ,
1300 648 1354 694 et
1397 638 1466 692 de
1494 638 1655 693 rebus
1687 638 1752 692 ad
1785 652 1902 691 eam
1937 638 2097 704 perti-

516 736 793 798 nentibus,
815 732 1066 797 habendi,
1087 730 1321 797 tenendi,
1342 730 1487 783 freda
1511 729 1778 798 exigendi,
1796 729 2099 783 mansiones

514 827 768 891 faciendi,
797 824 981 890 dandi,
1008 820 1399 885 commutandi,
1428 821 1513 875 vel
1544 820 1803 889 quidquid
1836 820 2099 890 elegerint

516 919 771 984 faciendi,
797 920 1015 973 liberam
1044 930 1108 971 ac
1134 915 1496 968 firmissimam
1525 928 1619 982 per
1644 923 1882 966 nostram
1913 922 2097 966 aucto-

519 1015 728 1070 ritatem
776 1013 969 1066 habeat
1008 1016 1350 1079 potestatem.
1407 1006 1630 1073 Insuper
1660 1019 1849 1059 omnes
1882 1018 2096 1059 succes~

512 1122 665 1162 sores
717 1114 932 1159 nostros
988 1116 1084 1169 per
1133 1116 1329 1155 nomen
1383 1099 1591 1155 Domini
1638 1099 1989 1166 adjuramus,
2040 1106 2098 1151 nt

514 1199 689 1253 nullus
731 1210 913 1251 eorum
964 1195 1138 1263 ipsam
1180 1193 1394 1257 villam,
1446 1206 1567 1246 cum
1615 1191 1867 1245 omnibus
1917 1191 1981 1243 ad
2035 1203 2096 1244 se

514 1288 1155 1361 pertinentibus,.domno
1189 1286 1334 1340 Patri
1366 1284 1612 1340 Amantio
1644 1284 1728 1339 vel
1757 1286 1871 1339 suis
1906 1299 2096 1339 mona-

518 1385 633 1438 chis
686 1380 1259 1449 auferre.presumat,
1316 1381 1404 1433 vel
1458 1380 1618 1433 ullam
1671 1379 2092 1449 inquietudinem

514 1474 730 1527 faciant.
782 1472 934 1539 Quod
968 1472 1289 1538 quicumque
1317 1478 1401 1523 est
1436 1468 1527 1523 ille
1558 1469 1788 1533 fecerit,
1832 1469 2093 1537 judicium

515 1572 690 1634 portet
736 1572 790 1616 et
837 1562 1158 1616 sententiam
1207 1561 1568 1617 damnationis
1613 1562 1875 1615 incurrat.
1933 1561 1995 1614 Et
2040 1571 2096 1613 ut

522 1657 619 1710 hec
658 1654 947 1707 auctoritas
981 1652 1120 1705 circa
1168 1652 1341 1719 ipsum
1375 1653 1679 1721 pontiﬁcem
1720 1661 1773 1704 et
1803 1652 2095 1705 monachos

523 1752 641 1820 ejus
675 1748 877 1802 firmior
906 1747 1181 1808 habeatur,
1231 1756 1286 1800 et
1332 1761 1425 1811 per
1465 1756 1702 1813 tempora
1755 1745 2094 1799 succedentia

2200 544 2514 599 domesticis
2543 543 2665 598 fidei
2697 558 2794 612 pro
2822 544 3222 613 tranquillitatis
3250 544 3514 599 beneﬁcio
3542 543 3797 599 concedL

2200 646 2303 689 tur.
2338 635 2447 691 Nec
2472 647 2721 691 causetur
2748 636 3015 704 quispiam
3050 637 3199 704 quasi
3231 652 3425 691 novum
3457 652 3557 692 nos
3584 637 3789 707 aliquid

2198 730 2282 784 vel
2316 731 2627 784 inusitatum
2654 729 2947 795 stabilisse,
2978 745 3101 785 cum
3133 731 3447 799 antiquitus,
3472 731 3628 799 juxta
3659 746 3793 787 con-

2198 822 2533 877 stitutionem
2589 824 2933 891 pontificum,
2991 839 3088 892 per
3136 823 3366 891 regalem
3417 824 3790 889 sanctionem,

2200 915 2489 969 multorum
2512 924 2817 969 sanctorum
2842 918 3163 970 monasteria
3188 916 3287 969 sub
3308 918 3495 971 eodem
3522 916 3791 973 libertatis

2200 1005 2479 1060 videantur
2510 1006 2809 1075 privilegio,
2853 1022 2957 1075 quo
3000 1016 3056 1061 et
3104 1022 3344 1075 praesens
3374 1009 3625 1062 volumus
3669 1024 3789 1064 cum

2201 1096 2294 1151 Dei
2324 1099 2592 1167 adjutorio
2622 1099 2998 1166 praemunitum
3028 1098 3344 1153 consistere.
3400 1098 3637 1167 Ideoque
3668 1114 3791 1168 pro-

2201 1200 2318 1256 pter
2348 1207 2542 1246 nomen
2574 1191 2776 1245 Domini
2807 1203 2857 1246 et
2888 1191 3181 1245 Salvatoris
3212 1191 3380 1245 nostri
3410 1192 3537 1246 Jesu
3564 1192 3788 1259 Christi,

2197 1283 2449 1352 quicquid
2506 1283 2619 1351 ipse
2671 1284 2902 1337 domnus
2954 1281 3350 1337 Gundelbertns
3401 1299 3467 1337 ex
3523 1286 3787 1352 permissu

2202 1386 2388 1431 nostro
2418 1377 2469 1431 in
2500 1376 2713 1445 Vosago
2746 1376 3005 1431 laboravit
3033 1390 3195 1443 super
3224 1377 3499 1431 ﬂuviolum
3530 1378 3781 1433 Rabado-

2200 1484 2320 1522 nem
2345 1509 2359 1533 ,
2399 1479 2451 1523 et
2480 1468 2926 1522 Grandemrivum
2957 1478 3012 1522 et
3046 1470 3397 1534 Dolonosnm,
3434 1471 3787 1526 concedimus

2201 1562 2267 1614 ad
2297 1561 2468 1627 ipsum
2502 1560 2916 1625 monasterium,
2956 1558 3280 1614 Senonicum
3310 1562 3543 1624 dictum,
3577 1563 3725 1630 quod
3758 1577 3784 1614 a

2203 1670 2340 1707 novo
2366 1654 2645 1708 aediﬁcavit
2694 1669 2790 1720 per
2823 1654 2955 1709 lines
2995 1662 3051 1707 et
3093 1653 3377 1720 marchias,
3414 1655 3678 1709 terminos
3705 1658 3789 1710 vel

2202 1745 2452 1808 confinia,
2485 1745 2533 1797 Id
2564 1754 2646 1797 est
2676 1742 3150 1807 l‘ertulumvillare,
3182 1743 3486 1813 Almarega,
3530 1758 3705 1813 usque
3737 1747 3786 1801 in

521 1849 779 1910 perpetuo
810 1846 1179 1900 c0nservetur,
1213 1846 1263 1888 et
1296 1851 1416 1903 ego,
1447 1837 1571 1889 dum
1607 1844 1821 1903 propter
1855 1836 2089 1888 imbecil-
2126 1820 2171 1879 Β
2197 1852 2434 1891 summas
2463 1836 2789 1900 campanias,
2822 1844 2877 1889 et
2905 1835 3130 1889 Medium
3162 1845 3419 1900 montem,
3465 1845 3520 1888 et
3566 1837 3711 1889 I‘etri
3757 1851 3785 1888 a

528 1933 630 1985 lani
664 1940 873 1983 aetatem
900 1927 1119 1981 minime
1146 1929 1288 1995 potui
1315 1912 1673 1993 subscribere,
1700 1942 1859 1980 manu
1885 1927 2094 1994 propria

525 2020 937 2092 subtersignavi,
961 2030 1014 2074 et
1043 2020 1226 2088 regina
1254 2019 1673 2087 subterscripsit.
1708 2020 1927 2087 Signum
1950 2016 2097 2071 Cbil-

516 2116 681 2171 derici
716 2116 876 2183 regis.
928 2110 1295 2167 Chinecliildis
1328 2113 1506 2179 regina
1537 2111 1849 2178 subscripsi.
1907 2112 2095 2164 Datum

516 2206 615 2259 sub
645 2206 731 2257 die
770 2203 984 2257 kalend.
1019 2204 1285 2271 Augustas
1316 2214 1457 2253 anno
1486 2216 1521 2253 ll
1542 2241 1557 2267 ,
1608 2209 1868 2270 regnante
1898 2199 2097 2252 domno

519 2309 703 2355 nostro
729 2297 1027 2354 Cbilderico
1058 2311 1183 2365 rege
1205 2304 1253 2349 ⁸.

527 2487 770 2555 Diploma
798 2501 899 2553 quo
924 2483 1240 2555 Childericus
1272 2482 1419 2555 dona‘
1438 2477 1948 2555 confertHSAenonensi
1994 2492 2096 2529 mo-

829 2556 1074 2618 nasterio,
1108 2557 1159 2606 in
1186 2552 1387 2621 Vosago
1412 2550 1435 2586 ¹’
1466 2555 1613 2620 (ann.
1641 2551 1786 2617 661).

595 2669 955 2734 Childericus,
987 2682 1083 2721 rex
1119 2665 1475 2729 Francorum,
1517 2662 1763 2717 omnibus
1804 2663 1929 2713 viris
1970 2674 2096 2727 apo-

520 2765 725 2819 stolicis
756 2763 995 2831 patribus
1026 2759 1258 2822 nostris,
1312 2771 1411 2810 nec
1461 2770 1567 2808 non
1615 2753 1927 2807 inlustribus
1968 2750 2099 2803 viris

518 2854 825 2915 comitibus,
850 2851 937 2907 vel
964 2851 1213 2906 omnibus
1236 2847 1574 2901 audientibus
1603 2854 1658 2898 et
1688 2842 1896 2897 futuris.
1928 2842 2100 2907 Oper-

524 2958 600 3003 tet
629 2946 969 3001 clementiam
1021 2943 1257 3013 regalem
1306 2941 1446 2993 inter
1478 2939 1761 3007 petitiones
1793 2945 2097 2988 ceterorum

527 3040 794 3108 przecipue
824 3035 1195 3091 sacerdotibus
1240 3032 1333 3086 Dei
1385 3030 1612 3097 benigne
1660 3028 1895 3081 auditum
1938 3041 2095 3080 acco-

524 3130 776 3193 modare,
809 3127 1058 3197 quodque
1088 3141 1183 3193 pro
1217 3125 1409 3177 timore
1436 3121 1597 3175 divini
1643 3121 1874 3174 nominis
1919 3126 2100 3185 postu-

2201 1932 2491 1986 Fontanam
2543 1930 2683 1985 inter
2727 1931 2860 1983 duas
2909 1940 3111 1985 stratas
3157 1945 3324 1998 usque
3375 1931 3427 1983 in
3482 1930 3784 1993 Bruscam,

2199 2022 2534 2076 Marcofeldis
2575 2037 2697 2075 cum
2748 2022 3217 2085 Rotundomonte;
3270 2022 3463 2076 deinde
3511 2022 3564 2074 in
3620 2031 3786 2075 strata

2198 2115 2560 2169 Sarmatarum
2594 2131 2759 2183 usque
2790 2117 2840 2169 in
2871 2115 3191 2179 Marisanga,
3224 2130 3343 2169 cum
3374 2114 3643 2168 Dolosana
3676 2114 3787 2169 fon-

2199 2217 2345 2272 tana,
2374 2223 2494 2261 cum
2528 2207 2732 2262 Hurino
2766 2218 2967 2272 monte,
2999 2218 3055 2262 et
3079 2222 3199 2262 cum
3233 2210 3346 2275 ipsa
3375 2207 3595 2262 fontana
3629 2208 3786 2262 Hori-

2200 2314 2331 2367 nega
2376 2309 2429 2351 et
2474 2298 2692 2354 Foreste
2718 2300 3010 2354 abilatione
3033 2342 3048 2367 ,
3103 2315 3271 2366 ttsque
3305 2303 3355 2353 in
3390 2300 3737 2354 Rabadonem
3765 2342 3783 2367 ,

2198 2408 2317 2446 cum
2351 2393 2540 2459 Pigero
2567 2393 2755 2446 rivulo.
2792 2392 2915 2447 Hrec
2945 2394 3121 2447 omnia
3151 2394 3488 2448 denominata
3520 2411 3642 2450 cum
3677 2405 3784 2450 ter-

2200 2485 2360 2538 minis
2390 2500 2597 2550 rerum,
2643 2484 2724 2538 vel
2769 2484 3028 2553 quidquid
3063 2486 3112 2537 in
3144 2484 3605 2550 Calvomontinsi,
3653 2487 3784 2540 Sue-

2203 2574 2347 2637 tinsi,
2382 2575 2574 2627 Salinsi
2692 2590 2785 2629 seu
2816 2589 2937 2627 cum
2968 2573 3215 2626 omnibus
3247 2574 3377 2627 locis
3406 2575 3616 2629 videtur
3645 2575 3782 2630 idem

2201 2665 2582 2720 monasterium
2629 2667 2682 2720 in
2730 2667 2977 2733 praesenti
3028 2665 3303 2734 possidere
3333 2667 3411 2719 vel
3455 2669 3654 2735 poterit
3694 2668 3785 2720 ad-

2199 2757 2434 2824 quirere,
2459 2758 2748 2811 secundnm
2778 2760 2913 2811 hanc
2940 2766 3136 2811 nostra:
3158 2758 3509 2827 delegationis
3532 2760 3779 2828 paginam

2204 2850 2469 2903 liberrima
2514 2850 2617 2903 sibi
2664 2850 2970 2918 illibataque
3006 2860 3374 2917 permaneant.
3426 2851 3533 2904 Hoc
3566 2852 3619 2904 in
3649 2866 3780 2921 aug-

2202 2956 2434 2997 mentum
2463 2942 2737 3010 adhibito,
2782 2952 2839 2996 ut
2869 2943 3046 2997 nullus
3078 2943 3287 3011 penitus
3311 2944 3590 3011 judicum,
3640 2960 3788 3012 pra:-

2201 3037 2471 3089 sumtione
2503 3050 2601 3090 sua
2630 3038 2716 3091 vel
2748 3036 3029 3106 cujuslibet
3063 3038 3290 3092 hominis
3322 3037 3560 3104 licentia,
3600 3040 3789 3107 prasta-

2204 3134 2312 3181 tum
2338 3129 2717 3181 monasterium
2737 3130 2939 3197 absque
2957 3130 3226 3183 voluntate
3248 3130 3482 3197 ipsorum
3507 3144 3787 3185 servorum

520 3225 685 3291 latur,
720 3230 945 3288 ponatur
974 3218 1038 3271 ad
1070 3215 1352 3281 effectum,
1397 3224 1453 3267 ut
1481 3228 1547 3268 eo
1579 3215 1671 3265 fiat
1697 3210 1761 3264 ad
1793 3210 2095 3265 mercedem

2207 3217 2298 3272 Dei
2332 3218 2382 3271 in
2412 3220 2628 3273 alterius
2660 3220 2888 3274 hominis
2910 3220 2997 3287 jus
3017 3226 3096 3273 vel
3123 3221 3416 3274 dominium
3446 3221 3643 3275 audeat
3670 3238 3786 3276 ver-

524 3328 629 3383 quo
656 3311 829 3366 servis
859 3309 951 3365 Dei
985 3308 1231 3377 cOngruit
1262 3306 1328 3359 ad
1358 3306 1610 3375 quietem.
1664 3303 1814 3371 Quod
1843 3302 1986 3357 enim
2022 3312 2100 3355 ta-

529 3406 669 3461 Ilins
699 3404 889 3458 devota
918 3410 1096 3455 mente
1127 3398 1471 3467 impenditur,
1498 3396 1667 3465 major
1696 3398 1888 3450 exinde
1918 3394 2099 3461 procul

530 3495 693 3549 dubio
724 3506 932 3547 merces
960 3490 1279 3559 adquiritur,
1331 3489 1467 3541 sicut
1512 3488 1773 3555 scriptum
1801 3495 1918 3540 est:
1970 3486 2100 3539 Dis-

526 3591 714 3658 persit,
745 3587 891 3640 dedit
923 3584 1245 3654 pauperibus
1272 3601 1283 3635 :
1332 3582 1537 3652 justitia
1566 3583 1683 3650 ejus
1712 3589 1894 3635 manet
1925 3580 1976 3633 in
2007 3594 2097 3633 se-

521 3681 700 3736 cnlum
731 3679 919 3735 seculi.
971 3682 991 3707 ο
1018 3675 1413 3731 Gundelbertus
1460 3677 1638 3744 igitur,
1669 3676 1956 3741 episcopus
1985 3674 2100 3727 sive

528 3774 687 3838 abba,
710 3770 1093 3827 monasterium
1124 3772 1173 3823 in
1203 3769 1406 3824 honore
1427 3778 1627 3822 sanctae
1649 3766 1825 3820 Marias
1853 3776 1906 3819 et
1927 3765 2098 3819 sancti

524 3867 665 3921 Petri
714 3865 1087 3933 sociorumque
1132 3860 1279 3933 ejus,
1333 3862 1386 3915 in
1436 3876 1571 3931 pago
1617 3860 1995 3914 Calvomontisi
2047 3860 2099 3913 in

525 3957 758 4025 Voswgo,
804 3969 967 4023 super
998 3954 1270 4007 ﬂuviolum
1303 3952 1643 4007 Rabadonem
1679 3953 1823 4005 visus
1855 3961 1935 4005 est
1965 3951 2097 4004 tedi-

527 4049 755 4115 Iicasse,
828 4046 919 4099 ubi
972 4046 1249 4113 plurimam
1304 4046 1370 4100 ad
1424 4059 1660 4113 praesens
1714 4044 2099 4099 monachorum

532 4138 743 4192 turbam
778 4138 1016 4192 noscitur
1046 4137 1332 4192 adunasse.
1387 4136 1552 4205 Hujus
1580 4138 1756 4206 itaque
1786 4136 1880 4189 viri
1928 4136 2098 4189 sancti

526 4231 783 4303 petitione
810 4240 1081 4298 suscepta,
1113 4240 1170 4281 ut
1200 4229 1405 4283 scilicet
1432 4231 1715 4284 clementia
1743 4240 1922 4284 nostra
1953 4229 2101 4295 quie-

528 4333 637 4379 tem
662 4324 895 4391 ipsorum
920 4336 1193 4377 servorum
1222 4322 1314 4376 Dei
1343 4324 1695 4388 praeceptione
1717 4321 1912 4391 vigoris
1933 4322 2100 4376 nostri

525 4415 716 4471 debeat
762 4416 1058 4480 roborare,
1117 4414 1310 4482 placuit
1360 4414 1480 4468 huic
1526 4422 1722 4468 nostra:
1772 4415 2100 4467 auctoritatis

2209 3318 2343 3373 tere,
2378 3310 2459 3363 vel
2488 3309 2702 3364 sibimet
2734 3326 3031 3379 usurpare:
3076 3321 3131 3364 et
3156 3312 3202 3365 si
3230 3312 3329 3365 hoc
3359 3314 3549 3366 fecerit
3573 3354 3591 3379 ,
3646 3315 3789 3381 quod

2206 3404 2435 3471 primum
2468 3415 2583 3470 est,
2636 3407 2765 3457 iram
2800 3406 2890 3457 Dei
2926 3407 3176 3470 incurrat,
3210 3418 3261 3462 et
3295 3408 3490 3477 regalis
3521 3407 3790 3464 offensam

2203 3495 2388 3563 gratiae
2414 3494 2694 3547 sustineat.
2726 3494 2855 3547 Illud
2882 3498 3042 3549 etiam
3069 3497 3219 3551 nobis
3248 3513 3346 3567 pro
3375 3499 3583 3567 integra
3612 3501 3794 3554 visum

2204 3597 2285 3641 est
2316 3587 2564 3641 mercede
2593 3587 2925 3654 addendum,
2981 3596 3037 3639 nt
3066 3597 3172 3641 tam
3204 3590 3323 3643 illas
3353 3605 3473 3657 qua:
3503 3604 3573 3645 ex
3607 3601 3793 3646 nostra

2207 3680 2519 3747 largitione,
2561 3694 2718 3748 quam
2747 3694 2841 3733 eas
2868 3696 2985 3747 qua:
3016 3696 3084 3734 ex
3116 3680 3473 3749 adquisitione
3515 3695 3615 3735 seu
3642 3682 3794 3737 dele-

2204 3773 2415 3843 gatione
2472 3782 2808 3841 posterorum
2862 3774 2929 3827 ad
2984 3776 3330 3841 saepedictum
3388 3774 3781 3829 monasterium

2205 3866 2465 3920 devoluta:
2506 3863 2703 3919 fuerint
2748 3867 3147 3933 possessiones,
3199 3867 3340 3919 nulla
3373 3882 3608 3933 unquam
3646 3868 3790 3935 judis

2206 3964 2367 4014 ciaria
2400 3968 2657 4028 potestas,
2682 3975 2781 4014 nec
2808 3975 3062 4029 praesens,
3086 3975 3182 4013 nec
3208 3961 3481 4024 succidua,
3508 3961 3576 4013 ad
3600 3975 3793 4016 causas

2206 4051 2525 4105 audiendum
2554 4060 2645 4103 aut
2669 4050 2865 4119 aliquid
2895 4052 3211 4121 exigendum
3241 4060 3529 4119 praesumat
3559 4053 3790 4120 ingredi,

2208 4148 2302 4200 sed
2338 4136 2437 4199 sub
2475 4145 2821 4199 immnnitatis
2847 4145 3143 4214 privilegio,
3176 4147 3274 4201 hoc
3303 4149 3476 4216 ipsum
3519 4156 3789 4202 monaste-

2209 4235 2347 4291 rium
2378 4236 2460 4289 vel
2491 4236 2832 4307 congregatio
2861 4252 2954 4289 sun
2987 4238 3200 4290 sbimet
3226 4247 3375 4291 extra
3404 4252 3597 4292 omnes
3634 4239 3791 4292 fiscos

2207 4332 2439 4385 debeant
2481 4331 2787 4399 possidere;
2839 4338 2895 4384 et
2942 4331 3195 4401 quidquid
3241 4332 3363 4386 inde
3404 4333 3567 4387 ﬁscus
3608 4342 3792 4389 noster

2210 4422 2463 4486 forsitan,
2506 4432 2598 4474 aut
2627 4437 2693 4475 ex
2724 4436 2913 4476 eorum
2949 4423 3289 4487 hominibus,
3334 4432 3426 4476 aut
3464 4438 3531 4478 ex
3574 4424 3787 4479 illorum

527 4508 745 4563 decreto
773 4507 976 4574 plenius
1008 4505 1274 4567 inserere,
1321 4504 1420 4558 80b
1449 4518 1553 4571 quo
1582 4503 1974 4571 tranquillitatis
2007 4520 2099 4556 or-
2133 4533 2182 4592 D
2208 4514 2550 4569 serviloribug
2576 4556 2588 4580 ’
2640 4515 2724 4569 vel
2762 4515 2814 4568 in
2852 4530 3036 4569 eorum
3082 4518 3225 4586 agris
3269 4518 3611 4571 manentibus
3640 4561 3656 4584 ’
3707 4518 3789 4574 vel

528 4600 677 4665 dine,
719 4600 870 4667 juxta
913 4597 1185 4665 religionis
1224 4610 1487 4660 normam,
1520 4595 1743 4649 Domino
1773 4603 2100 4663 protegente,

530 4691 703 4744 securi
749 4689 962 4742 valeant
1008 4690 1061 4742 in
1109 4697 1424 4757 perpetuum
1456 4686 1712 4740 residere.
1766 4686 1878 4739 Non
1928 4695 2103 4739 autem

529 4796 690 4852 super
716 4782 817 4837 hoc
855 4782 1008 4836 nobis
1039 4782 1228 4850 aliquis
1258 4779 1643 4834 detrahendum
1673 4778 1932 4842 aestimet,
1982 4779 2106 4847 quia

602 4964 629 4993 ι
652 4955 945 5011 Αιιειηείω
990 4969 1080 5010 rex
1122 4956 1277 5009 datus
1318 4964 1401 5010 est
1431 4953 1766 5024 Cbilpericus
1804 4971 1945 5012 anno
1974 4957 2103 5023 660,

534 5037 659 5083 ante
688 5035 893 5082 sextam
923 5027 1061 5081 diem
1085 5024 1437 5094 Septembris,
1465 5026 1879 5095 Longuernteus,
1907 5031 2099 5085 Annal.

532 5100 723 5154 Franc.
745 5098 809 5149 ad
838 5099 1062 5163 calcem,
1090 5109 1129 5150 t.
1150 5097 1236 5161 Ill,
1260 5098 1479 5152 Collect.
1504 5099 1751 5166 scriptor.
1778 5114 1881 5153 rer.
1910 5099 2102 5155 Franc.

532 5186 649 5238 pag.
680 5168 812 5234 690;
861 5184 928 5221 an
956 5183 1085 5222 Vero
1126 5178 1247 5222 ante
1292 5168 1495 5222 initium
1543 5173 1741 5223 mensis
1774 5174 1994 5237 Augusti
2025 5173 2105 5225 in-

530 5249 863 5306 compertum
896 5247 998 5293 est.
1054 5240 1189 5308 Ergo
1221 5255 1322 5291 non
1357 5239 1521 5307 liquet
1555 5255 1620 5291 an
1653 5242 1818 5307 prima
1851 5242 1967 5295 dies
1999 5244 2105 5296 Au-

530 5312 689 5391 gusti,
719 5310 924 5393 anno?
954 5312 1099 5378 regni
1131 5310 1264 5378 ejus,
1296 5325 1435 5362 anno
1464 5312 1591 5364 Chr.
1622 5310 1717 5365 66I
1752 5322 1841 5365 aut
1870 5313 1975 5366 662
2020 5328 2105 5366 as-

530 5384 818 5449 signandus
848 5384 935 5436 sit.

552 5521 563 5522 ᾧ
603 5452 631 5489 ιι
665 5450 905 5522 Vulgavit
935 5450 1295 5522 Mabillonius,
1329 5448 1523 5503 Annal.
1553 5451 1666 5522 t.7I,
1698 5467 1818 5522 pag.
1850 5453 1988 5518 692,
2036 5468 2104 5508 ex

531 5521 830 5578 Senonensi
880 5522 1094 5575 arcliivo
1139 5521 1538 5589 depromptum.
1595 5521 1934 5578 ltecuderunt
1981 5526 2103 5580 Cal-

534 5602 732 5659 metus,
778 5591 913 5645 Hist.
945 5592 1161 5645 L0tliar.
1194 5590 1342 5658 prob.
1381 5605 1498 5659 pag.
1530 5589 1658 5659 “258,
1700 5604 1755 5647 et
1778 5594 2104 5648 Collectores

533 5658 849 5733 scripturum
882 5676 1067 5733 rerum,
1088 5658 1483 5733 Francicarum,
1511 5668 1550 5713 t.
1577 5658 1667 5724 IV,
1692 5677 1819 5733 pag.
1844 5665 1968 5717 6H.
2004 5665 2102 5719 lte-

536 5742 789 5787 novatum
820 5731 919 5785 fuit
945 5732 1012 5785 ab
1038 5732 1231 5785 Ottone
1260 5731 1320 5785 lIl
1353 5741 1407 5788 et
1434 5730 1662 5785 Henrico
1689 5730 1779 5786 Ill.

614 5812 635 5838 ο
665 5798 1055 5856 Gundelbertus
1076 5841 1094 5868 ,
1137 5802 1290 5869 juxta
1321 5804 1633 5859 Senoneuse
1661 5803 1954 5860 clironicon
1980 5844 1997 5872 ,
2048 5805 2103 5861 in

2211 4608 2559 4675 undecunque
2592 4616 2802 4676 poterat
2838 4622 3075 4677 sperare,
3119 4619 3209 4662 aut
3253 4611 3457 4665 solebat
3487 4613 3784 4681 suscipere,

2208 4716 2270 4755 ex
2301 4702 2626 4771 indulgentia
2657 4709 2835 4755 nostra
2862 4741 2879 4767 ,
2931 4702 3141 4770 penitus
3188 4703 3286 4772 ipsi
3325 4713 3512 4757 sancto
3556 4704 3681 4759 loco
3725 4704 3789 4758 ad

2208 4791 2466 4860 stipendia
2502 4793 2611 4847 Deo
2638 4793 2836 4848 ibidem
2863 4794 3211 4849 servientium
3239 4795 3593 4864 remittimus,
3640 4807 3698 4852 et
3736 4797 3788 4851 in

2208 4966 2393 5035 Spicil.
2429 4966 2754 5040 A_cheriano,
2792 4975 2830 5022 t.
2863 4967 2951 5034 III,
2986 4984 3107 5040 pag.
3131 4969 3258 5035 275,
3292 4986 3391 5026 xm
3422 4974 3624 5027 saeculo
3656 4977 3790 5029 serio

2208 5047 2353 5106 ptum
2381 5077 2396 5103 ,
2447 5037 2776 5092 Senonensls
2824 5037 3105 5107 episcopus
3153 5040 3250 5095 fuit
3293 5058 3435 5096 anno
3476 5045 3609 5099 Chr.
3647 5046 3787 5110 720,

2206 5110 2348 5184 quod
2381 5124 2478 5163 nec
2505 5124 2643 5184 curn_
2658 5124 2823 5177 regno
2853 5110 3137 5184 Childerici
3172 5112 3235 5174 ll,
3265 5128 3363 5184 nec
3393 5128 3515 5167 cum
3545 5117 3790 5184 catalogo

2206 5181 2579 5249 episcoporum
2612 5179 3004 5251 Senonensinm
3035 5183 3308 5235 conciliari
3339 5194 3537 5251 potest.
3589 5179 3783 5241 Habil-

2208 5251 2405 5320 lonins,
2440 5253 2577 5304 Ann.
2610 5261 2648 5303 t.
2686 5252 2734 5315 Ι,
2777 5266 2896 5320 pag.
2928 5250 3066 5317 462,
3111 5250 3786 5320 εοηῇίοἰιίϐυηάοιὺθηυω

2206 5318 2370 5373 fuisse
2400 5321 2758 5394 regionarium
2779 5318 3131 5394 episcopum,
3173 5318 3227 5375 et
3265 5325 3536 5377 conditum
3569 5328 3641 5380 ab
3672 5329 3786 5394 ipso

2208 5392 2587 5444 monasterium
2613 5392 2923 5446 Senonense
2953 5392 3241 5447 arbitratur
3266 5395 3405 5448 circa
3434 5411 3634 5450 annum
3658 5392 3783 5452 661.

2205 5459 2357 5534 Quod
2392 5470 2569 5534 autem
2604 5463 2819 5534 nomine
2849 5462 3131 5534 Cliilderici
3165 5463 3249 5534 hic
3281 5464 3612 5534 intelligatur
3640 5468 3785 5524 Chil-

2204 5530 2497 5612 dericusle
2528 5572 2541 5595 ,
2594 5530 2865 5612 glodoveij
2886 5533 3129 5612 junioris
3157 5533 3339 5612 illius,
3394 5530 3669 5607 id'liquet
3717 5553 3783 5593 ex

2206 5602 2550 5656 renovatione
2592 5602 2898 5668 diplomatis
2944 5604 3029 5658 ubi
3073 5603 3407 5660 Childericus
3437 5602 3663 5662 vocatur
3688 5626 3780 5661 aa-

2206 5671 2372 5750 lignus
2400 5710 2413 5732 ,
2456 5672 2531 5750 _a_d
2574 5672 2873 5750 discrimen
2904 5673 3189 5750 Childerici
3211 5674 3307 5750 __l_ll
3338 5717 3351 5750 ,
3409 5678 3784 5747 Merovingicze

2205 5743 2611 5867 galizpiggtglliml,
2641 5751 2695 5796 ut
2724 5756 2883 5799 acute
2912 5754 3061 5799 notat
3088 5746 3446 5813 Ilabillonius,
3478 5750 3564 5803 ubi
3595 5743 3778 5819 supra,
