4016 6354
290 399 424 457 1297

1045 393 1462 450 DIPLOMATA.
1503 421 1574 434 —-
1608 389 1999 448 CHILDERICI
2040 390 2078 444 ll
2122 392 2481 449 PRECEPT.
2530 394 2807 449 ECCLES.

3415 389 3552 449 1:398

284 512 486 568 cultum
508 506 889 563 exhibentibus
935 506 1164 575 benigno
1209 508 1398 561 all'ectu
1446 507 1765 572 subveniat,
1816 514 1870 559 et
1892 506 1943 564 Δ
1972 508 2279 562 mansiones
2307 508 2631 571 faciendum,
2663 525 2760 562 nec
2788 511 3072 563 rotaticum
3097 511 3226 564 intra
3250 511 3433 575 urbes,
3466 511 3553 570 vel

290 619 449 670 opem
482 617 592 656 sua:
622 600 928 656 devotionis
958 599 1158 672 [Cliarn
1193 601 1368 667 Dem,
1401 598 1748 671 defensionis]
1779 601 1876 653 im-

286 695 499 765 pendat,
529 700 589 747 ut
640 707 825 747 eorum
880 694 1055 747 oratio
1101 692 1239 762 apud
1294 693 1502 746 Domini
1540 692 1874 747 clementiam

285 788 439 843 nobis
462 796 730 849 succurat,
763 795 817 840 et
834 800 931 855 pro
962 800 1091 851 pace
1119 793 1174 839 et
1200 784 1484 839 stabilitate
1523 783 1673 852 regni
1699 781 1872 837 nostri

276 878 475 949 jugiter
503 879 839 934 interveniat.
916 878 1249 947 Quapropter
1287 877 1352 930 ad
1387 877 1626 930 notitiam
1653 886 1875 930 cuncto-

280 988 399 1025 rum
428 971 707 1037 pervenire
746 969 1013 1038 jubemus,
1069 970 1320 1036 quoniam
1350 968 1481 1022 adiit
1529 969 1871 1023 serenitatem

282 1072 520 1117 nostram
548 1063 882 1117 venerandus
912 1077 975 1117 ac
1015 1062 1300 1130 religiosus
1331 1061 1501 1115 abbas
1535 1061 1866 1126 Bereltarius,

285 1155 597 1224 supplicans
638 1163 696 1207 ut
745 1154 1170 1207 concederemus
1224 1156 1273 1206 ei
1314 1154 1582 1221 quendam
1614 1154 1787 1207 locum
1818 1155 1870 1207 in

279 1246 484 1301 foreste
517 1246 711 1312 Dervo,
743 1253 797 1299 et
824 1247 875 1298 in
903 1244 1007 1298 fine
1047 1244 1429 1311 Waseiacinse,
1465 1249 1514 1300 in
1546 1262 1651 1315 quo
1677 1247 1778 1301 sibi
1809 1246 1871 1301 li-

279 1348 428 1393 ceret
449 1348 761 1392 construere
775 1337 1178 1403 monasterium,
1201 1350 1253 1392 et
1280 1349 1333 1390 ut
1358 1338 1607 1393 daremus
1624 1348 1870 1407 sumptus

282 1440 337 1482 et
369 1429 590 1496 praedia,
632 1445 726 1495 per
754 1445 872 1497 qua:
899 1445 959 1482 ea
990 1443 1111 1498 qua:
1151 1440 1518 1496 competerent
1545 1432 1871 1487 monasterio

276 1526 361 1575 vel
394 1523 527 1575 locis
554 1522 811 1597 cellarum
861 1524 1177 1590 compleret,
1219 1535 1271 1580 et
1303 1526 1684 1579 monachorum
1724 1540 1870 1580 con-

274 1616 638 1685 gregationem
670 1616 864 1670 ibidem
890 1626 1115 1686 aptaret.
1146 1617 1351 1673 Placuit
1381 1618 1539 1687 igitur
1559 1620 1871 1676 reverentia:

276 1719 478 1762 n0strte
508 1710 703 1763 summi
735 1708 833 1762 viri
883 1711 1221 1779 supplicatio,
1255 1721 1310 1766 et
1340 1729 1458 1779 quae
1509 1715 1871 1780 postulaverat

274 1803 641 1857 concessimus
666 1804 762 1857 illi.
819 1805 917 1870 Qui
959 1808 1336 1862 monasterium
1368 1819 1679 1864 construens
1703 1826 1865 1880 supra

279 1898 499 1950 lluvium
544 1897 762 1967 Vigore,
798 1899 850 1951 in
878 1899 1078 1954 honore
1109 1900 1385 1956 beatorum
1441 1902 1581 1958 Petri
1621 1915 1675 1958 et
1715 1903 1863 1960 Pauli

271 1991 358 2047 vel
382 2001 697 2047 cmterorum
725 1994 1065 2061 Sanctorum,
1094 1996 1244 2063 petiit
1267 1995 1601 2052 altitudinem
1627 2009 1862 2053 nostram

271 2096 353 2147 ut,
387 2101 481 2153 pro
531 2085 609 2139 rei
640 2084 799 2138 totius
856 2085 1121 2153 ﬁrmitate,
1165 2088 1424 2156 integram
1474 2090 1864 2145 immunitatem

274 2176 420 2229 circa
454 2176 629 2244 ipsum
653 2178 1034 2230 monasterium
1066 2180 1525 2233 contraderemus.
1574 2179 1679 2234 Nos
1706 2180 1868 2249 igitur

275 2268 481 2323 caelesti
512 2268 764 2323 beneﬁcio
811 2270 1059 2338 promOti,
1114 2283 1379 2325 consensu
1407 2272 1775 2341 episcOporum
1814 2282 1869 2327 et

275 2364 595 2431 Optimatum
628 2373 956 2429 nostrorum,
997 2362 1244 2431 precibus
1268 2363 1401 2417 tanti
1431 2364 1527 2417 viri
1553 2380 1734 2419 aurem
1779 2381 1869 2419 ac-

274 2455 706 2519 commodantes,
750 2454 1000 2523 jubemus
1030 2464 1089 2509 ut
1115 2455 1183 2508 de
1226 2455 1373 2510 omni
1420 2454 1674 2512 facultate
1702 2458 1869 2526 ipsius

272 2548 610 2610 monasterii,
640 2556 744 2599 tam
770 2547 908 2611 quod
929 2561 1030 2616 ego
1058 2546 1172 2613 ipse
1193 2545 1387 2600 ibidem
1416 2548 1677 2617 delegavi,
1710 2566 1867 2618 quam

274 2642 445 2695 etiam
475 2642 613 2707 quod
647 2655 675 2692 a
709 2639 927 2708 reliquis
948 2638 1250 2694 ehristianis
1280 2640 1582 2694 hominibus
1629 2643 1870 2697 noscitur

272 2746 401 2788 esse
423 2722 801 2796 condonatum,
852 2731 1100 2800 quodque
1148 2730 1214 2784 ad
1267 2744 1500 2800 praesens
1552 2732 1602 2785 in
1653 2734 1870 2803 quibus-

274 2825 411 2879 libet
437 2825 587 2889 locis,
614 2824 914 2887 territoriis,
959 2836 1011 2878 et
1054 2839 1120 2878 ex
1165 2824 1281 2893 ejus
1307 2824 1616 2879 haereditate
1643 2826 1727 2879 vel
1755 2837 1869 2880 stu-

271 2918 391 2981 dio,
428 2927 531 2969 tam
557 2918 693 2969 ultra
717 2915 967 2984 Ligerim,
999 2917 1051 2968 in
1078 2915 1233 2970 Herla
1254 2917 1457 2971 scilicet
1484 2930 1539 2970 et
1559 2917 1867 2972 Sarturiaco

272 3006 487 3079 [Citam
502 3004 656 3059 Derv.
674 3004 972 3077 Saturiaco]
998 3009 1078 3061 vel
1094 3004 1501 3076 Domnolronte,
1533 3023 1652 3063 cum
1667 3024 1867 3079 appen-

271 3100 434 3154 diciis
457 3101 583 3161 suis,
630 3109 733 3153 eta
762 3099 941 3153 Diseio
970 3114 1092 3153 cum
1142 3100 1471 3168 appendiciis
1526 3102 1659 3169 suis,
1710 3116 1868 3169 quam

1979 600 2030 651 in
2061 602 2307 655 mercatis
2361 602 2804 669 extorquendum,
2854 615 2952 655 nec
2998 599 3130 654 ullas
3181 612 3410 668 paratas,
3462 608 3553 657 aut

1978 692 2243 759 quaslibet
2263 691 2629 747 redibutiones
2649 703 2899 748 exactare
2924 701 3294 761 prmsumatur,
3356 694 3449 747 sed
3490 692 3550 749 in

1977 788 2120 838 omni
2153 784 2403 838 facultate
2432 785 2596 852 ipsius
2642 786 2967 850 monasterii,
3020 796 3074 836 ut
3115 784 3391 851 pra‘fatum
3443 792 3551 852 est,

1978 876 2028 929 in
2061 876 2305 930 omnibus
2331 875 2459 930 locis
2488 888 2541 929 et
2568 876 2870 941 territoriis,
2923 876 3015 930 ubi
3044 877 3242 945 aliquid
3279 876 3552 942 possidere

1975 973 2242 1036 videntur,
2266 972 2464 1039 absque
2493 971 2771 1024 interdiclu
2796 970 3053 1041 judicuin,
3087 971 3303 1023 remotis
3329 979 3381 1023 et
3412 981 3553 1024 rese-

1974 1064 2108 1118 catis
2123 1063 2371 1116 omnibus
2393 1062 2735 1131 petitionibus
2758 1062 2823 1115 de
2847 1062 3082 1131 partibus
3106 1063 3240 1123 lisci,
3272 1076 3441 1129 usque
3462 1075 3555 1115 su-

1976 1171 2068 1225 per
2098 1156 2268 1223 ripam
2319 1153 2517 1208 iluvioli
2552 1153 2867 1223 Magnentis,
2919 1155 3290 1223 progrediente
3318 1156 3368 1206 in
3416 1152 3556 1208 diro-

1972 1259 2114 1303 ctum
2149 1249 2375 1302 termino
2406 1248 2470 1299 ad
2500 1248 2674 1299 locum
2707 1244 2793 1312 qui
2824 1244 2984 1299 Vallis
3041 1246 3300 1313 prolunda
3336 1260 3554 1299 nuncu-

1972 1352 2147 1409 patur;
2178 1338 2278 1392 sub
2297 1338 2601 1391 emunitatis
2628 1339 2839 1390 nomine
2860 1336 3195 1397 inconcusse,
3226 1346 3329 1388 tam
3354 1334 3554 1389 nostris

1971 1446 2127 1500 quam
2152 1431 2343 1483 futuris
2390 1429 2735 1498 temporibus,
2783 1429 2988 1481 valeant
3017 1428 3276 1481 dominari
3310 1427 3391 1479 vel
3424 1440 3553 1494 pos-

1971 1508 2179 1575 sidere:
2213 1533 2319 1587 quo
2348 1519 2438 1572 liat
2468 1528 2524 1571 ut
2552 1530 2602 1572 et
2631 1534 2726 1570 tios
2751 1518 2817 1570 de
2847 1518 3085 1587 praestito
3140 1515 3343 1588 [Chart.
3394 1515 3549 1570 Dera.

1971 1627 2069 1682 pro
2099 1608 2646 1680 praestito]beuelicio
2700 1609 2765 1662 ad
2817 1608 3115 1663 mercedem
3170 1609 3448 1675 pertineat,
3499 1614 3553 1660 et

1970 1705 2114 1772 ipsos
2145 1719 2329 1758 servos
2361 1703 2452 1757 Dei
2476 1702 2527 1756 in
2557 1703 2669 1771 ipso
2698 1704 3020 1755 monasterio
3064 1701 3417 1755 consistentes
3440 1712 3554 1754 ine-

1974 1798 2074 1852 lius
2105 1798 2332 1852 delectet
2350 1812 2441 1865 pro
2470 1797 2752 1849 stabilitate
2777 1795 2921 1864 regni
2954 1796 3117 1847 nostri
3149 1794 3415 1847 adtentius
3447 1793 3553 1845 Do-

1968 1891 2097 1944 mini
2127 1887 2548 1945 misericordiam
2571 1888 2870 1956 deprecari.
2929 1887 2995 1941 Et
3043 1894 3099 1939 ut
3146 1890 3259 1939 hmo
3288 1886 3554 1940 emunitas

1969 1982 2169 2035 lirmior
2195 1982 2473 2045 habeatur,
2495 1989 2550 2034 et
2581 1995 2674 2048 per
2701 1991 2935 2047 tempora
2963 1986 3331 2041 conservetur,
3365 1987 3557 2030 manus

1969 2085 2169 2131 nostra:
2190 2090 2252 2130 ac
2284 2075 2515 2130 ﬁdelium
2544 2083 2844 2127 nostrorum
2871 2071 3369 2153 tamtepiscoporuui
3392 2079 3556 2135 quam

1969 2170 2283 2237 optimatum
2316 2165 2797 2233 subscriptionibus
2823 2165 3006 2217 subter
3049 2178 3166 2217 eam
3214 2159 3556 2215 decrevimus

1969 2260 2327 2316 corroborari.
2360 2260 2583 2328 Signum
2616 2256 2642 2294 δ
2678 2257 2825 2310 lleoli
2851 2253 3109 2323 episcopi,
3146 2256 3202 2307 S.
3237 2248 3556 2319 Leodegarii

1970 2353 2227 2421 episcopi,
2260 2354 2316 2407 S.
2335 2350 2565 2405 Attelan’i
2593 2347 2796 2421 [Chart.
2818 2346 2999 2411 Dent,
3033 2341 3263 2414 Atelani]
3289 2340 3554 2411 episcopi,

1972 2449 2029 2503 S.
2075 2444 2317 2498 Vullaudi
2366 2441 2854 2511 majoris-domus,
2906 2440 2965 2495 S.
3000 2440 3275 2492 Amalrici.
3344 2438 3470 2490 Data
3504 2435 3557 2490 iv

1972 2554 2140 2593 nonas
2165 2538 2311 2601 Julii,
2345 2552 2433 2590 an.
2458 2535 2513 2604 iij
2540 2536 2687 2603 regni
2716 2537 2830 2603 ejus
2860 2532 3145 2589 Cbilderici
3175 2531 3335 2600 regis.
3366 2531 3559 2583 Actum

1970 2630 2299 2700 Compendio
2327 2628 2546 2697 palatio,

2728 2739 2794 2795 X.

1973 2860 2218 2928 Diploma
2247 2876 2345 2926 quo
2397 2856 2713 2928 Childericus
2745 2854 2968 2928 homines
3008 2855 3070 2928 de
3100 2852 3558 2928 Morieunsisliuim

2042 2921 2088 2984 at
2118 2921 2401 2983 Ducit/mini
2426 2929 2579 2980 donat
2614 2925 2850 2989 Valedio,
2876 2924 3041 2977 abbati
3065 2921 3558 2976 monasterioliCon-

2042 3004 2211 3071 ﬂentis
2242 3002 2317 3068 (id
2361 3011 2452 3071 est,
2474 2999 2807 3071 imonastcrl'o
2839 2996 3017 3049 Sancti
3047 2994 3277 3064 Gregorii
3304 2995 3357 3046 in
3390 2996 3554 3046 Alsu-

2046 3070 2135 3142 κισ)
2166 3084 2185 3109 “-
2218 3080 2366 3142 (ann.
2399 3070 2546 3139 075).

273 3195 442 3247 etiam
472 3195 601 3246 citra
626 3193 854 3262 Ligerim
884 3192 1159 3259 possidere
1188 3193 1457 3258 videntur,
1481 3209 1574 3247 seu
1599 3197 1739 3263 quod
1770 3196 1867 3249 ibi-
1895 3216 1943 3278 ρ
2041 3191 2392 3255 Cbildericus,
2431 3204 2518 3243 rex
2561 3187 2949 3251 Francborum,
2990 3184 3067 3238 vir
3116 3183 3340 3237 iuluster
3366 3223 3383 3249 ,
3422 3181 3559 3237 Chao

273 3288 400 3340 deni
427 3285 599 3381 adh“:
634 3286 840 3337 inantea
871 3285 920 3336 in
958 3284 1048 3336 Dei
1073 3284 1287 3337 nomine
1309 3300 1338 3337 a
1359 3285 1662 3341 cbristianis
1693 3286 1865 3341 homi-

272 3378 439 3431 nﬂms
457 3374 601 3445 jusTe
625 3384 680 3429 et
701 3374 1083 3429 rationabiliter
1111 3376 1267 3430 fuerit
1294 3376 1528 3430 additum
1553 3380 1635 3433 vel
1665 3381 1865 3433 condo-

272 3479 490 3533 natum,
525 3482 620 3535 pro
646 3469 824 3537 quiete
856 3468 1021 3536 ipsius
1064 3470 1211 3537 regni
1245 3472 1436 3536 nostri,
1470 3471 1723 3539 integram
1757 3488 1867 3526 em-

275 3558 597 3612 munitatem
632 3573 726 3618 pro
749 3556 1041 3611 reverentia
1086 3560 1250 3626 ipsius
1284 3563 1449 3613 sancti
1499 3563 1593 3614 loci
1626 3564 1868 3617 concedi-

275 3667 426 3716 mus,
457 3663 512 3704 ut
539 3652 712 3704 nullus
735 3652 896 3718 judex
929 3652 1169 3719 publicus
1198 3654 1435 3721 quolibet
1461 3655 1859 3725 niodojudicia-

280 3746 361 3798 rio
395 3744 665 3796 accinctus
690 3750 970 3809 potestate,
1022 3742 1075 3795 in
1103 3752 1281 3796 curtes
1328 3744 1495 3811 ipsius
1539 3748 1865 3816 monasterii,

278 3838 607 3903 ubicumque
638 3835 702 3887 ad
731 3848 964 3903 praesens
1003 3848 1187 3889 eorum
1223 3849 1433 3890 maneat
1473 3840 1738 3905 possessio
1785 3841 1867 3896 vel

277 3926 602 3990 dominatio,
632 3936 722 3978 aut
750 3926 892 3995 quod
918 3930 1149 3993 inantea,
1188 3936 1243 3980 ut
1271 3927 1527 4003 diximus,
1588 3928 1748 3985 fuerit
1776 3934 1868 3987 ad-

278 4019 452 4073 ditum
484 4019 565 4072 vel
586 4020 960 4085 condonatum,
987 4035 1086 4073 nec
1108 4021 1173 4074 ad
1196 4036 1382 4076 eausas
1400 4024 1740 4089 audiendum,
1772 4042 1870 4082 nec

284 4112 634 4189 lidejussores
676 4112 995 4180 tollendum,
1054 4129 1152 4169 nec
1208 4114 1356 4168 lreda
1382 4115 1724 4185 exigendum,
1773 4134 1871 4176 nec

285 4266 373 4307 tur
387 4252 455 4306 de
470 4253 791 4305 monasterio
812 4251 863 4304 in
890 4250 1205 4318 Burgundiae
1235 4267 1399 4321 regno
1417 4254 1542 4318 sito,
1566 4270 1627 4309 ac
1651 4257 1871 4322 proinde

285 4324 410 4377 anni
445 4323 593 4389 regni
616 4321 905 4394 _(.’liilderici
936 4323 1273 4389 computandi
1298 4334 1420 4377 sunt
1440 4327 1507 4377 ab
1530 4321 1721 4394 adepto
1747 4328 1873 4380 Bur-

287 4390 1047 4466 gundiazetNeustriieregno,
1077 4393 1126 4445 id
1150 4405 1251 4454 est,
1275 4411 1301 4444 a
1326 4390 1761 4466 morteClilotarii
1782 4399 1868 4466 ΙΙΙ,

287 4462 379 4533 {lui
414 4463 548 4517 obiit
592 4462 886 4533 annoitﬁll,
947 4478 1129 4515 mense
1175 4473 1227 4515 ut
1255 4465 1461 4519 videtur
1486 4467 1691 4520 Jiilioin
1729 4462 1869 4520 Lou;

287 4532 441 4606 guer.
498 4536 692 4606 ᾼιιιιςοΙ.
730 4532 917 4606 lit-anc.
950 4544 986 4585 t.
1020 4533 1104 4594 Ill,
1154 4536 1338 4603 script.
1381 4552 1485 4591 rer.
1528 4537 1715 4591 Fianc.
1752 4554 1868 4606 pag.

289 4593 418 4661 690.
495 4603 635 4673 Ergo
664 4602 787 4654 Julii
820 4602 905 4654 die
932 4593 1117 4667 quarta
1146 4593 1275 4657 anni
1301 4606 1406 4660 675
1437 4623 1633 4660 annum
1665 4609 1699 4660 3
1728 4593 1871 4673 regni
1905 4593 1954 4650 D

291 4672 589 4729 Cliilderict
634 4674 683 4725 in
751 4672 1050 4735 Burguttdia
1101 4678 1336 4727 nomium
1392 4677 1658 4742 erpletum
1711 4672 1876 4730 luisse

292 4745 492 4815 conjici
524 4753 713 4811 potest.
800 4745 1096 4815 laditionem
1128 4742 1395 4798 Catnusati
1426 4748 1718 4811 sequimur,
1778 4747 1874 4798 ad-

294 4814 422 4869 ditis
450 4818 588 4868 inter
616 4828 780 4867 uncos
811 4814 1122 4866 lectionibus
1150 4831 1279 4882 quas
1302 4831 1364 4868 ex
1392 4817 1716 4869 cltartulario
1750 4816 1879 4869 Der-

295 4889 467 4967 vensi,
488 4885 623 4939 Bibl.
639 4900 748 4952 reg.
766 4884 938 4937 clarus
957 4885 1035 4937 vir
1048 4886 1111 4937 de
1131 4886 1450 4958 Brequigny,
1469 4903 1526 4942 se
1538 4887 1873 4954 excripsisse,

295 4968 515 5011 asserit.

370 5041 396 5067 ιι
432 5028 562 5082 γης.
615 5036 670 5080 et
700 5025 892 5094 Diseio,
925 5040 1053 5094 etc.,
1082 5030 1271 5083 desunt
1317 5029 1454 5097 apud
1508 5029 1776 5085 Camusat.
1827 5040 1880 5086 et

296 5099 473 5154 Coinl.

376 5171 403 5208 δ
429 5168 650 5223 Nomina
668 5170 1039 5236 episcoporum
1063 5180 1117 5225 et
1141 5170 1357 5235 majoris
1386 5170 1575 5222 domus
1592 5170 1726 5223 bene
1752 5185 1880 5223 con-

304 5244 543 5302 veniunt,
566 5239 611 5291 si
641 5239 787 5292 lleolt
821 5255 1012 5295 nomen
1034 5240 1288 5309 excipias,
1311 5240 1400 5306 qui
1428 5241 1657 5293 nondum
1688 5240 1880 5294 infulas

307 5313 603 5365 Remenses
633 5318 909 5365 assecutus
938 5312 1128 5364 fuerat.
1162 5307 1169 5309 ἡ
1197 5307 1440 5364 Cointius
1470 5327 1563 5376 pro
1594 5310 1760 5363 lleolo
1792 5312 1883 5363 Ni—

307 5384 530 5434 vardum
566 5379 798 5447 reponit,
838 5382 921 5434 cui
951 5381 1206 5434 successit
1232 5381 1450 5434 ﬂeolus.
1532 5381 1725 5433 Coiutii
1754 5396 1882 5433 cou-

307 5455 563 5521 jecturam
590 5460 764 5504 tuetur
786 5454 1014 5519 scriptor
1046 5452 1174 5504 Vita:
1195 5450 1363 5503 Sancti
1389 5450 1684 5517 Bercharii,
1716 5452 1881 5516 Adso,

311 5527 449 5591 apud
485 5522 708 5585 Mabill,
740 5521 824 5573 ubi
854 5537 1033 5589 supra,
1070 5525 1154 5586 qui
1184 5530 1405 5575 testatur
1425 5522 1658 5589 diploma
1689 5523 1755 5575 de
1781 5539 1885 5590 quo

310 5596 515 5657 agimus
539 5596 873 5657 impetratum
904 5594 1065 5646 fuisse
1090 5591 1382 5645 laventibus
1403 5592 1665 5659 episcopis
1685 5593 1886 5645 Leode-

314 5664 481 5732 gario,
517 5666 744 5714 Atelauo
774 5673 825 5715 et
857 5664 1101 5716 Nivardo.
1164 5663 1300 5715 Nihil
1342 5674 1517 5716 autem
1550 5666 1725 5715 obstat
1754 5677 1885 5729 quo-

317 5736 488 5786 minus
512 5734 785 5800 utriusque
806 5744 859 5787 et
886 5734 1097 5787 Nivardi
1120 5743 1171 5787 et
1208 5732 1357 5785 Reoli
1380 5736 1589 5785 nomina
1614 5735 1752 5785 inter
1774 5735 1889 5787 sub-

317 5804 632 5870 scriptioiies
667 5803 824 5870 bujus
869 5806 1171 5872 diplomatis
1201 5805 1399 5856 inserta
1432 5804 1656 5867 fuerint;
1707 5804 1889 5857 Nivar-

319 5877 416 5927 dus
442 5876 644 5928 scilicet
673 5890 792 5928 eum
821 5876 1030 5929 adesset
1077 5873 1419 5928 conﬁciendae
1460 5875 1677 5936 chartae.
1739 5876 1886 5928 testis

1972 3286 2129 3339 dicito
2151 3286 2304 3345 duce,
2341 3280 2644 3334 Rudeberto
2675 3279 2928 3351 [Laguil.,
2966 3278 3237 3333 Bunil‘aCiO
3267 3278 3421 3341 duce,
3457 3278 3558 3332 lto-

1968 3378 2208 3442 diberto;
2243 3376 2435 3442 Script.
2461 3374 2581 3425 hiat.
2605 3369 2704 3426 Fr.
2722 3412 2740 3439 ,
2770 3370 3036 3433 Cbaduce,
3061 3369 3405 3438 Rodeberto],
3459 3385 3556 3421 co-

1970 3472 2120 3525 mite.
2160 3470 2287 3522 lllud
2331 3468 2484 3521 nobis
2530 3466 2597 3520 ad
2638 3465 2921 3520 stabilitate
2968 3468 3123 3535 regni
3168 3465 3334 3518 nostii
3367 3464 3554 3532 procul

1968 3563 2128 3618 dubio
2154 3562 2421 3617 credimus
2437 3559 2724 3628 pertinere,
2754 3560 2797 3613 si
2832 3558 3170 3627 petitionibus
3191 3557 3553 3625 sacerdotum,

1973 3659 2023 3711 in
2066 3672 2172 3725 quo
2212 3654 2409 3708 nostris
2456 3650 2653 3707 fuerint
2677 3651 2896 3705 auribus
2943 3651 3163 3716 prolate,
3198 3650 3551 3718 perducemus

1969 3745 2157 3820 [SripL
2195 3745 2331 3797 Hist.
2367 3742 2585 3812 Franc.,
2620 3743 2841 3810 prolata:
2865 3752 3181 3808 annuentes,
3238 3758 3328 3795 eas
3361 3743 3555 3805 perdu-

1970 3839 2172 3909 camusj
2204 3837 2268 3890 ad
2310 3836 2575 3890 elleetum.
2638 3836 2762 3891 Ideo
2808 3847 3092 3904 cognoscat
3122 3836 3428 3903 magnitudo
3460 3848 3556 3891 seu

1971 3934 2169 3986 lllllilus
2197 3940 2373 3984 vestra
2403 3931 2522 3997 quia
2555 3942 2651 3982 nos
2674 3928 2917 3995 homines
2942 3928 3081 3993 illos,
3110 3929 3197 3997 qui
3220 3933 3555 3985 conmanunt

1971 4028 2222 4099 [Laguil.,
2274 4022 2633 4096 commanent]
2690 4024 2740 4076 in
2780 4022 3255 4077 Monesensishaim
3294 4018 3556 4096 [Lagail..

1973 4117 2408 4179 Menseumltaim,
2442 4116 2635 4184 Script.
2669 4114 2792 4170 Rer.
2822 4110 3040 4179 Franc.,
3076 4110 3553 4189 Moul'enseshaim]

1974 4255 2303 4324 subscripsit.
2341 4253 3256 4338 Post-Nivardi‘mortem,.successor
3275 4258 3389 4338 eius
3415 4255 3581 4338 Reos;

1974 4330 2054 4382 lus
2095 4322 2285 4379 nomen
2308 4326 2531 4387 addidit,
2586 4322 3001 4377 eoulirmationis
3047 4340 3225 4376 causa.
3285 4322 3580 4386 Cltartarﬂi

1976 4415 2100 4453 vero
2136 4400 2549 4457 eousarcinator,
2596 4409 2715 4446 cum
2765 4394 2913 4446 lleoli
2961 4408 3152 4447 nomen
3194 4395 3577 4461 subscriptum}

1975 4470 2434 4527 animadverteret,
2465 4480 2654 4516 nomen
2687 4464 2896 4516 Nivardi
2927 4464 3333 4532 eXpungendutn
3358 4480 3562 4534 perpe-
3592 4462 3647 4534 ξ’

1979 4554 2089 4591 ratu
2118 4539 2313 4588 arbitra
2326 4548 2405 4586 tus
2436 4546 2508 4586 est
2521 4572 2534 4586 .

2053 4608 2357 4681 cClrartam
2417 4607 2551 4656 banc
2606 4606 2758 4673 primi
2815 4606 3158 4681 vulgaverint“
3221 4609 3563 4681 Belltomme,

1984 4680 2117 4732 Hist.
2152 4676 2375 4728 Median.
2412 4684 2638 4727 monast.
2670 4691 2784 4742 pag.
2815 4677 2908 4738 l3,
2953 4676 3119 4745 Luuig
3140 4717 3154 4740 ,
3205 4679 3387 4745 Spicil.
3415 4676 3561 4737 eccl:

1980 4725 2193 4802 έδῖιλῖυῖ
2212 4725 2263 4808 ii
2289 4725 2407 4811 νάει
2438 4725 2683 4807 ίυθδέεί
2704 4725 3154 4814 ingtiiIieT'His'i.’
3184 4725 3560 4809 ιῡξξιῖῖυίδξῖίιῖ
3597 4725 3616 4811 l

1983 4835 2100 4887 pag.
2135 4818 2188 4878 .3,
2222 4817 2311 4868 sed
2338 4825 2605 4887 corrupte,
2658 4818 2865 4869 etiamsi
2898 4836 2959 4871 ex
2990 4821 3228 4886 originali
3263 4823 3312 4874 in
3342 4826 3563 4881 arcliivo

1983 4886 2185 4956 imperii
2212 4896 2420 4939 servato
2447 4886 2811 4954 depromptam
2845 4901 3101 4944 asserant.
3138 4891 3561 4948 Eamilemtlein-

1984 4975 2127 5026 ceps,
2158 4973 2226 5010 ex
2259 4957 2546 5031 Maliillonii
2576 4957 2833 5031 scliedist
2855 4965 2990 5031 typis
3019 4964 3401 5017 mandaverunt
3438 4964 3561 5017 Col-

1982 5033 2207 5085 lectores
2235 5030 2556 5103 scriptorum
2589 5042 2763 5103 rerum
2797 5029 3039 5086 Francie.
3076 5043 3111 5084 ι.
3149 5033 3233 5097 IV,
3287 5049 3405 5103 pag.
3424 5033 3559 5103 652.

1984 5103 2129 5156 Illam
2161 5102 2447 5155 itavissittte
2474 5099 2851 5166 Scltaepllinus,
2902 5106 3068 5157 Alsat.
3093 5104 3220 5169 dipl.
3259 5099 3377 5171 pag:
3408 5102 3461 5164 4,
3496 5118 3567 5158 ex

1985 5172 2210 5226 abbatis:
2249 5171 2587 5236 Gregoriame
2636 5177 2970 5240 autographo
3016 5174 3216 5235 recudi,
3275 5175 3382 5225 imo
3413 5184 3567 5227 anto-

1984 5247 2239 5311 graplnnn
2271 5242 2442 5309 ipsum
2498 5243 2892 5311 eliaracteribus
2916 5248 3005 5298 ωτι
3056 5244 3454 5295 accuratissime
3484 5245 3564 5298 in-

1985 5310 2110 5368 cisis
2143 5310 2512 5381 reprreseutari
2540 5316 2767 5378 curavit,
2803 5325 2950 5367 tanto
2976 5312 3161 5377 majori
3193 5314 3392 5375 studio,
3421 5312 3565 5376 qttod

1988 5386 2088 5437 hoc
2120 5385 2532 5437 instrumentum
2578 5387 2937 5438 autlienticum
2994 5384 3229 5436 omnium
3263 5399 3380 5451 quae
3414 5384 3568 5439 Alsa¢

1989 5455 2058 5507 tia
2108 5454 2340 5520 possidet
2379 5453 2800 5520 antiquissimum
2831 5457 2919 5520 sit,
2953 5455 3198 5520 ideoque,
3246 5456 3345 5506 Ioc.
3384 5454 3474 5505 cit.
3508 5462 3571 5510 et

1987 5526 2154 5578 Alsat.
2190 5527 2347 5578 illusl.
2377 5535 2503 5576 tom.
2539 5524 2578 5585 l,
2608 5538 2727 5592 pag.
2764 5522 2866 5577 756
2882 5535 2933 5576 et
2960 5523 3083 5587 785,
3108 5524 3248 5576 notis
3279 5523 3566 5578 illustravit

1988 5596 2052 5647 ad
2086 5613 2215 5663 quas
2270 5596 2660 5649 reinaudamus.
2719 5593 2823 5645 \‘iri
2881 5595 3225 5648 eruditissimi
3280 5594 3566 5650 lectionem

1959 5677 1963 5681 '
1988 5672 2277 5735 sequimur,
2304 5666 2611 5719 lectionibus
2627 5664 2743 5715 aliis
2758 5666 2978 5730 alicujus
3000 5666 3272 5727 momenti,
3291 5681 3405 5727 quae
3424 5664 3565 5727 apud

1989 5736 2225 5807 Laguille
2265 5750 2318 5793 et.
2345 5736 2668 5810 Collectores
2703 5738 3017 5799 scriptorum
3072 5752 3244 5788 rerum
3280 5735 3563 5790 Francia-4.

1991 5826 2104 5862 rum
2139 5811 2489 5877 reperiuntur,
2518 5814 2651 5854 inter
2684 5818 2843 5856 uncos
2880 5810 3087 5859 notatis.
