4026 6352
448 219 469 271 Ι
483 216 588 271 505

1506 212 1749 269 FRANC.
1792 211 1954 267 RBG.
1995 208 2333 266 IVPRIME
2372 206 2652 265 STIRPIS.

3578 206 3711 261 15οι

444 332 662 385 balneas
703 328 801 401 [Μ.
832 328 922 392 Β.,
960 329 1073 395 ipsa
1114 329 1326 397 balnea]
1362 327 1690 397 pertinente,
1732 340 1854 394 quze
1882 325 2029 379 venit
2057 332 2104 387 Α
2133 332 2335 376 sanctae
2390 323 2485 378 Dei
2535 322 2813 392 genitricis
2860 324 2929 377 ab
2978 312 3171 378 lfihina
3217 323 3322 377 ﬁlia
3359 331 3543 377 nostra
3587 336 3712 377 eon-

442 424 543 497 [Μ.
575 421 666 487 Β..
699 425 902 493 veniet]
928 422 998 476 de
1025 421 1235 477 duobus
1263 419 1363 495 [Μ.
1395 420 1486 487 Β.,
1520 418 1801 490 ambobus]
1847 418 2030 473 lateri-

447 516 543 566 bus
585 526 753 580 usque
800 512 850 563 in
897 510 1120 568 ﬂuvium
1158 511 1335 579 Murga
1367 509 1467 583 [Μ.
1502 508 1592 577 Β.,
1622 510 1847 578 Merga),
1882 520 1938 563 et
1963 509 2032 563 de

447 618 550 657 una
585 604 758 658 fronte
776 604 840 657 ad
877 616 1084 671 partem
1124 605 1508 658 occidentalem
1532 612 1675 656 rasta
1702 619 1802 656 una
1822 643 1839 669 ,
1882 612 1937 656 et
1967 602 2033 656 de

446 699 546 749 alia
576 699 749 752 l'ronte
769 699 833 749 ad
868 709 1075 765 partem
1105 697 1415 752 orientalem
1444 698 1622 752 leucas
1650 694 1751 769 [Μ.
1777 695 1866 760 Β..
1900 697 2034 751 leui-

449 786 585 860 uias]
613 803 727 851 sex,
780 804 914 858 quas
962 789 1063 861 [Μ.
1113 788 1203 851 Β..
1244 788 1408 861 quod]
1457 788 1703 843 homines
1746 789 1846 844 loci
1881 790 2035 845 istius

448 880 551 949 [Μ.
582 878 671 948 Β.,
705 881 848 936 illius
893 882 1017 952 siti]
1061 883 1243 936 dicunt
1280 893 1450 937 rastas
1493 891 1604 937 tres
1634 898 1754 937 esse
1805 881 1908 955 [Μ.
1943 882 2033 952 Β.,

448 977 587 1026 deest
637 972 819 1044 esse].
882 974 1170 1041 Pr0pterea
1234 974 1335 1029 hoc
1394 984 1719 1045 pratceptum
1777 978 2038 1032 cessionis

450 1064 566 1119 ﬁeri
596 1066 878 1132 jussit-tus,
908 1078 962 1119 ut
1008 1065 1108 1139 [Μ.
1144 1065 1209 1121 Β.
1244 1068 1373 1120 add.
1407 1067 1495 1139 ab]
1530 1070 1624 1121 hac
1653 1070 1741 1122 die
1773 1084 2041 1122 memora-

452 1166 535 1210 tus
559 1156 844 1211 Ratl'redus
867 1160 1054 1221 abbas,
1089 1161 1171 1213 vel
1206 1171 1382 1228 patres
1409 1160 1523 1233 [Μ.
1556 1161 1646 1224 Β..
1684 1160 1843 1235 pars]
1875 1166 2041 1232 ipsius

452 1252 762 1303 monasterii
800 1250 1323 1320 Weissenburgensis
1345 1250 1445 1324 [Μ.
1475 1251 1562 1315 Β..
1585 1251 2038 1325 Weissemburg],

452 1348 643 1411 suique
694 1361 1067 1409 successores,
1133 1348 1215 1401 vel
1267 1347 1516 1402 moiiachi
1560 1346 1757 1401 ibidem
1803 1362 2044 1403 commo-

451 1449 631 1491 rantes
664 1436 763 1507 [Μ.
801 1436 890 1503 Β.,
926 1438 1386 1510 commanentes],
1418 1442 1485 1493 de
1519 1441 1898 1509 suprascriptis
1932 1443 2046 1497 bal-

449 1530 565 1583 neis
617 1546 750 1598 quas
778 1533 963 1585 dicunt
988 1548 1155 1601 aquas
1180 1535 1381 1589 calidas
1412 1533 1513 1606 [Μ.
1542 1532 1631 1591 Β..
1660 1536 2046 1608 aquaacalidae]

450 1620 532 1674 vel
563 1624 777 1675 marchzi
810 1622 876 1674 ad
910 1624 1051 1687 ipsas
1082 1624 1302 1678 balneas
1334 1624 1435 1693 [Μ.
1463 1623 1553 1690 Β.,
1585 1628 1751 1690 ipsam
1777 1624 2044 1698 balneam]

2132 423 2357 479 structo,
2404 425 2458 468 et
2502 415 2986 469 sanctimonialium
3023 414 3413 469 coadunatioue
3438 415 3714 481 decorato,

2133 522 2198 561 ex
2232 506 2393 561 rebus
2440 507 2784 575 proprietatis
2827 516 3020 561 nostra:
3070 510 3121 560 in
3166 522 3299 577 pago
3334 508 3635 572 Murlense,
3668 509 3718 562 in

2134 599 2307 653 Marca
2332 601 2592 663 Burense,
2623 600 2718 651 has
2743 600 2899 653 villas
2929 600 3192 659 Machera.
3226 598 3494 663 Coruine,
3534 601 3717 654 Balde-

2136 691 2329 759 bruno,
2358 693 2778 757 llililenesheim,
2812 692 3131 756 Waleheim,
3163 696 3347 764 Speia,
3377 694 3721 763 Bruunecbe,

2135 799 2255 839 cum
2290 788 2447 841 lenis
2477 786 2634 841 cultis
2662 798 2714 839 et
2748 788 2978 851 incultis,
3005 790 3192 849 vineis,
3236 790 3578 853 Inolenilinis,
3609 804 3722 854 pra-

2141 878 2226 942 tis,
2284 882 2519 947 pascuis,
2571 881 2744 945 silvis,
2794 881 2943 949 aquis
2989 896 3356 949 aquarumque
3383 884 3722 948 (ieeursibus,

2140 972 2241 1025 viis
2279 982 2335 1026 et
2382 972 2578 1038 inviis,
2620 974 2849 1026 exitibus
2878 982 2933 1027 et
2978 973 3331 1041 regressibus,
3363 984 3417 1027 et
3467 975 3725 1043 quidquid

2144 1064 2448 1129 habuimus,
2487 1066 2642 1135 legali
2673 1067 2957 1119 autoritate
2988 1067 3415 1121 contradidimus
3447 1086 3459 1121 :
3495 1083 3558 1121 ea
3590 1069 3729 1121 scili-

2143 1168 2228 1211 cet
2259 1157 2570 1211 conditione
2612 1170 2664 1210 ul
2705 1173 2963 1226 pauperes
2995 1157 3190 1211 Christi
3222 1159 3342 1211 inde
3386 1159 3436 1211 in
3468 1156 3729 1226 reliquum

2146 1248 2459 1316 temporalia
2492 1248 2725 1301 subsidia
2761 1248 3049 1313 habiturae,
3096 1258 3309 1301 eterna:
3344 1250 3465 1301 vita:
3498 1250 3731 1302 subsidia

2145 1342 2301 1395 nobis
2328 1343 2809 1410 supplicationibus
2840 1344 2953 1397 suis
2998 1345 3136 1408 apud
3172 1345 3335 1399 Deum
3366 1348 3577 1415 possint
3602 1362 3731 1409 prae-

2149 1449 2361 1502 parare.
2404 1434 2669 1490 Prii-terea
2702 1435 2945 1489 ﬁdelibus
2975 1437 3173 1491 nostris
3195 1477 3209 1501 ,
3242 1446 3349 1489 tam
3382 1439 3733 1504 przesentibtts

2148 1543 2308 1597 quam
2342 1530 2554 1593 tuturis,
2586 1539 2768 1583 notum
2803 1530 2916 1582 lieri
2949 1530 3213 1593 volumus,
3244 1531 3471 1598 qualiter
3499 1529 3735 1582 dilectis—

2148 1621 2280 1673 sima
2326 1621 2431 1673 lilia
2481 1630 2663 1675 nostra
2696 1621 2889 1674 lrmiua
2924 1622 3175 1675 allodinm
3206 1637 3385 1687 suum,
3428 1621 3573 1687 quod
3606 1620 3736 1675 Latt-

453 1716 752 1781 pcrlinente
779 1755 793 1778 ,
852 1714 1047 1769 faciant
1098 1716 1237 1784 quod
1289 1715 1393 1787 [Μ.
1425 1713 1493 1768 Β.
1525 1716 1649 1771 add.
1682 1715 1805 1786 ipsi]
1838 1717 2040 1771 malue-
2069 1704 2120 1764 Β
2146 1711 2369 1765 dunensi
2404 1712 2713 1779 episc0patu
2749 1713 2800 1766 in
2838 1714 2919 1765 his
2953 1713 3083 1766 locis
3114 1714 3350 1778 Ludusa,
3379 1714 3589 1776 Ancia,
3616 1712 3733 1766 Bal-

449 1806 583 1874 rint,
618 1806 716 1859 hoc
745 1816 849 1871 est,
883 1806 1152 1873 habendi,
1189 1809 1435 1872 tenendi,
1467 1808 1685 1873 suisque
1714 1814 2048 1864 successori-

453 1900 551 1955 bus
605 1900 938 1971 relinquendi
998 1902 1353 1955 lirmissimam
1414 1902 1645 1957 habeant
1704 1902 1755 1955 in
1796 1902 2047 1955 omnibus

452 2003 795 2063 potestatem.
844 1995 926 2059 Et,
962 2006 1019 2048 ut
1049 1996 1163 2049 haec
1210 2010 1446 2062 praesens
1492 1996 1789 2049 auctoritas
1838 1996 2044 2049 ﬁrmior

454 2086 555 2158 [Μ.
592 2084 680 2149 Β.⁹
715 2084 966 2157 ﬁrmiter]
990 2086 1087 2151 sit,
1123 2102 1279 2140 manu
1305 2095 1488 2141 nostra
1520 2087 1602 2141 vel
1629 2088 1831 2142 annulo
1861 2096 2047 2142 nostro

455 2180 640 2232 subter
673 2194 789 2233 eam
841 2179 1178 2233 decrevimus
1223 2180 1485 2234 roborari.
1545 2178 1679 2234 Data
1726 2179 1827 2234 sub
1870 2181 1956 2233 die
1992 2179 2043 2249 xj

456 2271 678 2339 Augusti
718 2282 767 2336 ι,
816 2286 957 2325 anno
1002 2273 1239 2326 secundo
1283 2274 1433 2343 regni
1480 2274 1677 2329 nostri.
1735 2272 1794 2327 ιη
1846 2274 2048 2328 Christi

459 2364 678 2418 nomine
705 2362 1040 2432 Dagobertus
1073 2381 1187 2420 rex.

464 2639 708 2710 Diploma
735 2635 1017 2711 Dagoberli
1044 2642 1105 2693 de
1137 2642 1439 2711 laudatione
1474 2640 1768 2695 monasterii
1797 2638 2054 2693 Horrem-

1015 2713 1085 2765 δίε
1113 2713 1136 2749 ι)
1161 2716 1310 2781 (ann.
1339 2714 1399 2768 67
1412 2710 1489 2781 5).

531 2820 590 2877 in
613 2822 832 2877 nomine
856 2837 1056 2878 sanetae
1072 2835 1125 2879 et
1144 2825 1430 2878 individua:
1453 2825 1753 2880 Trinitatis.
1781 2825 2050 2892 Dagober-

462 2922 568 2980 tus,
600 2916 781 2970 divina
815 2918 1213 2984 prteordinante
1246 2916 1603 2984 providentia,
1639 2932 1755 2970 rex.
1788 2916 1845 2970 Si
1874 2916 2050 2969 eccle-

460 3008 691 3063 siasticis
725 3010 959 3077 negociis
990 3018 1043 3061 et
1070 3024 1349 3062 servorum
1382 3018 1436 3062 et
1473 3008 1786 3062 ancillarum
1819 3007 1915 3061 Dei
1943 3007 2051 3061 uti-

462 3102 707 3155 litatibus
752 3118 980 3173 quaeque
1032 3106 1334 3158 necessaria
1387 3104 1820 3171 providerimus,
1876 3113 1931 3157 et
1986 3077 2127 3157 dec

466 3196 666 3247 nostris
696 3194 856 3247 rebus
882 3195 1098 3263 aliquod
1134 3197 1448 3250 beneﬁcium
1500 3196 1747 3249 conferre
1786 3196 2055 3249 studueri-

465 3305 625 3357 mus,
671 3290 722 3344 id
762 3291 917 3344 nobis
967 3292 1031 3344 ad
1086 3293 1395 3362 temporalis
1438 3293 1605 3345 nostri
1636 3292 1787 3360 regni
1831 3300 2053 3357 statum,

465 3392 521 3438 et
552 3384 739 3437 aeterni
767 3386 1177 3449 promerendum
1218 3385 1493 3451 prtrmium
1537 3385 1911 3439 incunctanter
1936 3400 2055 3438 ere-

461 3475 645 3533 dimus
674 3472 1037 3541 profuturum.
1079 3476 1385 3543 Comperiat
1409 3491 1538 3544 ergo
1568 3476 1806 3529 omnium
1852 3486 2052 3529 sancta:

467 3566 562 3621 Dei
596 3566 852 3621 Ecclesiae
895 3566 1130 3621 ﬁdelium
1175 3570 1518 3639 praisentiutu
1564 3580 1617 3623 et
1648 3569 1944 3623 futurorum
1976 3571 2056 3623 itt-

468 3661 695 3723 dustria,
726 3660 848 3725 quia
880 3670 1065 3729 rogatu
1099 3661 1309 3715 dilecte.
1348 3661 1595 3733 conjugis
1627 3671 1825 3715 nostra;
1856 3663 2057 3729 reginae

468 3750 797 3819 Nanthildis,
832 3754 1159 3807 monasterio
1184 3755 1233 3806 in
1267 3751 1555 3807 Trevt-rica
1585 3754 1743 3817 valle,
1774 3754 1826 3807 in
1854 3754 2059 3808 honore

547 3900 573 3929 ι
616 3892 754 3943 Ante
786 3887 897 3940 Kal.
928 3886 1173 3957 Augusti.
1208 3903 1349 3940 anno
1380 3887 1508 3950 671i,
1535 3887 1867 3955 Dagobertus
1900 3887 1939 3939 ll
1971 3902 2059 3939 so-

471 3961 603 4013 lium
628 3960 962 4022 eouscenuit,
992 3960 1139 4023 juxta
1185 3959 1603 4023 Languerua'um
1632 3998 1645 4019 ,
1694 3961 1832 4011 Ann.
1864 3958 2054 4013 Franc.

475 4030 539 4081 ad
563 4030 761 4081 calcent
798 4040 835 4083 t.
871 4028 931 4080 Ill
965 4029 1101 4079 Loll.
1129 4029 1309 4097 seript.
1340 4045 1515 4080 rerum
1550 4028 1762 4087 Franc.,
1784 4045 1903 4096 pag.
1930 4029 2057 4085 69L

479 4102 618 4166 Ergo
659 4114 800 4151 anno
842 4097 967 4161 675,
1015 4099 1103 4152 die
1161 4098 1213 4168 λῇ
1262 4100 1460 4152 mensis
1503 4101 1762 4167 Augusti,
1796 4117 1993 4153 annum
2030 4104 2053 4155 1

475 4170 623 4280 Γεὶηἰ
655 4171 735 4219 sui
760 4170 967 4236 agebat.

619 4241 776 4280 Smne
811 4240 950 4280 urnis

619 4241 776 4306 Saepe
811 4240 950 4310 typis
984 4240 1292 4293 mandatum
1323 4281 1335 4298 ,
1388 4238 1593 4293 scilicet
1630 4240 2059 4310 aABollandistis,

476 4324 513 4365 t.
542 4312 606 4375 Il,
642 4312 812 4377 April.
834 4308 967 4381 pag.
998 4311 1067 4371 6;
1097 4326 1126 4363 a
1149 4310 1376 4373 Cointio,
1414 4310 1569 4381 AttiiL
1592 4320 1628 4362 1.
1655 4308 1745 4373 ΙΙΙ,
1778 4326 1894 4378 pag.
1921 4311 2060 4377 795;

478 4382 734 4444 Masenio,
779 4379 936 4435 Ann;
970 4382 1179 4444 Trevir,
1228 4392 1265 4434 t.
1301 4381 1335 4440 I.
1375 4396 1495 4450 pag.
1544 4379 1684 4445 550;
1734 4382 2058 4449 llouteimio,

2150 1805 2368 1874 bengeis
2392 1847 2409 1871 ,
2440 1804 2777 1875 Wartengeis
2800 1847 2815 1871 ,
2872 1822 2992 1860 cum
3031 1806 3280 1860 omnibus
3308 1804 3644 1875 appendiciis
3668 1804 3734 1859 ad

2151 1900 2340 1952 eadem
2374 1899 2489 1951 loca
2518 1898 2661 1966 juste
2688 1910 2741 1953 et
2764 1900 3008 1969 legaliter
3036 1900 3445 1967 pertinentibus,
3477 1911 3510 1950 a
3538 1912 3740 1967 sponso

2149 2008 2250 2046 suo
2280 1992 2589 2047 llermanno
2620 1993 2824 2047 scilicet
2864 1993 3060 2047 comite
3101 1994 3151 2045 in
3180 1992 3358 2045 dotem
3388 1991 3545 2059 legali
3581 1989 3740 2042 tradi-

2152 2084 2298 2136 tione
2330 2088 2593 2153 suscepit,
2628 2099 2723 2152 pro
2754 2086 2993 2138 remedio
3022 2084 3378 2149 animaesuae,
3412 2092 3465 2136 et
3504 2080 3743 2150 przedicti

2151 2179 2332 2247 Sponsi
2365 2182 2468 2241 sui,
2501 2181 2567 2230 ad
2599 2179 2736 2233 idem
2778 2178 3159 2232 monasterium
3192 2175 3334 2244 quod
3360 2185 3581 2237 vocalu!
3608 2172 3743 2230 llor-

2152 2287 2306 2327 reum
2337 2311 2351 2333 ,
2400 2287 2519 2326 cum
2568 2274 2616 2324 xl
2656 2272 2852 2325 mansis
2898 2271 2949 2323 in
2982 2272 3089 2338 ipsa
3123 2270 3412 2328 Treverica
3442 2276 3580 2329 valle
3612 2278 3743 2343 sitis,

2151 2375 2204 2417 et
2256 2376 2411 2417 extra
2446 2363 2632 2418 urbem
2660 2403 2674 2427 ,
2707 2363 2824 2417 istis
2858 2364 2994 2417 villis
3021 2405 3035 2427 ,
3064 2365 3303 2433 Ornava,
3338 2368 3743 2435 Muntzenfeldt,

2151 2453 2433 2514 Willarei,
2469 2454 2816 2519 Routzuurt,
2870 2455 3287 2521 Wintersdorﬁ',
3346 2458 3559 2514 [iubera
3586 2506 3602 2529 ,
3659 2477 3745 2528 per

2156 2555 2399 2600 nostram
2454 2562 2668 2599 manum
2708 2562 2829 2600 cum
2870 2548 3013 2599 utiuti
3051 2549 3357 2617 integritate
3400 2556 3745 2621 contradidit,

2154 2654 2218 2694 ea
2243 2639 2447 2693 scilicet
2488 2640 2695 2691 ratione
2738 2648 2795 2692 ut
2836 2641 3277 2696 sanctimoniales
3308 2643 3437 2698 inibi
3479 2647 3589 2699 Deo
3619 2662 3744 2703 san-

2154 2742 2363 2800 ctmque
2409 2732 2654 2799 genitrici
2694 2732 2811 2800 ejus
2858 2734 3247 2800 perpetualiter
3300 2736 3641 2802 famulantes,
3696 2743 3746 2796 in

2157 2824 2344 2877 iisdem
2392 2824 2545 2877 bonis
2595 2824 2789 2877 nullius
2840 2838 3119 2893 personae,
3167 2842 3374 2895 magna:
3415 2830 3499 2881 vel
3548 2847 3741 2901 parve,

2158 2918 2473 2972 violentiam
2519 2919 2808 2986 patiantur,
2855 2918 2949 2972 sed
2997 2920 3196 2972 victum
3238 2931 3292 2974 et
3338 2923 3591 2977 vestitum
3627 2926 3745 2981 inde

2156 3024 2369 3078 semper
2401 3013 2606 3080 alisque
2643 3013 2788 3064 oiuni
2822 3012 3187 3078 inquietudine
3211 3028 3631 3084 consequantur.
3681 3019 3744 3072 Et

2160 3115 2216 3158 ut
2240 3105 2352 3157 haec
2388 3119 2625 3171 praesens
2666 3104 2908 3167 traditio,
2942 3113 3048 3157 tant
3078 3120 3172 3159 sua
3198 3123 3354 3174 quam
3385 3121 3601 3176 nostra,
3632 3120 3741 3164 sta-

2158 3198 2403 3250 biliorem
2435 3198 2487 3250 in
2528 3198 2618 3251 Dei
2664 3199 2879 3251 nomine
2910 3213 3123 3266 semper
3148 3203 3312 3266 possit
3346 3201 3545 3256 habere
3578 3206 3739 3258 ﬁrmi-

2160 3299 2350 3353 tatem,
2390 3298 2713 3356 prmceptum
2748 3290 2849 3341 ltoc
2882 3290 3004 3342 inde
3040 3293 3403 3360 causcriptum
3433 3296 3595 3347 thuu
3625 3313 3740 3364 pro-

2162 3382 2274 3447 pria
2307 3380 2861 3443 subterlirmavituus,
2896 3392 2947 3435 et
2978 3382 3136 3451 sigilli
3182 3386 3347 3436 nostri
3394 3386 3746 3452 impres~ione

2159 3470 2399 3539 insigniri
2429 3474 2708 3537 leSHIIIUS.
2756 3471 2945 3523 Actum
2977 3490 3117 3524 anno
3156 3487 3325 3527 ιιελιγ
3357 3474 3740 3531 incarnatioms

2158 3564 2469 3630 dominicae,
2502 3564 2793 3617 indictione
2816 3563 2871 3629 4,
2906 3579 2973 3617 vtt
3000 3562 3115 3619 Kal.
3142 3564 3473 3634 Septemer
3497 3583 3643 3622 anno
3668 3585 3747 3623 re-

2159 3656 2248 3727 gni
2280 3656 2563 3724 Dagoberti
2610 3656 2665 3725 ij.
2721 3656 2955 3711 Treviris
2990 3658 3042 3711 iu
3074 3662 3290 3713 nomine
3331 3659 3541 3714 Domini
3584 3658 3747 3716 felici-

2162 3760 2259 3804 ter.
2295 3751 2486 3804 Amen.

2163 3905 2298 3943 uxor
2349 3886 2634 3954 Dagoberti
2666 3886 2720 3953 l,
2750 3897 2800 3938 et
2842 3885 3038 3940 dicitur
3069 3886 3121 3939 in
3147 3888 3439 3954 diplomate
3480 3900 3654 3942 mater
3673 3890 3744 3943 ’lr-

2164 3964 2320 4013 minae
2348 4002 2360 4019 ,
2418 3974 2535 4019 quae
2581 3957 2675 4009 fuit
2720 3958 2825 4011 lilia
2875 3959 3154 4025 Dagoberti
3207 3959 3267 4011 ll.
3302 3960 3546 4013 Cointius
3591 3972 3741 4013 notas

2166 4032 2571 4095 chroitologicas
2611 4032 2678 4080 ab
2732 4031 3099 4081 luearuatioue
3147 4031 3401 4096 repetitas
3441 4046 3739 4100 expungit;

2163 4116 2215 4158 et
2243 4118 2435 4155 nomen
2472 4101 2756 4162 Matbildis,
2790 4115 2969 4153 uxoris
3007 4102 3286 4167 Itagoberti
3313 4102 3378 4165 ll,
3410 4104 3627 4168 reponit
3652 4118 3743 4168 pro

2164 4174 2383 4227 nomine
2423 4170 2743 4233 Nauthiltlis,
2784 4174 2972 4223 uxoris
3002 4170 3281 4240 Dagoberti
3331 4173 3371 4226 I.
3415 4173 3504 4225 llis
3538 4178 3744 4240 po~itis,

2165 4248 2295 4297 satis
2327 4258 2552 4307 operose
2605 4244 2793 4294 astruit
2824 4243 3094 4314 lrmiuam,
3147 4260 3287 4295 anno
3314 4245 3347 4294 ‘2’.
3380 4250 3531 4314 regni
3577 4246 3745 4314 Dago-

2168 4315 2301 4368 berti
2349 4314 2388 4367 ll
2432 4329 2629 4366 annum
2676 4313 2849 4365 aetatis
2884 4313 3151 4366 decimum
3192 4313 3741 4382 quartumagentem,

2168 4388 2367 4439 amisso
2398 4386 2536 4437 inter
2564 4384 2705 4447 ipsas
2738 4384 2949 4449 nuptias
2980 4398 3198 4450 sponso,
3226 4390 3479 4443 velatam.
3508 4389 3745 4452 potuisse

478 4456 612 4507 llist.
664 4453 868 4507 Trevir.
924 4455 1053 4517 dipl.
1102 4462 1141 4525 ι.
1198 4451 1233 4516 Ι,
1284 4470 1406 4525 pag.
1438 4447 1539 4517 86;
1575 4451 1936 4517 Henscheuto,
1985 4447 2139 4510 Del)
2171 4458 2552 4511 monasterium
2578 4447 2879 4507 lltirreetise
2906 4447 3063 4507 donis
3102 4456 3297 4517 ditare,
3329 4473 3445 4524 qute
3481 4447 3748 4525 Dagobero

476 4527 648 4579 tribus
683 4524 882 4593 Dagob.
927 4540 1043 4592 pag.
1081 4524 1216 4581 108:
1270 4524 1539 4589 Caltneto,
1577 4525 1709 4577 llist.
1750 4525 1905 4579 Loth.
1945 4535 1980 4577 ι.
2015 4527 2058 4593 Ι,

480 4600 633 4660 prob.
670 4612 785 4662 pag.
821 4594 956 4659 242;
996 4596 1322 4655 Bertliuleto,
1364 4596 1501 4648 Hist.
1530 4594 1891 4660 Lttxemburg.
1927 4607 2055 4651 tom.

478 4668 569 4729 Ill,
606 4683 724 4736 pag.
760 4668 848 4729 7i,
874 4678 979 4721 etc.
1026 4667 1098 4719 De
1128 4667 1245 4736 ejus
1294 4667 1519 4720 veritate
1549 4682 1736 4729 tuapna
1774 4670 1910 4731 apud
1939 4683 2061 4722 eru-

478 4741 619 4790 ditos
669 4737 1253 4807 contentio.7Valestus
1278 4779 1294 4801 ,
1330 4740 1453 4789 lter.
1506 4738 1697 4791 Fraue.
1746 4747 1782 4790 t.
1816 4738 1903 4804 Ill,
1938 4755 2058 4807 pag.

484 4810 609 4869 154,
667 4806 1090 4861 commentitium
1141 4824 1263 4863 esse
1306 4808 1542 4874 iudicat;
1595 4808 1856 4861 Masenius
1906 4812 2065 4876 hujus

482 4880 844 4933 sinceritatem
879 4881 1003 4931 totis
1030 4880 1231 4932 viribus
1265 4890 1465 4944 tuetur,
1505 4892 1558 4933 et
1592 4880 1872 4947 Dagoherti
1919 4881 2063 4949 sigil-

483 4953 613 5013 lum,
646 4965 752 5015 quo
783 4950 1036 5002 vallatum
1067 4948 1185 5011 fuit,
1218 4952 1311 5004 teri
1344 4950 1570 5003 incisum
1603 4950 1837 5003 exhibet.
1894 4948 2065 5004 Heus-

484 5022 709 5074 chenius
744 5036 839 5089 pro
865 5036 928 5072 eo
952 5020 1257 5088 aliquandiu
1298 5022 1509 5076 fortiter
1542 5032 1898 5089 pugnaverat,
1931 5034 1985 5077 et
2012 5024 2063 5075 in

486 5093 685 5145 sodalis
728 5092 1021 5145 subsidium
1063 5091 1309 5145 adfuerat
1354 5092 1785 5158 Papebroehius;
1839 5097 1929 5145 sed
1982 5096 2066 5147 hic

484 5163 741 5231 quidquid
770 5164 821 5215 in
852 5164 1216 5216 deleusiouem
1242 5162 1546 5231 tlipl0matis
1570 5165 1859 5231 scripserat
1882 5175 2064 5233 postea

488 5234 842 5298 retractavit,
876 5250 937 5285 ac
977 5234 1217 5300 spurium
1282 5236 1692 5288 instrumentum
1748 5237 1924 5289 fassus
1960 5245 2062 5289 est.

486 5306 729 5358 Coit'ttitts
775 5314 1086 5371 corruptum
1124 5306 1335 5373 quidem
1404 5305 1681 5372 agnoscit,
1727 5306 1819 5359 sed
1873 5320 2067 5374 magno

489 5386 705 5445 sumptu
730 5378 1069 5429 emendatum
1104 5392 1199 5445 pro
1230 5378 1466 5438 legitimo
1498 5376 1801 5429 habendum
1831 5378 2064 5431 arbitra-

493 5459 597 5500 tur.
651 5446 791 5499 Falsi
826 5446 1015 5499 indicia
1045 5458 1191 5501 certa
1220 5459 1341 5501 sunt
1368 5465 1379 5498 :
1414 5457 1551 5499 uotae
1575 5446 1970 5515 chronologicze
1999 5448 2070 5503 ab

492 5520 864 5573 lnearnatione
921 5519 1132 5584 petitae;
1185 5535 1355 5573 annus
1399 5518 1596 5570 Christi
1645 5519 1772 5585 ti-ib',
1819 5522 1906 5585 qui
1945 5534 2068 5573 cum

492 5606 632 5642 anno
663 5588 696 5657 ij
725 5589 1171 5658 regni‘Dagoberti
1204 5604 1479 5657 perperam
1510 5588 1772 5656 illigatur,
1818 5592 1930 5643 sive
1967 5596 2067 5644 lla-

494 5663 717 5727 goberto
752 5660 791 5720 Ι,
824 5661 938 5713 sive
967 5662 1203 5714 secundo
1245 5661 1402 5727 hujus
1439 5660 1667 5711 nominis
1695 5662 1803 5727 regi
1834 5662 2071 5728 diploma

502 5731 837 5788 tribuendum
869 5742 1191 5799 censeatur;
1225 5746 1416 5785 nomen
1442 5728 1774 5795 Nanthiltlis,
1825 5746 1943 5799 quae
1971 5731 2072 5791 luit

2168 4538 2252 4581 tus
2280 4538 2433 4597 pater
2480 4525 2597 4595 ejus
2644 4540 2742 4576 suo
2785 4526 3077 4592 diplomate
3104 4528 3385 4579 conﬁrmat
3425 4528 3525 4581 ltoc
3554 4531 3744 4582 eodem

2164 4615 2331 4663 anno,
2379 4602 2465 4665 qui
2500 4639 2514 4659 ,
2552 4599 2791 4663 Augusto
2821 4612 3037 4656 mense,
3072 4599 3426 4650 concurrebat
3456 4615 3577 4652 cum
3608 4614 3747 4652 anno

2163 4670 2361 4723 Christi
2406 4669 2531 4724 675.
2589 4669 2665 4720 Ex
2718 4668 2817 4721 hac
2863 4666 3054 4719 Cotutii
3100 4671 3562 4736 argumentatione
3606 4670 3746 4723 bunt:

2165 4756 2364 4793 annum
2401 4739 3022 4806 praeﬁgimusdiplumati
3054 4740 3192 4805 quod
3226 4742 3603 4805 expendimus.
3640 4741 3745 4795 Nec

2167 4814 2288 4865 ideo
2359 4811 2488 4864 illud
2544 4809 2794 4877 legitimis
2866 4809 3237 4861 instrumentis
3282 4814 3746 4865 annutnerandum

2168 4882 2575 4950 pronuntiamus
2597 4920 2610 4941 ,
2644 4896 2764 4951 cum
2800 4880 2849 4931 iu
2887 4882 3001 4948 ipso
3029 4892 3081 4931 et
3115 4895 3249 4930 ιιυιεν
3276 4881 3671 4951 chronologicae
3699 4893 3753 4937 et

2168 4968 2521 5021 perseuarmn
2556 4950 2768 5004 nomina
2809 4962 3062 5017 corrupta
3093 4963 3471 5019 agnoscantur.
3536 4955 3751 5007 ‘Editio—

2167 5038 2289 5077 nem
2329 5024 2555 5078 Maseuii
2594 5023 2895 5085 sequimur,
2931 5022 3020 5087 qui
3054 5024 3289 5088 diploma
3318 5021 3655 5090 deprompsit
3685 5042 3748 5077 ex

2168 5095 2387 5147 archivu
2420 5091 2730 5146 llorreensi.
2774 5092 2829 5144 In
2872 5094 3165 5160 exemplari
3203 5091 3345 5159 quod
3382 5094 3748 5149 Ilenscltenius

2168 5166 2236 5218 ab
2278 5165 2497 5234 Aﬁgidio
2544 5164 2768 5217 Gelenio
2814 5176 3117 5234 acceperat,
3173 5176 3292 5231 post
3339 5181 3539 5218 mensus
3569 5178 3746 5220 notam

2172 5231 2479 5301 Iegebaiur:
2512 5234 2617 5288 Per
2651 5250 2835 5285 manus
2866 5231 3161 5287 Grimoardt'
3203 5238 3636 5303 majoris-domus
3664 5255 3747 5290 re-

2170 5309 2289 5384 gia,
2317 5322 2436 5374 qua!
2468 5321 2631 5375 regno
2674 5305 3038 5384 Dagiibertinll
3069 5306 3287 5384 minime
3312 5310 3659 5384 conveniunt,
3688 5324 3749 5365 ac

2174 5380 2394 5443 proinde
2425 5392 2729 5444 expungere
2748 5376 2901 5443 jubet
2945 5376 3205 5430 Cointius.
3242 5376 3606 5445 Mabillonius,
3640 5384 3747 5433 An-

2175 5452 2280 5502 ual.
2308 5460 2345 5501 t.
2377 5451 2412 5507 l,
2448 5464 2563 5516 pag.
2594 5447 2719 5507 554,
2752 5457 3163 5501 Ιιικιγιιιιιθιιιυιυ
3193 5457 3271 5502 tot
3297 5451 3504 5503 mendis
3538 5464 3750 5517 scatens

2172 5530 2357 5574 censet
2382 5521 2447 5572 ad
2478 5520 2527 5571 td
2553 5530 2753 5571 tantum
2785 5518 3002 5584 valere,
3053 5528 3102 5572 ttt
3142 5520 3263 5573 inde
3287 5520 3627 5575 innutt-Scant
3657 5538 3749 5575 an-

2176 5592 2333 5658 tiqum
2369 5591 2688 5644 liorreeusis
2711 5591 3024 5644 monasterii
3056 5593 3445 5655 possessiones.
3495 5594 3598 5648 Sed
3624 5596 3744 5662 quid

2175 5662 2304 5737 certi
2329 5669 2777 5737 constareputest
2810 5662 2875 5713 de
2898 5662 3139 5737 autiqu_is_
3167 5664 3600 5727 possessionibus
3628 5683 3742 5737 qua:

2176 5734 2308 5788 adeo
2328 5733 2508 5787 dubiae
2531 5732 2653 5788 ﬁdei
2688 5734 3043 5787 instruitieuto
3072 5732 3215 5787 fulta:
3246 5738 3409 5791 sunt?
