4026 6352
245 330 387 389 1365
439 337 441 340 ⁴

241 560 487 624 Diploma
525 575 625 624 quo
664 557 979 627 Dagobertus
1015 570 1114 613 tres
1157 570 1323 614 curtes
1363 561 1595 630 concedit
1635 559 1828 630 Argen-

436 631 642 684 tinemis
671 633 891 684 ecclesia
919 633 1226 684 monasterio
1251 642 1277 670 α
1307 631 1450 698 (ann.
1479 629 1630 700 675).

308 720 365 775 In
398 723 616 776 nomine
654 734 852 775 sancta:
877 731 930 777 et
967 721 1251 777 individua:
1276 723 1569 777 Trinitatis.
1594 721 1621 760 δ
1651 722 1825 791 Tage-

238 817 420 871 bertus
451 812 885 886 [’Dagobertus],
917 816 1094 869 divina
1141 815 1348 870 favente
1385 816 1698 879 clementia,
1733 830 1828 868 no-

236 908 530 962 bilissimus
556 921 670 961 rex.
703 906 893 960 Notum
921 908 990 960 sit
1018 909 1268 961 omnibus
1292 917 1473 962 sancte
1515 907 1604 962 Dei
1641 907 1821 961 Eccle-

235 1004 314 1057 sie
345 1001 593 1056 fidelibus
623 999 761 1054 natis
799 1011 852 1055 et
891 1001 1201 1062 uascendis,
1247 1000 1474 1068 qualiter
1503 997 1685 1071 [quod]
1727 1014 1828 1067 ego

227 1110 326 1148 rex
357 1094 710 1165 Tagebertus,
744 1093 1139 1146 exhereditatus
1165 1092 1530 1166 [Dagobertus
1549 1133 1562 1157 ,
1591 1094 1823 1146 exhere-

233 1185 427 1258 datis],
472 1185 681 1240 Christo
730 1185 943 1239 volente
993 1182 1358 1256 [voluntate],
1411 1183 1637 1253 prepriis
1679 1183 1821 1250 filiis,

231 1290 475 1331 sanetam
524 1277 740 1330 Mariam
785 1277 942 1330 michi
994 1278 1044 1330 in
1091 1277 1464 1330 hereditariam
1499 1275 1654 1346 [deest
1683 1275 1823 1344 apud

234 1366 572 1438 Ktenigsh.],
620 1369 872 1424 heredem
902 1369 1156 1437 acquisivi
1187 1366 1508 1439 [accersivi]
1536 1409 1550 1432 ,
1573 1367 1705 1421 dans
1725 1407 1740 1432 ,
1770 1367 1823 1421 in
1867 1409 1870 1414 .

232 1461 438 1515 honore
489 1460 727 1529 ejusdem
779 1461 963 1514 matris
1008 1459 1256 1522 Domini,
1305 1458 1370 1512 ad
1421 1457 1824 1525 Argentinensis

229 1553 459 1608 ecclesie
492 1564 513 1591 ε
549 1553 930 1606 monasterium
970 1561 1078 1605 tres
1115 1560 1295 1605 curtes
1327 1565 1472 1604 meas
1508 1551 1737 1617 optimas
1767 1557 1822 1602 et

227 1647 430 1700 electas
451 1686 466 1709 ,
499 1660 631 1712 quas
662 1647 730 1698 ita
761 1644 1130 1699 discrrnebam
1163 1659 1191 1695 a
1227 1643 1417 1698 ceteris
1456 1653 1512 1696 ut
1546 1651 1823 1710 preessent

227 1741 440 1794 cunctis
466 1739 666 1812 [desunt
691 1739 831 1805 apud
863 1736 1190 1810 Krenigsh.];
1223 1753 1447 1807 quarum
1478 1751 1580 1789 una
1607 1736 1706 1789 sita
1736 1745 1820 1791 est

224 1831 278 1887 in
311 1807 564 1902 pagn‘qui
590 1831 783 1885 dicitur
813 1830 983 1902 [deest
1011 1807 1156 1901 apud
1181 1826 1472 1898 Iiaenigsln]
1505 1826 1816 1882 Iliscltovis-
1847 1807 1894 1866 Β

228 1923 370 1978 heim
393 1962 409 1988 ,
439 1932 494 1977 et
524 1924 576 1977 in
605 1923 862 1977 comitatu
901 1921 1229 1986 Cbilcheim;
1264 1923 1429 1975 altera
1472 1923 1522 1974 in
1566 1935 1698 1988 pago
1727 1921 1815 1986 qui

223 2030 448 2072 vocatur
487 2016 654 2090 [deest
692 2017 829 2088 apud
861 2013 1155 2087 Kmnigshj
1190 2015 1419 2069 Rubiaea
1440 2057 1454 2081 ,
1487 2017 1617 2071 etin
1641 2017 1814 2071 comi-

227 2120 338 2165 tatu
369 2109 636 2175 Ilchicba;
671 2109 829 2164 tercia
861 2111 912 2163 in
943 2125 1077 2178 pago
1096 2109 1186 2179 qui
1216 2119 1550 2177 nuncupatur
1575 2107 1812 2180 [dicitur]

220 2208 465 2274 Species,
496 2217 547 2259 et
578 2209 628 2259 in
661 2204 914 2259 comitatu
943 2201 1231 2272 Bargense.
1258 2202 1473 2257 Scilicet
1502 2202 1597 2256 has
1625 2217 1816 2270 supra-

219 2300 392 2353 dictas
442 2307 620 2353 curtes
670 2297 735 2351 ad
786 2296 1152 2365 supradictum
1204 2298 1589 2350 monasterium
1621 2337 1636 2360 ,
1693 2311 1812 2348 cum

217 2392 576 2449 Servientibus
602 2432 616 2456 ,
666 2391 1010 2460 optimatibus
1035 2433 1049 2453 ,
1105 2391 1187 2445 vel
1228 2390 1386 2444 etiam
1438 2390 1707 2456 equitibus
1749 2388 1813 2442 ad

216 2487 440 2541 easdem
470 2497 646 2541 curtes
671 2485 1082 2554 pertinentibus,
1109 2499 1175 2539 eo
1197 2485 1318 2553 jure
1350 2485 1537 2538 tradidi
1571 2483 1651 2556 [ut
1679 2499 1809 2537 om-

217 2580 377 2633 nibus
407 2579 562 2633 annis
606 2577 714 2633 vite
757 2592 852 2632 sue
897 2578 995 2646 ipsi
1035 2589 1089 2631 et
1117 2577 1316 2646 posteri
1357 2591 1542 2631 eorum
1585 2585 1815 2646 quatuor

214 2684 469 2724 nummos
506 2669 570 2722 ad
602 2668 893 2737 legitimum
930 2683 1148 2722 censum
1179 2667 1305 2721 dent
1334 2667 1400 2721 ad
1434 2669 1657 2722 eandem
1685 2682 1810 2722 cur-

216 2771 323 2816 tem
375 2777 477 2828 qua
525 2761 620 2814 visi
665 2773 789 2814 sunt
833 2761 1044 2830 degere.
1092 2760 1195 2815 Sed
1244 2761 1457 2814 viliores
1515 2775 1698 2814 servos
1736 2761 1809 2815 ita

214 2853 430 2921 dempsi
478 2868 508 2906 a
553 2853 905 2922 supradictis,
955 2863 1012 2907 ut
1048 2852 1174 2906 dent
1218 2853 1500 2907 duodecim
1539 2867 1808 2920 nummos,

215 2947 461 3014 exceptis
504 2945 608 3002 hiis
651 2965 663 2998 :
709 2946 755 3000 si
801 2948 889 3014 qui
926 2946 1178 3001 liberales
1213 2947 1464 3000 mulieres
1509 2949 1808 3017 acquirant,

216 3053 411 3092 eorum
436 3037 527 3092 ﬁlii
556 3038 758 3092 nullum
783 3053 1000 3093 censum
1030 3039 1276 3104 reddant,
1305 3039 1397 3093 sed
1425 3049 1600 3094 tamen
1632 3041 1812 3097 vivant

214 3133 403 3188 eodem
429 3134 547 3200 jure
579 3134 649 3186 ιιιί
681 3143 856 3201 patres
879 3147 1085 3186 eorum.
1115 3133 1333 3201 Insuper
1363 3133 1590 3187 haunum
1623 3129 1807 3188 eurum

213 3225 284 3278 sit
312 3225 552 3293 precium
582 3225 738 3279 trium
765 3225 1082 3289 solidorum,
1112 3225 1213 3279 nisi
1244 3225 1287 3278 si
1315 3241 1419 3294 que
1446 3226 1582 3279 forte
1610 3227 1805 3284 l‘aciant

211 3328 401 3372 contra
442 3317 851 3380 monasterium,
901 3317 999 3370 hoc
1037 3317 1326 3372 emendi-nt
1365 3317 1655 3371 secundum
1682 3333 1805 3388 gra-

213 3411 406 3464 tuitam
453 3411 778 3464 voluntatem
827 3408 966 3462 illius
1017 3408 1117 3462 loci
1164 3411 1552 3477 procoratoris;
1593 3425 1691 3466 nec
1729 3421 1807 3465 ta-

211 3518 336 3558 men
387 3502 607 3556 omnino
659 3511 912 3570 cxpertes
967 3502 1174 3569 predii,
1226 3517 1399 3572 neque
1452 3505 1661 3570 pr0prie
1699 3505 1807 3560 vite

208 3597 528 3654 consistant.
564 3596 735 3665 Super
774 3595 904 3662 hec,
942 3595 1284 3666 Speciensem
1333 3598 1524 3650 curtim
1575 3598 1807 3654 discreto

282 3790 313 3820 ι
341 3777 553 3831 Primus
580 3777 809 3843 vulgavit
839 3775 1062 3831 Coccius
1089 3779 1139 3830 in
1173 3777 1398 3846 Dagob.,
1436 3793 1549 3845 pag.
1589 3775 1706 3842 145,
1737 3793 1802 3833 ex

205 3848 412 3905 Codice
465 3850 762 3904 membran.
815 3865 916 3902 ms.
960 3850 1202 3902 ecrlesim
1247 3850 1676 3917 argentinensis.
1709 3850 1803 3904 sed

205 3922 544 3976 decurtatum
595 3922 784 3984 valde;
835 3936 898 3974 ex
943 3920 1172 3979 Coccio.
1213 3920 1368 3974 .Ioau.
1407 3920 1503 3972 Ph.
1541 3920 1800 3988 Vni-hurg,

205 3992 346 4047 Hist.
381 3990 506 4044 Rer.
540 3991 720 4046 Germ.
759 4002 888 4046 tom.
920 3991 1059 4057 VIII,
1097 4006 1215 4060 pag.
1244 3992 1379 4051 251;
1416 3991 1803 4057 lIcnsclicnius,

206 4066 278 4116 de
317 4063 484 4115 tribus
519 4063 861 4131 liagnbertis,
897 4078 1010 4131 pag.
1051 4061 1146 4127 84;
1190 4062 1463 4124 Cointius,
1495 4066 1634 4115 Ann.
1672 4073 1802 4117 tom.

205 4133 303 4190 III.
342 4149 462 4200 pag.
505 4133 640 4198 768;
685 4136 954 4201 Lagnillc,
992 4133 1126 4186 Ilist.
1175 4133 1344 4204 Alsat.
1385 4133 1537 4204 prob.
1581 4149 1700 4204 pag.
1739 4133 1801 4199 3;

205 4216 261 4258 at
287 4203 615 4265 Schilterus.
645 4207 870 4260 Oliserv.
912 4207 973 4254 ad
1007 4204 1210 4259 (lliron.
1252 4202 1609 4270 Kmnigshorii
1635 4202 1800 4273 (pag.

206 4276 345 4341 {$92,
374 4290 422 4330 et
455 4277 658 4346 Lﬁnig,
691 4278 875 4338 Spicil.
905 4276 1104 4328 cecles.
1137 4284 1266 4328 tom.
1298 4273 1394 4336 Ill,
1431 4291 1550 4342 pag.
1577 4276 1703 4334 806.
1732 4291 1801 4330 ex

207 4347 477 4401 Chronico
504 4349 881 4416 Argentinensi
921 4346 1281 4409 limitigshorii
1309 4361 1398 4399 an.
1434 4346 1572 4402 1386
1603 4349 1805 4414 scripto

206 4418 917 4489 depromptum[ediderunt
975 4436 986 4470 :
1043 4419 1218 4470 nullus
1268 4433 1330 4470 ex
1382 4417 1463 4469 his
1514 4419 1801 4489 illlt'glIII".

204 4489 446 4542 'I‘andem
496 4491 555 4542 fl.
593 4488 912 4544 Grandidier
941 4503 1003 4542 ex
1038 4489 1362 4542 chartulario
1394 4488 1803 4544 incnibranaceo

931 328 1355 386 DIPLOMATA.
1397 357 1467 370 —
1507 328 1567 384 S.
1614 328 2011 386 DAGOBER'I‘I
2052 330 2094 385 ll
2137 331 2500 389 PRECEI’T.
2546 332 2832 391 ECCLES.

3378 336 3516 393 I306

1853 445 1904 505 Α
1929 457 2049 499 cum
2079 446 2436 502 servientibus
2463 448 2622 502 michi
2653 447 2721 502 ab
2759 447 2876 502 aliis
2917 449 2985 502 ita
3019 449 3388 506 d-iscernebam
3407 491 3424 516 ,
3455 459 3518 507 ut

1883 585 1886 590 .
1929 536 2249 606 quicumque
2289 554 2319 592 a
2375 537 2755 594 famulantibus
2804 538 2962 593 michi
3017 541 3283 596 serviliter
3333 551 3517 599 essent

1930 628 2210 695 procreati,
2237 629 2512 684 masculini
2541 645 2701 685 sexus
2721 629 3036 706 quigforent,
3062 632 3264 686 nullum
3289 650 3510 691 censum

1927 719 2182 784 reddant;
2226 722 2321 776 sed
2369 721 2579 778 feminei
2617 738 2775 777 sexus
2805 731 2949 786 etas,
2996 734 3051 777 ut
3092 725 3382 792 predictum
3411 738 3516 796 est,

1930 813 2224 880 legitimum
2271 828 2490 869 censum
2542 817 2827 882 persolvat.
2879 817 3007 872 Post
3049 817 3148 872 hec
3182 817 3395 874 demum
3426 835 3520 874 cu-

1930 905 2080 972 piens
2109 920 2334 975 quererc
2353 949 2366 972 ,
2399 922 2503 973 quo
2531 908 2754 961 consilio
2784 922 3007 973 corpus,
3034 910 3158 975 qttin
3187 910 3370 977 pocius
3399 912 3518 965 ani-

1927 1011 2068 1050 mam
2088 1037 2104 1062 ,
2140 998 2337 1065 possim
2370 998 2478 1052 Deo
2505 1009 2558 1054 et
2580 999 2821 1069 genitrici
2845 1001 2960 1068 ejus
2985 1003 3392 1066 commendare,
3431 1017 3518 1057 me

1925 1087 1993 1140 ad
2031 1088 2170 1142 idem
2211 1091 2572 1144 nonasterium
2599 1131 2616 1156 ,
2648 1091 2878 1160 quandiu
2936 1093 3217 1156 vixissem,
3271 1094 3386 1159 ejus
3425 1109 3520 1161 pro

1925 1179 2099 1248 gracia
2134 1181 2349 1246 promisi
2392 1182 2712 1236 serviturum
2733 1224 2749 1248 ,
2782 1192 2838 1236 ut
2867 1184 2978 1252 ipsa
3010 1199 3095 1238 me
3131 1183 3182 1237 in
3215 1185 3302 1240 die
3332 1185 3518 1253 judicii

1925 1272 2326 1327 commendaret
2354 1288 2418 1328 ex
2457 1287 2516 1328 se
2544 1275 2833 1329 carnaliter
2869 1285 2991 1330 nato
3023 1275 3130 1330 ﬁlio
3163 1276 3389 1331 Domino
3419 1296 3515 1333 no-

1925 1376 2039 1420 stro
2065 1365 2191 1420 Jesu
2221 1365 2467 1431 Christo,
2495 1382 2557 1421 ac
2587 1369 2818 1423 maxime
2838 1413 2851 1436 ,
2894 1368 3017 1424 ideo
3055 1379 3107 1424 ut
3147 1370 3394 1424 liberales
3425 1371 3518 1440 qui

1925 1458 2184 1512 beneficia
2234 1458 2302 1512 ab
2336 1460 2415 1514 eis
2443 1459 2511 1513 de
2545 1461 2781 1515 curtibus
2813 1476 2876 1515 ex
2926 1476 3012 1516 me
3059 1462 3357 1526 habebant,
3399 1477 3517 1517 mee

1927 1565 2023 1619 pro
2069 1565 2227 1604 causa
2277 1550 2578 1616 suasionis,
2618 1566 2676 1606 se
2719 1551 2907 1607 eodem
2947 1553 3106 1606 modo
3146 1568 3251 1623 quo
3289 1568 3421 1621 ego,
3457 1568 3519 1609 se

1927 1643 2298 1710 promisissent
2335 1644 2662 1708 servituros,
2710 1659 2814 1696 non
2859 1645 3159 1712 serviliter,
3195 1647 3290 1700 sed
3323 1641 3518 1700 libera—

1925 1733 2075 1800 liter,
2109 1733 2353 1802 legaliter
2389 1736 2512 1802 jure
2555 1735 2820 1800 virorum;
2863 1747 3106 1804 petentes
3152 1752 3181 1789 a
3233 1752 3320 1790 me
3367 1747 3422 1789 ut
3473 1736 3519 1791 si

1924 1823 2052 1892 quid
2087 1839 2319 1893 unquam
2345 1824 2457 1879 fore
2482 1825 2769 1894 fecissent,
2805 1826 2904 1881 hoc
2942 1826 3145 1882 facilius
3173 1827 3521 1882 cmendarent

1923 1916 2145 1970 dimidie
2168 1917 2333 1986 partis
2353 1933 2512 1987 quam
2537 1917 2704 1973 ceteri
2726 1919 3152 1990 liherales,quod
3175 1929 3230 1976 et
3250 1921 3520 1976 concessi.

1923 2008 2028 2064 Sed
2073 2018 2128 2063 et
2157 2010 2392 2078 insuper,
2425 2013 2468 2065 si
2501 2011 2624 2082 quid
2657 2013 2945 2068 emendare
2971 2014 3302 2082 debuissent,
3331 2015 3384 2070 in
3418 2016 3519 2071 ad-

1923 2100 2095 2154 vocati
2117 2102 2232 2168 ejus
2257 2099 2409 2169 jure,
2437 2119 2556 2157 cum
2589 2115 2794 2172 septem
2815 2106 3003 2160 solidis
3025 2116 3080 2161 et
3113 2109 3278 2162 semis
3306 2109 3519 2165 satisfa—

1927 2193 2073 2247 ciant
2112 2202 2289 2248 tamen
2322 2195 2453 2263 ipsis
2493 2195 2860 2264 laudantibus,
2890 2199 3016 2268 quin
3062 2201 3247 2268 pocius
3283 2203 3514 2257 eundem

1924 2285 2242 2339 advocatum
2289 2287 2763 2343 constituentibus.
2819 2289 2886 2344 Et
2929 2291 2974 2344 si
3023 2292 3144 2359 quis
3193 2294 3381 2347 horum
3421 2309 3520 2362 pro

1920 2378 2151 2433 maxima
2185 2380 2426 2447 culpetur
2456 2381 2639 2450 culpa,
2667 2381 2712 2435 si
2740 2381 3023 2450 culpabilis
3053 2383 3126 2437 sit
3153 2426 3168 2450 ,
3201 2385 3252 2437 in
3285 2387 3522 2440 maximo

1921 2471 2099 2527 hanno
2132 2473 2346 2541 triginta
2377 2473 2576 2529 solidos
2618 2473 2898 2539 eiiiendet;
2937 2476 3068 2544 quin
3103 2477 3263 2531 etiam
3285 2519 3302 2546 ,
3339 2479 3385 2534 si
3424 2495 3522 2533 un-

1918 2581 2078 2634 quam
2112 2568 2286 2633 presul
2313 2566 2554 2635 ejusdem
2599 2566 2700 2622 loci
2730 2582 3053 2639 quemquam
3097 2570 3287 2627 horum
3333 2582 3522 2630 contra

1917 2673 1978 2714 se
2023 2657 2250 2713 consilio
2294 2659 2378 2714 vel
2429 2659 2570 2714 facto
2617 2663 2776 2716 etiam
2828 2665 3021 2719 fecisse
3061 2666 3362 2733 convincat,
3415 2667 3521 2721 hoc

1917 2753 2166 2809 emendet
2199 2754 2350 2822 quasi
2384 2753 2521 2809 liber
2548 2757 2652 2810 vir.
2686 2755 2743 2812 Si
2782 2767 2958 2812 autem
3004 2761 3189 2814 insons
3218 2760 3347 2814 velit
3377 2760 3517 2826 ﬁeri,

1918 2864 2039 2903 cum
2088 2848 2329 2916 predicto
2361 2850 2484 2919 jure
2532 2850 2832 2905 liberalium
2881 2851 3218 2919 inculpabilis
3265 2852 3376 2907 ﬂat.
3411 2854 3516 2908 Sed

1919 2944 2021 2999 hiis
2053 2944 2395 3008 liberalibus,
2427 2945 2515 3011 qui
2546 2959 2608 3002 se
2637 2960 2730 3000 sua
2761 2957 2955 3014 sponte
2985 2962 3080 3015 pro
3118 2963 3233 3001 mea
3263 2950 3516 3002 suasione

1917 3036 1984 3090 ad
2010 3036 2150 3090 idem
2188 3038 2575 3092 monasterium
2600 3037 2855 3092 dederant
2881 3085 2892 3105 ,
2935 3041 3039 3094 tale
3065 3041 3152 3106 jus
3181 3042 3429 3096 constitui
3460 3051 3520 3095 ut

1921 3128 2154 3184 habeant
2184 3128 2402 3185 liberam
2436 3138 2746 3199 potestatem
2772 3132 3010 3199 emendi,
3042 3132 3296 3199 habendi,
3326 3135 3511 3202 dandi,

1876 3223 1888 3265 .'
1919 3223 2210 3288 vendendi,
2242 3233 2298 3278 et
2327 3224 2558 3293 posteris
2587 3239 2772 3279 eorum
2804 3227 3011 3294 propria
3041 3225 3160 3296 jura
3194 3227 3517 3298 dimittendi,

1910 3326 1967 3374 et
1994 3333 2155 3373 nemo
2186 3334 2282 3374 eos
2311 3320 2649 3388 supradicat,
2676 3321 2777 3376 nisi
2808 3321 3061 3378 liberales
3089 3324 3142 3378 in
3171 3324 3360 3380 iisdem
3391 3341 3520 3381 cur-

1910 3411 2057 3468 tibus
2087 3413 2348 3482 degentes
2370 3412 2458 3481 qui
2489 3427 2549 3466 se
2580 3428 2702 3467 meo
2729 3415 2953 3468 consilio
2982 3415 3155 3468 eidem
3188 3417 3518 3472 monasterio

1907 3504 2385 3570 commendarent,
2417 3515 2471 3556 et
2513 3512 2689 3558 tamen
2736 3503 2834 3572 ipsi
2871 3505 3242 3574 supradiCant,
3280 3505 3518 3576 ctjnsti-

1906 3595 2046 3651 ciam
2094 3595 2368 3650 inveniant
2412 3611 2574 3665 super
2613 3611 2801 3651 omnes
2839 3599 2930 3668 qui
2976 3599 3104 3654 illuc
3141 3598 3340 3655 subditi
3383 3601 3514 3655 sint.

1908 3774 2153 3831 Francia;
2178 3790 2397 3841 prorsus
2421 3777 2771 3845 incognitum,
2806 3778 2944 3845 quod
2972 3777 3184 3831 videtur
3208 3787 3512 3835 mutuatum

1907 3862 1938 3900 a
1974 3846 2256 3910 Durando,
2289 3845 2377 3906 nui
2420 3846 2520 3900 sub
2566 3847 2834 3902 Ludovico
2877 3849 2970 3902 l’io
3019 3849 3164 3903 vices
3202 3851 3517 3906 cancellarii

1905 3920 2129 3982 agebat;
2171 3928 2224 3970 et
2269 3919 2391 3970 hinc
2421 3918 2658 3982 diploma
2704 3920 2771 3972 de
2798 3935 2904 3986 quo
2938 3920 3143 3986 agimus
3174 3921 3381 3974 decimo
3412 3937 3516 3975 sa:-

1907 3990 2030 4042 culo
2065 3988 2380 4040 fabricatum
2405 3987 2571 4042 fuisse
2601 3989 2870 4058 conjicere
2904 4007 3125 4053 pronum
3167 4003 3279 4056 est;
3311 3993 3376 4046 4ο
3407 3992 3516 4047 for-

1910 4063 2066 4112 mulae
2095 4059 2159 4112 ad
2191 4061 2390 4112 calcem
2438 4061 2690 4114 adhibita:
2727 4061 2864 4115 hanc
2901 4065 3144 4115 eamdem
3185 4073 3398 4118 aetatem
3429 4080 3514 4117 sa-

1913 4131 2090 4196 piunt;
2130 4142 2182 4204 et
2223 4131 2500 4204 ridiculam
2543 4133 2837 4204 clausulam
2884 4135 3057 4200 arguit
3087 4133 3361 4197 Cointius,
3392 4151 3514 4204 quae

1911 4212 2063 4254 notas
2107 4203 2518 4270 clirounlngicas
2565 4203 2784 4256 exhibet
2828 4205 2895 4257 ab
2938 4205 3309 4258 Incarnatione
3339 4218 3391 4260 et
3411 4203 3509 4260 fin-

1909 4274 2144 4326 dictione
2177 4276 2369 4340 petitas
2393 4315 2407 4337 ,
2436 4289 2497 4324 ac
2526 4276 2675 4344 regni
2711 4275 2993 4341 Dagoberti
3031 4292 3232 4330 annum
3263 4285 3511 4331 numerat

1911 4345 2241 4408 trigesimum
2292 4345 2582 4399 secundum
2612 4386 2625 4406 ,
2677 4363 2794 4397 cum
2847 4346 3022 4398 nullus
3074 4349 3228 4414 hujus
3276 4347 3510 4399 nominis

1911 4431 2000 4470 rex
2041 4417 2368 4469 Francorum
2405 4426 2478 4467 tot
2507 4420 2662 4468 annis
2691 4421 3008 4481 regnaverit.
3061 4421 3114 4468 Si
3171 4431 3296 4468 vero
3347 4417 3513 4471 libeat

1913 4489 2151 4551 spurium
2197 4488 2616 4537 instrumentum
2648 4487 2804 4538 alicui
2845 4501 2986 4538 anno
3027 4489 3247 4556 alligare
3285 4501 3348 4540 ex
3381 4502 3510 4612 εζη-

1913 4557 2262 4612 chrnntsmis.
2298 4571 2494 4606 aunutn
2533 4570 2653 4608 cum
2696 4557 2909 4608 Cnintio
2939 4558 3336 4612 assitzttabimus
3374 4556 3408 4610 6
3447 4559 3506 4612 5.

3447 4559 3506 4616 5.

204 4578 350 4614 anno
386 4558 521 4613 1557
550 4572 770 4614 exarato
808 4560 959 4626 jussu
1001 4559 1236 4625 episc0pi
1283 4559 1717 4628 Argentinensis,
1751 4571 1806 4613 et
1833 4546 1883 4604 D
1910 4546 2262 4616 chronismis,
2298 4571 2494 4606 annum
2533 4570 2654 4628 cum
2696 4557 2915 4628 Cointio
2939 4546 3336 4627 assignEbimus
3374 4556 3408 4610 6

204 4633 255 4686 in
295 4632 559 4685 tabulario
596 4632 827 4685 civitatis
871 4631 1278 4700 Argentinensis
1321 4634 1582 4696 reposito.
1637 4640 1802 4684 totum

204 4703 531 4771 exscripsit,
565 4704 696 4756 Hist.
726 4703 920 4755 eet-les.
958 4703 1229 4766 Argentin.
1263 4710 1390 4750 tum.
1426 4702 1441 4751 Ι
1475 4703 1648 4764 proin,
1684 4717 1801 4766 pag.

209 4774 314 4838 ili,
349 4770 558 4843 etjuris
591 4774 785 4840 publici
823 4774 965 4826 l’ccit.
1003 4773 1235 4843 Illudﬂad
1270 4772 1433 4843 ipsius
1463 4770 1620 4843 fidem
1657 4786 1802 4824 tecu-

210 4841 438 4911 ditnus,
472 4846 629 4897 variis
675 4845 991 4898 lectionibus
1030 4859 1092 4897 ex
1140 4842 1494 4908 Kwnigshnrii
1539 4841 1805 4896 Chronico

211 4917 356 4969 inter
399 4931 565 4969 uncos
614 4915 880 4982 ascriptis.
940 4913 1214 4967 Manifesta
1271 4912 1388 4965 l'alsi
1443 4914 1631 4965 indicia
1687 4924 1806 4977 post

210 4989 484 5041 Cointium
533 4998 776 5040 recenset
825 5002 986 5053 supra
1038 4985 1278 5038 laudatus
1331 4983 1392 5036 Ι).
1447 4982 1801 5049 Grandidier,

207 5059 431 5113 dissert.
470 5056 534 5120 4,
575 5074 693 5126 pag.
736 5058 835 5118 δὸ,
875 5073 1098 5124 quorum
1153 5055 1416 5126 prafcipua
1471 5056 1581 5107 haec
1627 5065 1751 5108 sttnt
1789 5075 1803 5113 :

209 5128 264 5182 ἰ’
317 5125 836 5182 ΐοτιιιιιιτείιιιιιιειικε
889 5130 1145 5190 insolitas;
1195 5125 1252 5178 2°
1290 5126 1692 5178 exbteredatmn
1744 5142 1804 5182 se

211 5200 339 5252 [illis
371 5203 651 5268 profitetur
679 5199 1037 5265 Dagnliertus.
1073 5201 1160 5266 qui
1197 5209 1370 5249 tamen
1416 5200 1550 5248 bona
1596 5197 1696 5249 huc
1723 5198 1804 5250 di-

214 5274 451 5336 plomate
473 5270 735 5324 Ecclesim
768 5273 1137 5336 Argenttnensi
1156 5269 1361 5322 confert
1390 5284 1484 5331 pro
1512 5269 1802 5335 gratiarum

211 5345 426 5395 actione
444 5382 458 5405 ,
485 5357 552 5396 eo
576 5341 716 5410 quod
740 5343 805 5393 ab
830 5341 1202 5409 Argeutinensi
1227 5341 1481 5404 episcopo
1511 5342 1804 5404 Arbogasto

215 5413 355 5466 lilins
392 5428 525 5467 suus
549 5429 578 5466 a
619 5414 843 5466 mortuis
875 5415 974 5465 hoc
1003 5413 1190 5466 eodem
1225 5423 1460 5476 tempore
1493 5409 1801 5464 l'nissetex-

207 5483 440 5548 citatus,
475 5493 531 5539 ut
568 5495 793 5538 testatur
821 5483 1060 5552 ejusdem
1100 5482 1381 5548 Arbogasti
1419 5479 1530 5532 Vita
1554 5523 1569 5545 ,
1602 5483 1804 5552 saeculo

208 5570 244 5610 Χ
275 5557 511 5621 setipta,
541 5573 604 5612 ex
639 5551 866 5610 vetustis
899 5555 1182 5608 (Iudicibus
1211 5561 1357 5606 eruta
1407 5552 1473 5604 ab
1501 5552 1689 5604 cudi-tn
1737 5551 1800 5607 D.

207 5627 558 5694 Grandidier,
596 5627 805 5696 prohat,
845 5640 964 5694 pag.
999 5627 1086 5689 50,
1118 5623 1201 5676 cui
1233 5625 1466 5696 concinit
1500 5623 1802 5677 Chronicon

207 5695 605 5754 Noviomensis
631 5697 938 5751 monasterii
959 5737 975 5761 ,
1005 5711 1095 5748 λιιι
1125 5695 1323 5748 Sat-culo
1345 5695 1656 5758 t‘ttllilallllll,
1687 5705 1743 5748 et
1771 5711 1798 5746 a

208 5771 502 5835 Martenio,
548 5771 751 5824 Anecd.
800 5780 925 5822 tom.
971 5767 1071 5835 Ill,
1117 5781 1238 5836 pag.
1271 5763 1442 5826 “28,
1475 5765 1709 5831 editum;
1744 5764 1802 5816 5°

207 5841 454 5901 Turandi
493 5842 798 5902 cancellarii
833 5853 1059 5913 nomen,
1087 5838 1190 5896 sub
1219 5837 1391 5920 prima
1419 5839 1586 5918 stirpe
1614 5851 1800 5909 regum

1908 4628 2101 4694 Liquet
2127 4629 2300 4689 enim,
2346 4636 2454 4678 tum
2497 4641 2562 4677 ex
2603 4627 2715 4678 Vita
2748 4626 2916 4679 sancti
2948 4626 3226 4696 Arbngasti
3249 4671 3262 4691 ,
3299 4639 3409 4682 tum
3439 4645 3507 4684 ex

1907 4697 2175 4751 Clisnnico
2216 4696 2589 4760 Noriotnensi,
2635 4696 2888 4751 emis-sunt
2931 4699 3092 4752 fuisse
3143 4701 3406 4766 diploma,
3452 4702 3506 4757 in

1907 4769 2141 4839 gratiam
2155 4767 2395 4821 ecclesia:
2422 4770 2824 4834 Argentincnsis
2845 4808 2858 4831 ,
2887 4785 2915 4822 a
2949 4770 3253 4839 Dagoberto
3285 4772 3347 4835 Il,
3378 4787 3501 4828 cum

1908 4843 2048 4893 lihus
2097 4837 2214 4906 ejus
2265 4854 2292 4890 a
2343 4849 2528 4890 sancto
2560 4841 2908 4912 rArbogastu,
2953 4837 3208 4910 episcOpo
3258 4843 3510 4912 Argenti-

1911 4913 2082 4975 nensi,
2109 4925 2139 4962 e
2168 4912 2390 4961 mortuis
2429 4911 2712 4962 suscitatus
2740 4921 2852 4976 cst;
2885 4923 2935 4964 et
2973 4913 3022 4968 id
3056 4915 3302 4970 evenisse
3332 4911 3504 4983 pluri-
3583 4941 3585 4944 ⁴

1907 4984 2004 5056 bus
2036 4982 2190 5056 annis
2221 4990 2344 5033 ante
2383 4991 2609 5056 mortem
2653 4984 2821 5056 sane“
2875 4985 3176 5056 Airbngasli.
3229 4989 3274 5040 ls
3322 4982 3502 5056 autem

1902 5054 2011 5122 jam
2041 5054 2345 5106 decesserat
2377 5067 2516 5101 anno
2545 5053 2649 5105 679
2672 5095 2684 5114 ,
2721 5052 2856 5106 Gall.
2886 5052 3082 5109 Christ.
3117 5057 3184 5110 ἓ*
3213 5057 3326 5119 ed.,
3356 5064 3398 5109 ι.
3435 5055 3503 5121 ν,

1908 5125 2013 5178 col.
2045 5127 2141 5178 78f
2179 5163 2187 5182 .
2223 5133 2274 5176 ct
2322 5123 2651 5187 liagobertus
2685 5125 2722 5177 Il
2765 5142 2985 5192 regnum
3017 5142 3171 5181 suum
3221 5142 3502 5195 recupera-

1911 5205 2056 5250 verat
2082 5196 2221 5248 eirea
2256 5208 2491 5245 mensem
2529 5197 2821 5263 Augustum
2867 5199 2990 5251 anni
3021 5198 3144 5251 674.

1980 5266 2007 5304 ι)
2037 5267 2365 5340 'I‘agebertUs
2399 5281 2491 5340 pro
2525 5266 2842 5340 Dagoberto,
2867 5279 2918 5320 ct
2941 5268 3074 5321 inl'ra
3099 5269 3378 5322 'l‘urandus
3401 5283 3500 5340 pro

1909 5339 2160 5391 Durando
2194 5337 2384 5404 legitur
2418 5337 2468 5386 in
2498 5337 2827 5392 chartulario
2863 5341 3268 5407 Argentinensi,
3297 5337 3505 5394 scilicet

1908 5411 2077 5462 littera
2106 5407 2146 5460 Τ
2178 5407 2230 5459 in
2263 5409 2489 5460 litteram
2529 5407 2574 5460 D
2616 5412 2768 5464 facile
2810 5410 2979 5473 abiit,
3012 5424 3131 5464 cum
3178 5423 3403 5478 utraque
3429 5411 3503 5466 sit

1905 5481 2147 5550 ejusdem
2176 5481 2358 5545 organi
2381 5519 2396 5543 ,
2431 5488 2487 5532 ut
2522 5483 2668 5535 aiunt
2695 5481 3061 5550 grammatici,
3097 5493 3149 5536 et
3178 5481 3289 5537 fere
3309 5484 3500 5538 eodem

1907 5566 2042 5607 sono
2064 5549 2333 5604 eﬂ'eratur.

1980 5633 2000 5659 ε
2039 5623 2342 5675 Monasterii
2386 5625 2602 5676 nomine
2641 5621 2940 5690 appellatur
2982 5625 3206 5678 ecclesia
3249 5623 3506 5692 Argenti-

1909 5693 2088 5747 ncnsis
2110 5709 2122 5755 ;
2148 5695 2484 5747 cathedrales
2506 5710 2631 5748 vero
2651 5696 2909 5748 ecclesias
2922 5695 2999 5749 sic
3017 5696 3311 5762 appellatas
3333 5695 3500 5750 fuisse

1906 5764 2402 5843 docetmgangiusin
2430 5765 2728 5843 Glossario,
2764 5778 2882 5843 voc.
2913 5763 3292 5822 Monasterittm
3313 5811 3330 5843 ,
3358 5777 3399 5824 t.
3431 5764 3501 5825 IV

1905 5839 2012 5893 col.
2044 5836 2172 5903 895,
2201 5846 2254 5891 et
2287 5838 2336 5893 id
2368 5839 2628 5907 exemplis
2655 5836 2963 5894 confirmat.
