  <div class='ocr_page' id='page_1' title='image "/cluster/home/n/w/nwhite01/storage/ocr_20150623/87/hvd.32044015469471/673.png"; bbox 0 0 4026 6352; ppageno 0'>
   <div class='ocr_carea' id='block_1_1' title="bbox 510 384 642 443">
    <p class='ocr_par' dir='ltr' id='par_1_1' title="bbox 510 384 642 443">
     <span class='ocr_line' id='line_1_1' title="bbox 510 384 642 443; baseline -0.03 0"><span class='ocrx_word' id='word_1_1' title='bbox 510 384 642 443; x_wconf 70' lang='lat' dir='ltr'><strong>l5“</strong></span> 
     </span>
    </p>
   </div>
   <div class='ocr_carea' id='block_1_2' title="bbox 1522 382 2683 441">
    <p class='ocr_par' dir='ltr' id='par_1_2' title="bbox 1522 382 2683 441">
     <span class='ocr_line' id='line_1_2' title="bbox 1522 382 2683 441; baseline 0.003 -3"><span class='ocrx_word' id='word_1_2' title='bbox 1522 382 1768 439; x_wconf 74' lang='lat' dir='ltr'><strong>FRANC.</strong></span> <span class='ocrx_word' id='word_1_3' title='bbox 1812 382 1968 437; x_wconf 68' lang='grc' dir='ltr'><strong>ΗΕΒ.</strong></span> <span class='ocrx_word' id='word_1_4' title='bbox 2020 382 2084 437; x_wconf 75' lang='grc' dir='ltr'><strong>ιν</strong></span> <span class='ocrx_word' id='word_1_5' title='bbox 2129 382 2361 438; x_wconf 63' lang='lat' dir='ltr'><strong>PRIMA?-</strong></span> <span class='ocrx_word' id='word_1_6' title='bbox 2400 383 2683 441; x_wconf 81' lang='lat' dir='ltr'><strong>STIRPIS.</strong></span> 
     </span>
    </p>
   </div>
   <div class='ocr_carea' id='block_1_3' title="bbox 3626 387 3765 445">
    <p class='ocr_par' dir='ltr' id='par_1_3' title="bbox 3626 387 3765 445">
     <span class='ocr_line' id='line_1_3' title="bbox 3626 387 3765 445; baseline 0.043 -5"><span class='ocrx_word' id='word_1_7' title='bbox 3626 387 3765 445; x_wconf 68' lang='grc'><strong>1512</strong></span> 
     </span>
    </p>
   </div>
   <div class='ocr_carea' id='block_1_4' title="bbox 506 498 3767 571">
    <p class='ocr_par' dir='ltr' id='par_1_4' title="bbox 506 498 3767 571">
     <span class='ocr_line' id='line_1_4' title="bbox 506 498 3767 571; baseline 0 -17"><span class='ocrx_word' id='word_1_8' title='bbox 506 500 865 564; x_wconf 85' lang='lat' dir='ltr'><strong>denominati,</strong></span> <span class='ocrx_word' id='word_1_9' title='bbox 915 500 1068 553; x_wconf 87' lang='lat' dir='ltr'><strong>annis</strong></span> <span class='ocrx_word' id='word_1_10' title='bbox 1118 500 1340 569; x_wconf 73' lang='lat' dir='ltr'><strong>singulis</strong></span> <span class='ocrx_word' id='word_1_11' title='bbox 1387 500 1747 567; x_wconf 84' lang='lat' dir='ltr'><strong>unusquisque</strong></span> <span class='ocrx_word' id='word_1_12' title='bbox 1789 514 1971 571; x_wconf 87' lang='lat' dir='ltr'><strong>eorum</strong></span> <span class='ocrx_word' id='word_1_13' title='bbox 2026 500 2077 553; x_wconf 91' lang='lat' dir='ltr'><strong>in</strong></span> <span class='ocrx_word' id='word_1_14' title='bbox 2106 498 2159 558; x_wconf 76' lang='grc' dir='ltr'><strong>Α</strong></span> <span class='ocrx_word' id='word_1_15' title='bbox 2186 513 2311 550; x_wconf 85' lang='lat' dir='ltr'><strong>nere</strong></span> <span class='ocrx_word' id='word_1_16' title='bbox 2339 500 2501 565; x_wconf 88' lang='lat' dir='ltr'><strong>jussi,</strong></span> <span class='ocrx_word' id='word_1_17' title='bbox 2536 510 2627 554; x_wconf 84' lang='lat' dir='ltr'><strong>aut</strong></span> <span class='ocrx_word' id='word_1_18' title='bbox 2664 500 2872 555; x_wconf 85' lang='lat' dir='ltr'><strong>inantea</strong></span> <span class='ocrx_word' id='word_1_19' title='bbox 2918 498 3127 554; x_wconf 80' lang='lat' dir='ltr'><strong>Christo</strong></span> <span class='ocrx_word' id='word_1_20' title='bbox 3166 502 3391 571; x_wconf 60' lang='lat' dir='ltr'><strong>pra&#39;sule</strong></span> <span class='ocrx_word' id='word_1_21' title='bbox 3439 500 3637 556; x_wconf 82' lang='lat' dir='ltr'><strong>addere</strong></span> <span class='ocrx_word' id='word_1_22' title='bbox 3672 517 3767 571; x_wconf 86' lang='lat' dir='ltr'><strong>po-</strong></span> 
     </span>
    </p>
   </div>
   <div class='ocr_carea' id='block_1_5' title="bbox 508 570 2080 637">
    <p class='ocr_par' dir='ltr' id='par_1_5' title="bbox 508 570 2080 637">
     <span class='ocr_line' id='line_1_5' title="bbox 508 570 2080 637; baseline -0.002 -8"><span class='ocrx_word' id='word_1_23' title='bbox 508 571 855 629; x_wconf 88' lang='lat' dir='ltr'><strong>luminaribus</strong></span> <span class='ocrx_word' id='word_1_24' title='bbox 901 586 1059 625; x_wconf 90' lang='lat' dir='ltr'><strong>unam</strong></span> <span class='ocrx_word' id='word_1_25' title='bbox 1098 570 1287 625; x_wconf 81' lang='lat' dir='ltr'><strong>libram</strong></span> <span class='ocrx_word' id='word_1_26' title='bbox 1331 586 1469 625; x_wconf 75' lang='lat' dir='ltr'><strong>cerre</strong></span> <span class='ocrx_word' id='word_1_27' title='bbox 1513 570 1579 624; x_wconf 91' lang='lat' dir='ltr'><strong>ad</strong></span> <span class='ocrx_word' id='word_1_28' title='bbox 1624 570 1925 637; x_wconf 86' lang='lat' dir='ltr'><strong>supradicta</strong></span> <span class='ocrx_word' id='word_1_29' title='bbox 1969 571 2080 626; x_wconf 86' lang='lat' dir='ltr'><strong>loca</strong></span> 
     </span>
    </p>
   </div>
   <div class='ocr_carea' id='block_1_6' title="bbox 507 641 2080 710">
    <p class='ocr_par' dir='ltr' id='par_1_6' title="bbox 507 641 2080 710">
     <span class='ocr_line' id='line_1_6' title="bbox 507 641 2080 710; baseline -0.001 -12"><span class='ocrx_word' id='word_1_30' title='bbox 507 652 810 698; x_wconf 86' lang='lat' dir='ltr'><strong>sanctorum</strong></span> <span class='ocrx_word' id='word_1_31' title='bbox 858 643 908 694; x_wconf 91' lang='lat' dir='ltr'><strong>in</strong></span> <span class='ocrx_word' id='word_1_32' title='bbox 961 643 1070 706; x_wconf 88' lang='lat' dir='ltr'><strong>ipsa</strong></span> <span class='ocrx_word' id='word_1_33' title='bbox 1116 643 1240 694; x_wconf 88' lang='lat' dir='ltr'><strong>villa</strong></span> <span class='ocrx_word' id='word_1_34' title='bbox 1286 641 1583 710; x_wconf 82' lang='lat' dir='ltr'><strong>Epternaco</strong></span> <span class='ocrx_word' id='word_1_35' title='bbox 1625 650 1963 709; x_wconf 86' lang='lat' dir='ltr'><strong>constructa,</strong></span> <span class='ocrx_word' id='word_1_36' title='bbox 2014 643 2080 696; x_wconf 84' lang='lat' dir='ltr'><strong>ad</strong></span> 
     </span>
    </p>
   </div>
   <div class='ocr_carea' id='block_1_7' title="bbox 512 712 2081 768">
    <p class='ocr_par' dir='ltr' id='par_1_7' title="bbox 512 712 2081 768">
     <span class='ocr_line' id='line_1_7' title="bbox 512 712 2081 768; baseline 0 -1"><span class='ocrx_word' id='word_1_37' title='bbox 512 712 838 768; x_wconf 67' lang='lat' dir='ltr'><strong>nativitatem</strong></span> <span class='ocrx_word' id='word_1_38' title='bbox 883 712 1086 765; x_wconf 82' lang='lat' dir='ltr'><strong>Domini</strong></span> <span class='ocrx_word' id='word_1_39' title='bbox 1128 712 1351 767; x_wconf 85' lang='lat' dir='ltr'><strong>reddere</strong></span> <span class='ocrx_word' id='word_1_40' title='bbox 1391 721 1445 765; x_wconf 89' lang='lat' dir='ltr'><strong>et</strong></span> <span class='ocrx_word' id='word_1_41' title='bbox 1478 712 1768 766; x_wconf 83' lang='lat' dir='ltr'><strong>dissolvere</strong></span> <span class='ocrx_word' id='word_1_42' title='bbox 1816 714 2081 767; x_wconf 86' lang='lat' dir='ltr'><strong>studeant.</strong></span> 
     </span>
    </p>
   </div>
   <div class='ocr_carea' id='block_1_8' title="bbox 510 782 2083 850">
    <p class='ocr_par' dir='ltr' id='par_1_8' title="bbox 510 782 2083 850">
     <span class='ocr_line' id='line_1_8' title="bbox 510 782 2083 850; baseline -0.001 -11"><span class='ocrx_word' id='word_1_43' title='bbox 510 785 767 841; x_wconf 83' lang='lat' dir='ltr'><strong>Similiter</strong></span> <span class='ocrx_word' id='word_1_44' title='bbox 803 784 944 836; x_wconf 90' lang='lat' dir='ltr'><strong>dono</strong></span> <span class='ocrx_word' id='word_1_45' title='bbox 978 784 1042 836; x_wconf 88' lang='lat' dir='ltr'><strong>ad</strong></span> <span class='ocrx_word' id='word_1_46' title='bbox 1078 782 1186 850; x_wconf 87' lang='lat' dir='ltr'><strong>jam</strong></span> <span class='ocrx_word' id='word_1_47' title='bbox 1217 783 1353 835; x_wconf 88' lang='lat' dir='ltr'><strong>dicta</strong></span> <span class='ocrx_word' id='word_1_48' title='bbox 1387 782 1501 836; x_wconf 88' lang='lat' dir='ltr'><strong>loca</strong></span> <span class='ocrx_word' id='word_1_49' title='bbox 1532 793 1867 845; x_wconf 87' lang='lat' dir='ltr'><strong>sanctorum,</strong></span> <span class='ocrx_word' id='word_1_50' title='bbox 1912 785 2083 837; x_wconf 72' lang='lat' dir='ltr'><strong>vineae</strong></span> 
     </span>
    </p>
   </div>
   <div class='ocr_carea' id='block_1_9' title="bbox 508 854 2085 923">
    <p class='ocr_par' dir='ltr' id='par_1_9' title="bbox 508 854 2085 923">
     <span class='ocr_line' id='line_1_9' title="bbox 508 854 2085 923; baseline 0.002 -16"><span class='ocrx_word' id='word_1_51' title='bbox 508 868 535 897; x_wconf 80' lang='grc' dir='ltr'>ι</span> <span class='ocrx_word' id='word_1_52' title='bbox 559 854 863 923; x_wconf 85' lang='lat' dir='ltr'><strong>pedeluram</strong></span> <span class='ocrx_word' id='word_1_53' title='bbox 894 868 1046 923; x_wconf 71' lang='lat' dir='ltr'><strong>tinam</strong></span> <span class='ocrx_word' id='word_1_54' title='bbox 1070 857 1119 907; x_wconf 92' lang='lat' dir='ltr'><strong>in</strong></span> <span class='ocrx_word' id='word_1_55' title='bbox 1145 862 1323 907; x_wconf 90' lang='lat' dir='ltr'><strong>monte</strong></span> <span class='ocrx_word' id='word_1_56' title='bbox 1359 854 1673 913; x_wconf 80' lang='lat' dir='ltr'><strong>Viennensi.</strong></span> <span class='ocrx_word' id='word_1_57' title='bbox 1708 870 1825 907; x_wconf 89' lang='lat' dir='ltr'><strong>cum</strong></span> <span class='ocrx_word' id='word_1_58' title='bbox 1859 857 2085 910; x_wconf 89' lang='lat' dir='ltr'><strong>vinitore</strong></span> 
     </span>
    </p>
   </div>
   <div class='ocr_carea' id='block_1_10' title="bbox 506 922 2085 992">
    <p class='ocr_par' dir='ltr' id='par_1_10' title="bbox 506 922 2085 992">
     <span class='ocr_line' id='line_1_10' title="bbox 506 922 2085 992; baseline -0.003 -11"><span class='ocrx_word' id='word_1_59' title='bbox 506 922 721 981; x_wconf 88' lang='lat' dir='ltr'><strong>nomine</strong></span> <span class='ocrx_word' id='word_1_60' title='bbox 752 922 1034 977; x_wconf 79' lang='lat' dir='ltr'><strong>Alithlrido</strong></span> <span class='ocrx_word' id='word_1_61' title='bbox 1054 966 1068 988; x_wconf 92' lang='lat'><strong>,</strong></span> <span class='ocrx_word' id='word_1_62' title='bbox 1097 939 1216 977; x_wconf 90' lang='lat' dir='ltr'><strong>cum</strong></span> <span class='ocrx_word' id='word_1_63' title='bbox 1250 927 1390 977; x_wconf 90' lang='lat' dir='ltr'><strong>omni</strong></span> <span class='ocrx_word' id='word_1_64' title='bbox 1421 926 1672 992; x_wconf 83' lang='lat' dir='ltr'><strong>peculiari</strong></span> <span class='ocrx_word' id='word_1_65' title='bbox 1704 941 1818 977; x_wconf 84' lang='lat' dir='ltr'><strong>suo.</strong></span> <span class='ocrx_word' id='word_1_66' title='bbox 1846 925 1943 979; x_wconf 55' lang='lat' dir='ltr'><strong>Ista</strong></span> <span class='ocrx_word' id='word_1_67' title='bbox 1969 940 2085 978; x_wconf 81' lang='lat' dir='ltr'><strong>om—</strong></span> 
     </span>
    </p>
   </div>
   <div class='ocr_carea' id='block_1_11' title="bbox 506 994 2085 1062">
    <p class='ocr_par' dir='ltr' id='par_1_11' title="bbox 506 994 2085 1062">
     <span class='ocr_line' id='line_1_11' title="bbox 506 994 2085 1062; baseline -0.001 -11"><span class='ocrx_word' id='word_1_68' title='bbox 506 999 627 1060; x_wconf 86' lang='lat' dir='ltr'><strong>nia,</strong></span> <span class='ocrx_word' id='word_1_69' title='bbox 658 1004 713 1047; x_wconf 91' lang='lat' dir='ltr'><strong>ut</strong></span> <span class='ocrx_word' id='word_1_70' title='bbox 736 997 977 1062; x_wconf 75' lang='lat' dir='ltr'><strong>Superius</strong></span> <span class='ocrx_word' id='word_1_71' title='bbox 1007 994 1240 1047; x_wconf 89' lang='lat' dir='ltr'><strong>intimavi</strong></span> <span class='ocrx_word' id='word_1_72' title='bbox 1261 1036 1275 1059; x_wconf 95' lang='lat'><strong>,</strong></span> <span class='ocrx_word' id='word_1_73' title='bbox 1307 997 1371 1047; x_wconf 89' lang='lat' dir='ltr'><strong>ad</strong></span> <span class='ocrx_word' id='word_1_74' title='bbox 1409 1007 1696 1049; x_wconf 82' lang='lat' dir='ltr'><strong>memorata</strong></span> <span class='ocrx_word' id='word_1_75' title='bbox 1732 998 1843 1049; x_wconf 89' lang='lat' dir='ltr'><strong>loca</strong></span> <span class='ocrx_word' id='word_1_76' title='bbox 1874 1007 2085 1049; x_wconf 87' lang='lat' dir='ltr'><strong>sancto-</strong></span> 
     </span>
    </p>
   </div>
   <div class='ocr_carea' id='block_1_12' title="bbox 507 1068 2085 1135">
    <p class='ocr_par' dir='ltr' id='par_1_12' title="bbox 507 1068 2085 1135">
     <span class='ocr_line' id='line_1_12' title="bbox 507 1068 2085 1135; baseline -0.002 -13"><span class='ocrx_word' id='word_1_77' title='bbox 507 1083 657 1125; x_wconf 81' lang='lat' dir='ltr'><strong>rum,</strong></span> <span class='ocrx_word' id='word_1_78' title='bbox 699 1081 725 1116; x_wconf 90' lang='lat' dir='ltr'><strong>a</strong></span> <span class='ocrx_word' id='word_1_79' title='bbox 766 1068 848 1117; x_wconf 87' lang='lat' dir='ltr'><strong>die</strong></span> <span class='ocrx_word' id='word_1_80' title='bbox 886 1069 1130 1131; x_wconf 59' lang='lat' dir='ltr'><strong>prmsenti</strong></span> <span class='ocrx_word' id='word_1_81' title='bbox 1174 1081 1265 1129; x_wconf 89' lang='lat' dir='ltr'><strong>per</strong></span> <span class='ocrx_word' id='word_1_82' title='bbox 1294 1078 1610 1129; x_wconf 71' lang='lat' dir='ltr'><strong>prieseittem</strong></span> <span class='ocrx_word' id='word_1_83' title='bbox 1652 1069 1891 1135; x_wconf 78' lang='lat' dir='ltr'><strong>paginam</strong></span> <span class='ocrx_word' id='word_1_84' title='bbox 1924 1078 2085 1119; x_wconf 88' lang='lat' dir='ltr'><strong>testa-</strong></span> 
     </span>
    </p>
   </div>
   <div class='ocr_carea' id='block_1_13' title="bbox 510 1136 2087 1203">
    <p class='ocr_par' dir='ltr' id='par_1_13' title="bbox 510 1136 2087 1203">
     <span class='ocr_line' id='line_1_13' title="bbox 510 1136 2087 1203; baseline 0.001 -12"><span class='ocrx_word' id='word_1_85' title='bbox 510 1136 675 1191; x_wconf 89' lang='lat' dir='ltr'><strong>menti</strong></span> <span class='ocrx_word' id='word_1_86' title='bbox 717 1137 877 1188; x_wconf 88' lang='lat' dir='ltr'><strong>nostri</strong></span> <span class='ocrx_word' id='word_1_87' title='bbox 923 1136 1180 1188; x_wconf 82' lang='lat' dir='ltr'><strong>tradinins</strong></span> <span class='ocrx_word' id='word_1_88' title='bbox 1225 1148 1382 1203; x_wconf 89' lang='lat' dir='ltr'><strong>atque</strong></span> <span class='ocrx_word' id='word_1_89' title='bbox 1432 1137 1848 1189; x_wconf 80' lang='lat' dir='ltr'><strong>transfundinms</strong></span> <span class='ocrx_word' id='word_1_90' title='bbox 1900 1152 2087 1201; x_wconf 86' lang='lat' dir='ltr'><strong>perpe-</strong></span> 
     </span>
    </p>
   </div>
   <div class='ocr_carea' id='block_1_14' title="bbox 508 1206 2085 1276">
    <p class='ocr_par' dir='ltr' id='par_1_14' title="bbox 508 1206 2085 1276">
     <span class='ocr_line' id='line_1_14' title="bbox 508 1206 2085 1276; baseline 0.001 -15"><span class='ocrx_word' id='word_1_91' title='bbox 508 1210 717 1262; x_wconf 83' lang='lat' dir='ltr'><strong>tualiter</strong></span> <span class='ocrx_word' id='word_1_92' title='bbox 754 1208 803 1257; x_wconf 91' lang='lat' dir='ltr'><strong>in</strong></span> <span class='ocrx_word' id='word_1_93' title='bbox 846 1206 937 1258; x_wconf 81' lang='lat' dir='ltr'><strong>Dei</strong></span> <span class='ocrx_word' id='word_1_94' title='bbox 972 1210 1183 1259; x_wconf 82' lang='lat' dir='ltr'><strong>nomine</strong></span> <span class='ocrx_word' id='word_1_95' title='bbox 1222 1208 1620 1272; x_wconf 79' lang='lat' dir='ltr'><strong>p03sidendum.</strong></span> <span class='ocrx_word' id='word_1_96' title='bbox 1664 1208 1786 1260; x_wconf 64' lang='lat' dir='ltr'><strong>Haec</strong></span> <span class='ocrx_word' id='word_1_97' title='bbox 1824 1218 1947 1260; x_wconf 82' lang='lat' dir='ltr'><strong>sunt</strong></span> <span class='ocrx_word' id='word_1_98' title='bbox 1985 1225 2085 1276; x_wconf 90' lang='lat' dir='ltr'><strong>qua</strong></span> 
     </span>
    </p>
   </div>
   <div class='ocr_carea' id='block_1_15' title="bbox 511 1278 2083 1347">
    <p class='ocr_par' dir='ltr' id='par_1_15' title="bbox 511 1278 2083 1347">
     <span class='ocr_line' id='line_1_15' title="bbox 511 1278 2083 1347; baseline 0 -16"><span class='ocrx_word' id='word_1_99' title='bbox 511 1279 633 1332; x_wconf 88' lang='lat' dir='ltr'><strong>huic</strong></span> <span class='ocrx_word' id='word_1_100' title='bbox 663 1286 979 1329; x_wconf 85' lang='lat' dir='ltr'><strong>testamento</strong></span> <span class='ocrx_word' id='word_1_101' title='bbox 1009 1293 1131 1328; x_wconf 87' lang='lat' dir='ltr'><strong>meo</strong></span> <span class='ocrx_word' id='word_1_102' title='bbox 1155 1287 1441 1330; x_wconf 71' lang='lat' dir='ltr'><strong>armet-tere</strong></span> <span class='ocrx_word' id='word_1_103' title='bbox 1466 1278 1602 1330; x_wconf 84' lang='lat' dir='ltr'><strong>volui</strong></span> <span class='ocrx_word' id='word_1_104' title='bbox 1634 1297 1644 1329; x_wconf 91' lang='lat'><strong>:</strong></span> <span class='ocrx_word' id='word_1_105' title='bbox 1671 1281 1713 1331; x_wconf 95' lang='lat' dir='ltr'><strong>si</strong></span> <span class='ocrx_word' id='word_1_106' title='bbox 1743 1294 1861 1347; x_wconf 73' lang='lat' dir='ltr'><strong>qua:</strong></span> <span class='ocrx_word' id='word_1_107' title='bbox 1893 1280 2083 1341; x_wconf 68' lang='lat' dir='ltr'><strong>litnrie,</strong></span> 
     </span>
    </p>
   </div>
   <div class='ocr_carea' id='block_1_16' title="bbox 510 1347 2087 1417">
    <p class='ocr_par' dir='ltr' id='par_1_16' title="bbox 510 1347 2087 1417">
     <span class='ocr_line' id='line_1_16' title="bbox 510 1347 2087 1417; baseline -0.001 -15"><span class='ocrx_word' id='word_1_108' title='bbox 510 1350 596 1402; x_wconf 77' lang='lat' dir='ltr'><strong>Vel</strong></span> <span class='ocrx_word' id='word_1_109' title='bbox 626 1358 953 1400; x_wconf 75' lang='lat' dir='ltr'><strong>caraxalnra-</strong></span> <span class='ocrx_word' id='word_1_110' title='bbox 978 1347 1290 1410; x_wconf 69' lang='lat' dir='ltr'><strong>adiectionis</strong></span> <span class='ocrx_word' id='word_1_111' title='bbox 1318 1347 1469 1400; x_wconf 72' lang='lat' dir='ltr'><strong>facta:</strong></span> <span class='ocrx_word' id='word_1_112' title='bbox 1501 1358 1652 1409; x_wconf 88' lang='lat' dir='ltr'><strong>sunt,</strong></span> <span class='ocrx_word' id='word_1_113' title='bbox 1681 1366 1779 1417; x_wconf 81' lang='lat' dir='ltr'><strong>ego</strong></span> <span class='ocrx_word' id='word_1_114' title='bbox 1809 1349 1905 1400; x_wconf 77' lang='lat' dir='ltr'><strong>feci</strong></span> <span class='ocrx_word' id='word_1_115' title='bbox 1941 1349 2087 1402; x_wconf 75' lang='lat' dir='ltr'><strong>fieri-</strong></span> 
     </span>
    </p>
   </div>
   <div class='ocr_carea' id='block_1_17' title="bbox 506 1418 2083 1489">
    <p class='ocr_par' dir='ltr' id='par_1_17' title="bbox 506 1418 2083 1489">
     <span class='ocr_line' id='line_1_17' title="bbox 506 1418 2083 1489; baseline 0.003 -20"><span class='ocrx_word' id='word_1_116' title='bbox 506 1434 608 1487; x_wconf 89' lang='lat' dir='ltr'><strong>que</strong></span> <span class='ocrx_word' id='word_1_117' title='bbox 635 1418 766 1489; x_wconf 51' lang='lat' dir='ltr'><strong>jussi</strong></span> <span class='ocrx_word' id='word_1_118' title='bbox 787 1459 801 1479; x_wconf 93' lang='lat'><strong>,</strong></span> <span class='ocrx_word' id='word_1_119' title='bbox 831 1419 954 1470; x_wconf 92' lang='lat' dir='ltr'><strong>dum</strong></span> <span class='ocrx_word' id='word_1_120' title='bbox 982 1418 1107 1471; x_wconf 89' lang='lat' dir='ltr'><strong>mihi</strong></span> <span class='ocrx_word' id='word_1_121' title='bbox 1134 1435 1249 1471; x_wconf 76' lang='lat' dir='ltr'><strong>mea</strong></span> <span class='ocrx_word' id='word_1_122' title='bbox 1274 1420 1465 1484; x_wconf 74' lang='lat' dir='ltr'><strong>saepius</strong></span> <span class='ocrx_word' id='word_1_123' title='bbox 1490 1433 1796 1471; x_wconf 66' lang='lat' dir='ltr'><strong>recettsetttr</strong></span> <span class='ocrx_word' id='word_1_124' title='bbox 1820 1419 2083 1473; x_wconf 75' lang='lat' dir='ltr'><strong>Voluntas.</strong></span> 
     </span>
    </p>
   </div>
   <div class='ocr_carea' id='block_1_18' title="bbox 506 1488 2088 1555">
    <p class='ocr_par' dir='ltr' id='par_1_18' title="bbox 506 1488 2088 1555">
     <span class='ocr_line' id='line_1_18' title="bbox 506 1488 2088 1555; baseline 0.001 -14"><span class='ocrx_word' id='word_1_125' title='bbox 506 1492 633 1541; x_wconf 77' lang='lat' dir='ltr'><strong>Nam</strong></span> <span class='ocrx_word' id='word_1_126' title='bbox 677 1488 722 1541; x_wconf 85' lang='lat' dir='ltr'><strong>si</strong></span> <span class='ocrx_word' id='word_1_127' title='bbox 765 1490 882 1555; x_wconf 86' lang='lat' dir='ltr'><strong>quis</strong></span> <span class='ocrx_word' id='word_1_128' title='bbox 920 1498 1106 1541; x_wconf 87' lang='lat' dir='ltr'><strong>contra</strong></span> <span class='ocrx_word' id='word_1_129' title='bbox 1152 1490 1249 1541; x_wconf 90' lang='lat' dir='ltr'><strong>hoc</strong></span> <span class='ocrx_word' id='word_1_130' title='bbox 1291 1504 1467 1541; x_wconf 90' lang='lat' dir='ltr'><strong>meum</strong></span> <span class='ocrx_word' id='word_1_131' title='bbox 1506 1500 1875 1543; x_wconf 80' lang='lat' dir='ltr'><strong>testamentum</strong></span> <span class='ocrx_word' id='word_1_132' title='bbox 1909 1492 2088 1543; x_wconf 86' lang='lat' dir='ltr'><strong>venire</strong></span> 
     </span>
    </p>
   </div>
   <div class='ocr_carea' id='block_1_19' title="bbox 508 1561 2087 1627">
    <p class='ocr_par' dir='ltr' id='par_1_19' title="bbox 508 1561 2087 1627">
     <span class='ocr_line' id='line_1_19' title="bbox 508 1561 2087 1627; baseline 0.001 -15"><span class='ocrx_word' id='word_1_133' title='bbox 508 1561 790 1614; x_wconf 89' lang='lat' dir='ltr'><strong>tentaverit</strong></span> <span class='ocrx_word' id='word_1_134' title='bbox 835 1571 922 1611; x_wconf 88' lang='lat' dir='ltr'><strong>aut</strong></span> <span class='ocrx_word' id='word_1_135' title='bbox 970 1561 1167 1627; x_wconf 89' lang='lat' dir='ltr'><strong>aliquid</strong></span> <span class='ocrx_word' id='word_1_136' title='bbox 1214 1562 1511 1626; x_wconf 60' lang='lat' dir='ltr'><strong>irrumpere</strong></span> <span class='ocrx_word' id='word_1_137' title='bbox 1556 1561 1815 1622; x_wconf 83' lang='lat' dir='ltr'><strong>voluerit,</strong></span> <span class='ocrx_word' id='word_1_138' title='bbox 1862 1561 1927 1613; x_wconf 86' lang='lat' dir='ltr'><strong>sit</strong></span> <span class='ocrx_word' id='word_1_139' title='bbox 1960 1576 2087 1613; x_wconf 84' lang='lat' dir='ltr'><strong>aua-</strong></span> 
     </span>
    </p>
   </div>
   <div class='ocr_carea' id='block_1_20' title="bbox 510 1630 2085 1685">
    <p class='ocr_par' dir='ltr' id='par_1_20' title="bbox 510 1630 2085 1685">
     <span class='ocr_line' id='line_1_20' title="bbox 510 1630 2085 1685; baseline 0.002 -3"><span class='ocrx_word' id='word_1_140' title='bbox 510 1633 685 1684; x_wconf 88' lang='lat' dir='ltr'><strong>thema</strong></span> <span class='ocrx_word' id='word_1_141' title='bbox 734 1631 1041 1683; x_wconf 84' lang='lat' dir='ltr'><strong>maranatlia</strong></span> <span class='ocrx_word' id='word_1_142' title='bbox 1087 1630 1435 1683; x_wconf 83' lang='lat' dir='ltr'><strong>indissolubili</strong></span> <span class='ocrx_word' id='word_1_143' title='bbox 1484 1630 1696 1683; x_wconf 88' lang='lat' dir='ltr'><strong>vinculo</strong></span> <span class='ocrx_word' id='word_1_144' title='bbox 1740 1634 1788 1685; x_wconf 90' lang='lat' dir='ltr'><strong>in</strong></span> <span class='ocrx_word' id='word_1_145' title='bbox 1829 1642 2085 1685; x_wconf 69' lang='lat' dir='ltr'><strong>aeternum</strong></span> 
     </span>
    </p>
   </div>
   <div class='ocr_carea' id='block_1_21' title="bbox 505 1701 2088 1771">
    <p class='ocr_par' dir='ltr' id='par_1_21' title="bbox 505 1701 2088 1771">
     <span class='ocr_line' id='line_1_21' title="bbox 505 1701 2088 1771; baseline 0.001 -18"><span class='ocrx_word' id='word_1_146' title='bbox 505 1701 822 1764; x_wconf 81' lang='lat' dir='ltr'><strong>damnatus,</strong></span> <span class='ocrx_word' id='word_1_147' title='bbox 861 1712 913 1755; x_wconf 89' lang='lat' dir='ltr'><strong>et</strong></span> <span class='ocrx_word' id='word_1_148' title='bbox 952 1704 1021 1753; x_wconf 89' lang='lat' dir='ltr'><strong>sit</strong></span> <span class='ocrx_word' id='word_1_149' title='bbox 1062 1702 1204 1769; x_wconf 63' lang='lat' dir='ltr'><strong>Io-pra</strong></span> <span class='ocrx_word' id='word_1_150' title='bbox 1248 1716 1533 1767; x_wconf 87' lang='lat' dir='ltr'><strong>percussus</strong></span> <span class='ocrx_word' id='word_1_151' title='bbox 1579 1702 1811 1754; x_wconf 64' lang='lat' dir='ltr'><strong>Naaman</strong></span> <span class='ocrx_word' id='word_1_152' title='bbox 1851 1704 2001 1771; x_wconf 78' lang='lat' dir='ltr'><strong>Syri;</strong></span> <span class='ocrx_word' id='word_1_153' title='bbox 2035 1717 2088 1756; x_wconf 90' lang='lat' dir='ltr'><strong>et</strong></span> 
     </span>
    </p>
   </div>
   <div class='ocr_carea' id='block_1_22' title="bbox 509 1773 2087 1841">
    <p class='ocr_par' dir='ltr' id='par_1_22' title="bbox 509 1773 2087 1841">
     <span class='ocr_line' id='line_1_22' title="bbox 509 1773 2087 1841; baseline 0.001 -16"><span class='ocrx_word' id='word_1_154' title='bbox 509 1773 725 1838; x_wconf 81' lang='lat' dir='ltr'><strong>insuper</strong></span> <span class='ocrx_word' id='word_1_155' title='bbox 755 1773 947 1826; x_wconf 75' lang='lat' dir='ltr'><strong>inferat</strong></span> <span class='ocrx_word' id='word_1_156' title='bbox 973 1774 1099 1826; x_wconf 88' lang='lat' dir='ltr'><strong>lisco</strong></span> <span class='ocrx_word' id='word_1_157' title='bbox 1125 1773 1236 1824; x_wconf 83' lang='lat' dir='ltr'><strong>auri</strong></span> <span class='ocrx_word' id='word_1_158' title='bbox 1262 1774 1449 1824; x_wconf 88' lang='lat' dir='ltr'><strong>libram</strong></span> <span class='ocrx_word' id='word_1_159' title='bbox 1482 1788 1660 1837; x_wconf 89' lang='lat' dir='ltr'><strong>unam,</strong></span> <span class='ocrx_word' id='word_1_160' title='bbox 1686 1775 1887 1840; x_wconf 84' lang='lat' dir='ltr'><strong>argenti</strong></span> <span class='ocrx_word' id='word_1_161' title='bbox 1913 1775 2087 1841; x_wconf 83' lang='lat' dir='ltr'><strong>pundo</strong></span> 
     </span>
    </p>
   </div>
   <div class='ocr_carea' id='block_1_23' title="bbox 506 1842 2167 1922">
    <p class='ocr_par' dir='ltr' id='par_1_23' title="bbox 506 1842 2167 1922">
     <span class='ocr_line' id='line_1_23' title="bbox 506 1842 2167 1922; baseline 0.001 -26"><span class='ocrx_word' id='word_1_162' title='bbox 506 1842 610 1922; x_wconf 68' lang='lat' dir='ltr'><strong>duo</strong></span> <span class='ocrx_word' id='word_1_163' title='bbox 630 1882 644 1905; x_wconf 86' lang='lat'><strong>,</strong></span> <span class='ocrx_word' id='word_1_164' title='bbox 674 1853 725 1896; x_wconf 90' lang='lat' dir='ltr'><strong>et</strong></span> <span class='ocrx_word' id='word_1_165' title='bbox 757 1843 1102 1897; x_wconf 80' lang='lat' dir='ltr'><strong>nihilominus</strong></span> <span class='ocrx_word' id='word_1_166' title='bbox 1133 1858 1366 1911; x_wconf 69' lang='lat' dir='ltr'><strong>praesens</strong></span> <span class='ocrx_word' id='word_1_167' title='bbox 1395 1851 1767 1897; x_wconf 81' lang='lat' dir='ltr'><strong>testamentum</strong></span> <span class='ocrx_word' id='word_1_168' title='bbox 1796 1847 1944 1897; x_wconf 83' lang='lat' dir='ltr'><strong>lirma</strong></span> <span class='ocrx_word' id='word_1_169' title='bbox 1975 1854 2083 1897; x_wconf 85' lang='lat' dir='ltr'><strong>sta-</strong></span> <span class='ocrx_word' id='word_1_170' title='bbox 2122 1864 2167 1922; x_wconf 77' lang='grc' dir='ltr'><strong>Β</strong></span> 
     </span>
    </p>
   </div>
   <div class='ocr_carea' id='block_1_24' title="bbox 506 1914 1063 1980">
    <p class='ocr_par' dir='ltr' id='par_1_24' title="bbox 506 1914 1063 1980">
     <span class='ocr_line' id='line_1_24' title="bbox 506 1914 1063 1980; baseline 0 -14"><span class='ocrx_word' id='word_1_171' title='bbox 506 1914 711 1966; x_wconf 85' lang='lat' dir='ltr'><strong>bilitate</strong></span> <span class='ocrx_word' id='word_1_172' title='bbox 738 1922 1063 1980; x_wconf 74' lang='lat' dir='ltr'><strong>permaneat.</strong></span> 
     </span>
    </p>
   </div>
   <div class='ocr_carea' id='block_1_25' title="bbox 581 1983 2092 2053">
    <p class='ocr_par' dir='ltr' id='par_1_25' title="bbox 581 1983 2092 2053">
     <span class='ocr_line' id='line_1_25' title="bbox 581 1983 2092 2053; baseline 0.002 -17"><span class='ocrx_word' id='word_1_173' title='bbox 581 1983 771 2036; x_wconf 82' lang='lat' dir='ltr'><strong>Actum</strong></span> <span class='ocrx_word' id='word_1_174' title='bbox 803 1984 1053 2046; x_wconf 84' lang='lat' dir='ltr'><strong>Treberi,</strong></span> <span class='ocrx_word' id='word_1_175' title='bbox 1102 1984 1188 2037; x_wconf 89' lang='lat' dir='ltr'><strong>die</strong></span> <span class='ocrx_word' id='word_1_176' title='bbox 1226 1993 1279 2037; x_wconf 85' lang='lat' dir='ltr'><strong>et</strong></span> <span class='ocrx_word' id='word_1_177' title='bbox 1336 1999 1501 2048; x_wconf 77' lang='lat' dir='ltr'><strong>regno</strong></span> <span class='ocrx_word' id='word_1_178' title='bbox 1544 1986 1930 2053; x_wconf 89' lang='lat' dir='ltr'><strong>suprascripto.</strong></span> <span class='ocrx_word' id='word_1_179' title='bbox 1980 1983 2092 2049; x_wconf 74' lang='lat' dir='ltr'><strong>Ego</strong></span> 
     </span>
    </p>
   </div>
   <div class='ocr_carea' id='block_1_26' title="bbox 508 2054 2095 2125">
    <p class='ocr_par' dir='ltr' id='par_1_26' title="bbox 508 2054 2095 2125">
     <span class='ocr_line' id='line_1_26' title="bbox 508 2054 2095 2125; baseline 0.003 -21"><span class='ocrx_word' id='word_1_180' title='bbox 508 2054 743 2125; x_wconf 73' lang='lat' dir='ltr'><strong>Huncio,</strong></span> <span class='ocrx_word' id='word_1_181' title='bbox 777 2056 827 2107; x_wconf 90' lang='lat' dir='ltr'><strong>in</strong></span> <span class='ocrx_word' id='word_1_182' title='bbox 856 2054 1052 2108; x_wconf 80' lang='lat' dir='ltr'><strong>Christi</strong></span> <span class='ocrx_word' id='word_1_183' title='bbox 1094 2057 1310 2109; x_wconf 86' lang='lat' dir='ltr'><strong>nomine</strong></span> <span class='ocrx_word' id='word_1_184' title='bbox 1344 2056 1651 2123; x_wconf 83' lang='lat' dir='ltr'><strong>presbyter,</strong></span> <span class='ocrx_word' id='word_1_185' title='bbox 1687 2066 1908 2121; x_wconf 78' lang='lat' dir='ltr'><strong>rogante</strong></span> <span class='ocrx_word' id='word_1_186' title='bbox 1934 2067 1985 2108; x_wconf 89' lang='lat' dir='ltr'><strong>et</strong></span> <span class='ocrx_word' id='word_1_187' title='bbox 2008 2056 2095 2125; x_wconf 88' lang='lat' dir='ltr'><strong>ju-</strong></span> 
     </span>
    </p>
   </div>
   <div class='ocr_carea' id='block_1_27' title="bbox 511 2124 2091 2191">
    <p class='ocr_par' dir='ltr' id='par_1_27' title="bbox 511 2124 2091 2191">
     <span class='ocr_line' id='line_1_27' title="bbox 511 2124 2091 2191; baseline 0.001 -13"><span class='ocrx_word' id='word_1_188' title='bbox 511 2124 668 2179; x_wconf 89' lang='lat' dir='ltr'><strong>bente</strong></span> <span class='ocrx_word' id='word_1_189' title='bbox 696 2126 907 2178; x_wconf 89' lang='lat' dir='ltr'><strong>domina</strong></span> <span class='ocrx_word' id='word_1_190' title='bbox 946 2141 1063 2180; x_wconf 88' lang='lat' dir='ltr'><strong>mea</strong></span> <span class='ocrx_word' id='word_1_191' title='bbox 1108 2126 1299 2179; x_wconf 91' lang='lat' dir='ltr'><strong>lrmina</strong></span> <span class='ocrx_word' id='word_1_192' title='bbox 1340 2127 1640 2191; x_wconf 73' lang='lat' dir='ltr'><strong>abbati~sa,</strong></span> <span class='ocrx_word' id='word_1_193' title='bbox 1675 2126 1774 2179; x_wconf 82' lang='lat' dir='ltr'><strong>hoc</strong></span> <span class='ocrx_word' id='word_1_194' title='bbox 1807 2124 2091 2179; x_wconf 71' lang='lat' dir='ltr'><strong>testamen-</strong></span> 
     </span>
    </p>
   </div>
   <div class='ocr_carea' id='block_1_28' title="bbox 510 2197 2091 2263">
    <p class='ocr_par' dir='ltr' id='par_1_28' title="bbox 510 2197 2091 2263">
     <span class='ocr_line' id='line_1_28' title="bbox 510 2197 2091 2263; baseline 0.001 -16"><span class='ocrx_word' id='word_1_195' title='bbox 510 2204 621 2247; x_wconf 89' lang='lat' dir='ltr'><strong>tum</strong></span> <span class='ocrx_word' id='word_1_196' title='bbox 658 2197 977 2261; x_wconf 89' lang='lat' dir='ltr'><strong>perscripsi,</strong></span> <span class='ocrx_word' id='word_1_197' title='bbox 1011 2206 1066 2250; x_wconf 93' lang='lat' dir='ltr'><strong>et</strong></span> <span class='ocrx_word' id='word_1_198' title='bbox 1102 2197 1212 2261; x_wconf 88' lang='lat' dir='ltr'><strong>ipsa</strong></span> <span class='ocrx_word' id='word_1_199' title='bbox 1260 2199 1474 2257; x_wconf 83' lang='lat' dir='ltr'><strong>subter.</strong></span> <span class='ocrx_word' id='word_1_200' title='bbox 1517 2212 1677 2249; x_wconf 86' lang='lat' dir='ltr'><strong>manu</strong></span> <span class='ocrx_word' id='word_1_201' title='bbox 1712 2199 1954 2263; x_wconf 86' lang='lat' dir='ltr'><strong>propria,</strong></span> <span class='ocrx_word' id='word_1_202' title='bbox 1992 2213 2091 2250; x_wconf 89' lang='lat' dir='ltr'><strong>una</strong></span> 
     </span>
    </p>
   </div>
   <div class='ocr_carea' id='block_1_29' title="bbox 508 2267 2091 2333">
    <p class='ocr_par' dir='ltr' id='par_1_29' title="bbox 508 2267 2091 2333">
     <span class='ocr_line' id='line_1_29' title="bbox 508 2267 2091 2333; baseline 0.001 -14"><span class='ocrx_word' id='word_1_203' title='bbox 508 2281 633 2319; x_wconf 91' lang='lat' dir='ltr'><strong>cum</strong></span> <span class='ocrx_word' id='word_1_204' title='bbox 665 2267 916 2327; x_wconf 87' lang='lat' dir='ltr'><strong>testibus,</strong></span> <span class='ocrx_word' id='word_1_205' title='bbox 952 2269 1201 2321; x_wconf 88' lang='lat' dir='ltr'><strong>lirmavit.</strong></span> <span class='ocrx_word' id='word_1_206' title='bbox 1232 2268 1343 2333; x_wconf 85' lang='lat' dir='ltr'><strong>Ego</strong></span> <span class='ocrx_word' id='word_1_207' title='bbox 1372 2268 1565 2320; x_wconf 87' lang='lat' dir='ltr'><strong>lrtnina</strong></span> <span class='ocrx_word' id='word_1_208' title='bbox 1591 2269 1690 2320; x_wconf 92' lang='lat' dir='ltr'><strong>hoc</strong></span> <span class='ocrx_word' id='word_1_209' title='bbox 1720 2279 2091 2321; x_wconf 85' lang='lat' dir='ltr'><strong>testamentum</strong></span> 
     </span>
    </p>
   </div>
   <div class='ocr_carea' id='block_1_30' title="bbox 510 2338 2092 2407">
    <p class='ocr_par' dir='ltr' id='par_1_30' title="bbox 510 2338 2092 2407">
     <span class='ocr_line' id='line_1_30' title="bbox 510 2338 2092 2407; baseline -0.001 -18"><span class='ocrx_word' id='word_1_210' title='bbox 510 2351 688 2389; x_wconf 90' lang='lat' dir='ltr'><strong>meum</strong></span> <span class='ocrx_word' id='word_1_211' title='bbox 746 2339 933 2407; x_wconf 81' lang='lat' dir='ltr'><strong>relegi.</strong></span> <span class='ocrx_word' id='word_1_212' title='bbox 993 2338 1213 2390; x_wconf 82' lang='lat' dir='ltr'><strong>Basilius</strong></span> <span class='ocrx_word' id='word_1_213' title='bbox 1266 2340 1569 2406; x_wconf 87' lang='lat' dir='ltr'><strong>episcopus.</strong></span> <span class='ocrx_word' id='word_1_214' title='bbox 1632 2339 2092 2406; x_wconf 73' lang='lat' dir='ltr'><strong>EgoLeodwious</strong></span> 
     </span>
    </p>
   </div>
   <div class='ocr_carea' id='block_1_31' title="bbox 509 2408 2096 2475">
    <p class='ocr_par' dir='ltr' id='par_1_31' title="bbox 509 2408 2096 2475">
     <span class='ocr_line' id='line_1_31' title="bbox 509 2408 2096 2475; baseline 0.003 -15"><span class='ocrx_word' id='word_1_215' title='bbox 509 2408 813 2475; x_wconf 86' lang='lat' dir='ltr'><strong>episcopus.</strong></span> <span class='ocrx_word' id='word_1_216' title='bbox 854 2410 966 2473; x_wconf 80' lang='lat' dir='ltr'><strong>Ego</strong></span> <span class='ocrx_word' id='word_1_217' title='bbox 1004 2408 1382 2462; x_wconf 83' lang='lat' dir='ltr'><strong>Theodlridus.</strong></span> <span class='ocrx_word' id='word_1_218' title='bbox 1427 2410 1820 2462; x_wconf 58' lang='lat' dir='ltr'><strong>“Hildebertus.</strong></span> <span class='ocrx_word' id='word_1_219' title='bbox 1874 2408 2096 2462; x_wconf 82' lang='lat' dir='ltr'><strong>Bertwi-</strong></span> 
     </span>
    </p>
   </div>
   <div class='ocr_carea' id='block_1_32' title="bbox 511 2477 2094 2535">
    <p class='ocr_par' dir='ltr' id='par_1_32' title="bbox 511 2477 2094 2535">
     <span class='ocr_line' id='line_1_32' title="bbox 511 2477 2094 2535; baseline 0.004 -7"><span class='ocrx_word' id='word_1_220' title='bbox 511 2494 632 2530; x_wconf 88' lang='lat' dir='ltr'><strong>nus.</strong></span> <span class='ocrx_word' id='word_1_221' title='bbox 667 2479 1006 2533; x_wconf 79' lang='lat' dir='ltr'><strong>Adelbertus.</strong></span> <span class='ocrx_word' id='word_1_222' title='bbox 1038 2478 1416 2534; x_wconf 79' lang='lat' dir='ltr'><strong>Trasibricltts.</strong></span> <span class='ocrx_word' id='word_1_223' title='bbox 1449 2477 1779 2534; x_wconf 87' lang='lat' dir='ltr'><strong>Garibertus.</strong></span> <span class='ocrx_word' id='word_1_224' title='bbox 1824 2480 2094 2535; x_wconf 83' lang='lat' dir='ltr'><strong>Gazober-</strong></span> 
     </span>
    </p>
   </div>
   <div class='ocr_carea' id='block_1_33' title="bbox 511 2547 1396 2604">
    <p class='ocr_par' dir='ltr' id='par_1_33' title="bbox 511 2547 1396 2604">
     <span class='ocr_line' id='line_1_33' title="bbox 511 2547 1396 2604; baseline 0.002 -3"><span class='ocrx_word' id='word_1_225' title='bbox 511 2556 616 2603; x_wconf 82' lang='lat' dir='ltr'><strong>tus.</strong></span> <span class='ocrx_word' id='word_1_226' title='bbox 652 2549 1011 2604; x_wconf 86' lang='lat' dir='ltr'><strong>Audobertus.</strong></span> <span class='ocrx_word' id='word_1_227' title='bbox 1047 2547 1396 2603; x_wconf 87' lang='lat' dir='ltr'><strong>Waltharius.</strong></span> 
     </span>
    </p>
   </div>
   <div class='ocr_carea' id='block_1_34' title="bbox 512 2664 2097 2807">
    <p class='ocr_par' dir='ltr' id='par_1_34' title="bbox 512 2664 2097 2807">
     <span class='ocr_line' id='line_1_34' title="bbox 512 2664 2097 2807; baseline -0.001 -18"><span class='ocrx_word' id='word_1_228' title='bbox 512 2733 706 2789; x_wconf 84' lang='lat' dir='ltr'><strong>Charta</strong></span> <span class='ocrx_word' id='word_1_229' title='bbox 729 2752 831 2805; x_wconf 85' lang='lat' dir='ltr'><strong>qua</strong></span> <span class='ocrx_word' id='word_1_230' title='bbox 862 2734 1092 2797; x_wconf 81' lang='lat' dir='ltr'><strong>Irmina,</strong></span> <span class='ocrx_word' id='word_1_231' title='bbox 1128 2664 1378 2788; x_wconf 61' lang='lat' dir='ltr'><strong>abballiislso</strong></span> <span class='ocrx_word' id='word_1_232' title='bbox 1410 2735 1781 2807; x_wconf 75' lang='lat' dir='ltr'><strong>[Horrcensis]</strong></span> <span class='ocrx_word' id='word_1_233' title='bbox 1844 2734 2097 2803; x_wconf 80' lang='lat' dir='ltr'><strong>Epterna-</strong></span> 
     </span>
    </p>
   </div>
   <div class='ocr_carea' id='block_1_35' title="bbox 581 2807 2098 2874">
    <p class='ocr_par' dir='ltr' id='par_1_35' title="bbox 581 2807 2098 2874">
     <span class='ocr_line' id='line_1_35' title="bbox 581 2807 2098 2874; baseline 0.001 -16"><span class='ocrx_word' id='word_1_234' title='bbox 581 2808 718 2859; x_wconf 81' lang='lat' dir='ltr'><strong>censi</strong></span> <span class='ocrx_word' id='word_1_235' title='bbox 757 2808 1061 2859; x_wconf 75' lang='lat' dir='ltr'><strong>monasterio</strong></span> <span class='ocrx_word' id='word_1_236' title='bbox 1103 2807 1327 2859; x_wconf 80' lang='lat' dir='ltr'><strong>concedit</strong></span> <span class='ocrx_word' id='word_1_237' title='bbox 1360 2809 1536 2860; x_wconf 80' lang='lat' dir='ltr'><strong>villam</strong></span> <span class='ocrx_word' id='word_1_238' title='bbox 1576 2807 1834 2871; x_wconf 77' lang='lat' dir='ltr'><strong>Montem,</strong></span> <span class='ocrx_word' id='word_1_239' title='bbox 1877 2809 1929 2859; x_wconf 85' lang='lat' dir='ltr'><strong>in</strong></span> <span class='ocrx_word' id='word_1_240' title='bbox 1965 2823 2098 2874; x_wconf 82' lang='lat' dir='ltr'><strong>paqo</strong></span> 
     </span>
    </p>
   </div>
   <div class='ocr_carea' id='block_1_36' title="bbox 583 2876 2094 2946">
    <p class='ocr_par' dir='ltr' id='par_1_36' title="bbox 583 2876 2094 2946">
     <span class='ocr_line' id='line_1_36' title="bbox 583 2876 2094 2946; baseline 0 -17"><span class='ocrx_word' id='word_1_241' title='bbox 583 2876 929 2946; x_wconf 78' lang='lat' dir='ltr'><strong>Tulpiucensi,</strong></span> <span class='ocrx_word' id='word_1_242' title='bbox 957 2888 1005 2931; x_wconf 78' lang='lat' dir='ltr'><strong>et</strong></span> <span class='ocrx_word' id='word_1_243' title='bbox 1034 2879 1165 2929; x_wconf 82' lang='lat' dir='ltr'><strong>domi</strong></span> <span class='ocrx_word' id='word_1_244' title='bbox 1197 2879 1339 2943; x_wconf 77' lang='lat' dir='ltr'><strong>prius</strong></span> <span class='ocrx_word' id='word_1_245' title='bbox 1369 2882 1557 2933; x_wconf 84' lang='lat' dir='ltr'><strong>collata</strong></span> <span class='ocrx_word' id='word_1_246' title='bbox 1588 2879 1856 2945; x_wconf 77' lang='lat' dir='ltr'><strong>conﬁrmat</strong></span> <span class='ocrx_word' id='word_1_247' title='bbox 1887 2876 1915 2916; x_wconf 68' lang='grc' dir='ltr'>δ</span> <span class='ocrx_word' id='word_1_248' title='bbox 1945 2880 2094 2946; x_wconf 83' lang='lat' dir='ltr'><strong>(ann.</strong></span> 
     </span>
    </p>
   </div>
   <div class='ocr_carea' id='block_1_37' title="bbox 580 2944 728 3017">
    <p class='ocr_par' dir='ltr' id='par_1_37' title="bbox 580 2944 728 3017">
     <span class='ocr_line' id='line_1_37' title="bbox 580 2944 728 3017; baseline -0.007 -15"><span class='ocrx_word' id='word_1_249' title='bbox 580 2944 728 3017; x_wconf 77' lang='lat'><strong>699).</strong></span> 
     </span>
    </p>
   </div>
   <div class='ocr_carea' id='block_1_38' title="bbox 586 3039 2099 3107">
    <p class='ocr_par' dir='ltr' id='par_1_38' title="bbox 586 3039 2099 3107">
     <span class='ocr_line' id='line_1_38' title="bbox 586 3039 2099 3107; baseline 0.001 -16"><span class='ocrx_word' id='word_1_250' title='bbox 586 3039 810 3091; x_wconf 90' lang='lat' dir='ltr'><strong>Domino</strong></span> <span class='ocrx_word' id='word_1_251' title='bbox 837 3051 1023 3093; x_wconf 86' lang='lat' dir='ltr'><strong>sancto</strong></span> <span class='ocrx_word' id='word_1_252' title='bbox 1046 3050 1100 3094; x_wconf 88' lang='lat' dir='ltr'><strong>et</strong></span> <span class='ocrx_word' id='word_1_253' title='bbox 1129 3041 1178 3093; x_wconf 93' lang='lat' dir='ltr'><strong>iu</strong></span> <span class='ocrx_word' id='word_1_254' title='bbox 1211 3040 1425 3094; x_wconf 83' lang='lat' dir='ltr'><strong>ChriSIo</strong></span> <span class='ocrx_word' id='word_1_255' title='bbox 1451 3042 1583 3107; x_wconf 78' lang='lat' dir='ltr'><strong>patri</strong></span> <span class='ocrx_word' id='word_1_256' title='bbox 1612 3040 1959 3094; x_wconf 70' lang='lat' dir='ltr'><strong>Willillrordo</strong></span> <span class='ocrx_word' id='word_1_257' title='bbox 1989 3041 2099 3107; x_wconf 87' lang='lat' dir='ltr'><strong>epi-</strong></span> 
     </span>
    </p>
   </div>
   <div class='ocr_carea' id='block_1_39' title="bbox 512 3110 2095 3179">
    <p class='ocr_par' dir='ltr' id='par_1_39' title="bbox 512 3110 2095 3179">
     <span class='ocr_line' id='line_1_39' title="bbox 512 3110 2095 3179; baseline 0.001 -18"><span class='ocrx_word' id='word_1_258' title='bbox 512 3125 675 3177; x_wconf 87' lang='lat' dir='ltr'><strong>scopo</strong></span> <span class='ocrx_word' id='word_1_259' title='bbox 704 3110 897 3163; x_wconf 89' lang='lat' dir='ltr'><strong>lrmina</strong></span> <span class='ocrx_word' id='word_1_260' title='bbox 925 3112 1191 3163; x_wconf 63' lang='lat' dir='ltr'><strong>abbatissa</strong></span> <span class='ocrx_word' id='word_1_261' title='bbox 1223 3112 1490 3165; x_wconf 74' lang='lat' dir='ltr'><strong>donatrix.</strong></span> <span class='ocrx_word' id='word_1_262' title='bbox 1524 3111 1783 3179; x_wconf 81' lang='lat' dir='ltr'><strong>Quidquid</strong></span> <span class='ocrx_word' id='word_1_263' title='bbox 1818 3116 2095 3179; x_wconf 87' lang='lat' dir='ltr'><strong>unusquis-</strong></span> 
     </span>
    </p>
   </div>
   <div class='ocr_carea' id='block_1_40' title="bbox 513 3182 2095 3250">
    <p class='ocr_par' dir='ltr' id='par_1_40' title="bbox 513 3182 2095 3250">
     <span class='ocr_line' id='line_1_40' title="bbox 513 3182 2095 3250; baseline 0.003 -19"><span class='ocrx_word' id='word_1_264' title='bbox 513 3196 615 3247; x_wconf 88' lang='lat' dir='ltr'><strong>que</strong></span> <span class='ocrx_word' id='word_1_265' title='bbox 649 3182 805 3233; x_wconf 90' lang='lat' dir='ltr'><strong>homo</strong></span> <span class='ocrx_word' id='word_1_266' title='bbox 835 3184 901 3235; x_wconf 89' lang='lat' dir='ltr'><strong>de</strong></span> <span class='ocrx_word' id='word_1_267' title='bbox 942 3185 1097 3235; x_wconf 90' lang='lat' dir='ltr'><strong>rebus</strong></span> <span class='ocrx_word' id='word_1_268' title='bbox 1139 3184 1249 3234; x_wconf 84' lang='lat' dir='ltr'><strong>suis</strong></span> <span class='ocrx_word' id='word_1_269' title='bbox 1279 3184 1504 3250; x_wconf 86' lang='lat' dir='ltr'><strong>pro&#39;priis</strong></span> <span class='ocrx_word' id='word_1_270' title='bbox 1540 3184 1604 3235; x_wconf 92' lang='lat' dir='ltr'><strong>ad</strong></span> <span class='ocrx_word' id='word_1_271' title='bbox 1640 3183 1751 3235; x_wconf 86' lang='lat' dir='ltr'><strong>loca</strong></span> <span class='ocrx_word' id='word_1_272' title='bbox 1790 3194 2095 3236; x_wconf 83' lang='lat' dir='ltr'><strong>sanetorum</strong></span> 
     </span>
    </p>
   </div>
   <div class='ocr_carea' id='block_1_41' title="bbox 513 3252 2094 3321">
    <p class='ocr_par' dir='ltr' id='par_1_41' title="bbox 513 3252 2094 3321">
     <span class='ocr_line' id='line_1_41' title="bbox 513 3252 2094 3321; baseline 0.001 -17"><span class='ocrx_word' id='word_1_273' title='bbox 513 3260 606 3304; x_wconf 89' lang='lat' dir='ltr'><strong>aut</strong></span> <span class='ocrx_word' id='word_1_274' title='bbox 635 3266 911 3304; x_wconf 89' lang='lat' dir='ltr'><strong>servorum</strong></span> <span class='ocrx_word' id='word_1_275' title='bbox 939 3252 1032 3305; x_wconf 88' lang='lat' dir='ltr'><strong>Dei</strong></span> <span class='ocrx_word' id='word_1_276' title='bbox 1059 3262 1351 3321; x_wconf 86' lang='lat' dir='ltr'><strong>spontanea</strong></span> <span class='ocrx_word' id='word_1_277' title='bbox 1382 3256 1651 3306; x_wconf 84' lang='lat' dir='ltr'><strong>voluntate</strong></span> <span class='ocrx_word' id='word_1_278' title='bbox 1674 3254 1868 3320; x_wconf 89' lang='lat' dir='ltr'><strong>aliquid</strong></span> <span class='ocrx_word' id='word_1_279' title='bbox 1894 3254 2094 3306; x_wconf 89' lang='lat' dir='ltr'><strong>condo-</strong></span> 
     </span>
    </p>
   </div>
   <div class='ocr_carea' id='block_1_42' title="bbox 515 3323 2100 3391">
    <p class='ocr_par' dir='ltr' id='par_1_42' title="bbox 515 3323 2100 3391">
     <span class='ocr_line' id='line_1_42' title="bbox 515 3323 2100 3391; baseline 0.003 -17"><span class='ocrx_word' id='word_1_280' title='bbox 515 3323 750 3386; x_wconf 85' lang='lat' dir='ltr'><strong>naverit,</strong></span> <span class='ocrx_word' id='word_1_281' title='bbox 784 3324 882 3373; x_wconf 86' lang='lat' dir='ltr'><strong>hoc</strong></span> <span class='ocrx_word' id='word_1_282' title='bbox 913 3324 1011 3375; x_wconf 86' lang='lat' dir='ltr'><strong>sibi</strong></span> <span class='ocrx_word' id='word_1_283' title='bbox 1044 3324 1213 3376; x_wconf 90' lang='lat' dir='ltr'><strong>credit</strong></span> <span class='ocrx_word' id='word_1_284' title='bbox 1253 3326 1516 3378; x_wconf 86' lang='lat' dir='ltr'><strong>mercedis</strong></span> <span class='ocrx_word' id='word_1_285' title='bbox 1552 3326 1827 3391; x_wconf 65' lang='lat' dir='ltr'><strong>praemium</strong></span> <span class='ocrx_word' id='word_1_286' title='bbox 1864 3326 2100 3391; x_wconf 84' lang='lat' dir='ltr'><strong>recipere</strong></span> 
     </span>
    </p>
   </div>
   <div class='ocr_carea' id='block_1_43' title="bbox 515 3394 2100 3450">
    <p class='ocr_par' dir='ltr' id='par_1_43' title="bbox 515 3394 2100 3450">
     <span class='ocr_line' id='line_1_43' title="bbox 515 3394 2100 3450; baseline 0.003 -6"><span class='ocrx_word' id='word_1_287' title='bbox 515 3394 565 3445; x_wconf 85' lang='lat' dir='ltr'><strong>iit</strong></span> <span class='ocrx_word' id='word_1_288' title='bbox 605 3394 799 3445; x_wconf 86' lang='lat' dir='ltr'><strong>luturo.</strong></span> <span class='ocrx_word' id='word_1_289' title='bbox 841 3395 1039 3447; x_wconf 85' lang='lat' dir='ltr'><strong>Idcirco</strong></span> <span class='ocrx_word' id='word_1_290' title='bbox 1076 3397 1215 3447; x_wconf 90' lang='lat' dir='ltr'><strong>dono</strong></span> <span class='ocrx_word' id='word_1_291' title='bbox 1253 3398 1318 3447; x_wconf 84' lang='lat' dir='ltr'><strong>ad</strong></span> <span class='ocrx_word' id='word_1_292' title='bbox 1361 3398 1738 3449; x_wconf 81' lang='lat' dir='ltr'><strong>monasterium</strong></span> <span class='ocrx_word' id='word_1_293' title='bbox 1775 3407 2012 3447; x_wconf 73' lang='lat' dir='ltr'><strong>vestrum</strong></span> <span class='ocrx_word' id='word_1_294' title='bbox 2047 3398 2100 3450; x_wconf 93' lang='lat' dir='ltr'><strong>in</strong></span> 
     </span>
    </p>
   </div>
   <div class='ocr_carea' id='block_1_44' title="bbox 514 3463 2100 3535">
    <p class='ocr_par' dir='ltr' id='par_1_44' title="bbox 514 3463 2100 3535">
     <span class='ocr_line' id='line_1_44' title="bbox 514 3463 2100 3535; baseline 0.004 -22"><span class='ocrx_word' id='word_1_295' title='bbox 514 3463 640 3516; x_wconf 84' lang='lat' dir='ltr'><strong>villa</strong></span> <span class='ocrx_word' id='word_1_296' title='bbox 682 3466 979 3530; x_wconf 81' lang='lat' dir='ltr'><strong>Epternaco</strong></span> <span class='ocrx_word' id='word_1_297' title='bbox 1009 3476 1315 3535; x_wconf 80' lang='lat' dir='ltr'><strong>constructa</strong></span> <span class='ocrx_word' id='word_1_298' title='bbox 1368 3482 1528 3534; x_wconf 84' lang='lat' dir='ltr'><strong>super</strong></span> <span class='ocrx_word' id='word_1_299' title='bbox 1568 3464 1730 3519; x_wconf 83' lang='lat' dir='ltr'><strong>ﬂuvio</strong></span> <span class='ocrx_word' id='word_1_300' title='bbox 1762 3466 1929 3530; x_wconf 88' lang='lat' dir='ltr'><strong>Sura,</strong></span> <span class='ocrx_word' id='word_1_301' title='bbox 1960 3466 2100 3535; x_wconf 91' lang='lat' dir='ltr'><strong>quod</strong></span> 
     </span>
    </p>
   </div>
   <div class='ocr_carea' id='block_1_45' title="bbox 515 3534 2103 3603">
    <p class='ocr_par' dir='ltr' id='par_1_45' title="bbox 515 3534 2103 3603">
     <span class='ocr_line' id='line_1_45' title="bbox 515 3534 2103 3603; baseline 0.003 -16"><span class='ocrx_word' id='word_1_302' title='bbox 515 3549 615 3602; x_wconf 89' lang='lat' dir='ltr'><strong>ego</strong></span> <span class='ocrx_word' id='word_1_303' title='bbox 643 3550 669 3586; x_wconf 91' lang='lat' dir='ltr'><strong>a</strong></span> <span class='ocrx_word' id='word_1_304' title='bbox 706 3552 842 3587; x_wconf 86' lang='lat' dir='ltr'><strong>novo</strong></span> <span class='ocrx_word' id='word_1_305' title='bbox 888 3537 952 3586; x_wconf 87' lang='lat' dir='ltr'><strong>de</strong></span> <span class='ocrx_word' id='word_1_306' title='bbox 1000 3534 1163 3589; x_wconf 83' lang='lat' dir='ltr'><strong>fundo</strong></span> <span class='ocrx_word' id='word_1_307' title='bbox 1205 3538 1415 3603; x_wconf 69' lang='lat' dir='ltr'><strong>proiirio</strong></span> <span class='ocrx_word' id='word_1_308' title='bbox 1454 3539 1740 3599; x_wconf 68' lang='lat' dir='ltr'><strong>aediﬁcavi,</strong></span> <span class='ocrx_word' id='word_1_309' title='bbox 1780 3540 1863 3589; x_wconf 83' lang='lat' dir='ltr'><strong>vel</strong></span> <span class='ocrx_word' id='word_1_310' title='bbox 1901 3538 1968 3591; x_wconf 90' lang='lat' dir='ltr'><strong>ad</strong></span> <span class='ocrx_word' id='word_1_311' title='bbox 2015 3537 2103 3591; x_wconf 87' lang='lat' dir='ltr'><strong>illa</strong></span> 
     </span>
    </p>
   </div>
   <div class='ocr_carea' id='block_1_46' title="bbox 518 3604 2104 3675">
    <p class='ocr_par' dir='ltr' id='par_1_46' title="bbox 518 3604 2104 3675">
     <span class='ocr_line' id='line_1_46' title="bbox 518 3604 2104 3675; baseline 0.001 -16"><span class='ocrx_word' id='word_1_312' title='bbox 518 3606 632 3659; x_wconf 83' lang='lat' dir='ltr'><strong>loca</strong></span> <span class='ocrx_word' id='word_1_313' title='bbox 671 3604 771 3659; x_wconf 81' lang='lat' dir='ltr'><strong>SS.</strong></span> <span class='ocrx_word' id='word_1_314' title='bbox 815 3607 954 3659; x_wconf 76' lang='lat' dir='ltr'><strong>l’ctri</strong></span> <span class='ocrx_word' id='word_1_315' title='bbox 996 3616 1049 3661; x_wconf 91' lang='lat' dir='ltr'><strong>et</strong></span> <span class='ocrx_word' id='word_1_316' title='bbox 1090 3607 1234 3660; x_wconf 86' lang='lat' dir='ltr'><strong>Pauli</strong></span> <span class='ocrx_word' id='word_1_317' title='bbox 1283 3609 1645 3673; x_wconf 82' lang='lat' dir='ltr'><strong>apostolorum</strong></span> <span class='ocrx_word' id='word_1_318' title='bbox 1694 3619 2104 3675; x_wconf 83' lang='lat' dir='ltr'><strong>ceterorumque</strong></span> 
     </span>
    </p>
   </div>
   <div class='ocr_carea' id='block_1_47' title="bbox 517 3679 2104 3746">
    <p class='ocr_par' dir='ltr' id='par_1_47' title="bbox 517 3679 2104 3746">
     <span class='ocr_line' id='line_1_47' title="bbox 517 3679 2104 3746; baseline 0.002 -18"><span class='ocrx_word' id='word_1_319' title='bbox 517 3688 821 3729; x_wconf 72' lang='lat' dir='ltr'><strong>sant-torum</strong></span> <span class='ocrx_word' id='word_1_320' title='bbox 863 3687 1199 3745; x_wconf 84' lang='lat' dir='ltr'><strong>constructa,</strong></span> <span class='ocrx_word' id='word_1_321' title='bbox 1241 3679 1602 3746; x_wconf 83' lang='lat' dir='ltr'><strong>donatumque</strong></span> <span class='ocrx_word' id='word_1_322' title='bbox 1645 3694 1765 3733; x_wconf 84' lang='lat' dir='ltr'><strong>esse</strong></span> <span class='ocrx_word' id='word_1_323' title='bbox 1803 3682 1921 3730; x_wconf 84' lang='lat' dir='ltr'><strong>volo</strong></span> <span class='ocrx_word' id='word_1_324' title='bbox 1958 3696 1985 3729; x_wconf 90' lang='lat' dir='ltr'><strong>a</strong></span> <span class='ocrx_word' id='word_1_325' title='bbox 2017 3679 2104 3731; x_wconf 89' lang='lat' dir='ltr'><strong>die</strong></span> 
     </span>
    </p>
   </div>
   <div class='ocr_carea' id='block_1_48' title="bbox 516 3748 2101 3818">
    <p class='ocr_par' dir='ltr' id='par_1_48' title="bbox 516 3748 2101 3818">
     <span class='ocr_line' id='line_1_48' title="bbox 516 3748 2101 3818; baseline -0.001 -18"><span class='ocrx_word' id='word_1_326' title='bbox 516 3749 801 3815; x_wconf 63' lang='lat' dir='ltr'><strong>praesenti,</strong></span> <span class='ocrx_word' id='word_1_327' title='bbox 860 3748 959 3800; x_wconf 88' lang='lat' dir='ltr'><strong>hoc</strong></span> <span class='ocrx_word' id='word_1_328' title='bbox 1013 3760 1122 3813; x_wconf 90' lang='lat' dir='ltr'><strong>est,</strong></span> <span class='ocrx_word' id='word_1_329' title='bbox 1181 3762 1649 3818; x_wconf 75' lang='lat' dir='ltr'><strong>quantumcunque</strong></span> <span class='ocrx_word' id='word_1_330' title='bbox 1704 3750 1755 3802; x_wconf 91' lang='lat' dir='ltr'><strong>in</strong></span> <span class='ocrx_word' id='word_1_331' title='bbox 1807 3749 2101 3802; x_wconf 89' lang='lat' dir='ltr'><strong>ministeria</strong></span> 
     </span>
    </p>
   </div>
   <div class='ocr_carea' id='block_1_49' title="bbox 521 3820 2103 3888">
    <p class='ocr_par' dir='ltr' id='par_1_49' title="bbox 521 3820 2103 3888">
     <span class='ocr_line' id='line_1_49' title="bbox 521 3820 2103 3888; baseline 0.001 -19"><span class='ocrx_word' id='word_1_332' title='bbox 521 3820 756 3883; x_wconf 88' lang='lat' dir='ltr'><strong>ipsorum</strong></span> <span class='ocrx_word' id='word_1_333' title='bbox 786 3829 1092 3872; x_wconf 87' lang='lat' dir='ltr'><strong>sanctorum</strong></span> <span class='ocrx_word' id='word_1_334' title='bbox 1134 3822 1466 3881; x_wconf 88' lang='lat' dir='ltr'><strong>condonavi,</strong></span> <span class='ocrx_word' id='word_1_335' title='bbox 1503 3826 1585 3873; x_wconf 86' lang='lat' dir='ltr'><strong>vel</strong></span> <span class='ocrx_word' id='word_1_336' title='bbox 1628 3823 1677 3873; x_wconf 89' lang='lat' dir='ltr'><strong>in</strong></span> <span class='ocrx_word' id='word_1_337' title='bbox 1710 3821 1943 3888; x_wconf 84' lang='lat' dir='ltr'><strong>qualibet</strong></span> <span class='ocrx_word' id='word_1_338' title='bbox 1972 3836 2103 3884; x_wconf 72' lang='lat' dir='ltr'><strong>prte-</strong></span> 
     </span>
    </p>
   </div>
   <div class='ocr_carea' id='block_1_50' title="bbox 518 3888 2108 3960">
    <p class='ocr_par' dir='ltr' id='par_1_50' title="bbox 518 3888 2108 3960">
     <span class='ocr_line' id='line_1_50' title="bbox 518 3888 2108 3960; baseline 0.001 -20"><span class='ocrx_word' id='word_1_339' title='bbox 518 3888 650 3941; x_wconf 87' lang='lat' dir='ltr'><strong>sidia</strong></span> <span class='ocrx_word' id='word_1_340' title='bbox 676 3890 829 3951; x_wconf 84' lang='lat' dir='ltr'><strong>dedi,</strong></span> <span class='ocrx_word' id='word_1_341' title='bbox 862 3901 965 3943; x_wconf 54' lang='lat' dir='ltr'><strong>tim</strong></span> <span class='ocrx_word' id='word_1_342' title='bbox 992 3906 1154 3955; x_wconf 91' lang='lat' dir='ltr'><strong>auro,</strong></span> <span class='ocrx_word' id='word_1_343' title='bbox 1182 3908 1340 3959; x_wconf 85' lang='lat' dir='ltr'><strong>quam</strong></span> <span class='ocrx_word' id='word_1_344' title='bbox 1373 3902 1627 3960; x_wconf 80' lang='lat' dir='ltr'><strong>argento,</strong></span> <span class='ocrx_word' id='word_1_345' title='bbox 1656 3892 1911 3959; x_wconf 86' lang='lat' dir='ltr'><strong>gemmis,</strong></span> <span class='ocrx_word' id='word_1_346' title='bbox 1947 3891 2108 3943; x_wconf 81' lang='lat' dir='ltr'><strong>vcsti-</strong></span> 
     </span>
    </p>
   </div>
   <div class='ocr_carea' id='block_1_51' title="bbox 523 3961 2110 4026">
    <p class='ocr_par' dir='ltr' id='par_1_51' title="bbox 523 3961 2110 4026">
     <span class='ocr_line' id='line_1_51' title="bbox 523 3961 2110 4026; baseline 0.001 -15"><span class='ocrx_word' id='word_1_347' title='bbox 523 3962 715 4012; x_wconf 83' lang='lat' dir='ltr'><strong>meutis</strong></span> <span class='ocrx_word' id='word_1_348' title='bbox 755 3961 1030 4023; x_wconf 84' lang='lat' dir='ltr'><strong>altarium,</strong></span> <span class='ocrx_word' id='word_1_349' title='bbox 1065 3963 1225 4025; x_wconf 77' lang='lat' dir='ltr'><strong>velis,</strong></span> <span class='ocrx_word' id='word_1_350' title='bbox 1255 3964 1508 4026; x_wconf 83' lang='lat' dir='ltr'><strong>cortinis,</strong></span> <span class='ocrx_word' id='word_1_351' title='bbox 1553 3962 1797 4015; x_wconf 78' lang='lat' dir='ltr'><strong>utensilia</strong></span> <span class='ocrx_word' id='word_1_352' title='bbox 1838 3973 1941 4013; x_wconf 92' lang='lat' dir='ltr'><strong>tam</strong></span> <span class='ocrx_word' id='word_1_353' title='bbox 1970 3974 2110 4013; x_wconf 75' lang='lat' dir='ltr'><strong>:rrea</strong></span> 
     </span>
    </p>
   </div>
   <div class='ocr_carea' id='block_1_52' title="bbox 522 4032 2108 4101">
    <p class='ocr_par' dir='ltr' id='par_1_52' title="bbox 522 4032 2108 4101">
     <span class='ocr_line' id='line_1_52' title="bbox 522 4032 2108 4101; baseline 0.004 -22"><span class='ocrx_word' id='word_1_354' title='bbox 522 4045 680 4101; x_wconf 85' lang='lat' dir='ltr'><strong>quam</strong></span> <span class='ocrx_word' id='word_1_355' title='bbox 716 4034 884 4083; x_wconf 71' lang='lat' dir='ltr'><strong>ferrea</strong></span> <span class='ocrx_word' id='word_1_356' title='bbox 928 4046 1021 4084; x_wconf 87' lang='lat' dir='ltr'><strong>seu</strong></span> <span class='ocrx_word' id='word_1_357' title='bbox 1067 4043 1116 4083; x_wconf 85' lang='lat' dir='ltr'><strong>et</strong></span> <span class='ocrx_word' id='word_1_358' title='bbox 1155 4032 1292 4099; x_wconf 66' lang='lat' dir='ltr'><strong>ligna</strong></span> <span class='ocrx_word' id='word_1_359' title='bbox 1331 4048 1509 4097; x_wconf 74' lang='lat' dir='ltr'><strong>operis</strong></span> <span class='ocrx_word' id='word_1_360' title='bbox 1549 4044 2018 4101; x_wconf 73' lang='lat' dir='ltr'><strong>quantumcunque</strong></span> <span class='ocrx_word' id='word_1_361' title='bbox 2057 4034 2108 4085; x_wconf 92' lang='lat' dir='ltr'><strong>in</strong></span> 
     </span>
    </p>
   </div>
   <div class='ocr_carea' id='block_1_53' title="bbox 522 4100 2109 4173">
    <p class='ocr_par' dir='ltr' id='par_1_53' title="bbox 522 4100 2109 4173">
     <span class='ocr_line' id='line_1_53' title="bbox 522 4100 2109 4173; baseline 0.002 -21"><span class='ocrx_word' id='word_1_362' title='bbox 522 4100 639 4167; x_wconf 84' lang='lat' dir='ltr'><strong>ipsa</strong></span> <span class='ocrx_word' id='word_1_363' title='bbox 670 4100 783 4153; x_wconf 74' lang='lat' dir='ltr'><strong>loco</strong></span> <span class='ocrx_word' id='word_1_364' title='bbox 816 4113 1159 4167; x_wconf 85' lang='lat' dir='ltr'><strong>sanctorum,</strong></span> <span class='ocrx_word' id='word_1_365' title='bbox 1190 4103 1273 4156; x_wconf 86' lang='lat' dir='ltr'><strong>vel</strong></span> <span class='ocrx_word' id='word_1_366' title='bbox 1297 4103 1348 4156; x_wconf 91' lang='lat' dir='ltr'><strong>in</strong></span> <span class='ocrx_word' id='word_1_367' title='bbox 1382 4105 1637 4173; x_wconf 66' lang='lat' dir='ltr'><strong>pitcdicto</strong></span> <span class='ocrx_word' id='word_1_368' title='bbox 1665 4100 1987 4157; x_wconf 82' lang='lat' dir='ltr'><strong>monasterio</strong></span> <span class='ocrx_word' id='word_1_369' title='bbox 2015 4118 2109 4172; x_wconf 89' lang='lat' dir='ltr'><strong>po-</strong></span> 
     </span>
    </p>
   </div>
   <div class='ocr_carea' id='block_1_54' title="bbox 596 4229 2110 4305">
    <p class='ocr_par' dir='ltr' id='par_1_54' title="bbox 596 4229 2110 4305">
     <span class='ocr_line' id='line_1_54' title="bbox 596 4229 2110 4305; baseline 0.003 -22"><span class='ocrx_word' id='word_1_370' title='bbox 596 4239 624 4267; x_wconf 76' lang='grc' dir='ltr'>ιι</span> <span class='ocrx_word' id='word_1_371' title='bbox 654 4229 851 4284; x_wconf 87' lang='lat' dir='ltr'><strong>Locum</strong></span> <span class='ocrx_word' id='word_1_372' title='bbox 887 4232 1025 4284; x_wconf 92' lang='lat' dir='ltr'><strong>hunc</strong></span> <span class='ocrx_word' id='word_1_373' title='bbox 1063 4232 1354 4285; x_wconf 86' lang='lat' dir='ltr'><strong>climinavit</strong></span> <span class='ocrx_word' id='word_1_374' title='bbox 1398 4234 1679 4305; x_wconf 82' lang='lat' dir='ltr'><strong>Browerus</strong></span> <span class='ocrx_word' id='word_1_375' title='bbox 1719 4244 1775 4285; x_wconf 93' lang='lat' dir='ltr'><strong>ut</strong></span> <span class='ocrx_word' id='word_1_376' title='bbox 1808 4251 1991 4288; x_wconf 89' lang='lat' dir='ltr'><strong>vocem</strong></span> <span class='ocrx_word' id='word_1_377' title='bbox 2023 4252 2110 4305; x_wconf 84' lang='lat' dir='ltr'><strong>pe-</strong></span> 
     </span>
    </p>
   </div>
   <div class='ocr_carea' id='block_1_55' title="bbox 527 4300 2107 4371">
    <p class='ocr_par' dir='ltr' id='par_1_55' title="bbox 527 4300 2107 4371">
     <span class='ocr_line' id='line_1_55' title="bbox 527 4300 2107 4371; baseline 0.006 -20"><span class='ocrx_word' id='word_1_378' title='bbox 527 4300 760 4353; x_wconf 84' lang='lat' dir='ltr'><strong>deturam</strong></span> <span class='ocrx_word' id='word_1_379' title='bbox 808 4316 1169 4371; x_wconf 72' lang='lat' dir='ltr'><strong>expungeret,</strong></span> <span class='ocrx_word' id='word_1_380' title='bbox 1219 4319 1337 4369; x_wconf 74' lang='lat' dir='ltr'><strong>qua:</strong></span> <span class='ocrx_word' id='word_1_381' title='bbox 1385 4320 1574 4369; x_wconf 91' lang='lat' dir='ltr'><strong>purum</strong></span> <span class='ocrx_word' id='word_1_382' title='bbox 1629 4304 1758 4356; x_wconf 85' lang='lat' dir='ltr'><strong>Latii</strong></span> <span class='ocrx_word' id='word_1_383' title='bbox 1805 4300 2107 4361; x_wconf 75' lang='lat' dir='ltr'><strong>sermonem</strong></span> 
     </span>
    </p>
   </div>
   <div class='ocr_carea' id='block_1_56' title="bbox 529 4372 2109 4441">
    <p class='ocr_par' dir='ltr' id='par_1_56' title="bbox 529 4372 2109 4441">
     <span class='ocr_line' id='line_1_56' title="bbox 529 4372 2109 4441; baseline 0.003 -17"><span class='ocrx_word' id='word_1_384' title='bbox 529 4372 748 4425; x_wconf 88' lang='lat' dir='ltr'><strong>m.nime</strong></span> <span class='ocrx_word' id='word_1_385' title='bbox 779 4376 947 4437; x_wconf 74' lang='lat' dir='ltr'><strong>sapit;</strong></span> <span class='ocrx_word' id='word_1_386' title='bbox 980 4378 1304 4437; x_wconf 78' lang='lat' dir='ltr'><strong>pedemram,</strong></span> <span class='ocrx_word' id='word_1_387' title='bbox 1336 4388 1427 4427; x_wconf 91' lang='lat' dir='ltr'><strong>seu</strong></span> <span class='ocrx_word' id='word_1_388' title='bbox 1462 4375 1632 4441; x_wconf 79' lang='lat' dir='ltr'><strong>politis</strong></span> <span class='ocrx_word' id='word_1_389' title='bbox 1670 4375 1999 4440; x_wconf 82' lang='lat' dir='ltr'><strong>pedaluram,</strong></span> <span class='ocrx_word' id='word_1_390' title='bbox 2031 4379 2109 4429; x_wconf 88' lang='lat' dir='ltr'><strong>iii-</strong></span> 
     </span>
    </p>
   </div>
   <div class='ocr_carea' id='block_1_57' title="bbox 529 4445 2111 4514">
    <p class='ocr_par' dir='ltr' id='par_1_57' title="bbox 529 4445 2111 4514">
     <span class='ocr_line' id='line_1_57' title="bbox 529 4445 2111 4514; baseline 0.005 -18"><span class='ocrx_word' id='word_1_391' title='bbox 529 4453 850 4509; x_wconf 58' lang='lat' dir='ltr'><strong>terpri-tatur</strong></span> <span class='ocrx_word' id='word_1_392' title='bbox 873 4445 1162 4499; x_wconf 79' lang='lat' dir='ltr'><strong>Martenius</strong></span> <span class='ocrx_word' id='word_1_393' title='bbox 1188 4458 1368 4498; x_wconf 88' lang='lat' dir='ltr'><strong>aream</strong></span> <span class='ocrx_word' id='word_1_394' title='bbox 1393 4458 1541 4499; x_wconf 81' lang='lat' dir='ltr'><strong>certo</strong></span> <span class='ocrx_word' id='word_1_395' title='bbox 1562 4448 1753 4514; x_wconf 90' lang='lat' dir='ltr'><strong>pedum</strong></span> <span class='ocrx_word' id='word_1_396' title='bbox 1777 4445 2111 4504; x_wconf 85' lang='lat' dir='ltr'><strong>dimensione</strong></span> 
     </span>
    </p>
   </div>
   <div class='ocr_carea' id='block_1_58' title="bbox 524 4516 987 4581">
    <p class='ocr_par' dir='ltr' id='par_1_58' title="bbox 524 4516 987 4581">
     <span class='ocr_line' id='line_1_58' title="bbox 524 4516 987 4581; baseline -0.002 -16"><span class='ocrx_word' id='word_1_397' title='bbox 524 4516 987 4581; x_wconf 72' lang='lat' dir='ltr'><strong>comprehensam.</strong></span> 
     </span>
    </p>
   </div>
   <div class='ocr_carea' id='block_1_59' title="bbox 2187 570 3761 634">
    <p class='ocr_par' dir='ltr' id='par_1_59' title="bbox 2187 570 3761 634">
     <span class='ocr_line' id='line_1_59' title="bbox 2187 570 3761 634; baseline 0.003 -11"><span class='ocrx_word' id='word_1_398' title='bbox 2187 580 2367 634; x_wconf 87' lang='lat' dir='ltr'><strong>tuero,</strong></span> <span class='ocrx_word' id='word_1_399' title='bbox 2398 574 2520 625; x_wconf 91' lang='lat' dir='ltr'><strong>volo</strong></span> <span class='ocrx_word' id='word_1_400' title='bbox 2547 580 2603 624; x_wconf 93' lang='lat' dir='ltr'><strong>ut</strong></span> <span class='ocrx_word' id='word_1_401' title='bbox 2633 571 2729 623; x_wconf 86' lang='lat' dir='ltr'><strong>hac</strong></span> <span class='ocrx_word' id='word_1_402' title='bbox 2763 588 2824 624; x_wconf 76' lang='lat' dir='ltr'><strong>ex</strong></span> <span class='ocrx_word' id='word_1_403' title='bbox 2856 582 3034 624; x_wconf 88' lang='lat' dir='ltr'><strong>nostra</strong></span> <span class='ocrx_word' id='word_1_404' title='bbox 3067 570 3423 625; x_wconf 71' lang='lat' dir='ltr'><strong>muniﬁcentia</strong></span> <span class='ocrx_word' id='word_1_405' title='bbox 3457 574 3507 625; x_wconf 92' lang='lat' dir='ltr'><strong>in</strong></span> <span class='ocrx_word' id='word_1_406' title='bbox 3542 574 3631 625; x_wconf 89' lang='lat' dir='ltr'><strong>Dei</strong></span> <span class='ocrx_word' id='word_1_407' title='bbox 3666 570 3761 627; x_wconf 82' lang='lat' dir='ltr'><strong>no-</strong></span> 
     </span>
    </p>
   </div>
   <div class='ocr_carea' id='block_1_60' title="bbox 2186 643 3767 710">
    <p class='ocr_par' dir='ltr' id='par_1_60' title="bbox 2186 643 3767 710">
     <span class='ocr_line' id='line_1_60' title="bbox 2186 643 3767 710; baseline 0.006 -19"><span class='ocrx_word' id='word_1_408' title='bbox 2186 644 2326 693; x_wconf 88' lang='lat' dir='ltr'><strong>mine</strong></span> <span class='ocrx_word' id='word_1_409' title='bbox 2358 643 2591 707; x_wconf 75' lang='lat' dir='ltr'><strong>proficiat</strong></span> <span class='ocrx_word' id='word_1_410' title='bbox 2631 643 3009 710; x_wconf 67' lang='lat' dir='ltr'><strong>pi-rpetualiter</strong></span> <span class='ocrx_word' id='word_1_411' title='bbox 3048 643 3099 696; x_wconf 92' lang='lat' dir='ltr'><strong>in</strong></span> <span class='ocrx_word' id='word_1_412' title='bbox 3140 644 3456 707; x_wconf 80' lang='lat' dir='ltr'><strong>augmentis.</strong></span> <span class='ocrx_word' id='word_1_413' title='bbox 3506 643 3767 700; x_wconf 82' lang='lat' dir='ltr'><strong>Similiter</strong></span> 
     </span>
    </p>
   </div>
   <div class='ocr_carea' id='block_1_61' title="bbox 2186 712 3766 780">
    <p class='ocr_par' dir='ltr' id='par_1_61' title="bbox 2186 712 3766 780">
     <span class='ocr_line' id='line_1_61' title="bbox 2186 712 3766 780; baseline 0.004 -17"><span class='ocrx_word' id='word_1_414' title='bbox 2186 712 2325 764; x_wconf 90' lang='lat' dir='ltr'><strong>dono</strong></span> <span class='ocrx_word' id='word_1_415' title='bbox 2368 714 2518 766; x_wconf 81' lang='lat' dir='ltr'><strong>vobis</strong></span> <span class='ocrx_word' id='word_1_416' title='bbox 2564 728 2591 765; x_wconf 89' lang='lat' dir='ltr'><strong>a</strong></span> <span class='ocrx_word' id='word_1_417' title='bbox 2634 714 2720 764; x_wconf 91' lang='lat' dir='ltr'><strong>die</strong></span> <span class='ocrx_word' id='word_1_418' title='bbox 2763 712 3005 778; x_wconf 68' lang='lat' dir='ltr'><strong>priesenli</strong></span> <span class='ocrx_word' id='word_1_419' title='bbox 3051 716 3114 765; x_wconf 90' lang='lat' dir='ltr'><strong>ad</strong></span> <span class='ocrx_word' id='word_1_420' title='bbox 3164 714 3334 780; x_wconf 88' lang='lat' dir='ltr'><strong>ipsutn</strong></span> <span class='ocrx_word' id='word_1_421' title='bbox 3382 715 3766 770; x_wconf 74' lang='lat' dir='ltr'><strong>monasterium</strong></span> 
     </span>
    </p>
   </div>
   <div class='ocr_carea' id='block_1_62' title="bbox 2190 784 3772 851">
    <p class='ocr_par' dir='ltr' id='par_1_62' title="bbox 2190 784 3772 851">
     <span class='ocr_line' id='line_1_62' title="bbox 2190 784 3772 851; baseline 0.006 -21"><span class='ocrx_word' id='word_1_422' title='bbox 2190 790 2424 835; x_wconf 78' lang='lat' dir='ltr'><strong>vestrum</strong></span> <span class='ocrx_word' id='word_1_423' title='bbox 2474 784 2868 851; x_wconf 78' lang='lat' dir='ltr'><strong>Epternacense</strong></span> <span class='ocrx_word' id='word_1_424' title='bbox 2919 784 3099 836; x_wconf 85' lang='lat' dir='ltr'><strong>villam</strong></span> <span class='ocrx_word' id='word_1_425' title='bbox 3146 786 3300 847; x_wconf 77' lang='lat' dir='ltr'><strong>cuius</strong></span> <span class='ocrx_word' id='word_1_426' title='bbox 3341 784 3657 838; x_wconf 81' lang='lat' dir='ltr'><strong>voeabulum</strong></span> <span class='ocrx_word' id='word_1_427' title='bbox 3688 793 3772 840; x_wconf 83' lang='lat' dir='ltr'><strong>est</strong></span> 
     </span>
    </p>
   </div>
   <div class='ocr_carea' id='block_1_63' title="bbox 2188 852 3769 922">
    <p class='ocr_par' dir='ltr' id='par_1_63' title="bbox 2188 852 3769 922">
     <span class='ocr_line' id='line_1_63' title="bbox 2188 852 3769 922; baseline 0.001 -16"><span class='ocrx_word' id='word_1_428' title='bbox 2188 852 2411 918; x_wconf 81' lang='lat' dir='ltr'><strong>Montis,</strong></span> <span class='ocrx_word' id='word_1_429' title='bbox 2441 857 2593 905; x_wconf 87' lang='lat' dir='ltr'><strong>sitam</strong></span> <span class='ocrx_word' id='word_1_430' title='bbox 2626 855 2675 907; x_wconf 92' lang='lat' dir='ltr'><strong>in</strong></span> <span class='ocrx_word' id='word_1_431' title='bbox 2713 870 2844 921; x_wconf 84' lang='lat' dir='ltr'><strong>pago</strong></span> <span class='ocrx_word' id='word_1_432' title='bbox 2872 855 3209 921; x_wconf 85' lang='lat' dir='ltr'><strong>Tulpiacensi</strong></span> <span class='ocrx_word' id='word_1_433' title='bbox 3230 895 3244 915; x_wconf 89' lang='lat'><strong>,</strong></span> <span class='ocrx_word' id='word_1_434' title='bbox 3273 868 3431 922; x_wconf 89' lang='lat' dir='ltr'><strong>quam</strong></span> <span class='ocrx_word' id='word_1_435' title='bbox 3464 856 3531 907; x_wconf 85' lang='lat' dir='ltr'><strong>de</strong></span> <span class='ocrx_word' id='word_1_436' title='bbox 3568 855 3769 908; x_wconf 81' lang='lat' dir='ltr'><strong>dulcis-</strong></span> 
     </span>
    </p>
   </div>
   <div class='ocr_carea' id='block_1_64' title="bbox 2187 924 3770 989">
    <p class='ocr_par' dir='ltr' id='par_1_64' title="bbox 2187 924 3770 989">
     <span class='ocr_line' id='line_1_64' title="bbox 2187 924 3770 989; baseline 0.003 -16"><span class='ocrx_word' id='word_1_437' title='bbox 2187 924 2320 975; x_wconf 82' lang='lat' dir='ltr'><strong>sima</strong></span> <span class='ocrx_word' id='word_1_438' title='bbox 2343 925 2660 976; x_wconf 81' lang='lat' dir='ltr'><strong>consobrina</strong></span> <span class='ocrx_word' id='word_1_439' title='bbox 2685 939 2799 976; x_wconf 73' lang='lat' dir='ltr'><strong>mea</strong></span> <span class='ocrx_word' id='word_1_440' title='bbox 2828 925 3217 989; x_wconf 81' lang='lat' dir='ltr'><strong>Erlninilrude,</strong></span> <span class='ocrx_word' id='word_1_441' title='bbox 3244 924 3347 976; x_wconf 79' lang='lat' dir='ltr'><strong>[ilia</strong></span> <span class='ocrx_word' id='word_1_442' title='bbox 3380 924 3587 976; x_wconf 84' lang='lat' dir='ltr'><strong>Paulini</strong></span> <span class='ocrx_word' id='word_1_443' title='bbox 3609 966 3623 988; x_wconf 87' lang='lat'><strong>,</strong></span> <span class='ocrx_word' id='word_1_444' title='bbox 3649 926 3770 977; x_wconf 82' lang='lat' dir='ltr'><strong>dato</strong></span> 
     </span>
    </p>
   </div>
   <div class='ocr_carea' id='block_1_65' title="bbox 2187 994 3771 1062">
    <p class='ocr_par' dir='ltr' id='par_1_65' title="bbox 2187 994 3771 1062">
     <span class='ocr_line' id='line_1_65' title="bbox 2187 994 3771 1062; baseline 0.002 -17"><span class='ocrx_word' id='word_1_445' title='bbox 2187 996 2357 1061; x_wconf 86' lang='lat' dir='ltr'><strong>pretio</strong></span> <span class='ocrx_word' id='word_1_446' title='bbox 2378 995 2677 1057; x_wconf 82' lang='lat' dir='ltr'><strong>comparavi</strong></span> <span class='ocrx_word' id='word_1_447' title='bbox 2699 1037 2713 1061; x_wconf 85' lang='lat'><strong>,</strong></span> <span class='ocrx_word' id='word_1_448' title='bbox 2750 996 2848 1048; x_wconf 89' lang='lat' dir='ltr'><strong>hoc</strong></span> <span class='ocrx_word' id='word_1_449' title='bbox 2870 1007 2981 1054; x_wconf 81' lang='lat' dir='ltr'><strong>est,</strong></span> <span class='ocrx_word' id='word_1_450' title='bbox 3017 1005 3123 1047; x_wconf 88' lang='lat' dir='ltr'><strong>tam</strong></span> <span class='ocrx_word' id='word_1_451' title='bbox 3152 996 3427 1056; x_wconf 87' lang='lat' dir='ltr'><strong>domibus,</strong></span> <span class='ocrx_word' id='word_1_452' title='bbox 3460 1011 3621 1062; x_wconf 82' lang='lat' dir='ltr'><strong>quam</strong></span> <span class='ocrx_word' id='word_1_453' title='bbox 3648 994 3771 1048; x_wconf 67' lang='lat' dir='ltr'><strong>aedi-</strong></span> 
     </span>
    </p>
   </div>
   <div class='ocr_carea' id='block_1_66' title="bbox 2190 1065 3773 1133">
    <p class='ocr_par' dir='ltr' id='par_1_66' title="bbox 2190 1065 3773 1133">
     <span class='ocr_line' id='line_1_66' title="bbox 2190 1065 3773 1133; baseline 0.003 -19"><span class='ocrx_word' id='word_1_454' title='bbox 2190 1065 2353 1125; x_wconf 88' lang='lat' dir='ltr'><strong>liciis,</strong></span> <span class='ocrx_word' id='word_1_455' title='bbox 2379 1069 2576 1117; x_wconf 85' lang='lat' dir='ltr'><strong>mansis</strong></span> <span class='ocrx_word' id='word_1_456' title='bbox 2594 1103 2609 1128; x_wconf 90' lang='lat'><strong>,</strong></span> <span class='ocrx_word' id='word_1_457' title='bbox 2636 1067 2804 1128; x_wconf 83' lang='lat' dir='ltr'><strong>casis,</strong></span> <span class='ocrx_word' id='word_1_458' title='bbox 2834 1067 3109 1127; x_wconf 82' lang='lat' dir='ltr'><strong>mancipiis</strong></span> <span class='ocrx_word' id='word_1_459' title='bbox 3127 1106 3140 1127; x_wconf 88' lang='lat'><strong>,</strong></span> <span class='ocrx_word' id='word_1_460' title='bbox 3165 1068 3399 1132; x_wconf 86' lang='lat' dir='ltr'><strong>campis,</strong></span> <span class='ocrx_word' id='word_1_461' title='bbox 3426 1068 3622 1133; x_wconf 83' lang='lat' dir='ltr'><strong>sylvis,</strong></span> <span class='ocrx_word' id='word_1_462' title='bbox 3656 1082 3773 1131; x_wconf 85' lang='lat' dir='ltr'><strong>pra-</strong></span> 
     </span>
    </p>
   </div>
   <div class='ocr_carea' id='block_1_67' title="bbox 2190 1135 3774 1205">
    <p class='ocr_par' dir='ltr' id='par_1_67' title="bbox 2190 1135 3774 1205">
     <span class='ocr_line' id='line_1_67' title="bbox 2190 1135 3774 1205; baseline 0.003 -19"><span class='ocrx_word' id='word_1_463' title='bbox 2190 1135 2287 1198; x_wconf 89' lang='lat' dir='ltr'><strong>tis,</strong></span> <span class='ocrx_word' id='word_1_464' title='bbox 2322 1138 2563 1201; x_wconf 75' lang='lat' dir='ltr'><strong>pascuis,</strong></span> <span class='ocrx_word' id='word_1_465' title='bbox 2596 1135 2939 1205; x_wconf 78' lang='lat' dir='ltr'><strong>adjaCeutiis,</strong></span> <span class='ocrx_word' id='word_1_466' title='bbox 2971 1138 3120 1202; x_wconf 81' lang='lat' dir='ltr'><strong>aquis</strong></span> <span class='ocrx_word' id='word_1_467' title='bbox 3142 1152 3505 1202; x_wconf 87' lang='lat' dir='ltr'><strong>aquarumque</strong></span> <span class='ocrx_word' id='word_1_468' title='bbox 3536 1138 3774 1190; x_wconf 78' lang='lat' dir='ltr'><strong>dccursi-</strong></span> 
     </span>
    </p>
   </div>
   <div class='ocr_carea' id='block_1_68' title="bbox 2191 1206 3775 1274">
    <p class='ocr_par' dir='ltr' id='par_1_68' title="bbox 2191 1206 3775 1274">
     <span class='ocr_line' id='line_1_68' title="bbox 2191 1206 3775 1274; baseline 0.003 -19"><span class='ocrx_word' id='word_1_469' title='bbox 2191 1206 2319 1267; x_wconf 88' lang='lat' dir='ltr'><strong>bus,</strong></span> <span class='ocrx_word' id='word_1_470' title='bbox 2352 1208 2528 1259; x_wconf 88' lang='lat' dir='ltr'><strong>omnia</strong></span> <span class='ocrx_word' id='word_1_471' title='bbox 2552 1222 2613 1259; x_wconf 82' lang='lat' dir='ltr'><strong>ex</strong></span> <span class='ocrx_word' id='word_1_472' title='bbox 2644 1209 2889 1258; x_wconf 90' lang='lat' dir='ltr'><strong>omnibus</strong></span> <span class='ocrx_word' id='word_1_473' title='bbox 2932 1208 2993 1257; x_wconf 87' lang='lat' dir='ltr'><strong>ad</strong></span> <span class='ocrx_word' id='word_1_474' title='bbox 3037 1208 3329 1269; x_wconf 79' lang='lat' dir='ltr'><strong>integrum,</strong></span> <span class='ocrx_word' id='word_1_475' title='bbox 3376 1210 3454 1259; x_wconf 88' lang='lat' dir='ltr'><strong>vel</strong></span> <span class='ocrx_word' id='word_1_476' title='bbox 3487 1218 3775 1274; x_wconf 86' lang='lat' dir='ltr'><strong>quantum-</strong></span> 
     </span>
    </p>
   </div>
   <div class='ocr_carea' id='block_1_69' title="bbox 2189 1277 3777 1345">
    <p class='ocr_par' dir='ltr' id='par_1_69' title="bbox 2189 1277 3777 1345">
     <span class='ocr_line' id='line_1_69' title="bbox 2189 1277 3777 1345; baseline 0.002 -18"><span class='ocrx_word' id='word_1_477' title='bbox 2189 1289 2398 1343; x_wconf 88' lang='lat' dir='ltr'><strong>cunque</strong></span> <span class='ocrx_word' id='word_1_478' title='bbox 2425 1280 2473 1328; x_wconf 90' lang='lat' dir='ltr'><strong>in</strong></span> <span class='ocrx_word' id='word_1_479' title='bbox 2509 1287 2797 1329; x_wconf 80' lang='lat' dir='ltr'><strong>memorata</strong></span> <span class='ocrx_word' id='word_1_480' title='bbox 2831 1278 2952 1329; x_wconf 83' lang='lat' dir='ltr'><strong>villa</strong></span> <span class='ocrx_word' id='word_1_481' title='bbox 2995 1278 3186 1330; x_wconf 81' lang='lat' dir='ltr'><strong>Montis</strong></span> <span class='ocrx_word' id='word_1_482' title='bbox 3208 1318 3221 1336; x_wconf 84' lang='lat'><strong><em>.</em></strong></span> <span class='ocrx_word' id='word_1_483' title='bbox 3254 1289 3493 1345; x_wconf 90' lang='lat' dir='ltr'><strong>tempore</strong></span> <span class='ocrx_word' id='word_1_484' title='bbox 3524 1277 3777 1342; x_wconf 66' lang='lat' dir='ltr'><strong>praesenti</strong></span> 
     </span>
    </p>
   </div>
   <div class='ocr_carea' id='block_1_70' title="bbox 2192 1348 3777 1415">
    <p class='ocr_par' dir='ltr' id='par_1_70' title="bbox 2192 1348 3777 1415">
     <span class='ocr_line' id='line_1_70' title="bbox 2192 1348 3777 1415; baseline 0.003 -19"><span class='ocrx_word' id='word_1_485' title='bbox 2192 1348 2465 1409; x_wconf 86' lang='lat' dir='ltr'><strong>possidere</strong></span> <span class='ocrx_word' id='word_1_486' title='bbox 2495 1348 2709 1409; x_wconf 80' lang='lat' dir='ltr'><strong>videor,</strong></span> <span class='ocrx_word' id='word_1_487' title='bbox 2742 1362 2833 1399; x_wconf 88' lang='lat' dir='ltr'><strong>seu</strong></span> <span class='ocrx_word' id='word_1_488' title='bbox 2866 1359 2920 1400; x_wconf 89' lang='lat' dir='ltr'><strong>et</strong></span> <span class='ocrx_word' id='word_1_489' title='bbox 2949 1348 3138 1415; x_wconf 91' lang='lat' dir='ltr'><strong>peculii</strong></span> <span class='ocrx_word' id='word_1_490' title='bbox 3166 1348 3468 1413; x_wconf 74' lang='lat' dir='ltr'><strong>pruinisctio</strong></span> <span class='ocrx_word' id='word_1_491' title='bbox 3495 1359 3777 1414; x_wconf 56' lang='lat' dir='ltr'><strong>ulcusque</strong></span> 
     </span>
    </p>
   </div>
   <div class='ocr_carea' id='block_1_71' title="bbox 2188 1418 3775 1483">
    <p class='ocr_par' dir='ltr' id='par_1_71' title="bbox 2188 1418 3775 1483">
     <span class='ocr_line' id='line_1_71' title="bbox 2188 1418 3775 1483; baseline 0.003 -18"><span class='ocrx_word' id='word_1_492' title='bbox 2188 1420 2398 1483; x_wconf 58' lang='lat' dir='ltr'><strong>generis</strong></span> <span class='ocrx_word' id='word_1_493' title='bbox 2438 1420 2706 1471; x_wconf 85' lang='lat' dir='ltr'><strong>natiOnum</strong></span> <span class='ocrx_word' id='word_1_494' title='bbox 2750 1418 2933 1481; x_wconf 89' lang='lat' dir='ltr'><strong>vobis,</strong></span> <span class='ocrx_word' id='word_1_495' title='bbox 2980 1418 3061 1471; x_wconf 90' lang='lat' dir='ltr'><strong>vel</strong></span> <span class='ocrx_word' id='word_1_496' title='bbox 3104 1420 3167 1471; x_wconf 87' lang='lat' dir='ltr'><strong>ad</strong></span> <span class='ocrx_word' id='word_1_497' title='bbox 3211 1434 3353 1480; x_wconf 72' lang='lat' dir='ltr'><strong>smpe</strong></span> <span class='ocrx_word' id='word_1_498' title='bbox 3390 1420 3552 1469; x_wconf 82' lang='lat' dir='ltr'><strong>latum</strong></span> <span class='ocrx_word' id='word_1_499' title='bbox 3588 1434 3775 1470; x_wconf 85' lang='lat' dir='ltr'><strong>mona-</strong></span> 
     </span>
    </p>
   </div>
   <div class='ocr_carea' id='block_1_72' title="bbox 2191 1488 3780 1554">
    <p class='ocr_par' dir='ltr' id='par_1_72' title="bbox 2191 1488 3780 1554">
     <span class='ocr_line' id='line_1_72' title="bbox 2191 1488 3780 1554; baseline 0.003 -19"><span class='ocrx_word' id='word_1_500' title='bbox 2191 1490 2409 1539; x_wconf 80' lang='lat' dir='ltr'><strong>sterium</strong></span> <span class='ocrx_word' id='word_1_501' title='bbox 2450 1500 2682 1541; x_wconf 70' lang='grc' dir='ltr'><strong>νιιειτιιιιι</strong></span> <span class='ocrx_word' id='word_1_502' title='bbox 2722 1488 3151 1554; x_wconf 79' lang='lat' dir='ltr'><strong>Eplernacense,</strong></span> <span class='ocrx_word' id='word_1_503' title='bbox 3194 1504 3221 1539; x_wconf 89' lang='lat' dir='ltr'><strong>a</strong></span> <span class='ocrx_word' id='word_1_504' title='bbox 3267 1489 3353 1540; x_wconf 83' lang='lat' dir='ltr'><strong>die</strong></span> <span class='ocrx_word' id='word_1_505' title='bbox 3400 1490 3689 1550; x_wconf 54' lang='lat' dir='ltr'><strong>praesenti,</strong></span> <span class='ocrx_word' id='word_1_506' title='bbox 3726 1497 3780 1540; x_wconf 92' lang='lat' dir='ltr'><strong>ut</strong></span> 
     </span>
    </p>
   </div>
   <div class='ocr_carea' id='block_1_73' title="bbox 2190 1559 3780 1625">
    <p class='ocr_par' dir='ltr' id='par_1_73' title="bbox 2190 1559 3780 1625">
     <span class='ocr_line' id='line_1_73' title="bbox 2190 1559 3780 1625; baseline 0.001 -18"><span class='ocrx_word' id='word_1_507' title='bbox 2190 1560 2433 1623; x_wconf 72' lang='lat' dir='ltr'><strong>superius</strong></span> <span class='ocrx_word' id='word_1_508' title='bbox 2467 1559 2609 1622; x_wconf 81' lang='lat' dir='ltr'><strong>dixi,</strong></span> <span class='ocrx_word' id='word_1_509' title='bbox 2650 1560 2713 1609; x_wconf 79' lang='lat' dir='ltr'><strong>do</strong></span> <span class='ocrx_word' id='word_1_510' title='bbox 2753 1569 3012 1621; x_wconf 73' lang='lat' dir='ltr'><strong>poli-state</strong></span> <span class='ocrx_word' id='word_1_511' title='bbox 3052 1576 3169 1611; x_wconf 81' lang='lat' dir='ltr'><strong>mea</strong></span> <span class='ocrx_word' id='word_1_512' title='bbox 3215 1561 3265 1612; x_wconf 90' lang='lat' dir='ltr'><strong>in</strong></span> <span class='ocrx_word' id='word_1_513' title='bbox 3303 1560 3422 1625; x_wconf 88' lang='lat' dir='ltr'><strong>jure</strong></span> <span class='ocrx_word' id='word_1_514' title='bbox 3450 1568 3505 1610; x_wconf 87' lang='lat' dir='ltr'><strong>et</strong></span> <span class='ocrx_word' id='word_1_515' title='bbox 3544 1561 3780 1610; x_wconf 85' lang='lat' dir='ltr'><strong>domina-</strong></span> 
     </span>
    </p>
   </div>
   <div class='ocr_carea' id='block_1_74' title="bbox 2192 1627 3778 1696">
    <p class='ocr_par' dir='ltr' id='par_1_74' title="bbox 2192 1627 3778 1696">
     <span class='ocr_line' id='line_1_74' title="bbox 2192 1627 3778 1696; baseline 0.001 -17"><span class='ocrx_word' id='word_1_516' title='bbox 2192 1627 2337 1680; x_wconf 79' lang='lat' dir='ltr'><strong>tione</strong></span> <span class='ocrx_word' id='word_1_517' title='bbox 2384 1640 2557 1681; x_wconf 78' lang='lat' dir='ltr'><strong>vestra</strong></span> <span class='ocrx_word' id='word_1_518' title='bbox 2603 1630 2872 1696; x_wconf 88' lang='lat' dir='ltr'><strong>vestrique</strong></span> <span class='ocrx_word' id='word_1_519' title='bbox 2920 1631 3264 1692; x_wconf 80' lang='lat' dir='ltr'><strong>monasterii,</strong></span> <span class='ocrx_word' id='word_1_520' title='bbox 3313 1644 3404 1694; x_wconf 89' lang='lat' dir='ltr'><strong>per</strong></span> <span class='ocrx_word' id='word_1_521' title='bbox 3459 1642 3778 1693; x_wconf 63' lang='lat' dir='ltr'><strong>praesentem</strong></span> 
     </span>
    </p>
   </div>
   <div class='ocr_carea' id='block_1_75' title="bbox 2193 1700 3783 1763">
    <p class='ocr_par' dir='ltr' id='par_1_75' title="bbox 2193 1700 3783 1763">
     <span class='ocr_line' id='line_1_75' title="bbox 2193 1700 3783 1763; baseline 0.002 -13"><span class='ocrx_word' id='word_1_522' title='bbox 2193 1700 2439 1763; x_wconf 77' lang='lat' dir='ltr'><strong>paginam</strong></span> <span class='ocrx_word' id='word_1_523' title='bbox 2472 1702 2773 1752; x_wconf 86' lang='lat' dir='ltr'><strong>donationis</strong></span> <span class='ocrx_word' id='word_1_524' title='bbox 2809 1716 2941 1753; x_wconf 73' lang='lat' dir='ltr'><strong>mea:</strong></span> <span class='ocrx_word' id='word_1_525' title='bbox 2971 1717 3127 1752; x_wconf 90' lang='lat' dir='ltr'><strong>manu</strong></span> <span class='ocrx_word' id='word_1_526' title='bbox 3170 1716 3283 1752; x_wconf 86' lang='lat' dir='ltr'><strong>mea</strong></span> <span class='ocrx_word' id='word_1_527' title='bbox 3319 1700 3582 1751; x_wconf 87' lang='lat' dir='ltr'><strong>lirmalam</strong></span> <span class='ocrx_word' id='word_1_528' title='bbox 3634 1704 3783 1753; x_wconf 69' lang='lat' dir='ltr'><strong>trado</strong></span> 
     </span>
    </p>
   </div>
   <div class='ocr_carea' id='block_1_76' title="bbox 2191 1769 3784 1837">
    <p class='ocr_par' dir='ltr' id='par_1_76' title="bbox 2191 1769 3784 1837">
     <span class='ocr_line' id='line_1_76' title="bbox 2191 1769 3784 1837; baseline 0.003 -19"><span class='ocrx_word' id='word_1_529' title='bbox 2191 1778 2350 1834; x_wconf 82' lang='lat' dir='ltr'><strong>atque</strong></span> <span class='ocrx_word' id='word_1_530' title='bbox 2397 1771 2711 1822; x_wconf 82' lang='lat' dir='ltr'><strong>transfundo</strong></span> <span class='ocrx_word' id='word_1_531' title='bbox 2743 1769 3121 1837; x_wconf 87' lang='lat' dir='ltr'><strong>perpetualiter</strong></span> <span class='ocrx_word' id='word_1_532' title='bbox 3153 1771 3202 1823; x_wconf 94' lang='lat' dir='ltr'><strong>in</strong></span> <span class='ocrx_word' id='word_1_533' title='bbox 3240 1770 3330 1823; x_wconf 88' lang='lat' dir='ltr'><strong>Dei</strong></span> <span class='ocrx_word' id='word_1_534' title='bbox 3362 1772 3579 1821; x_wconf 54' lang='lat' dir='ltr'><strong>nomine</strong></span> <span class='ocrx_word' id='word_1_535' title='bbox 3612 1770 3784 1835; x_wconf 88' lang='lat' dir='ltr'><strong>possi-</strong></span> 
     </span>
    </p>
   </div>
   <div class='ocr_carea' id='block_1_77' title="bbox 2194 1840 3783 1907">
    <p class='ocr_par' dir='ltr' id='par_1_77' title="bbox 2194 1840 3783 1907">
     <span class='ocr_line' id='line_1_77' title="bbox 2194 1840 3783 1907; baseline 0.001 -16"><span class='ocrx_word' id='word_1_536' title='bbox 2194 1840 2424 1892; x_wconf 88' lang='lat' dir='ltr'><strong>dendum</strong></span> <span class='ocrx_word' id='word_1_537' title='bbox 2448 1851 2464 1905; x_wconf 85' lang='lat'><strong>&#39;,</strong></span> <span class='ocrx_word' id='word_1_538' title='bbox 2491 1857 2554 1894; x_wconf 87' lang='lat' dir='ltr'><strong>ea</strong></span> <span class='ocrx_word' id='word_1_539' title='bbox 2586 1844 2824 1901; x_wconf 80' lang='lat' dir='ltr'><strong>ratione,</strong></span> <span class='ocrx_word' id='word_1_540' title='bbox 2860 1852 2915 1892; x_wconf 90' lang='lat' dir='ltr'><strong>ut</strong></span> <span class='ocrx_word' id='word_1_541' title='bbox 2944 1842 3190 1907; x_wconf 82' lang='lat' dir='ltr'><strong>quiequid</strong></span> <span class='ocrx_word' id='word_1_542' title='bbox 3234 1857 3297 1893; x_wconf 83' lang='lat' dir='ltr'><strong>ex</strong></span> <span class='ocrx_word' id='word_1_543' title='bbox 3350 1843 3446 1892; x_wconf 87' lang='lat' dir='ltr'><strong>hoc</strong></span> <span class='ocrx_word' id='word_1_544' title='bbox 3468 1881 3479 1902; x_wconf 93' lang='lat'><strong>,</strong></span> <span class='ocrx_word' id='word_1_545' title='bbox 3534 1851 3639 1891; x_wconf 74' lang='lat' dir='ltr'><strong>tam</strong></span> <span class='ocrx_word' id='word_1_546' title='bbox 3691 1854 3783 1893; x_wconf 82' lang='lat' dir='ltr'><strong>vos</strong></span> 
     </span>
    </p>
   </div>
   <div class='ocr_carea' id='block_1_78' title="bbox 2195 1910 3757 1979">
    <p class='ocr_par' dir='ltr' id='par_1_78' title="bbox 2195 1910 3757 1979">
     <span class='ocr_line' id='line_1_78' title="bbox 2195 1910 3757 1979; baseline 0.003 -20"><span class='ocrx_word' id='word_1_547' title='bbox 2195 1927 2354 1976; x_wconf 90' lang='lat' dir='ltr'><strong>quam</strong></span> <span class='ocrx_word' id='word_1_548' title='bbox 2385 1912 2575 1965; x_wconf 85' lang='lat' dir='ltr'><strong>lratres</strong></span> <span class='ocrx_word' id='word_1_549' title='bbox 2602 1912 2766 1976; x_wconf 84' lang='lat' dir='ltr'><strong>ipsius</strong></span> <span class='ocrx_word' id='word_1_550' title='bbox 2792 1916 3093 1965; x_wconf 87' lang='lat' dir='ltr'><strong>monasterii</strong></span> <span class='ocrx_word' id='word_1_551' title='bbox 3117 1913 3337 1979; x_wconf 86' lang='lat' dir='ltr'><strong>elegatis</strong></span> <span class='ocrx_word' id='word_1_552' title='bbox 3356 1951 3371 1973; x_wconf 93' lang='lat'><strong>,</strong></span> <span class='ocrx_word' id='word_1_553' title='bbox 3400 1910 3630 1963; x_wconf 78' lang='lat' dir='ltr'><strong>faciendi</strong></span> <span class='ocrx_word' id='word_1_554' title='bbox 3649 1950 3664 1971; x_wconf 86' lang='lat'><strong>,</strong></span> <span class='ocrx_word' id='word_1_555' title='bbox 3693 1910 3757 1963; x_wconf 81' lang='lat' dir='ltr'><strong>ba</strong></span> 
     </span>
    </p>
   </div>
   <div class='ocr_carea' id='block_1_79' title="bbox 2195 1980 3785 2045">
    <p class='ocr_par' dir='ltr' id='par_1_79' title="bbox 2195 1980 3785 2045">
     <span class='ocr_line' id='line_1_79' title="bbox 2195 1980 3785 2045; baseline 0 -12"><span class='ocrx_word' id='word_1_556' title='bbox 2195 1981 2352 2033; x_wconf 77' lang='lat' dir='ltr'><strong>bendi</strong></span> <span class='ocrx_word' id='word_1_557' title='bbox 2378 2023 2393 2043; x_wconf 89' lang='lat'><strong>,</strong></span> <span class='ocrx_word' id='word_1_558' title='bbox 2425 1983 2668 2045; x_wconf 86' lang='lat' dir='ltr'><strong>tenendi,</strong></span> <span class='ocrx_word' id='word_1_559' title='bbox 2699 1984 3056 2036; x_wconf 88' lang='lat' dir='ltr'><strong>commutandi</strong></span> <span class='ocrx_word' id='word_1_560' title='bbox 3090 1984 3308 2034; x_wconf 86' lang='lat' dir='ltr'><strong>liberant</strong></span> <span class='ocrx_word' id='word_1_561' title='bbox 3336 1992 3389 2033; x_wconf 88' lang='lat' dir='ltr'><strong>et</strong></span> <span class='ocrx_word' id='word_1_562' title='bbox 3420 1980 3785 2033; x_wconf 77' lang='lat' dir='ltr'><strong>lirmiSsimam</strong></span> 
     </span>
    </p>
   </div>
   <div class='ocr_carea' id='block_1_80' title="bbox 2198 2053 3784 2120">
    <p class='ocr_par' dir='ltr' id='par_1_80' title="bbox 2198 2053 3784 2120">
     <span class='ocr_line' id='line_1_80' title="bbox 2198 2053 3784 2120; baseline 0.001 -17"><span class='ocrx_word' id='word_1_563' title='bbox 2198 2053 2247 2103; x_wconf 92' lang='lat' dir='ltr'><strong>in</strong></span> <span class='ocrx_word' id='word_1_564' title='bbox 2294 2055 2539 2105; x_wconf 89' lang='lat' dir='ltr'><strong>omnibus</strong></span> <span class='ocrx_word' id='word_1_565' title='bbox 2589 2053 2828 2105; x_wconf 79' lang='lat' dir='ltr'><strong>habeatis</strong></span> <span class='ocrx_word' id='word_1_566' title='bbox 2878 2064 3226 2120; x_wconf 71' lang='lat' dir='ltr'><strong>potestatem,</strong></span> <span class='ocrx_word' id='word_1_567' title='bbox 3266 2062 3320 2104; x_wconf 91' lang='lat' dir='ltr'><strong>et</strong></span> <span class='ocrx_word' id='word_1_568' title='bbox 3351 2053 3549 2104; x_wconf 83' lang='lat' dir='ltr'><strong>nullius</strong></span> <span class='ocrx_word' id='word_1_569' title='bbox 3578 2067 3644 2105; x_wconf 80' lang='lat' dir='ltr'><strong>ex</strong></span> <span class='ocrx_word' id='word_1_570' title='bbox 3688 2053 3784 2104; x_wconf 88' lang='lat' dir='ltr'><strong>hoc</strong></span> 
     </span>
    </p>
   </div>
   <div class='ocr_carea' id='block_1_81' title="bbox 2196 2121 3783 2190">
    <p class='ocr_par' dir='ltr' id='par_1_81' title="bbox 2196 2121 3783 2190">
     <span class='ocr_line' id='line_1_81' title="bbox 2196 2121 3783 2190; baseline -0.001 -17"><span class='ocrx_word' id='word_1_571' title='bbox 2196 2123 2513 2176; x_wconf 65' lang='lat' dir='ltr'><strong>calumniam</strong></span> <span class='ocrx_word' id='word_1_572' title='bbox 2544 2123 2740 2176; x_wconf 85' lang='lat' dir='ltr'><strong>habere</strong></span> <span class='ocrx_word' id='word_1_573' title='bbox 2770 2124 3181 2189; x_wconf 86' lang='lat' dir='ltr'><strong>pertiinescatis.</strong></span> <span class='ocrx_word' id='word_1_574' title='bbox 3214 2121 3343 2174; x_wconf 84' lang='lat' dir='ltr'><strong>Nam</strong></span> <span class='ocrx_word' id='word_1_575' title='bbox 3377 2122 3419 2173; x_wconf 89' lang='lat' dir='ltr'><strong>si</strong></span> <span class='ocrx_word' id='word_1_576' title='bbox 3448 2123 3566 2190; x_wconf 74' lang='lat' dir='ltr'><strong>quis</strong></span> <span class='ocrx_word' id='word_1_577' title='bbox 3598 2136 3783 2173; x_wconf 87' lang='lat' dir='ltr'><strong>contra</strong></span> 
     </span>
    </p>
   </div>
   <div class='ocr_carea' id='block_1_82' title="bbox 2198 2194 3786 2262">
    <p class='ocr_par' dir='ltr' id='par_1_82' title="bbox 2198 2194 3786 2262">
     <span class='ocr_line' id='line_1_82' title="bbox 2198 2194 3786 2262; baseline 0 -19"><span class='ocrx_word' id='word_1_578' title='bbox 2198 2194 2335 2246; x_wconf 88' lang='lat' dir='ltr'><strong>hanc</strong></span> <span class='ocrx_word' id='word_1_579' title='bbox 2362 2205 2563 2247; x_wconf 86' lang='lat' dir='ltr'><strong>carlam</strong></span> <span class='ocrx_word' id='word_1_580' title='bbox 2594 2195 2932 2259; x_wconf 89' lang='lat' dir='ltr'><strong>donationis,</strong></span> <span class='ocrx_word' id='word_1_581' title='bbox 2962 2210 3118 2260; x_wconf 86' lang='lat' dir='ltr'><strong>quam</strong></span> <span class='ocrx_word' id='word_1_582' title='bbox 3146 2208 3245 2262; x_wconf 87' lang='lat' dir='ltr'><strong>ego</strong></span> <span class='ocrx_word' id='word_1_583' title='bbox 3273 2204 3566 2259; x_wconf 84' lang='lat' dir='ltr'><strong>spontanea</strong></span> <span class='ocrx_word' id='word_1_584' title='bbox 3601 2194 3786 2243; x_wconf 86' lang='lat' dir='ltr'><strong>volun-</strong></span> 
     </span>
    </p>
   </div>
   <div class='ocr_carea' id='block_1_83' title="bbox 2198 2264 3786 2328">
    <p class='ocr_par' dir='ltr' id='par_1_83' title="bbox 2198 2264 3786 2328">
     <span class='ocr_line' id='line_1_83' title="bbox 2198 2264 3786 2328; baseline -0.001 -14"><span class='ocrx_word' id='word_1_585' title='bbox 2198 2272 2304 2317; x_wconf 88' lang='lat' dir='ltr'><strong>tate</strong></span> <span class='ocrx_word' id='word_1_586' title='bbox 2357 2266 2467 2316; x_wconf 82' lang='lat' dir='ltr'><strong>lieri</strong></span> <span class='ocrx_word' id='word_1_587' title='bbox 2523 2265 2781 2321; x_wconf 85' lang='lat' dir='ltr'><strong>decrevi.</strong></span> <span class='ocrx_word' id='word_1_588' title='bbox 2837 2276 3043 2316; x_wconf 88' lang='lat' dir='ltr'><strong>tentare</strong></span> <span class='ocrx_word' id='word_1_589' title='bbox 3091 2264 3403 2324; x_wconf 79' lang='lat' dir='ltr'><strong>coiiaverit,</strong></span> <span class='ocrx_word' id='word_1_590' title='bbox 3462 2265 3786 2328; x_wconf 85' lang='lat' dir='ltr'><strong>imprimitus</strong></span> 
     </span>
    </p>
   </div>
   <div class='ocr_carea' id='block_1_84' title="bbox 2194 2334 3785 2401">
    <p class='ocr_par' dir='ltr' id='par_1_84' title="bbox 2194 2334 3785 2401">
     <span class='ocr_line' id='line_1_84' title="bbox 2194 2334 3785 2401; baseline 0 -16"><span class='ocrx_word' id='word_1_591' title='bbox 2194 2334 2328 2387; x_wconf 88' lang='lat' dir='ltr'><strong>iram</strong></span> <span class='ocrx_word' id='word_1_592' title='bbox 2365 2334 2455 2387; x_wconf 88' lang='lat' dir='ltr'><strong>Dei</strong></span> <span class='ocrx_word' id='word_1_593' title='bbox 2486 2337 2864 2401; x_wconf 86' lang='lat' dir='ltr'><strong>omnipotentis</strong></span> <span class='ocrx_word' id='word_1_594' title='bbox 2897 2336 3162 2399; x_wconf 61' lang='lat' dir='ltr'><strong>incurrat,</strong></span> <span class='ocrx_word' id='word_1_595' title='bbox 3194 2346 3246 2386; x_wconf 88' lang='lat' dir='ltr'><strong>et</strong></span> <span class='ocrx_word' id='word_1_596' title='bbox 3284 2335 3476 2387; x_wconf 80' lang='lat' dir='ltr'><strong>inferat</strong></span> <span class='ocrx_word' id='word_1_597' title='bbox 3510 2335 3641 2384; x_wconf 75' lang='lat' dir='ltr'><strong>lisro</strong></span> <span class='ocrx_word' id='word_1_598' title='bbox 3672 2334 3785 2386; x_wconf 89' lang='lat' dir='ltr'><strong>auri</strong></span> 
     </span>
    </p>
   </div>
   <div class='ocr_carea' id='block_1_85' title="bbox 2196 2403 3790 2475">
    <p class='ocr_par' dir='ltr' id='par_1_85' title="bbox 2196 2403 3790 2475">
     <span class='ocr_line' id='line_1_85' title="bbox 2196 2403 3790 2475; baseline 0 -20"><span class='ocrx_word' id='word_1_599' title='bbox 2196 2404 2359 2457; x_wconf 86' lang='lat' dir='ltr'><strong>libras</strong></span> <span class='ocrx_word' id='word_1_600' title='bbox 2394 2415 2536 2469; x_wconf 83' lang='lat' dir='ltr'><strong>tres,</strong></span> <span class='ocrx_word' id='word_1_601' title='bbox 2566 2416 2769 2475; x_wconf 75' lang='lat' dir='ltr'><strong>argenti</strong></span> <span class='ocrx_word' id='word_1_602' title='bbox 2804 2408 2977 2470; x_wconf 87' lang='lat' dir='ltr'><strong>pondo</strong></span> <span class='ocrx_word' id='word_1_603' title='bbox 3020 2403 3153 2475; x_wconf 61' lang='lat' dir='ltr'><strong>viij,</strong></span> <span class='ocrx_word' id='word_1_604' title='bbox 3186 2417 3239 2455; x_wconf 89' lang='lat' dir='ltr'><strong>et</strong></span> <span class='ocrx_word' id='word_1_605' title='bbox 3285 2407 3385 2457; x_wconf 83' lang='lat' dir='ltr'><strong>hoc</strong></span> <span class='ocrx_word' id='word_1_606' title='bbox 3421 2406 3560 2468; x_wconf 90' lang='lat' dir='ltr'><strong>quod</strong></span> <span class='ocrx_word' id='word_1_607' title='bbox 3597 2408 3790 2469; x_wconf 87' lang='lat' dir='ltr'><strong>repetit</strong></span> 
     </span>
    </p>
   </div>
   <div class='ocr_carea' id='block_1_86' title="bbox 2198 2474 3787 2529">
    <p class='ocr_par' dir='ltr' id='par_1_86' title="bbox 2198 2474 3787 2529">
     <span class='ocr_line' id='line_1_86' title="bbox 2198 2474 3787 2529; baseline -0.002 -1"><span class='ocrx_word' id='word_1_608' title='bbox 2198 2476 2503 2529; x_wconf 88' lang='lat' dir='ltr'><strong>nullatenus</strong></span> <span class='ocrx_word' id='word_1_609' title='bbox 2533 2474 2707 2529; x_wconf 82' lang='lat' dir='ltr'><strong>valeat</strong></span> <span class='ocrx_word' id='word_1_610' title='bbox 2744 2477 3067 2529; x_wconf 86' lang='lat' dir='ltr'><strong>evindicare.</strong></span> <span class='ocrx_word' id='word_1_611' title='bbox 3118 2474 3277 2527; x_wconf 79' lang='lat' dir='ltr'><strong>Facta</strong></span> <span class='ocrx_word' id='word_1_612' title='bbox 3318 2486 3397 2527; x_wconf 88' lang='lat' dir='ltr'><strong>est</strong></span> <span class='ocrx_word' id='word_1_613' title='bbox 3444 2476 3553 2526; x_wconf 75' lang='lat' dir='ltr'><strong>lucc</strong></span> <span class='ocrx_word' id='word_1_614' title='bbox 3583 2476 3787 2525; x_wconf 80' lang='lat' dir='ltr'><strong>eartula</strong></span> 
     </span>
    </p>
   </div>
   <div class='ocr_carea' id='block_1_87' title="bbox 2199 2544 3788 2613">
    <p class='ocr_par' dir='ltr' id='par_1_87' title="bbox 2199 2544 3788 2613">
     <span class='ocr_line' id='line_1_87' title="bbox 2199 2544 3788 2613; baseline -0.001 -15"><span class='ocrx_word' id='word_1_615' title='bbox 2199 2547 2501 2600; x_wconf 87' lang='lat' dir='ltr'><strong>donationis</strong></span> <span class='ocrx_word' id='word_1_616' title='bbox 2539 2548 2639 2600; x_wconf 89' lang='lat' dir='ltr'><strong>sub</strong></span> <span class='ocrx_word' id='word_1_617' title='bbox 2676 2548 2763 2599; x_wconf 90' lang='lat' dir='ltr'><strong>die</strong></span> <span class='ocrx_word' id='word_1_618' title='bbox 2804 2545 2912 2599; x_wconf 76' lang='lat' dir='ltr'><strong>kal.</strong></span> <span class='ocrx_word' id='word_1_619' title='bbox 2948 2546 3141 2613; x_wconf 67' lang='lat' dir='ltr'><strong>julias,</strong></span> <span class='ocrx_word' id='word_1_620' title='bbox 3176 2562 3315 2598; x_wconf 90' lang='lat' dir='ltr'><strong>anno</strong></span> <span class='ocrx_word' id='word_1_621' title='bbox 3348 2561 3375 2597; x_wconf 88' lang='lat' dir='ltr'><strong>v</strong></span> <span class='ocrx_word' id='word_1_622' title='bbox 3416 2546 3565 2613; x_wconf 86' lang='lat' dir='ltr'><strong>regni</strong></span> <span class='ocrx_word' id='word_1_623' title='bbox 3604 2544 3788 2598; x_wconf 73' lang='lat' dir='ltr'><strong>dimitti</strong></span> 
     </span>
    </p>
   </div>
   <div class='ocr_carea' id='block_1_88' title="bbox 2203 2618 2920 2681">
    <p class='ocr_par' dir='ltr' id='par_1_88' title="bbox 2203 2618 2920 2681">
     <span class='ocr_line' id='line_1_88' title="bbox 2203 2618 2920 2681; baseline 0.001 -12"><span class='ocrx_word' id='word_1_624' title='bbox 2203 2622 2369 2669; x_wconf 71' lang='lat' dir='ltr'><strong>nostri</strong></span> <span class='ocrx_word' id='word_1_625' title='bbox 2403 2618 2731 2670; x_wconf 66' lang='lat' dir='ltr'><strong>(lliildeberti</strong></span> <span class='ocrx_word' id='word_1_626' title='bbox 2760 2620 2920 2681; x_wconf 71' lang='lat' dir='ltr'><strong>regis.</strong></span> 
     </span>
    </p>
   </div>
   <div class='ocr_carea' id='block_1_89' title="bbox 2270 2685 3789 2755">
    <p class='ocr_par' dir='ltr' id='par_1_89' title="bbox 2270 2685 3789 2755">
     <span class='ocr_line' id='line_1_89' title="bbox 2270 2685 3789 2755; baseline -0.003 -14"><span class='ocrx_word' id='word_1_627' title='bbox 2270 2687 2383 2755; x_wconf 86' lang='lat' dir='ltr'><strong>Ego</strong></span> <span class='ocrx_word' id='word_1_628' title='bbox 2417 2689 2639 2751; x_wconf 91' lang='lat' dir='ltr'><strong>lluncio,</strong></span> <span class='ocrx_word' id='word_1_629' title='bbox 2688 2689 2736 2738; x_wconf 90' lang='lat' dir='ltr'><strong>in</strong></span> <span class='ocrx_word' id='word_1_630' title='bbox 2794 2688 2883 2739; x_wconf 92' lang='lat' dir='ltr'><strong>Dei</strong></span> <span class='ocrx_word' id='word_1_631' title='bbox 2946 2685 3159 2739; x_wconf 89' lang='lat' dir='ltr'><strong>nomine</strong></span> <span class='ocrx_word' id='word_1_632' title='bbox 3211 2688 3507 2754; x_wconf 71' lang='lat' dir='ltr'><strong>presbyter,</strong></span> <span class='ocrx_word' id='word_1_633' title='bbox 3569 2698 3789 2755; x_wconf 84' lang='lat' dir='ltr'><strong>rogante</strong></span> 
     </span>
    </p>
   </div>
   <div class='ocr_carea' id='block_1_90' title="bbox 2198 2758 3789 2828">
    <p class='ocr_par' dir='ltr' id='par_1_90' title="bbox 2198 2758 3789 2828">
     <span class='ocr_line' id='line_1_90' title="bbox 2198 2758 3789 2828; baseline -0.004 -15"><span class='ocrx_word' id='word_1_634' title='bbox 2198 2760 2489 2828; x_wconf 86' lang='lat' dir='ltr'><strong>etjubeute</strong></span> <span class='ocrx_word' id='word_1_635' title='bbox 2520 2760 2713 2811; x_wconf 89' lang='lat' dir='ltr'><strong>lrmma</strong></span> <span class='ocrx_word' id='word_1_636' title='bbox 2735 2758 3019 2821; x_wconf 77' lang='lat' dir='ltr'><strong>abbatissa,</strong></span> <span class='ocrx_word' id='word_1_637' title='bbox 3058 2758 3463 2810; x_wconf 76' lang='lat' dir='ltr'><strong>lianci-artulam</strong></span> <span class='ocrx_word' id='word_1_638' title='bbox 3481 2760 3789 2809; x_wconf 85' lang='lat' dir='ltr'><strong>donationis</strong></span> 
     </span>
    </p>
   </div>
   <div class='ocr_carea' id='block_1_91' title="bbox 2202 2830 3786 2897">
    <p class='ocr_par' dir='ltr' id='par_1_91' title="bbox 2202 2830 3786 2897">
     <span class='ocr_line' id='line_1_91' title="bbox 2202 2830 3786 2897; baseline -0.001 -16"><span class='ocrx_word' id='word_1_639' title='bbox 2202 2832 2513 2897; x_wconf 71' lang='lat' dir='ltr'><strong>perscripsi,</strong></span> <span class='ocrx_word' id='word_1_640' title='bbox 2558 2838 2612 2881; x_wconf 84' lang='lat' dir='ltr'><strong>et</strong></span> <span class='ocrx_word' id='word_1_641' title='bbox 2658 2830 2765 2895; x_wconf 88' lang='lat' dir='ltr'><strong>ipsa</strong></span> <span class='ocrx_word' id='word_1_642' title='bbox 2799 2831 3002 2892; x_wconf 88' lang='lat' dir='ltr'><strong>subter,</strong></span> <span class='ocrx_word' id='word_1_643' title='bbox 3055 2844 3213 2879; x_wconf 82' lang='lat' dir='ltr'><strong>manu</strong></span> <span class='ocrx_word' id='word_1_644' title='bbox 3248 2832 3479 2893; x_wconf 84' lang='lat' dir='ltr'><strong>propria,</strong></span> <span class='ocrx_word' id='word_1_645' title='bbox 3514 2844 3617 2879; x_wconf 86' lang='lat' dir='ltr'><strong>una</strong></span> <span class='ocrx_word' id='word_1_646' title='bbox 3670 2843 3786 2880; x_wconf 85' lang='lat' dir='ltr'><strong>cum</strong></span> 
     </span>
    </p>
   </div>
   <div class='ocr_carea' id='block_1_92' title="bbox 2204 2899 3788 2966">
    <p class='ocr_par' dir='ltr' id='par_1_92' title="bbox 2204 2899 3788 2966">
     <span class='ocr_line' id='line_1_92' title="bbox 2204 2899 3788 2966; baseline -0.003 -13"><span class='ocrx_word' id='word_1_647' title='bbox 2204 2902 2447 2963; x_wconf 86' lang='lat' dir='ltr'><strong>testibus,</strong></span> <span class='ocrx_word' id='word_1_648' title='bbox 2497 2902 2743 2953; x_wconf 88' lang='lat' dir='ltr'><strong>lirtttavit.</strong></span> <span class='ocrx_word' id='word_1_649' title='bbox 2800 2899 2909 2966; x_wconf 82' lang='lat' dir='ltr'><strong>Ego</strong></span> <span class='ocrx_word' id='word_1_650' title='bbox 2958 2900 3147 2951; x_wconf 89' lang='lat' dir='ltr'><strong>lrtnina</strong></span> <span class='ocrx_word' id='word_1_651' title='bbox 3183 2899 3283 2950; x_wconf 93' lang='lat' dir='ltr'><strong>hoc</strong></span> <span class='ocrx_word' id='word_1_652' title='bbox 3331 2908 3711 2950; x_wconf 79' lang='lat' dir='ltr'><strong>testamentum</strong></span> <span class='ocrx_word' id='word_1_653' title='bbox 3760 2914 3788 2949; x_wconf 89' lang='lat' dir='ltr'><strong>a</strong></span> 
     </span>
    </p>
   </div>
   <div class='ocr_carea' id='block_1_93' title="bbox 2202 2968 3789 3037">
    <p class='ocr_par' dir='ltr' id='par_1_93' title="bbox 2202 2968 3789 3037">
     <span class='ocr_line' id='line_1_93' title="bbox 2202 2968 3789 3037; baseline -0.001 -14"><span class='ocrx_word' id='word_1_654' title='bbox 2202 2988 2286 3024; x_wconf 90' lang='lat' dir='ltr'><strong>tne</strong></span> <span class='ocrx_word' id='word_1_655' title='bbox 2320 2976 2513 3023; x_wconf 85' lang='lat' dir='ltr'><strong>iactum</strong></span> <span class='ocrx_word' id='word_1_656' title='bbox 2570 2972 2750 3037; x_wconf 78' lang='lat' dir='ltr'><strong>relegi.</strong></span> <span class='ocrx_word' id='word_1_657' title='bbox 2800 2972 3022 3023; x_wconf 75' lang='lat' dir='ltr'><strong>ltasinus</strong></span> <span class='ocrx_word' id='word_1_658' title='bbox 3068 2971 3369 3034; x_wconf 65' lang='lat' dir='ltr'><strong>episcoims.</strong></span> <span class='ocrx_word' id='word_1_659' title='bbox 3430 2968 3789 3021; x_wconf 83' lang='lat' dir='ltr'><strong>Leodowmus</strong></span> 
     </span>
    </p>
   </div>
   <div class='ocr_carea' id='block_1_94' title="bbox 2200 3041 3785 3109">
    <p class='ocr_par' dir='ltr' id='par_1_94' title="bbox 2200 3041 3785 3109">
     <span class='ocr_line' id='line_1_94' title="bbox 2200 3041 3785 3109; baseline -0.003 -13"><span class='ocrx_word' id='word_1_660' title='bbox 2200 3042 2503 3109; x_wconf 87' lang='lat' dir='ltr'><strong>episcopus.</strong></span> <span class='ocrx_word' id='word_1_661' title='bbox 2568 3041 2887 3092; x_wconf 80' lang='lat' dir='ltr'><strong>Waltliarius</strong></span> <span class='ocrx_word' id='word_1_662' title='bbox 2938 3043 3212 3093; x_wconf 63' lang='grc'><strong>111³001115.</strong></span> <span class='ocrx_word' id='word_1_663' title='bbox 3269 3042 3556 3091; x_wconf 67' lang='grc' dir='ltr'><strong>ιὶυτιυίιιιιδ</strong></span> <span class='ocrx_word' id='word_1_664' title='bbox 3610 3048 3785 3091; x_wconf 81' lang='lat' dir='ltr'><strong>diaco-</strong></span> 
     </span>
    </p>
   </div>
   <div class='ocr_carea' id='block_1_95' title="bbox 2204 3110 3782 3177">
    <p class='ocr_par' dir='ltr' id='par_1_95' title="bbox 2204 3110 3782 3177">
     <span class='ocr_line' id='line_1_95' title="bbox 2204 3110 3782 3177; baseline -0.004 -12"><span class='ocrx_word' id='word_1_665' title='bbox 2204 3128 2325 3167; x_wconf 90' lang='lat' dir='ltr'><strong>nus.</strong></span> <span class='ocrx_word' id='word_1_666' title='bbox 2372 3112 2698 3165; x_wconf 78' lang='lat' dir='ltr'><strong>&#39;l‘arobertus</strong></span> <span class='ocrx_word' id='word_1_667' title='bbox 2747 3113 3022 3164; x_wconf 89' lang='lat' dir='ltr'><strong>diaconus.</strong></span> <span class='ocrx_word' id='word_1_668' title='bbox 3084 3110 3421 3163; x_wconf 73' lang='lat' dir='ltr'><strong>Ethbeiietus</strong></span> <span class='ocrx_word' id='word_1_669' title='bbox 3480 3118 3782 3177; x_wconf 69' lang='lat' dir='ltr'><strong>presbyter.</strong></span> 
     </span>
    </p>
   </div>
   <div class='ocr_carea' id='block_1_96' title="bbox 2126 3180 3609 3285">
    <p class='ocr_par' dir='ltr' id='par_1_96' title="bbox 2126 3180 3609 3285">
     <span class='ocr_line' id='line_1_96' title="bbox 2126 3180 3609 3285; baseline -0.005 -50"><span class='ocrx_word' id='word_1_670' title='bbox 2126 3222 2174 3285; x_wconf 68' lang='grc' dir='ltr'>Ο</span> <span class='ocrx_word' id='word_1_671' title='bbox 2207 3182 2565 3237; x_wconf 81' lang='lat' dir='ltr'><strong>Garbet&#39;ictus.</strong></span> <span class='ocrx_word' id='word_1_672' title='bbox 2595 3183 3019 3236; x_wconf 76' lang='lat' dir='ltr'><strong>Tratisberictus.</strong></span> <span class='ocrx_word' id='word_1_673' title='bbox 3065 3183 3217 3234; x_wconf 76' lang='lat' dir='ltr'><strong>Bosa.</strong></span> <span class='ocrx_word' id='word_1_674' title='bbox 3257 3180 3609 3234; x_wconf 70' lang='lat' dir='ltr'><strong>Aodebertns.</strong></span> 
     </span>
    </p>
   </div>
   <div class='ocr_carea' id='block_1_97' title="bbox 2945 3294 3037 3347">
    <p class='ocr_par' dir='ltr' id='par_1_97' title="bbox 2945 3294 3037 3347">
     <span class='ocr_line' id='line_1_97' title="bbox 2945 3294 3037 3347; baseline 0 -1"><span class='ocrx_word' id='word_1_675' title='bbox 2945 3294 3037 3347; x_wconf 82' lang='lat' dir='ltr'><strong>IV.‘</strong></span> 
     </span>
    </p>
   </div>
   <div class='ocr_carea' id='block_1_98' title="bbox 2202 3384 3785 3457">
    <p class='ocr_par' dir='ltr' id='par_1_98' title="bbox 2202 3384 3785 3457">
     <span class='ocr_line' id='line_1_98' title="bbox 2202 3384 3785 3457; baseline -0.001 -16"><span class='ocrx_word' id='word_1_676' title='bbox 2202 3386 2391 3442; x_wconf 83' lang='lat' dir='ltr'><strong>Charta</strong></span> <span class='ocrx_word' id='word_1_677' title='bbox 2444 3404 2546 3457; x_wconf 74' lang='lat' dir='ltr'><strong>qua</strong></span> <span class='ocrx_word' id='word_1_678' title='bbox 2609 3384 2808 3439; x_wconf 83' lang='lat' dir='ltr'><strong>lrmina</strong></span> <span class='ocrx_word' id='word_1_679' title='bbox 2870 3386 3205 3441; x_wconf 86' lang='lat' dir='ltr'><strong>Willibrordo</strong></span> <span class='ocrx_word' id='word_1_680' title='bbox 3266 3391 3503 3455; x_wconf 49' lang='lat' dir='ltr'><strong>episcopo</strong></span> <span class='ocrx_word' id='word_1_681' title='bbox 3563 3390 3785 3441; x_wconf 76' lang='lat' dir='ltr'><strong>concedit</strong></span> 
     </span>
    </p>
   </div>
   <div class='ocr_carea' id='block_1_99' title="bbox 2448 3459 3504 3527">
    <p class='ocr_par' dir='ltr' id='par_1_99' title="bbox 2448 3459 3504 3527">
     <span class='ocr_line' id='line_1_99' title="bbox 2448 3459 3504 3527; baseline -0.001 -17"><span class='ocrx_word' id='word_1_682' title='bbox 2448 3460 2688 3527; x_wconf 78' lang='lat' dir='ltr'><strong>quidquid</strong></span> <span class='ocrx_word' id='word_1_683' title='bbox 2719 3459 2940 3527; x_wconf 76' lang='lat' dir='ltr'><strong>possidet</strong></span> <span class='ocrx_word' id='word_1_684' title='bbox 2980 3461 3031 3511; x_wconf 88' lang='lat' dir='ltr'><strong>in</strong></span> <span class='ocrx_word' id='word_1_685' title='bbox 3054 3462 3175 3511; x_wconf 85' lang='lat' dir='ltr'><strong>villa</strong></span> <span class='ocrx_word' id='word_1_686' title='bbox 3207 3459 3504 3512; x_wconf 78' lang='lat' dir='ltr'><strong>Stuncheim</strong></span> 
     </span>
    </p>
   </div>
   <div class='ocr_carea' id='block_1_100' title="bbox 2310 3546 3684 3620">
    <p class='ocr_par' dir='ltr' id='par_1_100' title="bbox 2310 3546 3684 3620">
     <span class='ocr_line' id='line_1_100' title="bbox 2310 3546 3684 3620; baseline -0.004 -16"><span class='ocrx_word' id='word_1_687' title='bbox 2310 3550 2473 3620; x_wconf 82' lang='lat' dir='ltr'><strong>(Vide</strong></span> <span class='ocrx_word' id='word_1_688' title='bbox 2520 3548 2833 3616; x_wconf 78' lang='lat' dir='ltr'><strong>Patrologia:</strong></span> <span class='ocrx_word' id='word_1_689' title='bbox 2865 3558 2993 3601; x_wconf 91' lang='lat' dir='ltr'><strong>tom.</strong></span> <span class='ocrx_word' id='word_1_690' title='bbox 3038 3546 3326 3615; x_wconf 63' lang='lat' dir='ltr'><strong>LXXXIX,</strong></span> <span class='ocrx_word' id='word_1_691' title='bbox 3375 3554 3478 3605; x_wconf 89' lang='lat' dir='ltr'><strong>col.</strong></span> <span class='ocrx_word' id='word_1_692' title='bbox 3531 3548 3684 3616; x_wconf 74' lang='grc'><strong>557.)</strong></span> 
     </span>
    </p>
   </div>
   <div class='ocr_carea' id='block_1_101' title="bbox 2965 3686 3025 3738">
    <p class='ocr_par' dir='ltr' id='par_1_101' title="bbox 2965 3686 3025 3738">
     <span class='ocr_line' id='line_1_101' title="bbox 2965 3686 3025 3738; baseline 0 0"><span class='ocrx_word' id='word_1_693' title='bbox 2965 3686 3025 3738; x_wconf 87' lang='lat' dir='ltr'><strong>V.</strong></span> 
     </span>
    </p>
   </div>
   <div class='ocr_carea' id='block_1_102' title="bbox 2211 3777 3787 3848">
    <p class='ocr_par' dir='ltr' id='par_1_102' title="bbox 2211 3777 3787 3848">
     <span class='ocr_line' id='line_1_102' title="bbox 2211 3777 3787 3848; baseline -0.004 -14"><span class='ocrx_word' id='word_1_694' title='bbox 2211 3781 2583 3836; x_wconf 60' lang='lat' dir='ltr'><strong>Testatur-ritum</strong></span> <span class='ocrx_word' id='word_1_695' title='bbox 2625 3780 2801 3834; x_wconf 71' lang='lat' dir='ltr'><strong>Adclw</strong></span> <span class='ocrx_word' id='word_1_696' title='bbox 2830 3780 2953 3847; x_wconf 71' lang='lat' dir='ltr'><strong>ﬁlia:</strong></span> <span class='ocrx_word' id='word_1_697' title='bbox 2998 3777 3269 3848; x_wconf 82' lang='lat' dir='ltr'><strong>Dagoberti</strong></span> <span class='ocrx_word' id='word_1_698' title='bbox 3318 3782 3449 3845; x_wconf 80' lang='lat' dir='ltr'><strong>regis</strong></span> <span class='ocrx_word' id='word_1_699' title='bbox 3481 3794 3571 3838; x_wconf 82' lang='lat' dir='ltr'><strong>pro</strong></span> <span class='ocrx_word' id='word_1_700' title='bbox 3617 3793 3787 3829; x_wconf 75' lang='lat' dir='ltr'><strong>mona-</strong></span> 
     </span>
    </p>
   </div>
   <div class='ocr_carea' id='block_1_103' title="bbox 2278 3850 3785 3915">
    <p class='ocr_par' dir='ltr' id='par_1_103' title="bbox 2278 3850 3785 3915">
     <span class='ocr_line' id='line_1_103' title="bbox 2278 3850 3785 3915; baseline -0.005 -9"><span class='ocrx_word' id='word_1_701' title='bbox 2278 3855 2435 3906; x_wconf 79' lang='lat' dir='ltr'><strong>sterio</strong></span> <span class='ocrx_word' id='word_1_702' title='bbox 2486 3854 2783 3904; x_wconf 78' lang='lat' dir='ltr'><strong>monialiuni</strong></span> <span class='ocrx_word' id='word_1_703' title='bbox 2843 3868 2894 3902; x_wconf 87' lang='lat' dir='ltr'><strong>tn</strong></span> <span class='ocrx_word' id='word_1_704' title='bbox 2959 3851 3215 3903; x_wconf 81' lang='lat' dir='ltr'><strong>Palatiolo</strong></span> <span class='ocrx_word' id='word_1_705' title='bbox 3282 3854 3345 3899; x_wconf 80' lang='lat' dir='ltr'><strong>ab</strong></span> <span class='ocrx_word' id='word_1_706' title='bbox 3416 3851 3529 3915; x_wconf 77' lang='lat' dir='ltr'><strong>ipsa</strong></span> <span class='ocrx_word' id='word_1_707' title='bbox 3580 3850 3785 3915; x_wconf 78' lang='lat' dir='ltr'><strong>[nudato</strong></span> 
     </span>
    </p>
   </div>
   <div class='ocr_carea' id='block_1_104' title="bbox 2281 3922 2902 3989">
    <p class='ocr_par' dir='ltr' id='par_1_104' title="bbox 2281 3922 2902 3989">
     <span class='ocr_line' id='line_1_104' title="bbox 2281 3922 2902 3989; baseline -0.006 -12"><span class='ocrx_word' id='word_1_708' title='bbox 2281 3928 2430 3989; x_wconf 87' lang='lat' dir='ltr'><strong>(anu.</strong></span> <span class='ocrx_word' id='word_1_709' title='bbox 2474 3924 2599 3985; x_wconf 73' lang='lat'><strong>690,</strong></span> <span class='ocrx_word' id='word_1_710' title='bbox 2632 3922 2655 3974; x_wconf 81' lang='grc'><strong>1</strong></span> <span class='ocrx_word' id='word_1_711' title='bbox 2686 3924 2902 3989; x_wconf 82' lang='lat' dir='ltr'><strong>April.).</strong></span> 
     </span>
    </p>
   </div>
   <div class='ocr_carea' id='block_1_105' title="bbox 2526 4013 3540 4077">
    <p class='ocr_par' dir='ltr' id='par_1_105' title="bbox 2526 4013 3540 4077">
     <span class='ocr_line' id='line_1_105' title="bbox 2526 4013 3540 4077; baseline -0.009 -10"><span class='ocrx_word' id='word_1_712' title='bbox 2526 4018 2617 4077; x_wconf 68' lang='lat' dir='ltr'><strong>(Ex</strong></span> <span class='ocrx_word' id='word_1_713' title='bbox 2644 4016 2923 4077; x_wconf 83' lang='lat' dir='ltr'><strong>Hontheim,</strong></span> <span class='ocrx_word' id='word_1_714' title='bbox 2952 4014 3156 4063; x_wconf 67' lang='lat' dir='ltr'><strong>Historia</strong></span> <span class='ocrx_word' id='word_1_715' title='bbox 3185 4013 3540 4073; x_wconf 76' lang='lat' dir='ltr'><strong>&#39;l&#39;revirensis.)</strong></span> 
     </span>
    </p>
   </div>
   <div class='ocr_carea' id='block_1_106' title="bbox 2350 4096 3785 4157">
    <p class='ocr_par' dir='ltr' id='par_1_106' title="bbox 2350 4096 3785 4157">
     <span class='ocr_line' id='line_1_106' title="bbox 2350 4096 3785 4157; baseline -0.006 -3"><span class='ocrx_word' id='word_1_716' title='bbox 2350 4101 2513 4154; x_wconf 87' lang='lat' dir='ltr'><strong>Adela</strong></span> <span class='ocrx_word' id='word_1_717' title='bbox 2543 4102 2592 4153; x_wconf 91' lang='lat' dir='ltr'><strong>in</strong></span> <span class='ocrx_word' id='word_1_718' title='bbox 2621 4100 2832 4152; x_wconf 68' lang='lat' dir='ltr'><strong>Christo</strong></span> <span class='ocrx_word' id='word_1_719' title='bbox 2861 4099 3085 4151; x_wconf 86' lang='lat' dir='ltr'><strong>Domino</strong></span> <span class='ocrx_word' id='word_1_720' title='bbox 3114 4106 3322 4151; x_wconf 86' lang='lat' dir='ltr'><strong>sacrata</strong></span> <span class='ocrx_word' id='word_1_721' title='bbox 3352 4098 3646 4157; x_wconf 70' lang='lat' dir='ltr'><strong>abbatissa,</strong></span> <span class='ocrx_word' id='word_1_722' title='bbox 3688 4096 3785 4148; x_wconf 74' lang='lat' dir='ltr'><strong>Da-</strong></span> 
     </span>
    </p>
   </div>
   <div class='ocr_carea' id='block_1_107' title="bbox 2209 4233 3788 4304">
    <p class='ocr_par' dir='ltr' id='par_1_107' title="bbox 2209 4233 3788 4304">
     <span class='ocr_line' id='line_1_107' title="bbox 2209 4233 3788 4304; baseline -0.005 -13"><span class='ocrx_word' id='word_1_723' title='bbox 2209 4257 2264 4293; x_wconf 89' lang='lat' dir='ltr'><strong>n.</strong></span> <span class='ocrx_word' id='word_1_724' title='bbox 2296 4239 2407 4304; x_wconf 79' lang='lat' dir='ltr'><strong>ll),</strong></span> <span class='ocrx_word' id='word_1_725' title='bbox 2440 4252 2609 4304; x_wconf 77' lang='lat' dir='ltr'><strong>neque</strong></span> <span class='ocrx_word' id='word_1_726' title='bbox 2637 4246 2857 4297; x_wconf 87' lang='lat' dir='ltr'><strong>tenere,</strong></span> <span class='ocrx_word' id='word_1_727' title='bbox 2915 4234 2981 4285; x_wconf 89' lang='lat' dir='ltr'><strong>ab</strong></span> <span class='ocrx_word' id='word_1_728' title='bbox 3006 4234 3093 4286; x_wconf 89' lang='lat' dir='ltr'><strong>illa</strong></span> <span class='ocrx_word' id='word_1_729' title='bbox 3137 4250 3239 4286; x_wconf 89' lang='lat' dir='ltr'><strong>non</strong></span> <span class='ocrx_word' id='word_1_730' title='bbox 3286 4233 3502 4286; x_wconf 71' lang='lat' dir='ltr'><strong>differre</strong></span> <span class='ocrx_word' id='word_1_731' title='bbox 3546 4236 3788 4297; x_wconf 62' lang='lat' dir='ltr'><strong>Adon-nn,</strong></span> 
     </span>
    </p>
   </div>
   <div class='ocr_carea' id='block_1_108' title="bbox 2210 4305 3793 4379">
    <p class='ocr_par' dir='ltr' id='par_1_108' title="bbox 2210 4305 3793 4379">
     <span class='ocr_line' id='line_1_108' title="bbox 2210 4305 3793 4379; baseline 0 -22"><span class='ocrx_word' id='word_1_732' title='bbox 2210 4325 2327 4379; x_wconf 69' lang='lat' dir='ltr'><strong>quae</strong></span> <span class='ocrx_word' id='word_1_733' title='bbox 2368 4308 2685 4363; x_wconf 85' lang='lat' dir='ltr'><strong>Andanense</strong></span> <span class='ocrx_word' id='word_1_734' title='bbox 2715 4305 3307 4379; x_wconf 19' lang='lat' dir='ltr'><strong>C(BIAI-tlbllllllAillVlalaSC</strong></span> <span class='ocrx_word' id='word_1_735' title='bbox 3342 4305 3543 4379; x_wconf 67' lang='lat' dir='ltr'><strong>dieitur</strong></span> <span class='ocrx_word' id='word_1_736' title='bbox 3590 4308 3641 4357; x_wconf 89' lang='lat' dir='ltr'><strong>in</strong></span> <span class='ocrx_word' id='word_1_737' title='bbox 3687 4308 3793 4379; x_wconf 63' lang='lat' dir='ltr'><strong>\ita</strong></span> 
     </span>
    </p>
   </div>
   <div class='ocr_carea' id='block_1_109' title="bbox 2210 4374 3791 4444">
    <p class='ocr_par' dir='ltr' id='par_1_109' title="bbox 2210 4374 3791 4444">
     <span class='ocr_line' id='line_1_109' title="bbox 2210 4374 3791 4444; baseline -0.004 -11"><span class='ocrx_word' id='word_1_738' title='bbox 2210 4374 2408 4433; x_wconf 64' lang='lat' dir='ltr'><strong>sanctae</strong></span> <span class='ocrx_word' id='word_1_739' title='bbox 2455 4378 2733 4431; x_wconf 76' lang='lat' dir='ltr'><strong>Gertrudis</strong></span> <span class='ocrx_word' id='word_1_740' title='bbox 2776 4375 2930 4444; x_wconf 76' lang='lat' dir='ltr'><strong>(Cap.</strong></span> <span class='ocrx_word' id='word_1_741' title='bbox 2996 4376 3083 4444; x_wconf 82' lang='grc' dir='ltr'><strong>Η)</strong></span> <span class='ocrx_word' id='word_1_742' title='bbox 3130 4377 3217 4427; x_wconf 88' lang='lat' dir='ltr'><strong>ubi</strong></span> <span class='ocrx_word' id='word_1_743' title='bbox 3274 4393 3291 4424; x_wconf 71' lang='grc' dir='ltr'>ι</span> <span class='ocrx_word' id='word_1_744' title='bbox 3334 4374 3475 4426; x_wconf 83' lang='lat' dir='ltr'><strong>ﬁlius</strong></span> <span class='ocrx_word' id='word_1_745' title='bbox 3527 4378 3791 4442; x_wconf 81' lang='lat' dir='ltr'><strong>parvulus,</strong></span> 
     </span>
    </p>
   </div>
   <div class='ocr_carea' id='block_1_110' title="bbox 2210 4446 3793 4519">
    <p class='ocr_par' dir='ltr' id='par_1_110' title="bbox 2210 4446 3793 4519">
     <span class='ocr_line' id='line_1_110' title="bbox 2210 4446 3793 4519; baseline -0.004 -16"><span class='ocrx_word' id='word_1_746' title='bbox 2210 4465 2367 4519; x_wconf 87' lang='lat' dir='ltr'><strong>quem</strong></span> <span class='ocrx_word' id='word_1_747' title='bbox 2402 4452 2622 4500; x_wconf 88' lang='lat' dir='ltr'><strong>multum</strong></span> <span class='ocrx_word' id='word_1_748' title='bbox 2652 4448 2876 4500; x_wconf 84' lang='lat' dir='ltr'><strong>delicate</strong></span> <span class='ocrx_word' id='word_1_749' title='bbox 2918 4446 3191 4513; x_wconf 67' lang='lat' dir='ltr'><strong>diligebat,</strong></span> <span class='ocrx_word' id='word_1_750' title='bbox 3226 4464 3243 4496; x_wconf 74' lang='grc' dir='ltr'>ι</span> <span class='ocrx_word' id='word_1_751' title='bbox 3278 4448 3327 4495; x_wconf 90' lang='lat' dir='ltr'><strong>in</strong></span> <span class='ocrx_word' id='word_1_752' title='bbox 3352 4447 3520 4519; x_wconf 18' lang='lat' dir='ltr'><strong>Aloute</strong></span> <span class='ocrx_word' id='word_1_753' title='bbox 3550 4449 3793 4497; x_wconf 84' lang='lat' dir='ltr'><strong>submer-</strong></span> 
     </span>
    </p>
   </div>
   <div class='ocr_carea' id='block_1_111' title="bbox 2212 4517 3795 4583">
    <p class='ocr_par' dir='ltr' id='par_1_111' title="bbox 2212 4517 3795 4583">
     <span class='ocr_line' id='line_1_111' title="bbox 2212 4517 3795 4583; baseline -0.003 -10"><span class='ocrx_word' id='word_1_754' title='bbox 2212 4517 2325 4583; x_wconf 75' lang='lat' dir='ltr'><strong>sus,</strong></span> <span class='ocrx_word' id='word_1_755' title='bbox 2354 4531 2427 4580; x_wconf 84' lang='lat' dir='ltr'><strong>et.</strong></span> <span class='ocrx_word' id='word_1_756' title='bbox 2462 4521 2599 4573; x_wconf 75' lang='lat' dir='ltr'><strong>Icelo</strong></span> <span class='ocrx_word' id='word_1_757' title='bbox 2630 4529 2829 4571; x_wconf 69' lang='lat' dir='ltr'><strong>Sanctae</strong></span> <span class='ocrx_word' id='word_1_758' title='bbox 2873 4519 3149 4570; x_wconf 73' lang='lat' dir='ltr'><strong>Uertrudis</strong></span> <span class='ocrx_word' id='word_1_759' title='bbox 3179 4517 3476 4580; x_wconf 83' lang='lat' dir='ltr'><strong>appositus,</strong></span> <span class='ocrx_word' id='word_1_760' title='bbox 3513 4531 3795 4569; x_wconf 85' lang='lat' dir='ltr'><strong>resuscita-</strong></span> 
     </span>
    </p>
   </div>
   <div class='ocr_carea' id='block_1_112' title="bbox 599 4582 2099 4657">
    <p class='ocr_par' dir='ltr' id='par_1_112' title="bbox 599 4585 2099 4657">
     <span class='ocr_line' id='line_1_112' title="bbox 599 4585 2099 4657; baseline 0.007 -23"><span class='ocrx_word' id='word_1_761' title='bbox 599 4585 622 4621; x_wconf 71' lang='grc' dir='ltr'><strong>ι)</strong></span> <span class='ocrx_word' id='word_1_762' title='bbox 654 4588 803 4657; x_wconf 79' lang='lat' dir='ltr'><strong>lianc</strong></span> <span class='ocrx_word' id='word_1_763' title='bbox 824 4587 961 4657; x_wconf 88' lang='lat' dir='ltr'><strong>eruit</strong></span> <span class='ocrx_word' id='word_1_764' title='bbox 985 4588 1275 4640; x_wconf 77' lang='lat' dir='ltr'><strong>Mai-lenius</strong></span> <span class='ocrx_word' id='word_1_765' title='bbox 1306 4604 1368 4641; x_wconf 73' lang='lat' dir='ltr'><strong>ex</strong></span> <span class='ocrx_word' id='word_1_766' title='bbox 1404 4588 1671 4641; x_wconf 88' lang='lat' dir='ltr'><strong>chartario</strong></span> <span class='ocrx_word' id='word_1_767' title='bbox 1705 4590 2099 4657; x_wconf 66' lang='lat' dir='ltr'><strong>Epternavensi,</strong></span> 
     </span>
    </p>
   </div>
   <div class='ocr_carea' id='block_1_113' title="bbox 2203 4582 3792 4657">
    <p class='ocr_par' dir='ltr' id='par_1_113' title="bbox 2216 4582 3792 4655">
     <span class='ocr_line' id='line_1_113' title="bbox 2216 4582 3792 4655; baseline -0.004 -11"><span class='ocrx_word' id='word_1_768' title='bbox 2216 4582 2528 4644; x_wconf 12' lang='lat' dir='ltr'><strong>tusrlertur.</strong></span> <span class='ocrx_word' id='word_1_769' title='bbox 2565 4591 2633 4641; x_wconf 59' lang='lat' dir='ltr'><strong>lia</strong></span> <span class='ocrx_word' id='word_1_770' title='bbox 2664 4592 2828 4652; x_wconf 88' lang='lat' dir='ltr'><strong>enim,</strong></span> <span class='ocrx_word' id='word_1_771' title='bbox 2861 4603 2978 4655; x_wconf 65' lang='lat' dir='ltr'><strong>qum</strong></span> <span class='ocrx_word' id='word_1_772' title='bbox 3002 4587 3069 4639; x_wconf 87' lang='lat' dir='ltr'><strong>ibi</strong></span> <span class='ocrx_word' id='word_1_773' title='bbox 3100 4592 3163 4639; x_wconf 77' lang='lat' dir='ltr'><strong>lle</strong></span> <span class='ocrx_word' id='word_1_774' title='bbox 3191 4588 3359 4639; x_wconf 82' lang='lat' dir='ltr'><strong>Aditla</strong></span> <span class='ocrx_word' id='word_1_775' title='bbox 3394 4589 3492 4639; x_wconf 89' lang='lat' dir='ltr'><strong>hac</strong></span> <span class='ocrx_word' id='word_1_776' title='bbox 3522 4588 3792 4652; x_wconf 60' lang='grc' dir='ltr'><strong>ὀπιμίων,</strong></span> 
     </span>
    </p>
   </div>
   <div class='ocr_carea' id='block_1_114' title="bbox 524 4655 2105 4726">
    <p class='ocr_par' dir='ltr' id='par_1_114' title="bbox 524 4655 2105 4726">
     <span class='ocr_line' id='line_1_114' title="bbox 524 4655 2105 4726; baseline 0.003 -20"><span class='ocrx_word' id='word_1_777' title='bbox 524 4655 764 4726; x_wconf 75' lang='lat' dir='ltr'><strong>ampliss.</strong></span> <span class='ocrx_word' id='word_1_778' title='bbox 799 4656 1023 4712; x_wconf 81' lang='lat' dir='ltr'><strong>Collect.</strong></span> <span class='ocrx_word' id='word_1_779' title='bbox 1058 4672 1093 4711; x_wconf 85' lang='grc' dir='ltr'><strong>ι.</strong></span> <span class='ocrx_word' id='word_1_780' title='bbox 1132 4660 1181 4721; x_wconf 82' lang='grc' dir='ltr'><strong>Ι,</strong></span> <span class='ocrx_word' id='word_1_781' title='bbox 1210 4661 1313 4712; x_wconf 85' lang='lat' dir='ltr'><strong>col.</strong></span> <span class='ocrx_word' id='word_1_782' title='bbox 1356 4662 1443 4719; x_wconf 76' lang='lat' dir='ltr'><strong>lt);</strong></span> <span class='ocrx_word' id='word_1_783' title='bbox 1482 4662 1685 4711; x_wconf 87' lang='lat' dir='ltr'><strong>recudit</strong></span> <span class='ocrx_word' id='word_1_784' title='bbox 1716 4655 2105 4726; x_wconf 75' lang='lat' dir='ltr'><strong>llontlzeitnins,</strong></span> 
     </span>
    </p>
   </div>
   <div class='ocr_carea' id='block_1_115' title="bbox 528 4725 2103 4797">
    <p class='ocr_par' dir='ltr' id='par_1_115' title="bbox 528 4725 2103 4797">
     <span class='ocr_line' id='line_1_115' title="bbox 528 4725 2103 4797; baseline 0.004 -20"><span class='ocrx_word' id='word_1_785' title='bbox 528 4725 659 4797; x_wconf 87' lang='lat' dir='ltr'><strong>llist.</strong></span> <span class='ocrx_word' id='word_1_786' title='bbox 692 4726 898 4781; x_wconf 85' lang='lat' dir='ltr'><strong>Trevir.</strong></span> <span class='ocrx_word' id='word_1_787' title='bbox 930 4731 1059 4795; x_wconf 88' lang='lat' dir='ltr'><strong>dipl.</strong></span> <span class='ocrx_word' id='word_1_788' title='bbox 1105 4741 1140 4783; x_wconf 91' lang='lat' dir='ltr'><strong>t.</strong></span> <span class='ocrx_word' id='word_1_789' title='bbox 1177 4732 1224 4793; x_wconf 92' lang='lat' dir='ltr'><strong>l,</strong></span> <span class='ocrx_word' id='word_1_790' title='bbox 1274 4747 1391 4797; x_wconf 79' lang='lat' dir='ltr'><strong>pag.</strong></span> <span class='ocrx_word' id='word_1_791' title='bbox 1435 4729 1535 4794; x_wconf 60' lang='lat'><strong>95,</strong></span> <span class='ocrx_word' id='word_1_792' title='bbox 1569 4746 1637 4784; x_wconf 72' lang='lat' dir='ltr'><strong>ex</strong></span> <span class='ocrx_word' id='word_1_793' title='bbox 1688 4731 1965 4783; x_wconf 82' lang='lat' dir='ltr'><strong>Martenio.</strong></span> <span class='ocrx_word' id='word_1_794' title='bbox 2017 4734 2103 4784; x_wconf 80' lang='lat' dir='ltr'><strong>Er-</strong></span> 
     </span>
    </p>
   </div>
   <div class='ocr_carea' id='block_1_116' title="bbox 527 4796 2109 4870">
    <p class='ocr_par' dir='ltr' id='par_1_116' title="bbox 527 4796 2109 4870">
     <span class='ocr_line' id='line_1_116' title="bbox 527 4796 2109 4870; baseline 0.006 -23"><span class='ocrx_word' id='word_1_795' title='bbox 527 4796 848 4870; x_wconf 68' lang='lat' dir='ltr'><strong>mintrudis,</strong></span> <span class='ocrx_word' id='word_1_796' title='bbox 876 4815 1031 4864; x_wconf 90' lang='lat' dir='ltr'><strong>quam</strong></span> <span class='ocrx_word' id='word_1_797' title='bbox 1059 4800 1249 4852; x_wconf 87' lang='lat' dir='ltr'><strong>Irmina</strong></span> <span class='ocrx_word' id='word_1_798' title='bbox 1275 4796 1651 4855; x_wconf 72' lang='lat' dir='ltr'><strong>ciittsobrinam</strong></span> <span class='ocrx_word' id='word_1_799' title='bbox 1680 4816 1830 4853; x_wconf 76' lang='lat' dir='ltr'><strong>suam</strong></span> <span class='ocrx_word' id='word_1_800' title='bbox 1854 4801 2109 4870; x_wconf 81' lang='lat' dir='ltr'><strong>appellat,</strong></span> 
     </span>
    </p>
   </div>
   <div class='ocr_carea' id='block_1_117' title="bbox 528 4864 2109 4940">
    <p class='ocr_par' dir='ltr' id='par_1_117' title="bbox 528 4864 2109 4940">
     <span class='ocr_line' id='line_1_117' title="bbox 528 4864 2109 4940; baseline 0.006 -23"><span class='ocrx_word' id='word_1_801' title='bbox 528 4864 788 4940; x_wconf 63' lang='lat' dir='ltr'><strong>Mancino</strong></span> <span class='ocrx_word' id='word_1_802' title='bbox 817 4871 1003 4940; x_wconf 75' lang='lat' dir='ltr'><strong>eadem</strong></span> <span class='ocrx_word' id='word_1_803' title='bbox 1045 4872 1253 4923; x_wconf 81' lang='lat' dir='ltr'><strong>videtur</strong></span> <span class='ocrx_word' id='word_1_804' title='bbox 1283 4888 1402 4940; x_wconf 65' lang='lat' dir='ltr'><strong>quae</strong></span> <span class='ocrx_word' id='word_1_805' title='bbox 1434 4872 1802 4925; x_wconf 78' lang='lat' dir='ltr'><strong>Ermentrudis</strong></span> <span class='ocrx_word' id='word_1_806' title='bbox 1822 4913 1835 4933; x_wconf 92' lang='lat'><strong>,</strong></span> <span class='ocrx_word' id='word_1_807' title='bbox 1871 4864 2109 4925; x_wconf 73' lang='lat' dir='ltr'><strong>matrona</strong></span> 
     </span>
    </p>
   </div>
   <div class='ocr_carea' id='block_1_118' title="bbox 528 4936 2109 5011">
    <p class='ocr_par' dir='ltr' id='par_1_118' title="bbox 528 4936 2109 5011">
     <span class='ocr_line' id='line_1_118' title="bbox 528 4936 2109 5011; baseline 0.006 -22"><span class='ocrx_word' id='word_1_808' title='bbox 528 4936 771 5011; x_wconf 80' lang='lat' dir='ltr'><strong>illustris,</strong></span> <span class='ocrx_word' id='word_1_809' title='bbox 805 4938 957 5009; x_wconf 84' lang='lat' dir='ltr'><strong>cujus</strong></span> <span class='ocrx_word' id='word_1_810' title='bbox 986 4936 1362 5011; x_wconf 76' lang='lat' dir='ltr'><strong>testamentum</strong></span> <span class='ocrx_word' id='word_1_811' title='bbox 1396 4945 1629 5011; x_wconf 81' lang='lat' dir='ltr'><strong>vulgavit</strong></span> <span class='ocrx_word' id='word_1_812' title='bbox 1651 4943 2008 5007; x_wconf 82' lang='lat' dir='ltr'><strong>Mabillonius,</strong></span> <span class='ocrx_word' id='word_1_813' title='bbox 2042 4945 2109 4999; x_wconf 89' lang='lat' dir='ltr'><strong>ad</strong></span> 
     </span>
    </p>
   </div>
   <div class='ocr_carea' id='block_1_119' title="bbox 527 5009 2111 5082">
    <p class='ocr_par' dir='ltr' id='par_1_119' title="bbox 527 5009 2111 5082">
     <span class='ocr_line' id='line_1_119' title="bbox 527 5009 2111 5082; baseline 0.006 -22"><span class='ocrx_word' id='word_1_814' title='bbox 527 5009 725 5082; x_wconf 79' lang='lat' dir='ltr'><strong>calcem</strong></span> <span class='ocrx_word' id='word_1_815' title='bbox 758 5010 1005 5077; x_wconf 74' lang='lat' dir='ltr'><strong>Liturgia:</strong></span> <span class='ocrx_word' id='word_1_816' title='bbox 1037 5010 1226 5066; x_wconf 81' lang='lat' dir='ltr'><strong>Gallic.</strong></span> <span class='ocrx_word' id='word_1_817' title='bbox 1272 5013 1404 5065; x_wconf 86' lang='lat' dir='ltr'><strong>Villa</strong></span> <span class='ocrx_word' id='word_1_818' title='bbox 1434 5009 1658 5073; x_wconf 74' lang='lat' dir='ltr'><strong>niuatis,</strong></span> <span class='ocrx_word' id='word_1_819' title='bbox 1690 5016 1757 5067; x_wconf 90' lang='lat' dir='ltr'><strong>de</strong></span> <span class='ocrx_word' id='word_1_820' title='bbox 1786 5030 1886 5082; x_wconf 87' lang='lat' dir='ltr'><strong>qua</strong></span> <span class='ocrx_word' id='word_1_821' title='bbox 1916 5018 2111 5081; x_wconf 88' lang='lat' dir='ltr'><strong>agitur,</strong></span> 
     </span>
    </p>
   </div>
   <div class='ocr_carea' id='block_1_120' title="bbox 528 5078 2108 5152">
    <p class='ocr_par' dir='ltr' id='par_1_120' title="bbox 528 5078 2108 5152">
     <span class='ocr_line' id='line_1_120' title="bbox 528 5078 2108 5152; baseline 0.006 -22"><span class='ocrx_word' id='word_1_822' title='bbox 528 5078 594 5131; x_wconf 86' lang='lat' dir='ltr'><strong>ad</strong></span> <span class='ocrx_word' id='word_1_823' title='bbox 626 5081 818 5152; x_wconf 52' lang='lat' dir='ltr'><strong>ostium</strong></span> <span class='ocrx_word' id='word_1_824' title='bbox 852 5082 1113 5152; x_wconf 58' lang='lat' dir='ltr'><strong>Mosella},</strong></span> <span class='ocrx_word' id='word_1_825' title='bbox 1156 5094 1210 5134; x_wconf 89' lang='lat' dir='ltr'><strong>ut</strong></span> <span class='ocrx_word' id='word_1_826' title='bbox 1254 5086 1327 5137; x_wconf 90' lang='lat' dir='ltr'><strong>ait</strong></span> <span class='ocrx_word' id='word_1_827' title='bbox 1358 5082 1760 5148; x_wconf 82' lang='lat' dir='ltr'><strong>Hontheimius,</strong></span> <span class='ocrx_word' id='word_1_828' title='bbox 1796 5078 1879 5137; x_wconf 78' lang='lat' dir='ltr'><strong>tibi</strong></span> <span class='ocrx_word' id='word_1_829' title='bbox 1912 5078 2108 5152; x_wconf 68' lang='lat' dir='ltr'><strong>supra,</strong></span> 
     </span>
    </p>
   </div>
   <div class='ocr_carea' id='block_1_121' title="bbox 531 5149 2110 5224">
    <p class='ocr_par' dir='ltr' id='par_1_121' title="bbox 531 5149 2110 5224">
     <span class='ocr_line' id='line_1_121' title="bbox 531 5149 2110 5224; baseline 0.008 -25"><span class='ocrx_word' id='word_1_830' title='bbox 531 5164 653 5224; x_wconf 73' lang='lat' dir='ltr'><strong>pag.</strong></span> <span class='ocrx_word' id='word_1_831' title='bbox 680 5149 778 5207; x_wconf 76' lang='lat'><strong>537</strong></span> <span class='ocrx_word' id='word_1_832' title='bbox 799 5192 815 5215; x_wconf 89' lang='lat'><strong>,</strong></span> <span class='ocrx_word' id='word_1_833' title='bbox 852 5152 901 5204; x_wconf 91' lang='lat' dir='ltr'><strong>in</strong></span> <span class='ocrx_word' id='word_1_834' title='bbox 931 5150 1265 5220; x_wconf 85' lang='lat' dir='ltr'><strong>Tulpiaccnsi</strong></span> <span class='ocrx_word' id='word_1_835' title='bbox 1310 5171 1442 5224; x_wconf 80' lang='lat' dir='ltr'><strong>pago</strong></span> <span class='ocrx_word' id='word_1_836' title='bbox 1465 5159 1561 5209; x_wconf 84' lang='lat' dir='ltr'><strong>sita</strong></span> <span class='ocrx_word' id='word_1_837' title='bbox 1596 5154 1721 5218; x_wconf 80' lang='lat' dir='ltr'><strong>fuit;</strong></span> <span class='ocrx_word' id='word_1_838' title='bbox 1750 5158 1837 5224; x_wconf 87' lang='lat' dir='ltr'><strong>qui</strong></span> <span class='ocrx_word' id='word_1_839' title='bbox 1868 5149 2031 5222; x_wconf 80' lang='lat' dir='ltr'><strong>pagus</strong></span> <span class='ocrx_word' id='word_1_840' title='bbox 2062 5162 2110 5211; x_wconf 86' lang='lat' dir='ltr'><strong>iii</strong></span> 
     </span>
    </p>
   </div>
   <div class='ocr_carea' id='block_1_122' title="bbox 530 5221 2114 5295">
    <p class='ocr_par' dir='ltr' id='par_1_122' title="bbox 530 5221 2114 5295">
     <span class='ocr_line' id='line_1_122' title="bbox 530 5221 2114 5295; baseline 0.006 -24"><span class='ocrx_word' id='word_1_841' title='bbox 530 5221 999 5295; x_wconf 49' lang='lat' dir='ltr'><strong>Agrippinensium</strong></span> <span class='ocrx_word' id='word_1_842' title='bbox 1051 5227 1242 5295; x_wconf 85' lang='lat' dir='ltr'><strong>limbus</strong></span> <span class='ocrx_word' id='word_1_843' title='bbox 1291 5221 1645 5295; x_wconf 65' lang='lat' dir='ltr'><strong>quierendus,</strong></span> <span class='ocrx_word' id='word_1_844' title='bbox 1690 5221 1816 5280; x_wconf 85' lang='lat' dir='ltr'><strong>ohin</strong></span> <span class='ocrx_word' id='word_1_845' title='bbox 1865 5221 2114 5295; x_wconf 85' lang='lat' dir='ltr'><strong>amplitu—</strong></span> 
     </span>
    </p>
   </div>
   <div class='ocr_carea' id='block_1_123' title="bbox 530 5289 2115 5364">
    <p class='ocr_par' dir='ltr' id='par_1_123' title="bbox 530 5289 2115 5364">
     <span class='ocr_line' id='line_1_123' title="bbox 530 5289 2115 5364; baseline 0.008 -24"><span class='ocrx_word' id='word_1_846' title='bbox 530 5289 655 5344; x_wconf 81' lang='lat' dir='ltr'><strong>dine</strong></span> <span class='ocrx_word' id='word_1_847' title='bbox 703 5294 961 5347; x_wconf 88' lang='lat' dir='ltr'><strong>immensa</strong></span> <span class='ocrx_word' id='word_1_848' title='bbox 1002 5294 1263 5361; x_wconf 72' lang='lat' dir='ltr'><strong>diffusus,</strong></span> <span class='ocrx_word' id='word_1_849' title='bbox 1308 5289 1403 5349; x_wconf 74' lang='lat' dir='ltr'><strong>sed</strong></span> <span class='ocrx_word' id='word_1_850' title='bbox 1458 5289 1636 5363; x_wconf 86' lang='lat' dir='ltr'><strong>postea</strong></span> <span class='ocrx_word' id='word_1_851' title='bbox 1676 5299 1812 5350; x_wconf 89' lang='lat' dir='ltr'><strong>bona</strong></span> <span class='ocrx_word' id='word_1_852' title='bbox 1853 5289 2115 5364; x_wconf 53' lang='lat' dir='ltr'><strong>sui&#39;parte</strong></span> 
     </span>
    </p>
   </div>
   <div class='ocr_carea' id='block_1_124' title="bbox 532 5365 2113 5438">
    <p class='ocr_par' dir='ltr' id='par_1_124' title="bbox 532 5365 2113 5438">
     <span class='ocr_line' id='line_1_124' title="bbox 532 5365 2113 5438; baseline 0.005 -24"><span class='ocrx_word' id='word_1_853' title='bbox 532 5368 849 5438; x_wconf 63' lang='lat' dir='ltr'><strong>truncatus.</strong></span> <span class='ocrx_word' id='word_1_854' title='bbox 876 5365 1162 5436; x_wconf 88' lang='lat' dir='ltr'><strong>Utriusque</strong></span> <span class='ocrx_word' id='word_1_855' title='bbox 1201 5370 1413 5436; x_wconf 83' lang='lat' dir='ltr'><strong>generis</strong></span> <span class='ocrx_word' id='word_1_856' title='bbox 1449 5371 1717 5438; x_wconf 82' lang='lat' dir='ltr'><strong>nationem</strong></span> <span class='ocrx_word' id='word_1_857' title='bbox 1761 5368 2004 5438; x_wconf 86' lang='lat' dir='ltr'><strong>intelligit</strong></span> <span class='ocrx_word' id='word_1_858' title='bbox 2038 5371 2113 5422; x_wconf 87' lang='lat' dir='ltr'><strong>lr-</strong></span> 
     </span>
    </p>
   </div>
   <div class='ocr_carea' id='block_1_125' title="bbox 536 5434 2115 5508">
    <p class='ocr_par' dir='ltr' id='par_1_125' title="bbox 536 5434 2115 5508">
     <span class='ocr_line' id='line_1_125' title="bbox 536 5434 2115 5508; baseline 0.008 -26"><span class='ocrx_word' id='word_1_859' title='bbox 536 5435 688 5508; x_wconf 69' lang='lat' dir='ltr'><strong>mina</strong></span> <span class='ocrx_word' id='word_1_860' title='bbox 717 5434 979 5508; x_wconf 11' lang='lat' dir='ltr'><strong>Gallicam,</strong></span> <span class='ocrx_word' id='word_1_861' title='bbox 1016 5434 1085 5491; x_wconf 69' lang='lat' dir='ltr'><strong>et</strong></span> <span class='ocrx_word' id='word_1_862' title='bbox 1111 5434 1474 5492; x_wconf 82' lang='lat' dir='ltr'><strong>Teutonicam.</strong></span> <span class='ocrx_word' id='word_1_863' title='bbox 1511 5437 1583 5489; x_wconf 85' lang='lat' dir='ltr'><strong>De</strong></span> <span class='ocrx_word' id='word_1_864' title='bbox 1617 5440 1822 5492; x_wconf 89' lang='lat' dir='ltr'><strong>duobus</strong></span> <span class='ocrx_word' id='word_1_865' title='bbox 1852 5434 2115 5508; x_wconf 83' lang='lat' dir='ltr'><strong>episcopis</strong></span> 
     </span>
    </p>
   </div>
   <div class='ocr_carea' id='block_1_126' title="bbox 534 5501 2117 5566">
    <p class='ocr_par' dir='ltr' id='par_1_126' title="bbox 534 5501 2117 5566">
     <span class='ocr_line' id='line_1_126' title="bbox 534 5501 2117 5566; baseline 0.006 -10"><span class='ocrx_word' id='word_1_866' title='bbox 534 5501 941 5560; x_wconf 84' lang='lat' dir='ltr'><strong>Trevirensibus</strong></span> <span class='ocrx_word' id='word_1_867' title='bbox 972 5507 1166 5563; x_wconf 80' lang='lat' dir='ltr'><strong>llasino</strong></span> <span class='ocrx_word' id='word_1_868' title='bbox 1191 5521 1243 5564; x_wconf 89' lang='lat' dir='ltr'><strong>et</strong></span> <span class='ocrx_word' id='word_1_869' title='bbox 1266 5509 1592 5563; x_wconf 84' lang='lat' dir='ltr'><strong>Leodovvmo</strong></span> <span class='ocrx_word' id='word_1_870' title='bbox 1618 5511 1739 5563; x_wconf 86' lang='lat' dir='ltr'><strong>huic</strong></span> <span class='ocrx_word' id='word_1_871' title='bbox 1763 5501 1962 5562; x_wconf 69' lang='lat' dir='ltr'><strong>charta:</strong></span> <span class='ocrx_word' id='word_1_872' title='bbox 1990 5501 2117 5566; x_wconf 75' lang='lat' dir='ltr'><strong>sub-</strong></span> 
     </span>
    </p>
   </div>
   <div class='ocr_carea' id='block_1_127' title="bbox 534 5575 2112 5695">
    <p class='ocr_par' dir='ltr' id='par_1_127' title="bbox 534 5575 2112 5695">
     <span class='ocr_line' id='line_1_127' title="bbox 534 5575 2112 5695; baseline 0.008 -70"><span class='ocrx_word' id='word_1_873' title='bbox 534 5575 890 5695; x_wconf 57' lang='lat' dir='ltr'><strong>:cribeutibus</strong></span> <span class='ocrx_word' id='word_1_874' title='bbox 920 5578 1151 5633; x_wconf 74' lang='lat' dir='ltr'><strong>diximus</strong></span> <span class='ocrx_word' id='word_1_875' title='bbox 1181 5597 1363 5651; x_wconf 75' lang='lat' dir='ltr'><strong>supra,</strong></span> <span class='ocrx_word' id='word_1_876' title='bbox 1394 5580 1531 5634; x_wconf 89' lang='lat' dir='ltr'><strong>inter</strong></span> <span class='ocrx_word' id='word_1_877' title='bbox 1564 5591 1743 5635; x_wconf 90' lang='lat' dir='ltr'><strong>annot.</strong></span> <span class='ocrx_word' id='word_1_878' title='bbox 1775 5582 1840 5635; x_wconf 87' lang='lat' dir='ltr'><strong>ad</strong></span> <span class='ocrx_word' id='word_1_879' title='bbox 1871 5582 2112 5637; x_wconf 88' lang='lat' dir='ltr'><strong>chartam</strong></span> 
     </span>
     <span class='ocr_line' id='line_1_128' title="bbox 560 5660 762 5695; baseline 0 0"><span class='ocrx_word' id='word_1_880' title='bbox 560 5660 762 5695; x_wconf 68' lang='grc' dir='ltr'><strong>ΙἹΙΙΙΙΙίὲ.</strong></span> 
     </span>
    </p>
   </div>
   <div class='ocr_carea' id='block_1_128' title="bbox 560 5660 762 5699">
    <p class='ocr_par' dir='ltr' id='par_1_128' title="bbox 560 5660 762 5699">
     <span class='ocr_line' id='line_1_129' title="bbox 560 5660 762 5699; baseline 0.01 -2"><span class='ocrx_word' id='word_1_881' title='bbox 560 5660 762 5699; x_wconf 69' lang='grc' dir='ltr'><strong>ΙῚΙΙΙυὲΒ.</strong></span> 
     </span>
    </p>
   </div>
   <div class='ocr_carea' id='block_1_129' title="bbox 603 5718 2115 5795">
    <p class='ocr_par' dir='ltr' id='par_1_129' title="bbox 603 5718 2115 5795">
     <span class='ocr_line' id='line_1_130' title="bbox 603 5718 2115 5795; baseline 0.01 -29"><span class='ocrx_word' id='word_1_882' title='bbox 603 5720 837 5795; x_wconf 47' lang='grc' dir='ltr'><strong>ξ.Αάξᾴι</strong></span> <span class='ocrx_word' id='word_1_883' title='bbox 880 5718 1153 5795; x_wconf 78' lang='lat' dir='ltr'><strong>Dogobcrti</strong></span> <span class='ocrx_word' id='word_1_884' title='bbox 1198 5726 1331 5793; x_wconf 82' lang='lat' dir='ltr'><strong>regis</strong></span> <span class='ocrx_word' id='word_1_885' title='bbox 1375 5726 1633 5795; x_wconf 82' lang='lat' dir='ltr'><strong>quondam</strong></span> <span class='ocrx_word' id='word_1_886' title='bbox 1660 5722 1790 5790; x_wconf 81' lang='lat' dir='ltr'><strong>filia.</strong></span> <span class='ocrx_word' id='word_1_887' title='bbox 1826 5722 2115 5793; x_wconf 84' lang='lat' dir='ltr'><strong>Dagobcrti</strong></span> 
     </span>
    </p>
   </div>
   <div class='ocr_carea' id='block_1_130' title="bbox 539 5788 2114 5852">
    <p class='ocr_par' dir='ltr' id='par_1_130' title="bbox 539 5788 2114 5852">
     <span class='ocr_line' id='line_1_131' title="bbox 539 5788 2114 5852; baseline 0.01 -15"><span class='ocrx_word' id='word_1_888' title='bbox 539 5788 743 5841; x_wconf 84' lang='lat' dir='ltr'><strong>scilicet</strong></span> <span class='ocrx_word' id='word_1_889' title='bbox 773 5791 833 5843; x_wconf 90' lang='lat' dir='ltr'><strong>ll.</strong></span> <span class='ocrx_word' id='word_1_890' title='bbox 871 5788 983 5845; x_wconf 77' lang='lat' dir='ltr'><strong>Alia</strong></span> <span class='ocrx_word' id='word_1_891' title='bbox 1014 5810 1130 5846; x_wconf 87' lang='lat' dir='ltr'><strong>eam</strong></span> <span class='ocrx_word' id='word_1_892' title='bbox 1183 5788 1341 5848; x_wconf 69' lang='lat' dir='ltr'><strong>etiam</strong></span> <span class='ocrx_word' id='word_1_893' title='bbox 1387 5788 1669 5847; x_wconf 22' lang='lat' dir='ltr'><strong>&#39;Addulam‘</strong></span> <span class='ocrx_word' id='word_1_894' title='bbox 1703 5804 1755 5848; x_wconf 90' lang='lat' dir='ltr'><strong>et</strong></span> <span class='ocrx_word' id='word_1_895' title='bbox 1799 5788 2114 5852; x_wconf 74' lang='lat' dir='ltr'><strong>Adelantetn</strong></span> 
     </span>
    </p>
   </div>
   <div class='ocr_carea' id='block_1_131' title="bbox 539 5860 2112 5946">
    <p class='ocr_par' dir='ltr' id='par_1_131' title="bbox 539 5860 2112 5946">
     <span class='ocr_line' id='line_1_132' title="bbox 539 5860 2112 5946; baseline 0.005 -33"><span class='ocrx_word' id='word_1_896' title='bbox 539 5867 746 5923; x_wconf 72' lang='lat' dir='ltr'><strong>vocant.</strong></span> <span class='ocrx_word' id='word_1_897' title='bbox 788 5860 1024 5921; x_wconf 71' lang='lat' dir='ltr'><strong>Credidit</strong></span> <span class='ocrx_word' id='word_1_898' title='bbox 1075 5863 1308 5925; x_wconf 74' lang='lat' dir='ltr'><strong>Eckliart</strong></span> <span class='ocrx_word' id='word_1_899' title='bbox 1362 5865 1511 5946; x_wconf 81' lang='lat' dir='ltr'><strong>(Rcr.</strong></span> <span class='ocrx_word' id='word_1_900' title='bbox 1562 5861 1804 5927; x_wconf 67' lang='lat' dir='ltr'><strong>Francic.</strong></span> <span class='ocrx_word' id='word_1_901' title='bbox 1876 5869 1964 5923; x_wconf 84' lang='lat' dir='ltr'><strong>lib.</strong></span> <span class='ocrx_word' id='word_1_902' title='bbox 2018 5883 2112 5937; x_wconf 74' lang='lat' dir='ltr'><strong>xv,</strong></span> 
     </span>
    </p>
   </div>
   <div class='ocr_carea' id='block_1_132' title="bbox 2215 4657 3794 4731">
    <p class='ocr_par' dir='ltr' id='par_1_132' title="bbox 2215 4657 3794 4731">
     <span class='ocr_line' id='line_1_133' title="bbox 2215 4657 3794 4731; baseline -0.003 -16"><span class='ocrx_word' id='word_1_903' title='bbox 2215 4674 2517 4731; x_wconf 84' lang='lat' dir='ltr'><strong>Congrtmnt</strong></span> <span class='ocrx_word' id='word_1_904' title='bbox 2569 4661 2619 4712; x_wconf 90' lang='lat' dir='ltr'><strong>iti</strong></span> <span class='ocrx_word' id='word_1_905' title='bbox 2689 4660 2966 4728; x_wconf 79' lang='lat' dir='ltr'><strong>Dagoberti</strong></span> <span class='ocrx_word' id='word_1_906' title='bbox 3015 4658 3386 4731; x_wconf 76' lang='lat' dir='ltr'><strong>regis_li|iattt.</strong></span> <span class='ocrx_word' id='word_1_907' title='bbox 3443 4657 3614 4711; x_wconf 70' lang='lat' dir='ltr'><strong>Verba</strong></span> <span class='ocrx_word' id='word_1_908' title='bbox 3671 4659 3794 4710; x_wconf 70' lang='lat' dir='ltr'><strong>Vita</strong></span> 
     </span>
    </p>
   </div>
   <div class='ocr_carea' id='block_1_133' title="bbox 2214 4728 3792 4792">
    <p class='ocr_par' dir='ltr' id='par_1_133' title="bbox 2214 4728 3792 4792">
     <span class='ocr_line' id='line_1_134' title="bbox 2214 4728 3792 4792; baseline -0.003 -7"><span class='ocrx_word' id='word_1_909' title='bbox 2214 4728 2413 4786; x_wconf 74' lang='lat' dir='ltr'><strong>sancta:</strong></span> <span class='ocrx_word' id='word_1_910' title='bbox 2455 4730 2733 4784; x_wconf 79' lang='lat' dir='ltr'><strong>Gertrttdts</strong></span> <span class='ocrx_word' id='word_1_911' title='bbox 2768 4738 2880 4781; x_wconf 59' lang='lat' dir='ltr'><strong>haec</strong></span> <span class='ocrx_word' id='word_1_912' title='bbox 2908 4738 3033 4781; x_wconf 89' lang='lat' dir='ltr'><strong>sunt</strong></span> <span class='ocrx_word' id='word_1_913' title='bbox 3063 4746 3074 4779; x_wconf 89' lang='lat'>:</span> <span class='ocrx_word' id='word_1_914' title='bbox 3116 4748 3132 4777; x_wconf 78' lang='grc' dir='ltr'>ι</span> <span class='ocrx_word' id='word_1_915' title='bbox 3168 4728 3279 4780; x_wconf 71' lang='lat' dir='ltr'><strong>Non</strong></span> <span class='ocrx_word' id='word_1_916' title='bbox 3315 4738 3431 4792; x_wconf 74' lang='lat' dir='ltr'><strong>post</strong></span> <span class='ocrx_word' id='word_1_917' title='bbox 3468 4732 3660 4780; x_wconf 76' lang='lat' dir='ltr'><strong>inultos</strong></span> <span class='ocrx_word' id='word_1_918' title='bbox 3686 4736 3792 4781; x_wconf 83' lang='lat' dir='ltr'><strong>dies</strong></span> 
     </span>
    </p>
   </div>
   <div class='ocr_carea' id='block_1_134' title="bbox 2216 4800 3787 4871">
    <p class='ocr_par' dir='ltr' id='par_1_134' title="bbox 2216 4800 3787 4871">
     <span class='ocr_line' id='line_1_135' title="bbox 2216 4800 3787 4871; baseline -0.003 -15"><span class='ocrx_word' id='word_1_919' title='bbox 2216 4810 2361 4871; x_wconf 89' lang='lat' dir='ltr'><strong>(cum</strong></span> <span class='ocrx_word' id='word_1_920' title='bbox 2400 4804 2573 4871; x_wconf 82' lang='lat' dir='ltr'><strong>Begga</strong></span> <span class='ocrx_word' id='word_1_921' title='bbox 2606 4810 2805 4853; x_wconf 76' lang='lat' dir='ltr'><strong>sancta:</strong></span> <span class='ocrx_word' id='word_1_922' title='bbox 2832 4800 3109 4871; x_wconf 87' lang='lat' dir='ltr'><strong>Gertrudis</strong></span> <span class='ocrx_word' id='word_1_923' title='bbox 3141 4815 3292 4853; x_wconf 87' lang='lat' dir='ltr'><strong>soror</strong></span> <span class='ocrx_word' id='word_1_924' title='bbox 3321 4800 3645 4871; x_wconf 83' lang='lat' dir='ltr'><strong>Andaueuse</strong></span> <span class='ocrx_word' id='word_1_925' title='bbox 3683 4814 3787 4871; x_wconf 51' lang='lat' dir='ltr'><strong>ccef</strong></span> 
     </span>
    </p>
   </div>
   <div class='ocr_carea' id='block_1_135' title="bbox 2218 4870 3792 4936">
    <p class='ocr_par' dir='ltr' id='par_1_135' title="bbox 2218 4870 3792 4936">
     <span class='ocr_line' id='line_1_136' title="bbox 2218 4870 3792 4936; baseline -0.003 -10"><span class='ocrx_word' id='word_1_926' title='bbox 2218 4870 2433 4927; x_wconf 90' lang='lat' dir='ltr'><strong>nobium</strong></span> <span class='ocrx_word' id='word_1_927' title='bbox 2478 4870 2577 4925; x_wconf 85' lang='lat' dir='ltr'><strong>sub</strong></span> <span class='ocrx_word' id='word_1_928' title='bbox 2626 4871 2784 4923; x_wconf 82' lang='lat' dir='ltr'><strong>linem</strong></span> <span class='ocrx_word' id='word_1_929' title='bbox 2814 4870 3022 4936; x_wconf 88' lang='lat' dir='ltr'><strong>septimi</strong></span> <span class='ocrx_word' id='word_1_930' title='bbox 3072 4872 3253 4922; x_wconf 59' lang='lat' dir='ltr'><strong>saeculi</strong></span> <span class='ocrx_word' id='word_1_931' title='bbox 3309 4870 3686 4927; x_wconf 78' lang='lat' dir='ltr'><strong>exstruxisset)</strong></span> <span class='ocrx_word' id='word_1_932' title='bbox 3732 4870 3792 4922; x_wconf 88' lang='lat' dir='ltr'><strong>ad</strong></span> 
     </span>
    </p>
   </div>
   <div class='ocr_carea' id='block_1_136' title="bbox 2217 4942 3788 5011">
    <p class='ocr_par' dir='ltr' id='par_1_136' title="bbox 2217 4942 3788 5011">
     <span class='ocr_line' id='line_1_137' title="bbox 2217 4942 3788 5011; baseline -0.004 -13"><span class='ocrx_word' id='word_1_933' title='bbox 2217 4946 2353 4999; x_wconf 86' lang='lat' dir='ltr'><strong>idem</strong></span> <span class='ocrx_word' id='word_1_934' title='bbox 2389 4946 2769 4997; x_wconf 76' lang='lat' dir='ltr'><strong>monasterium</strong></span> <span class='ocrx_word' id='word_1_935' title='bbox 2800 4943 3042 5011; x_wconf 67' lang='lat' dir='ltr'><strong>quaedam</strong></span> <span class='ocrx_word' id='word_1_936' title='bbox 3099 4942 3343 5008; x_wconf 62' lang='lat' dir='ltr'><strong>religiosa</strong></span> <span class='ocrx_word' id='word_1_937' title='bbox 3380 4942 3575 4991; x_wconf 84' lang='lat' dir='ltr'><strong>lentina</strong></span> <span class='ocrx_word' id='word_1_938' title='bbox 3629 4942 3788 5004; x_wconf 84' lang='lat' dir='ltr'><strong>venit,</strong></span> 
     </span>
    </p>
   </div>
   <div class='ocr_carea' id='block_1_137' title="bbox 2216 5011 3794 5083">
    <p class='ocr_par' dir='ltr' id='par_1_137' title="bbox 2216 5011 3794 5083">
     <span class='ocr_line' id='line_1_138' title="bbox 2216 5011 3794 5083; baseline -0.004 -14"><span class='ocrx_word' id='word_1_939' title='bbox 2216 5032 2279 5069; x_wconf 82' lang='lat' dir='ltr'><strong>ex</strong></span> <span class='ocrx_word' id='word_1_940' title='bbox 2307 5017 2467 5068; x_wconf 90' lang='lat' dir='ltr'><strong>nobili</strong></span> <span class='ocrx_word' id='word_1_941' title='bbox 2500 5030 2697 5083; x_wconf 81' lang='lat' dir='ltr'><strong>genere</strong></span> <span class='ocrx_word' id='word_1_942' title='bbox 2723 5025 2861 5073; x_wconf 85' lang='lat' dir='ltr'><strong>orta,</strong></span> <span class='ocrx_word' id='word_1_943' title='bbox 2890 5015 2974 5064; x_wconf 87' lang='lat' dir='ltr'><strong>cui</strong></span> <span class='ocrx_word' id='word_1_944' title='bbox 3007 5025 3198 5063; x_wconf 88' lang='lat' dir='ltr'><strong>nomen</strong></span> <span class='ocrx_word' id='word_1_945' title='bbox 3228 5020 3342 5063; x_wconf 85' lang='lat' dir='ltr'><strong>erat</strong></span> <span class='ocrx_word' id='word_1_946' title='bbox 3372 5011 3563 5073; x_wconf 83' lang='lat' dir='ltr'><strong>Adula,</strong></span> <span class='ocrx_word' id='word_1_947' title='bbox 3596 5011 3647 5063; x_wconf 92' lang='lat' dir='ltr'><strong>in</strong></span> <span class='ocrx_word' id='word_1_948' title='bbox 3674 5026 3794 5063; x_wconf 88' lang='lat' dir='ltr'><strong>om-</strong></span> 
     </span>
    </p>
   </div>
   <div class='ocr_carea' id='block_1_138' title="bbox 2217 5083 3794 5148">
    <p class='ocr_par' dir='ltr' id='par_1_138' title="bbox 2217 5083 3794 5148">
     <span class='ocr_line' id='line_1_139' title="bbox 2217 5083 3794 5148; baseline -0.003 -9"><span class='ocrx_word' id='word_1_949' title='bbox 2217 5088 2371 5139; x_wconf 88' lang='lat' dir='ltr'><strong>nibus</strong></span> <span class='ocrx_word' id='word_1_950' title='bbox 2401 5085 2509 5138; x_wconf 81' lang='lat' dir='ltr'><strong>fere</strong></span> <span class='ocrx_word' id='word_1_951' title='bbox 2532 5086 2723 5137; x_wconf 84' lang='lat' dir='ltr'><strong>ancilla</strong></span> <span class='ocrx_word' id='word_1_952' title='bbox 2754 5084 2971 5145; x_wconf 80' lang='lat' dir='ltr'><strong>Christi,</strong></span> <span class='ocrx_word' id='word_1_953' title='bbox 3006 5083 3058 5135; x_wconf 89' lang='lat' dir='ltr'><strong>in</strong></span> <span class='ocrx_word' id='word_1_954' title='bbox 3084 5083 3264 5134; x_wconf 89' lang='lat' dir='ltr'><strong>habitu</strong></span> <span class='ocrx_word' id='word_1_955' title='bbox 3294 5094 3463 5148; x_wconf 86' lang='lat' dir='ltr'><strong>casta,</strong></span> <span class='ocrx_word' id='word_1_956' title='bbox 3497 5085 3549 5134; x_wconf 87' lang='lat' dir='ltr'><strong>in</strong></span> <span class='ocrx_word' id='word_1_957' title='bbox 3581 5084 3794 5135; x_wconf 87' lang='lat' dir='ltr'><strong>humili-</strong></span> 
     </span>
    </p>
   </div>
   <div class='ocr_carea' id='block_1_139' title="bbox 2218 5152 3791 5225">
    <p class='ocr_par' dir='ltr' id='par_1_139' title="bbox 2218 5152 3791 5225">
     <span class='ocr_line' id='line_1_140' title="bbox 2218 5152 3791 5225; baseline -0.003 -15"><span class='ocrx_word' id='word_1_958' title='bbox 2218 5169 2323 5211; x_wconf 84' lang='lat' dir='ltr'><strong>tate</strong></span> <span class='ocrx_word' id='word_1_959' title='bbox 2351 5158 2616 5225; x_wconf 79' lang='lat' dir='ltr'><strong>religios‘a,</strong></span> <span class='ocrx_word' id='word_1_960' title='bbox 2662 5158 2713 5209; x_wconf 92' lang='lat' dir='ltr'><strong>in</strong></span> <span class='ocrx_word' id='word_1_961' title='bbox 2740 5157 2999 5208; x_wconf 88' lang='lat' dir='ltr'><strong>charitate</strong></span> <span class='ocrx_word' id='word_1_962' title='bbox 3031 5169 3135 5205; x_wconf 90' lang='lat' dir='ltr'><strong>non</strong></span> <span class='ocrx_word' id='word_1_963' title='bbox 3178 5154 3321 5213; x_wconf 83' lang='lat' dir='ltr'><strong>(icta,</strong></span> <span class='ocrx_word' id='word_1_964' title='bbox 3353 5152 3405 5205; x_wconf 90' lang='lat' dir='ltr'><strong>in</strong></span> <span class='ocrx_word' id='word_1_965' title='bbox 3437 5154 3791 5223; x_wconf 73' lang='lat' dir='ltr'><strong>eleemosynis</strong></span> 
     </span>
    </p>
   </div>
   <div class='ocr_carea' id='block_1_140' title="bbox 2217 5226 3793 5346">
    <p class='ocr_par' dir='ltr' id='par_1_140' title="bbox 2217 5226 3793 5346">
     <span class='ocr_line' id='line_1_141' title="bbox 2217 5226 3793 5346; baseline -0.004 -65"><span class='ocrx_word' id='word_1_966' title='bbox 2217 5230 2430 5281; x_wconf 81' lang='lat' dir='ltr'><strong>senibus</strong></span> <span class='ocrx_word' id='word_1_967' title='bbox 2482 5243 2543 5280; x_wconf 87' lang='lat' dir='ltr'><strong>ac</strong></span> <span class='ocrx_word' id='word_1_968' title='bbox 2592 5227 2912 5295; x_wconf 86' lang='lat' dir='ltr'><strong>pauperibus</strong></span> <span class='ocrx_word' id='word_1_969' title='bbox 2946 5227 3110 5294; x_wconf 85' lang='lat' dir='ltr'><strong>larga,</strong></span> <span class='ocrx_word' id='word_1_970' title='bbox 3163 5238 3346 5289; x_wconf 76' lang='lat' dir='ltr'><strong>egenis</strong></span> <span class='ocrx_word' id='word_1_971' title='bbox 3402 5234 3454 5276; x_wconf 92' lang='lat' dir='ltr'><strong>et</strong></span> <span class='ocrx_word' id='word_1_972' title='bbox 3505 5226 3793 5346; x_wconf 55' lang='lat' dir='ltr'><strong>peregrinis</strong></span> 
     </span>
     <span class='ocr_line' id='line_1_142' title="bbox 2219 5294 3789 5346; baseline 0 0"><span class='ocrx_word' id='word_1_973' title='bbox 2219 5301 2511 5346; x_wconf 77' lang='lat' dir='ltr'><strong>lmsmlalis.</strong></span> <span class='ocrx_word' id='word_1_974' title='bbox 2548 5318 2565 5346; x_wconf 77' lang='grc' dir='ltr'><strong><em>ι</em></strong></span> <span class='ocrx_word' id='word_1_975' title='bbox 2604 5297 2820 5346; x_wconf 76' lang='lat' dir='ltr'><strong>Videtur</strong></span> <span class='ocrx_word' id='word_1_976' title='bbox 2846 5298 3004 5346; x_wconf 88' lang='lat' dir='ltr'><strong>etiam</strong></span> <span class='ocrx_word' id='word_1_977' title='bbox 3040 5294 3344 5346; x_wconf 81' lang='lat' dir='ltr'><strong>Maliillonio</strong></span> <span class='ocrx_word' id='word_1_978' title='bbox 3372 5295 3588 5346; x_wconf 75' lang='lat' dir='ltr'><strong>(Annal.</strong></span> <span class='ocrx_word' id='word_1_979' title='bbox 3670 5311 3789 5346; x_wconf 82' lang='lat' dir='ltr'><strong>ene-</strong></span> 
     </span>
    </p>
   </div>
   <div class='ocr_carea' id='block_1_141' title="bbox 2219 5294 3789 5367">
    <p class='ocr_par' dir='ltr' id='par_1_141' title="bbox 2219 5294 3789 5367">
     <span class='ocr_line' id='line_1_143' title="bbox 2219 5294 3789 5367; baseline -0.003 -16"><span class='ocrx_word' id='word_1_980' title='bbox 2219 5301 2511 5367; x_wconf 85' lang='lat' dir='ltr'><strong>hospitalis.</strong></span> <span class='ocrx_word' id='word_1_981' title='bbox 2548 5318 2565 5350; x_wconf 76' lang='lat' dir='ltr'><strong>i</strong></span> <span class='ocrx_word' id='word_1_982' title='bbox 2596 5294 2820 5350; x_wconf 66' lang='lat' dir='ltr'><strong>Videtur</strong></span> <span class='ocrx_word' id='word_1_983' title='bbox 2846 5298 3004 5350; x_wconf 88' lang='lat' dir='ltr'><strong>etiam</strong></span> <span class='ocrx_word' id='word_1_984' title='bbox 3040 5294 3344 5348; x_wconf 83' lang='lat' dir='ltr'><strong>Mabillonio</strong></span> <span class='ocrx_word' id='word_1_985' title='bbox 3372 5295 3588 5359; x_wconf 79' lang='lat' dir='ltr'><strong>(Annal.</strong></span> <span class='ocrx_word' id='word_1_986' title='bbox 3624 5294 3789 5347; x_wconf 82' lang='lat' dir='ltr'><strong>Bene-</strong></span> 
     </span>
    </p>
   </div>
   <div class='ocr_carea' id='block_1_142' title="bbox 2218 5366 3791 5437">
    <p class='ocr_par' dir='ltr' id='par_1_142' title="bbox 2218 5366 3791 5437">
     <span class='ocr_line' id='line_1_144' title="bbox 2218 5366 3791 5437; baseline -0.003 -14"><span class='ocrx_word' id='word_1_987' title='bbox 2218 5373 2363 5433; x_wconf 82' lang='lat' dir='ltr'><strong>dict.,</strong></span> <span class='ocrx_word' id='word_1_988' title='bbox 2399 5384 2520 5423; x_wconf 88' lang='lat' dir='ltr'><strong>tom.</strong></span> <span class='ocrx_word' id='word_1_989' title='bbox 2554 5368 2638 5432; x_wconf 81' lang='lat' dir='ltr'><strong>ll,</strong></span> <span class='ocrx_word' id='word_1_990' title='bbox 2665 5370 2755 5424; x_wconf 83' lang='lat' dir='ltr'><strong>lib.</strong></span> <span class='ocrx_word' id='word_1_991' title='bbox 2800 5382 2907 5426; x_wconf 77' lang='lat' dir='ltr'><strong>xix,</strong></span> <span class='ocrx_word' id='word_1_992' title='bbox 2942 5384 2993 5418; x_wconf 81' lang='grc' dir='ltr'><strong>η.</strong></span> <span class='ocrx_word' id='word_1_993' title='bbox 3037 5366 3094 5437; x_wconf 81' lang='grc'>5)</span> <span class='ocrx_word' id='word_1_994' title='bbox 3120 5382 3179 5418; x_wconf 82' lang='lat' dir='ltr'><strong>ea</strong></span> <span class='ocrx_word' id='word_1_995' title='bbox 3209 5381 3329 5418; x_wconf 82' lang='lat' dir='ltr'><strong>esse</strong></span> <span class='ocrx_word' id='word_1_996' title='bbox 3363 5367 3604 5418; x_wconf 77' lang='lat' dir='ltr'><strong>Adolana</strong></span> <span class='ocrx_word' id='word_1_997' title='bbox 3639 5368 3791 5418; x_wconf 54' lang='lat' dir='ltr'><strong>abba.</strong></span> 
     </span>
    </p>
   </div>
   <div class='ocr_carea' id='block_1_143' title="bbox 2220 5438 3790 5507">
    <p class='ocr_par' dir='ltr' id='par_1_143' title="bbox 2220 5438 3790 5507">
     <span class='ocr_line' id='line_1_145' title="bbox 2220 5438 3790 5507; baseline -0.003 -14"><span class='ocrx_word' id='word_1_998' title='bbox 2220 5445 2369 5505; x_wconf 79' lang='lat' dir='ltr'><strong>tiSsa,</strong></span> <span class='ocrx_word' id='word_1_999' title='bbox 2395 5442 2478 5494; x_wconf 85' lang='lat' dir='ltr'><strong>cui</strong></span> <span class='ocrx_word' id='word_1_1000' title='bbox 2511 5442 2562 5493; x_wconf 89' lang='lat' dir='ltr'><strong>iti</strong></span> <span class='ocrx_word' id='word_1_1001' title='bbox 2590 5439 2745 5507; x_wconf 74' lang='lat' dir='ltr'><strong>epist.</strong></span> <span class='ocrx_word' id='word_1_1002' title='bbox 2780 5439 3037 5493; x_wconf 79' lang='lat' dir='ltr'><strong>Bonifacii</strong></span> <span class='ocrx_word' id='word_1_1003' title='bbox 3067 5439 3126 5490; x_wconf 79' lang='grc'><strong>51</strong></span> <span class='ocrx_word' id='word_1_1004' title='bbox 3171 5438 3376 5499; x_wconf 64' lang='lat' dir='ltr'><strong>lilleda,</strong></span> <span class='ocrx_word' id='word_1_1005' title='bbox 3409 5438 3592 5490; x_wconf 85' lang='lat' dir='ltr'><strong>itidem</strong></span> <span class='ocrx_word' id='word_1_1006' title='bbox 3630 5438 3790 5488; x_wconf 84' lang='lat' dir='ltr'><strong>abba-</strong></span> 
     </span>
    </p>
   </div>
   <div class='ocr_carea' id='block_1_144' title="bbox 2220 5508 3791 5581">
    <p class='ocr_par' dir='ltr' id='par_1_144' title="bbox 2220 5508 3791 5581">
     <span class='ocr_line' id='line_1_146' title="bbox 2220 5508 3791 5581; baseline -0.004 -15"><span class='ocrx_word' id='word_1_1007' title='bbox 2220 5517 2369 5577; x_wconf 79' lang='lat' dir='ltr'><strong>tissa,</strong></span> <span class='ocrx_word' id='word_1_1008' title='bbox 2406 5512 2679 5581; x_wconf 74' lang='lat' dir='ltr'><strong>Anglicani</strong></span> <span class='ocrx_word' id='word_1_1009' title='bbox 2722 5513 2996 5577; x_wconf 84' lang='lat' dir='ltr'><strong>cujusdam</strong></span> <span class='ocrx_word' id='word_1_1010' title='bbox 3047 5508 3303 5575; x_wconf 68' lang='lat' dir='ltr'><strong>emnobii,</strong></span> <span class='ocrx_word' id='word_1_1011' title='bbox 3360 5510 3519 5560; x_wconf 75' lang='lat' dir='ltr'><strong>aliam</strong></span> <span class='ocrx_word' id='word_1_1012' title='bbox 3564 5508 3791 5559; x_wconf 84' lang='lat' dir='ltr'><strong>abbatis-</strong></span> 
     </span>
    </p>
   </div>
   <div class='ocr_carea' id='block_1_145' title="bbox 2218 5583 3787 5649">
    <p class='ocr_par' dir='ltr' id='par_1_145' title="bbox 2218 5583 3787 5649">
     <span class='ocr_line' id='line_1_147' title="bbox 2218 5583 3787 5649; baseline -0.006 -12"><span class='ocrx_word' id='word_1_1013' title='bbox 2218 5601 2353 5645; x_wconf 84' lang='lat' dir='ltr'><strong>sam,</strong></span> <span class='ocrx_word' id='word_1_1014' title='bbox 2396 5586 2555 5637; x_wconf 87' lang='lat' dir='ltr'><strong>etiam</strong></span> <span class='ocrx_word' id='word_1_1015' title='bbox 2606 5586 2969 5649; x_wconf 71' lang='lat' dir='ltr'><strong>Anglicanam,</strong></span> <span class='ocrx_word' id='word_1_1016' title='bbox 3006 5583 3227 5633; x_wconf 74' lang='lat' dir='ltr'><strong>Romam</strong></span> <span class='ocrx_word' id='word_1_1017' title='bbox 3276 5588 3609 5647; x_wconf 78' lang='lat' dir='ltr'><strong>pergentem,</strong></span> <span class='ocrx_word' id='word_1_1018' title='bbox 3642 5593 3787 5631; x_wconf 84' lang='lat' dir='ltr'><strong>coni-</strong></span> 
     </span>
    </p>
   </div>
   <div class='ocr_carea' id='block_1_146' title="bbox 2218 5649 3791 5721">
    <p class='ocr_par' dir='ltr' id='par_1_146' title="bbox 2218 5649 3791 5721">
     <span class='ocr_line' id='line_1_148' title="bbox 2218 5649 3791 5721; baseline -0.006 -12"><span class='ocrx_word' id='word_1_1019' title='bbox 2218 5656 2452 5717; x_wconf 87' lang='lat' dir='ltr'><strong>ntendat,</strong></span> <span class='ocrx_word' id='word_1_1020' title='bbox 2488 5656 2585 5708; x_wconf 83' lang='lat' dir='ltr'><strong>hac</strong></span> <span class='ocrx_word' id='word_1_1021' title='bbox 2622 5660 2939 5707; x_wconf 84' lang='lat' dir='ltr'><strong>salutatione</strong></span> <span class='ocrx_word' id='word_1_1022' title='bbox 2989 5656 3259 5721; x_wconf 73' lang='lat' dir='ltr'><strong>praemissa</strong></span> <span class='ocrx_word' id='word_1_1023' title='bbox 3289 5670 3300 5703; x_wconf 90' lang='lat'><strong>:</strong></span> <span class='ocrx_word' id='word_1_1024' title='bbox 3350 5670 3367 5702; x_wconf 76' lang='grc' dir='ltr'>ι</span> <span class='ocrx_word' id='word_1_1025' title='bbox 3402 5649 3642 5704; x_wconf 66' lang='lat' dir='ltr'><strong>Dominae</strong></span> <span class='ocrx_word' id='word_1_1026' title='bbox 3679 5663 3791 5700; x_wconf 86' lang='lat' dir='ltr'><strong>sau-</strong></span> 
     </span>
    </p>
   </div>
   <div class='ocr_carea' id='block_1_147' title="bbox 2217 5722 3789 5791">
    <p class='ocr_par' dir='ltr' id='par_1_147' title="bbox 2217 5722 3789 5791">
     <span class='ocr_line' id='line_1_149' title="bbox 2217 5722 3789 5791; baseline -0.007 -11"><span class='ocrx_word' id='word_1_1027' title='bbox 2217 5736 2319 5781; x_wconf 67' lang='lat' dir='ltr'><strong>ciae</strong></span> <span class='ocrx_word' id='word_1_1028' title='bbox 2369 5738 2526 5791; x_wconf 80' lang='lat' dir='ltr'><strong>atque</strong></span> <span class='ocrx_word' id='word_1_1029' title='bbox 2592 5743 2620 5779; x_wconf 91' lang='lat' dir='ltr'><strong>a</strong></span> <span class='ocrx_word' id='word_1_1030' title='bbox 2682 5727 2789 5778; x_wconf 87' lang='lat' dir='ltr'><strong>Deo</strong></span> <span class='ocrx_word' id='word_1_1031' title='bbox 2847 5724 3139 5777; x_wconf 87' lang='lat' dir='ltr'><strong>honorabili</strong></span> <span class='ocrx_word' id='word_1_1032' title='bbox 3191 5723 3445 5776; x_wconf 73' lang='lat' dir='ltr'><strong>Adolame</strong></span> <span class='ocrx_word' id='word_1_1033' title='bbox 3495 5722 3789 5779; x_wconf 48' lang='lat' dir='ltr'><strong>abbatisuc,</strong></span> 
     </span>
    </p>
   </div>
   <div class='ocr_carea' id='block_1_148' title="bbox 2221 5794 3788 5862">
    <p class='ocr_par' dir='ltr' id='par_1_148' title="bbox 2221 5794 3788 5862">
     <span class='ocr_line' id='line_1_150' title="bbox 2221 5794 3788 5862; baseline -0.005 -11"><span class='ocrx_word' id='word_1_1034' title='bbox 2221 5797 2412 5862; x_wconf 78' lang='lat' dir='ltr'><strong>Elleld,</strong></span> <span class='ocrx_word' id='word_1_1035' title='bbox 2440 5798 2813 5852; x_wconf 70' lang='lat' dir='ltr'><strong>ecclesiasticae</strong></span> <span class='ocrx_word' id='word_1_1036' title='bbox 2857 5795 3073 5849; x_wconf 71' lang='lat' dir='ltr'><strong>latuiliae</strong></span> <span class='ocrx_word' id='word_1_1037' title='bbox 3107 5797 3298 5849; x_wconf 86' lang='lat' dir='ltr'><strong>lamula</strong></span> <span class='ocrx_word' id='word_1_1038' title='bbox 3326 5794 3671 5862; x_wconf 79' lang='lat' dir='ltr'><strong>sempiterna:</strong></span> <span class='ocrx_word' id='word_1_1039' title='bbox 3706 5805 3788 5843; x_wconf 86' lang='lat' dir='ltr'><strong>so-</strong></span> 
     </span>
    </p>
   </div>
   <div class='ocr_carea' id='block_1_149' title="bbox 2218 5860 3115 5943">
    <p class='ocr_par' dir='ltr' id='par_1_149' title="bbox 2218 5860 3115 5943">
     <span class='ocr_line' id='line_1_151' title="bbox 2218 5860 3115 5943; baseline -0.007 -16"><span class='ocrx_word' id='word_1_1040' title='bbox 2218 5860 2427 5943; x_wconf 76' lang='lat' dir='ltr'><strong>Spitatis</strong></span> <span class='ocrx_word' id='word_1_1041' title='bbox 2457 5870 2681 5926; x_wconf 82' lang='lat' dir='ltr'><strong>salutem</strong></span> <span class='ocrx_word' id='word_1_1042' title='bbox 2716 5872 2768 5925; x_wconf 91' lang='lat' dir='ltr'><strong>iu</strong></span> <span class='ocrx_word' id='word_1_1043' title='bbox 2811 5867 3058 5926; x_wconf 85' lang='lat' dir='ltr'><strong>Domino.</strong></span> <span class='ocrx_word' id='word_1_1044' title='bbox 3093 5884 3115 5921; x_wconf 68' lang='grc' dir='ltr'>ι</span> 
     </span>
    </p>
   </div>
  </div>
