4026 6352
507 379 650 436 1525

1580 361 1828 424 FRANC.
1869 359 2032 418 RBG.
2061 355 2129 416 IV
2167 353 2410 415 PRIN‘
2446 353 2728 415 BTIBPIS.

3639 356 3776 418 1334

512 501 595 555 vel
636 498 748 568 ipsa
789 488 1134 561 congregatio
1157 485 1303 543 omni
1331 492 1575 552 tempore
1597 521 1612 548 ,
1665 482 1868 549 absque
1898 477 2075 545 cujus-
2100 473 2154 533 Δ
2180 474 2378 568 nostris
2401 475 2676 568 etgtuturis
2701 471 3030 540 temporibus
3052 471 3299 568 subiere
3324 480 3379 527 et
3401 471 3774 568 dominatione

513 594 643 646 libet
694 587 1116 657 impedimento,
1170 581 1253 635 vel
1308 575 1736 648 snpradictorum
1800 573 2036 626 virorum
2065 612 2078 636 ,

508 689 717 756 quietas
747 684 798 735 in
831 683 946 749 ipso
973 675 1301 733 monasterio
1323 710 1341 739 ,
1389 672 1492 726 sito
1525 671 1577 724 in
1614 684 1748 739 pago
1779 669 2083 723 Cenoman-

507 779 651 844 nico,
683 772 922 829 Tuffiaco
952 778 1278 831 constructo,
1312 763 1547 820 debeant
1571 762 1832 826 residere,
1865 759 1950 814 vel
1983 757 2084 813 sub

507 877 688 925 sancta
721 866 902 936 regula
930 864 1127 919 ibidem
1160 871 1484 915 conversare
1508 901 1521 924 ,
1573 865 1628 911 et
1674 869 1770 924 pro
1812 863 1951 908 statu
1987 854 2084 908 Ec-

507 961 684 1017 elesim
713 970 762 1015 et
793 958 959 1013 salute
991 955 1200 1025 patria,
1235 968 1330 1008 seu
1361 967 1456 1020 pro
1485 951 1776 1006 stabilitate
1802 948 1952 1018 regni
1985 961 2079 1002 no-

506 1061 600 1110 stri
634 1054 936 1124 perenniter
961 1050 1159 1104 ibidem
1187 1049 1419 1104 debeant
1475 1062 1720 1103 exorare.
1777 1046 1842 1100 Et
1880 1054 1934 1099 ut
1968 1044 2082 1097 haec

506 1147 792 1203 auctoritas
822 1145 1024 1198 ﬁrmior
1055 1144 1334 1208 habeatur,
1372 1145 1422 1195 in
1453 1141 1701 1196 omnibus
1731 1147 1783 1192 et
1811 1139 1877 1192 ab
1909 1137 2086 1191 omni-

508 1243 606 1294 bus
656 1248 1044 1302 conservetur,
1109 1251 1293 1289 manus
1373 1244 1568 1288 nostra!
1641 1231 2084 1298 suscriptionibus

506 1333 689 1385 subter
709 1345 825 1384 eam
856 1327 1187 1383 decrevimus
1215 1327 1488 1380 roborare.
1531 1324 1587 1377 ln
1611 1322 1814 1377 Christi
1843 1326 2081 1384 nomine,

506 1423 870 1476 Theodericus
899 1434 993 1474 rex
1023 1416 1339 1485 subscripsi.
1389 1415 1654 1470 Guntinus
1681 1418 1860 1482 jussus
1893 1415 2088 1468 obtulit

505 1523 558 1569 et
595 1512 929 1582 subscripsit.
987 1513 1177 1565 Datum
1213 1509 1354 1578 quod
1396 1509 1521 1563 fecit
1559 1511 1758 1562 mensis
1792 1507 2089 1562 December

505 1607 620 1660 dies
651 1606 731 1675 vj,
764 1620 905 1659 anno
934 1603 990 1672 iij
1022 1604 1171 1671 regni
1201 1602 1408 1667 nostri,
1451 1602 1782 1668 Compendio
1813 1602 1864 1654 in
1894 1600 2092 1670 palatio

504 1706 713 1765 nostro,
743 1695 798 1750 in
826 1695 918 1750 Dei
951 1694 1167 1749 nomine
1198 1691 1441 1747 feliciter.
1482 1692 1676 1746 Amen.

1257 1805 1343 1860 IV.

509 1933 529 1957 υ
551 1923 796 1990 Diploma
817 1939 919 1992 quo
938 1919 1288 1992 Theodericus
1312 1920 1680 1974 monasterium
1700 1929 1890 1992 sancire
1913 1916 2100 1974 Mariae

576 1999 716 2063 infra
748 1991 958 2048 Sartum
995 1994 1210 2062 ﬂuvium
1243 1991 1612 2045 Cenomanensi
1652 1991 1876 2045 ecclesia:
1921 1993 2100 2045 asserit

580 2067 731 2136 (ann.
762 2066 914 2134 676).

580 2155 948 2210 Theodericus
981 2169 1074 2210 rex
1104 2153 1430 2208 Francorum
1452 2194 1465 2217 ,
1499 2152 1582 2207 vir
1615 2153 1841 2208 illuster.
1878 2152 1935 2207 Si
1969 2155 2101 2222 peti-

509 2250 745 2304 tionibus
775 2248 1118 2303 sacerdotum
1151 2247 1292 2312 quod
1323 2247 1390 2302 ad
1420 2261 1608 2302 eorum
1641 2248 2097 2316 opportunitatem

513 2344 742 2408 pertinet
787 2341 1020 2394 libenter
1067 2347 1384 2410 praestamus
1432 2353 1712 2392 assensum
1740 2379 1754 2404 ,
1810 2339 2013 2408 regiam
2043 2338 2098 2393 in

514 2434 616 2488 hoc
644 2447 958 2488 exercemus
984 2432 1460 2497 consuetudinem,
1493 2441 1548 2486 et
1578 2432 1678 2486 hoc
1709 2434 1864 2486 nobis
1891 2433 1956 2487 ad
1989 2433 2100 2488 lau-

512 2527 634 2579 dettl
665 2525 750 2578 vel
784 2524 848 2576 ad
882 2525 1109 2578 salutem
1160 2532 1414 2578 teternam
1472 2534 1526 2578 et
1571 2524 1916 2580 stabilitatem
1949 2529 2100 2593 regni

512 2618 684 2672 nostri
729 2617 780 2670 in
823 2614 920 2672 Dei
969 2617 1186 2671 nomine
1231 2618 1504 2686 pertinere
1533 2616 1876 2673 conﬁdimus.
1934 2618 2100 2688 Igitur

511 2710 839 2779 apostolicus
885 2711 985 2775 vir,
1033 2711 1261 2764 domnus
1293 2711 1645 2780 Aiglibertus,
1677 2712 2096 2770 Cenomannica

513 2804 661 2858 urbis
689 2803 1012 2872 episcopus,
1060 2804 1224 2857 missa
1265 2805 1555 2872 petitione,
1601 2806 1904 2861 clementiae
1945 2805 2099 2876 regni

511 2896 682 2952 nostri
707 2895 935 2950 credidit
959 2897 1355 2966 suggerendum
1380 2906 1440 2951 ut
1460 2900 1920 2968 constitutionem,
1942 2912 2100 2969 quam

517 3002 734 3057 propter
761 3005 998 3045 amorem
1044 2991 1137 3044 Dei
1181 3001 1237 3046 et
1273 2991 1672 3062 eleemosynam
1703 3001 1940 3048 nostram
1973 3009 2101 3048 con-

514 3086 795 3146 stituerat,
842 3097 936 3151 per
967 3097 1292 3137 consensum
1322 3085 1856 3153 comprovincialium
1891 3086 2102 3154 episco-

521 3189 733 3243 porum,
763 3174 875 3228 sive
903 3174 1350 3229 consacerdotum
1381 3189 1444 3230 ac
1472 3177 1852 3232 canonicorum
1879 3190 2100 3231 suorum

518 3266 573 3322 in
606 3268 938 3322 monasterio
979 3275 1181 3322 sancta:
1213 3267 1307 3322 Dei
1337 3267 1645 3337 genitricis,
1689 3269 1831 3338 quod
1860 3280 1945 3325 est
1974 3283 2103 3326 con-

518 3368 779 3418 structum
827 3361 970 3416 intra
1016 3359 1238 3416 fluvium
1288 3362 1458 3418 Sartat
1496 3369 1551 3417 et
1587 3377 1796 3417 murum
1846 3362 2103 3430 civitatis,

521 3465 628 3509 tam
663 3465 817 3510 extra
852 3469 1064 3509 murum
1094 3468 1253 3522 quam
1282 3463 1337 3510 et
1365 3454 1502 3510 infra
1535 3455 1702 3525 ipsius
1731 3456 1964 3512 civitatis
1996 3471 2106 3512 mu-

519 3551 778 3606 nitionem
809 3549 953 3619 quod
983 3548 1048 3602 ad
1082 3557 1308 3604 matrem
1338 3546 1583 3604 ecclesiae
1610 3557 1813 3604 sanctte
1845 3549 2026 3604 Mariae
2054 3558 2109 3606 et

519 3646 690 3700 sancti
720 3643 960 3700 Gervasii
992 3652 1046 3698 et
1074 3640 1330 3708 Protasii,
1356 3643 1441 3698 cui
1472 3657 1703 3710 praeesse
1730 3643 1958 3707 videtur,
1982 3643 2108 3712 jure

522 3739 889 3795 ecclesiastico
930 3736 1200 3806 pertinet,
1245 3744 1300 3791 et
1344 3751 1436 3804 per
1465 3734 1770 3805 scriptionis
1801 3735 2107 3790 ﬁrmitatem

526 3834 992 3902 praedecessorum
1036 3846 1255 3888 suorum
1304 3832 1638 3901 temporibus
1684 3831 1786 3886 sub
1813 3845 1977 3886 censu
2013 3830 2107 3885 tir~

525 3926 686 3981 miter
711 3935 766 3980 et
790 3925 1029 3994 legaliter
1049 3925 1351 3994 delegatum
1379 3938 1500 3979 esse
1524 3923 1896 3994 cognoscitur;
1927 3931 2110 3992 postu-

526 4017 656 4072 lavit
686 4025 741 4070 ut
772 4015 1040 4071 ﬁrmitatis
1068 4031 1229 4072 causa
1254 4059 1270 4084 ,
1320 4023 1502 4069 nostra
1544 4015 1709 4084 regali
1763 4014 2110 4069 conﬁrmetur

526 4121 778 4166 censura.
828 4108 992 4178 Cujus
1032 4107 1276 4177 petitioni
1324 4123 1419 4161 nos
1461 4121 1740 4161 assensum
1773 4105 2109 4174 praebentes,

531 4211 586 4257 et
615 4200 862 4256 eamdem
901 4213 1056 4255 suam
1097 4198 1531 4253 constitutionem
1574 4207 1756 4252 nostra
1798 4199 2111 4252 auctoritate

527 4295 930 4357 conﬁrmantes,
966 4293 1070 4348 hoc
1098 4301 1425 4361 przeeeptum
1465 4291 1576 4345 ﬁeri
1619 4290 1902 4358 jussimus,
1937 4299 1991 4344 et
2021 4304 2113 4358 per

530 4391 672 4446 hanc
716 4386 1049 4445 auctoritatis
1099 4394 1298 4439 nostra;
1342 4383 1744 4452 inscriptionem
1777 4382 2113 4452 praecipimus

529 4499 615 4555 ut,
647 4489 789 4543 sicut
815 4501 846 4540 a
875 4481 1135 4553 praedicto
1162 4479 1452 4536 venerabili
1484 4479 1777 4548 apostolico
1808 4480 1920 4532 viro
1957 4479 2116 4546 Αἰδη-

531 4583 710 4645 berto,
733 4577 1144 4634 Cenomannicte
1168 4574 1314 4628 urbis
1336 4573 1609 4642 episcopo,
1634 4581 1717 4626 est
1746 4571 2114 4634 constitutum,
2147 4590 2203 4651 D

531 4673 621 4728 Vel
660 4672 799 4727 sicut
846 4668 901 4724 in
944 4667 1062 4739 ejus
1091 4666 1396 4722 continetur
1427 4665 1651 4732 scripto,
1703 4673 1809 4715 tam
1857 4663 2109 4732 deinceps

612 4817 639 4846 α
669 4805 855 4857 Exstat
899 4803 952 4856 in
993 4802 1137 4857 Actis
1179 4801 1548 4868 episcoporum
1591 4797 2072 4868 Cenomanensium
2097 4839 2110 4862 ,

535 4874 732 4932 Mabill.
765 4873 1033 4936 Analect.,
1082 4867 1368 4940 pag.’279;
1424 4885 1670 4923 recusunt
1704 4867 2112 4940 inACollectione

539 4951 864 5016 scriptorum
887 4937 1098 5016 rerum
1117 4937 1519 5016 Erancicartnn,
1558 4949 1686 5016 tom.
1721 4937 1956 5016 l\',~pag.
1985 4939 2111 5016 ϋὶθϐτ

540 5010 706 5074 Periit
741 5015 1117 5070 Childebertus
1149 5013 1187 5066 ll
1221 5028 1359 5065 anno
1391 5011 1515 5073 675,
1567 5011 1784 5064 ineunte
1810 5010 2112 5076 Septembri

551 5103 752 5152 tnense,
780 5085 864 5141 cui
895 5086 1150 5140 successit
1184 5083 1342 5136 frater
1367 5082 1481 5149 ejus
1505 5081 1871 5136 Theodericus
1899 5081 1981 5152 111,
2009 5097 2114 5133 non

547 5150 754 5224 quidem
776 5158 958 5212 statim
981 5155 1047 5208 ab
1067 5154 1213 5224 obitu
1235 5155 1434 5224 fratris,
1460 5152 1723 5224 Longu‘er.
1754 5155 1903 5224 Αιιιι.Δ
1923 5150 2113 5224 Flauo.

544 5220 674 5282 tom.
706 5227 793 5293 Ill,
825 5227 1045 5281 Collect.
1084 5223 1208 5278 hist.
1241 5223 1434 5293 Franc.
1474 5239 1592 5292 pag.
1625 5222 1759 5287 63f;
1811 5220 1906 5276 sed
1942 5221 2116 5274 Theo-

543 5298 713 5353 dorici
737 5292 907 5351 annos
934 5312 963 5350 a
985 5297 1070 5350 die
1090 5296 1265 5349 obitus
1286 5292 1572 5347 Childcrici
1603 5303 1934 5363 computatos
1961 5293 2121 5348 fuisse

546 5386 632 5428 ex,
665 5367 971 5423 Mabillonio
1026 5369 1214 5435 probat
1260 5364 1676 5433 Longueruacus.
1751 5366 1885 5429 Ergo
1937 5379 2121 5418 mense

547 5439 737 5493 Martio
783 5440 922 5491 tertii
974 5438 1095 5490 anni
1137 5435 1458 5489 Theudorici
1499 5436 1610 5499 jam
1657 5437 1907 5488 currebat
1951 5450 2122 5488 almus

548 5510 746 5564 Christi
779 5507 903 5563 676.
955 5505 1296 5561 Emendanda
1328 5503 1465 5558 foret
1513 5506 1624 5557 hinc
1668 5516 1791 5558 nota
1833 5506 2123 5558 chronolo-

550 5582 689 5651 gica,
722 5586 779 5632 ut
807 5577 1082 5651 conciliari
1101 5583 1295 5651 posset
1320 5590 1440 5651 cum
1475 5575 1785 5651 pontiﬁcatu
1815 5576 2122 5651 Aigliberti,

554 5645 703 5718 cujus
733 5647 1005 5702 exordium
1033 5647 1131 5701 sub
1161 5662 1299 5699 anno
1328 5645 1433 5700 680
1460 5646 2120 5718 collocatiBontlonnetus,

555 5715 663 5775 Vit.
698 5722 860 5786 episc.
889 5718 1210 5783 Cenoman.,
1243 5733 1363 5787 pag.
1398 5717 1502 5773 554
1531 5726 1584 5770 et
1611 5715 1752 5778 556;
1787 5717 1884 5768 nisi
1918 5717 2124 5769 dicatur

557 5791 838 5858 tegendum
884 5791 937 5843 in
980 5789 1267 5857 diplomate
1297 5804 1436 5843 anno
1465 5803 1556 5841 xm
1596 5803 1691 5855 pro
1719 5801 1858 5840 anno
1892 5802 1943 5838 ιιι
1970 5827 1984 5850 ,
2033 5787 2126 5841 sed

563 5859 866 5927 conjectura
895 5862 1007 5914 haec
1032 5861 1345 5917 auctoritate
1375 5859 1710 5926 destituitur;
1741 5868 1793 5915 et
1821 5873 1942 5914 cum
1974 5861 2128 5914 levis-

2132 3221 2182 3290 α

2187 565 2421 636 praefata:
2452 566 2863 622 Cenomannic
2894 566 3122 620 sarrieris
3156 565 3305 621 urbis
3337 566 3615 632 ecclesiae,
3647 579 3774 622 san-

2187 662 2584 718 ctimonialibus
2613 661 2742 715 inibi
2773 660 3092 730 degentibu
3122 671 3177 715 et
3205 661 3532 730 pauperibus
3562 675 3628 716 ac
3653 675 3779 732 per-

2188 755 2387 824 egrinis
2417 754 2768 824 stipendiario
2794 755 3117 822 disponente
3142 762 3304 822 atque
3324 753 3612 809 ordinante
3641 767 3778 823 pra-.-

2191 848 2309 901 fatae
2335 847 2480 901 urbis
2504 847 2775 915 episcopo,
2801 860 2864 900 ac
2885 844 3264 901 decessoribus
3284 848 3397 900 suis
3419 851 3472 900 et
3493 845 3780 903 abbatissa:

2189 955 2351 1012 quam
2382 942 2495 1010 ipse
2521 941 2635 996 sive
2665 955 3006 996 successores
3034 941 3115 995 sui
3144 940 3200 995 in
3225 940 3416 996 eodem
3445 941 3781 996 monasterio

2191 1035 2625 1102 constituerunt,
2678 1036 2778 1090 sub
2825 1034 3006 1104 regula
3057 1036 3294 1090 existant
3347 1048 3412 1091 ac
3462 1034 3784 1105 regulariter

2194 1128 2403 1193 vivant,
2445 1138 2499 1183 et
2529 1129 2682 1196 plena
2711 1128 2792 1182 eis
2821 1128 3005 1195 regula
3036 1138 3411 1183 conservetur.
3469 1129 3536 1182 Et
3584 1141 3674 1182 res
3719 1127 3786 1182 ad

2195 1221 2510 1290 praedictum
2552 1219 2941 1275 monasterium
2992 1219 3325 1288 pertinentes
3363 1231 3680 1282 monemus,
3731 1225 3789 1271 ut

2196 1328 2370 1381 neque
2402 1328 2535 1377 nos,
2585 1326 2761 1381 neque
2797 1325 3141 1368 successores
3169 1315 3373 1380 nostri,
3419 1321 3511 1367 aut
3551 1312 3790 1380 qualibet

2196 1408 2604 1478 expectantibus
2635 1409 2718 1463 vel
2749 1408 3092 1463 exactoribus
3125 1409 3332 1476 praefati
3370 1411 3519 1478 regni
3551 1407 3788 1474 auferre,

2199 1511 2290 1555 aut
2319 1500 2555 1559 alienare
2582 1513 2612 1554 a
2638 1500 2760 1569 jure
2795 1509 2849 1554 et
2882 1501 3248 1555 dominatione
3271 1499 3383 1570 jam
3415 1501 3573 1556 dictae
3605 1500 3790 1556 matris

2197 1594 2616 1650 Cenomannieaz
2645 1595 2792 1649 urbis
2823 1594 3087 1658 ecclesiae,
3112 1604 3204 1648 aut
3227 1602 3447 1664 propter
3469 1594 3793 1650 benevolen-

2200 1689 2328 1742 tiam
2362 1689 2443 1742 vel
2475 1689 2886 1744 leviorstionem
2915 1703 3013 1743 seu
3042 1688 3252 1742 servitii
3284 1687 3491 1758 praefati
3522 1689 3710 1744 domui
3741 1697 3793 1744 et

2128 1790 2142 1852 χ
2201 1780 2478 1848 apostolici
2509 1781 2603 1834 viri
2636 1780 2914 1849 Aigliberti
2941 1781 3182 1850 episcopi
3213 1781 3388 1852 aliqua
3417 1782 3673 1837 succedat
3704 1797 3794 1837 oc-

2126 1851 2463 1938 Bcasione,
2517 1880 2609 1924 aut
2655 1872 2891 1940 qualiter
2920 1871 3214 1926 calliditate
3253 1851 3335 1927 vel
3386 1873 3532 1928 malo
3577 1873 3793 1944 ingenio

2205 1965 2560 2028 machinetur,
2585 1975 2640 2017 ut
2665 1978 2694 2018 a
2719 1963 2846 2032 jugo
2873 1964 3106 2034 prmfatte
3128 1965 3376 2020 ecclesiae
3398 1981 3462 2021 ex
3486 1966 3587 2021 hac
3612 1979 3792 2022 nostra

2205 2055 2582 2110 benevolentia
2642 2058 2818 2123 ipsum
2875 2057 3313 2112 monasteriolum
3375 2058 3656 2114 auferatur
3713 2061 3792 2115 vel

2204 2149 2489 2213 alienatur,
2515 2149 2626 2203 sive
2657 2149 2838 2217 aliquo
2865 2149 3026 2204 modo
3051 2149 3434 2205 subtrahatur:
3463 2152 3560 2205 sed
3596 2154 3648 2204 in
3676 2152 3794 2220 jure

2203 2254 2260 2301 et
2292 2253 2556 2314 pctestate
2586 2258 2728 2311 saepe
2760 2244 2916 2297 dictae
2947 2245 3133 2299 matris
3165 2244 3406 2299 ecclesiae
3448 2253 3538 2300 aut
3585 2245 3795 2313 pontiﬁ-

2203 2354 2325 2395 cum
2361 2340 2493 2393 inibi
2525 2339 2636 2393 Deo
2670 2338 2978 2406 degentium
3028 2338 3385 2406 prtesentibus
3412 2347 3573 2408 atque
3604 2339 3792 2393 futuris

2205 2440 2516 2499 permaneat
2543 2430 2897 2500 temporibus,
2925 2446 3098 2500 neque
3123 2427 3302 2501 aliquo
3330 2431 3490 2487 modo
3513 2435 3791 2502 quicquam

2202 2519 2419 2576 auferre
2442 2520 2524 2574 vel
2551 2523 2829 2590 praeterire
2853 2531 3170 2590 praesumat:
3201 2523 3294 2576 sed
3325 2522 3532 2591 prmfati
3557 2523 3792 2592 episcopi

2203 2613 2676 2682 constitutionem,
2719 2616 2859 2668 sicut
2885 2615 2954 2668 ab
2990 2615 3084 2669 illo
3113 2616 3459 2669 constitutum
3495 2625 3551 2669 et
3581 2631 3608 2668 a
3645 2615 3794 2669 nobis

2203 2705 2578 2760 conﬁrmatum
2608 2716 2712 2772 est,
2741 2722 2834 2775 per
2855 2708 3108 2762 diuturna
3139 2715 3378 2776 tempora
3412 2707 3795 2763 inviolabiliter

2203 2799 2258 2853 in
2303 2811 2648 2869 augmentum
2697 2811 2897 2856 sanctae
2943 2801 3034 2857 Dei
3085 2801 3341 2857 Ecclesia:
3383 2807 3438 2856 et
3482 2801 3795 2855 inconvulse

2205 2905 2394 2946 omnes
2441 2909 2593 2962 reges
2641 2903 2690 2948 et
2741 2895 3012 2963 principes
3041 2896 3125 2950 vel
3169 2899 3449 2950 eXactores
3477 2893 3632 2964 regni
3678 2908 3795 2962 per-

2206 2984 2420 3050 sistere,
2449 2995 2542 3041 aut
2563 3001 2888 3063 permanere
2916 2989 3028 3043 sive
3058 2989 3347 3057 perdurare
3377 2988 3522 3042 omni
3558 2999 3796 3056 tempore

2207 3089 2542 3147 permaneat.
2600 3076 2685 3141 Et,
2719 3089 2776 3132 ut
2806 3079 2919 3132 hch
2951 3079 3242 3149 praeceptio
3269 3079 3479 3134 ﬁrmior
3513 3080 3791 3147 habeatur,

2209 3172 2293 3226 vel
2322 3183 2418 3241 per
2437 3171 2687 3225 diuturna
2717 3180 2958 3241 tempora
2992 3188 3018 3224 a
3048 3170 3202 3227 nobis
3226 3172 3308 3228 vel
3336 3185 3365 3226 a
3393 3173 3798 3228 successoribus

2213 3265 2412 3319 nostris
2443 3264 2494 3317 in
2525 3263 2717 3318 melius
2751 3274 3122 3330 conservetur,
3156 3264 3354 3318 nostris
3383 3262 3795 3332 subscriptioni-

2209 3358 2308 3412 bus
2339 3357 2677 3412 decrevimus
2707 3349 2985 3412 ro'borare.
3038 3353 3092 3410 In
3124 3355 3324 3411 Christi
3356 3359 3598 3422 nomine,
3625 3357 3799 3412 Theo-

2210 3451 2425 3506 dericus
2447 3465 2546 3504 rex
2569 3450 2883 3516 subscripsi.
2918 3451 2956 3502 A
2971 3447 3257 3503 udofredus
3283 3447 3464 3519 jussus
3487 3449 3800 3518 subscripsi.

2212 3545 2406 3600 Datum
2438 3544 2581 3614 quod
2615 3544 2737 3598 fecit
2767 3542 2987 3598 Martius
3018 3542 3133 3598 dies
3162 3559 3215 3610 v,
3255 3559 3398 3600 anno
3442 3546 3594 3616 regni
3634 3545 3802 3601 nostri

2209 3637 2289 3707 ii],
2320 3637 2633 3708 Compendii
2665 3636 2878 3707 palatio,
2911 3636 2962 3691 itt
2994 3633 3087 3691 Dei
3116 3637 3334 3693 nomine
3363 3636 3615 3694 feliciter.

2985 3751 3052 3807 ν.

2212 3847 2241 3890 b
2288 3847 2528 3918 Diploma
2573 3861 2673 3918 quo
2735 3842 3079 3899 Theudoricus
3144 3846 3276 3918 bona
3339 3844 3570 3899 Adatrici
3609 3844 3805 3918 ducis,

2284 3913 2407 3989 ﬁsco
2462 3913 2602 3988 regio
2661 3918 2989 3989 adjudicata,
3054 3913 3284 3970 concedit
3344 3915 3650 3970 Monasterio
3707 3914 3804 3970 Be-

2282 3987 2451 4046 ὀπιπιὶ
2499 3987 2646 4062 (orta.
2698 3987 2847 4058 617).

2281 4082 2474 4137 Merito
2508 4080 2767 4137 beneﬁcia
2815 4093 2932 4149 quae
2965 4076 3237 4148 possident
3270 4077 3518 4134 amittere
3538 4078 3805 4142 videntur,

2211 4179 2303 4249 qui
2336 4188 2441 4232 non
2480 4175 2651 4230 solum
2682 4172 3021 4242 largitoribus
3047 4172 3280 4241 ipsorum
3310 4171 3692 4227 beneﬁciorum
3722 4172 3805 4224 in-

2211 4271 2349 4340 grati
2395 4268 2649 4332 existunt,
2691 4279 2872 4320 verum
2916 4265 3076 4318 etiam
3107 4261 3344 4318 inﬁdeles
3391 4264 3471 4318 eis
3507 4275 3627 4316 esse
3663 4275 3809 4315 com-

2215 4364 2530 4433 probantur.
2560 4360 2644 4416 Ad
2674 4358 2978 4428 hujusmodi
3007 4359 3167 4428 igitur
3194 4357 3496 4426 exemplum
3527 4365 3808 4426 postquam

2216 4457 2466 4512 omnibus
2494 4454 2813 4525 patefactum
2842 4462 2924 4506 est
2954 4451 3183 4520 qualiter
3211 4449 3490 4505 Adstricus
3521 4447 3658 4512 dux,
3702 4447 3810 4502 Deo

2225 4553 2326 4608 sibi
2352 4550 2643 4614 contrario,
2673 4545 2828 4602 nobis
2857 4542 3087 4599 inﬁdelis
3114 4541 3376 4612 apparuit,
3409 4545 3463 4595 et
3488 4555 3548 4594 se
3581 4541 3810 4594 Austra-

2224 4649 2317 4702 siis
2352 4643 2697 4709 consociavit,
2733 4649 2791 4696 ut
2829 4639 3111 4695 adversum
3151 4649 3250 4690 nos
3289 4641 3344 4691 et
3377 4644 3592 4689 nostros
3630 4634 3813 4690 ﬁdeles

2219 4786 2353 4840 sima
2387 4783 2516 4837 ﬁdes
2545 4779 2730 4836 deberi
2758 4775 3004 4831 videatur
3034 4773 3182 4827 Actis
3219 4771 3604 4838 episcoporum
3633 4771 3808 4826 Ceno-

2222 4855 2556 4909 manensium
2606 4853 2743 4906 inter
2772 4849 3028 4902 Analecta
3068 4841 3360 4898 Habilionii
3405 4842 3672 4910 vulgatis,
3717 4841 3814 4895 hoc

2221 4925 2451 4993 diploma
2480 4923 3312 4993 sincerisconantiumeremus.
3358 4982 3368 4993 .
3457 4983 3486 4992 __
3515 4983 3543 4993 ﬂ
3591 4983 3601 4992 .
3641 4982 3652 4992 _

2293 4997 2320 5035 ι’
2357 4997 2545 5049 Exstat
2576 4995 2628 5048 in
2668 4990 2934 5045 Chronico
2957 4985 3226 5046 Besuensi,
3249 4982 3488 5037 Dacherii
3513 4982 3698 5052 Spicil.
3724 4982 3815 5047 t.l,

2216 5083 2343 5137 pag.
2377 5066 2471 5121 50l
2506 5084 2520 5132 ;
2548 5079 2792 5137 recusutn
2823 5077 2854 5115 a
2899 5061 3130 5137 (Sointio2
3158 5056 3298 5108 Ann.
3324 5053 3489 5137 _t.n|ll,
3516 5068 3641 5137 pag.
3673 5054 3817 5137 Z75)

2222 5125 2553 5206 Bertholeto,
2578 5136 2714 5191 Hist.
2742 5131 2997 5208 Lu_xemh.
3025 5138 3064 5182 t.
3093 5128 3156 5190 ΙΙ,
3181 5142 3299 5196 pag.
3323 5126 3494 5208 201‘et
3516 5125 3567 5177 in
3598 5125 3816 5208 tellegi.

2221 5194 2552 5277 scriptorum
2579 5220 2760 5262 rerum
2793 5194 3193 5277 Francicarum,
3229 5194 3361 5277 tom.
3401 5195 3495 5277 iV,
3537 5209 3666 5277 pag:
3694 5194 3818 5273 (ξδ’ῖ.

2225 5263 2382 5336 ὺίθᾌ
2408 5278 2737 5348 Septembris
2777 5274 2902 5348 anni
2951 5270 3182 5348 4_regtii_
3229 5267 3550 5348 Theudorici
3603 5263 3684 5344 lll_
3710 5263 3817 5348 jam

2223 5333 2467 5420 expletus
2481 5333 2607 5404 'erat
2635 5362 2807 5402 anuus
2834 5333 3182 5420 Chr167b':s_i
3217 5339 3494 5420 exordium
3534 5335 3704 5420 reguli.
3723 5333 3818 5420 hu:

2219 5407 2308 5494 jus
2340 5423 2407 5476 ab
2449 5422 2665 5476 ineunte
2711 5429 2894 5494 mense
2939 5411 3237 5494 Septembri
3287 5407 3818 5494 repetantuszferte

2226 5477 2349 5551 ante
2389 5495 2544 5561 hujus
2579 5492 2779 5546 mensis
2805 5489 2946 5540 diem
2978 5477 3044 5538 tit
3071 5481 3279 5560 occisus
3325 5479 3442 5561 fuit;
3463 5477 3816 5561 Childerituts,

2227 5545 2433 5631 {illius
2459 5545 2633 5617 inerte
2659 5563 3030 5631 computantur
3056 5553 3180 5631 anni
3215 5551 3358 5630 regni
3384 5548 3707 5631 'Fhfogorici
3731 5545 3818 5631 lii.

2228 5617 2364 5693 ἱκῶἐ
2405 5617 2752 5703 Longuerutei
2783 5617 3038 5703 'Anna‘les.
3077 5617 3420 5703 Francorum.
3454 5617 3816 5703 suffragantur

2229 5690 2486 5770 Cointius,
2519 5690 2611 5759 ubi
2640 5718 2820 5771 supra,
2861 5711 2915 5753 et
2943 5693 3296 5771 Mabdlonius,
3319 5692 3518 5771 annui.
3553 5701 3588 5743 t.
3617 5690 3664 5771 Ἰ,
3699 5701 3814 5771 pag.

2232 5760 2356 5843 Esi,
2384 5760 2738 5842 qui'dinloma
2771 5760 2838 5829 de
2864 5784 2969 5840 quo
3007 5767 3211 5836 agimus
3249 5763 3516 5819 collocant
3550 5760 3649 5816 sub
3682 5770 3816 5812 anno

2231 5854 2356 5907 (377.
