4026 6352
443 349 577 406 I327

1481 335 1731 393 FRANC.
1777 334 1936 391 ΒΕΘ.
1972 332 2037 387 IV
2078 328 2310 385 ΡΒΙΜίΕ
2348 327 2639 384 ΞΪΙΒΡΙΞ.

3586 323 3717 381 1528

442 464 523 521 ti:
569 463 707 519 inter
760 469 894 528 quos
941 453 1113 510 adfuit
1158 465 1185 495 α
1241 450 1600 516 Cbramlinus,
1651 450 1789 504 ﬁlius
1840 445 2027 502 Miecio
2056 444 2171 515 A1-
2200 444 2257 499 ln
2307 445 2500 499 Christi
2551 456 2801 507 nomene,
2853 437 3218 497 Theudericus
3261 454 3357 496 rex
3402 438 3719 510 subscripsi.

442 553 728 633 quondam,
774 550 861 621 qui
891 547 1286 619 aepiscopatum
1330 542 1643 598 Aebreduno
1686 540 1896 595 civitate
1938 541 2030 592 lia-

442 646 580 713 buit,
611 645 881 699 inventum
905 650 1006 708 est,
1038 638 1180 709 quod
1201 651 1295 693 sua
1325 634 1788 706 praesumpcione,
1819 634 1901 687 vel
1938 647 2032 701 per

442 738 573 794 falsa
612 744 781 805 carta,
829 750 923 789 seu
964 747 1059 803 per
1096 727 1464 786 revellacionis
1503 726 1746 792 audacia,
1789 723 1884 779 sed
1926 738 2032 779 non

440 846 541 903 per
580 840 759 887 nostra
790 827 1165 890 ordenacione,
1198 824 1369 892 ipsum
1392 824 1787 891 aepiscopatum
1828 820 2035 889 recipe-

443 937 549 997 rat,
580 929 741 983 etiam
782 940 881 981 nec
915 924 1053 979 sicut
1088 934 1274 976 eorum
1316 918 1573 972 cannonis
1610 922 1920 980 contenent,
1968 912 2036 967 ad

366 1052 373 1059 ο
443 1022 619 1093 ipsum
645 1016 1061 1077 benedicendum
1090 1013 1413 1069 solemneter
1447 1012 1684 1080 episcopi
1716 1023 1821 1065 non
1854 1006 2040 1062 adfue-

444 1125 613 1183 runt;
650 1114 791 1171 unde
831 1110 1080 1176 Genesio,
1121 1107 1401 1172 Chadune,
1444 1104 1777 1170 Blidramno,
1826 1100 2037 1156 Lando-

444 1207 669 1265 berctbo
696 1215 749 1261 et
770 1202 1045 1267 Ternisco,
1071 1200 1160 1270 qui
1192 1197 1477 1267 metropoli
1505 1211 1624 1252 esse
1653 1194 1923 1261 videntur,
1953 1191 2038 1245 vel

446 1294 637 1365 reliqui
663 1292 992 1365 quampluris
1012 1289 1249 1360 episcopi
1280 1289 1425 1359 ipsus
1446 1286 1752 1357 judicantis,
1788 1285 1840 1338 in
1868 1282 2039 1338 nostri

449 1386 759 1457 praesencia
798 1384 895 1437 fuit
944 1381 1283 1447 conscissus,
1335 1379 1509 1449 adque
1565 1377 1632 1433 de
1682 1374 2041 1445 suprascripto

448 1484 755 1552 episcopato
770 1476 1029 1545 aejectus.
1048 1474 1171 1529 Ideo
1196 1488 1316 1539 nus,
1344 1487 1448 1527 una
1474 1486 1595 1525 cum
1618 1469 1842 1525 consilio
1860 1481 2045 1534 supra-

449 1570 770 1638 scriptorum
798 1565 1118 1636 ponteficum
1143 1563 1224 1619 vel
1248 1576 1525 1633 procerum
1548 1570 1877 1624 nostrorum,
1900 1572 2047 1612 com—

449 1664 649 1737 placuit
684 1670 964 1733 quatenus,
1005 1660 1133 1714 dum
1185 1656 1477 1713 secundum
1518 1653 1778 1710 cannonis
1832 1653 1885 1705 in
1924 1651 2043 1719 ipso

450 1744 705 1815 senodale
733 1752 1013 1809 concilium
1046 1752 1216 1807 fuerat
1247 1747 1591 1823 degradatus,
1631 1761 1717 1801 res
1755 1758 1881 1799 suas
1913 1756 2044 1812 pro-

2132 536 2476 607 Aghlibertus
2502 533 2828 605 recognovit.

2206 630 2393 684 Datum
2436 627 2613 684 medio
2655 627 2826 682 minse
2871 626 3207 694 September,
3252 642 3451 684 annum
3498 641 3533 682 ν
3576 626 3725 697 regni

2135 720 2323 788 nostri,
2356 721 2604 787 Marlaco,
2632 719 2684 773 in
2717 719 2809 773 Dei
2843 733 3070 773 nomene
3101 719 3351 775 feliciter.

2454 812 2582 884 (Hic
2608 812 2663 867 in
2692 813 2965 883 archetypo
2992 812 3150 883 sigilli
3176 810 3426 884 vestigia.)

2860 946 2990 1005 VIII.

2141 1052 2169 1083 υ
2198 1040 2466 1123 Diploma,
2494 1058 2614 1123 ,σιω
2661 1040 3019 1123 Theodericus
3062 1043 3232 1123 Ini-ulta
3274 1043 3731 1123 gradianfonfert

2229 1113 2536 1167 monasterio
2564 1113 2699 1181 quod
2726 1124 2934 1166 vocatur
2965 1111 3447 1183 Nobiliacuslann.
3480 1112 3633 1183 680).

2211 1204 2270 1258 In
2294 1206 2513 1259 nomine
2538 1212 2741 1258 sanctae
2770 1211 2826 1259 et
2848 1202 3141 1258 individua:
3163 1203 3467 1261 Trinitatis.
3491 1205 3740 1261 Theode-

2143 1297 2306 1366 ricus,
2338 1301 2508 1370 gratia
2542 1299 2634 1354 Dei
2680 1314 2798 1354 rex.
2851 1299 3058 1355 Idcirco
3099 1298 3435 1367 potissimum
3480 1299 3738 1355 collatam

2143 1389 2302 1444 nobis
2351 1405 2380 1443 a
2433 1390 2543 1444 Deo
2593 1389 2863 1445 credimus
2916 1390 3127 1460 imperii
3180 1390 3522 1461 dignitatem,
3580 1399 3639 1445 ut
3684 1391 3740 1447 in

2147 1481 2311 1537 tutela
2338 1490 2393 1536 et
2418 1491 2706 1551 augmento
2736 1492 2934 1539 sanctae
2965 1484 3245 1540 catholica
3285 1486 3542 1542 Ecclesia:
3570 1484 3742 1555 ipsius

2148 1574 2288 1646 piam
2336 1590 2671 1644 exequamur
2728 1578 3080 1634 voluntatem.
3133 1580 3471 1649 QuaprOpter
3525 1582 3743 1636 noverit

2147 1666 2385 1720 omnium
2438 1664 2675 1720 ﬁdelium
2726 1676 3058 1737 nostrorum,
3104 1680 3212 1725 tam
3246 1670 3546 1726 futurorum
3579 1688 3741 1741 quant

2151 1758 2519 1825 praesentium,
2574 1756 2815 1821 solertia,
2871 1759 3014 1829 quod
3071 1759 3318 1815 adierunt
3363 1762 3740 1817 celsitudinem

450 1851 594 1921 prias
613 1857 1089 1920 pertractavemus,
1106 1858 1202 1913 pro
1222 1840 1471 1897 mercidis
1496 1853 1653 1894 causa
1686 1836 1911 1908 perdere
1941 1847 2047 1888 non

2173 1856 2392 1902 nostram
2446 1848 2695 1904 monachi
2741 1865 2805 1903 ex
2855 1854 3181 1907 monasterio
3207 1853 3347 1922 quod
3378 1863 3603 1908 vocatur
3640 1856 3743 1909 No-

453 1942 630 1998 dibirit
657 1960 672 2008 ;
704 1940 799 1996 sed
845 1938 988 2009 quod
1031 1934 1226 1993 exinde
1261 1932 1441 1990 facere
1486 1932 1738 1998 voluerit,
1782 1944 1885 1983 una
1922 1943 2043 1984 cum

454 2036 849 2108 suprascriptus
876 2033 1115 2103 patribus
1140 2030 1359 2096 nostris,
1376 2028 1554 2083 taliter
1575 2026 1966 2096 praecipemus,
1992 2030 2049 2077 ut

456 2131 560 2186 hoc
594 2131 868 2187 licenciam
903 2126 1083 2184 habiat
1116 2123 1370 2180 faciendi.
1414 2122 1481 2176 Et
1510 2120 1681 2190 postia
1725 2118 1917 2186 petieio
1954 2130 2049 2170 sua

459 2220 576 2282 fuit,
607 2228 664 2274 ut
698 2220 870 2288 ipsum
898 2218 953 2272 in
978 2214 1347 2285 monastbyrio
1373 2211 1432 2267 S.
1459 2210 1747 2276 Dionisiae,
1770 2207 2049 2279 peculiaris

460 2313 666 2380 patruni
690 2311 881 2377 nostri,
896 2309 985 2365 ubi
1008 2309 1107 2377 ipsi
1126 2307 1401 2378 preciosus
1424 2306 1475 2359 in
1499 2316 1724 2372 corpore
1742 2297 2048 2371 requiescit,

457 2404 542 2459 vel
597 2402 686 2458 ubi
734 2400 1090 2458 Chardericus
1130 2398 1263 2453 abba
1310 2410 1557 2466 praeesse
1587 2394 1801 2461 viditur,
1852 2401 1910 2447 ut
1953 2390 2053 2445 sub

461 2495 759 2567 cpidieneia
806 2494 887 2547 vel
928 2494 1028 2550 sub
1068 2490 1312 2561 regulare
1351 2489 1552 2545 ordene
1594 2487 1781 2542 diebus
1820 2484 1925 2538 vite
1972 2481 2055 2537 sui

462 2600 781 2644 conversare
808 2585 992 2640 dibirit
1018 2602 1032 2652 ;
1059 2592 1115 2640 et
1132 2583 1258 2639 dum
1290 2589 1544 2652 perpetuo
1571 2578 1759 2635 exsilio
1786 2576 1955 2631 fuerat
1972 2574 2056 2643 ju-

463 2681 691 2745 dicatus,
726 2675 1103 2733 mesericordia
1144 2674 1294 2738 muti,
1328 2687 1432 2727 una
1459 2686 1581 2727 cum
1608 2667 1835 2725 consilio
1866 2680 2057 2735 supra-

465 2776 784 2845 scriptorum
811 2769 1155 2842 ponteﬁcum,
1192 2767 1517 2837 peticionem
1546 2778 1697 2817 suam
1725 2762 1839 2816 vise
1862 2760 2059 2814 fuimus

462 2868 783 2939 pristetisse.
818 2861 1047 2918 Proinde
1080 2875 1175 2929 per
1202 2864 1484 2928 praesente
1503 2864 1841 2925 praeceptum
1857 2851 2063 2920 specia-

468 2960 590 3016 liter
617 2960 967 3014 decernemua
989 2950 1356 3009 ordenaudum
1382 2958 1439 3003 ut
1468 2961 1554 3002 res
1584 2960 1708 3027 suas
1737 2958 1910 3013 neque
1940 2955 2059 3007 vos,

468 3068 644 3123 neque
682 3048 911 3121 iunioris
956 3062 1053 3104 seu
1095 3044 1420 3102 successoris
1457 3040 1647 3107 vestri,
1676 3052 1774 3094 nec
1813 3034 2065 3107 quislibet

472 3143 842 3200 contradicere
882 3152 983 3195 nec
1022 3136 1285 3200 minuare,
1327 3147 1424 3188 nec
1462 3140 1807 3200 eontangere,
1847 3141 1944 3181 nec
1984 3125 2063 3178 in-

472 3236 667 3291 ﬁscare
703 3249 810 3290 non
844 3230 1254 3301 praesummatis,
1288 3228 1387 3283 nisi
1431 3242 1525 3295 per
1564 3224 1701 3280 hanc
1735 3230 2064 3279 auctoretate

476 3326 673 3400 plinius
732 3325 784 3379 in
830 3323 925 3378 Dei
976 3335 1206 3377 nomene
1258 3319 1605 3375 conﬁrmatus
1652 3316 1797 3371 iiciat
1842 3313 1917 3381 ei,
1971 3327 2066 3381 per

472 3425 658 3474 nostro
698 3414 983 3485 permisso,
1009 3427 1098 3467 res
1126 3425 1273 3478 suas,
1304 3409 1392 3464 ubi
1420 3418 1475 3463 et
1506 3408 1594 3462 ubi
1621 3403 1871 3469 voluerit,
1901 3402 2069 3457 dona-

474 3526 536 3567 re
569 3517 664 3565 aut
700 3508 971 3578 delegare,
1001 3505 1085 3560 vel
1110 3503 1359 3573 quicquid
1390 3501 1583 3557 exinde
1613 3499 1793 3556 facere
1816 3496 2065 3563 voluerit,

476 3600 698 3658 liberam
712 3608 765 3655 et
785 3599 1155 3654 lirmissemam
1176 3596 1229 3650 in
1250 3595 1511 3650 omnebus
1532 3592 1711 3648 habiat
1731 3597 2066 3662 potestatem.

478 3692 569 3761 Et,
600 3702 659 3748 ut
687 3692 820 3747 haec
845 3690 1137 3745 auctoritas
1157 3688 1362 3744 ﬁrmior
1393 3686 1659 3751 habiatur,
1693 3697 1883 3739 manus
1905 3678 2069 3738 nostri

479 3783 977 3855 subscriptionebus
1032 3796 1153 3837 eam
1200 3789 1384 3850 supter
1430 3777 1750 3834 dicrivemus
1794 3775 2067 3831 roborare.

466 3948 473 3958 -
553 3934 581 3961 ει
610 3918 949 3976 Chramlinus
972 3919 1024 3972 in
1067 3918 1308 3982 cataIOgo
1326 3914 1694 3983 episcoporum
1721 3910 2069 3983 Ebredunen-

482 3991 617 4045 sium
665 4006 768 4045 non
813 3998 1140 4050 recensetur,
1192 3980 1325 4040 Nov.
1360 3980 1673 4039 GallfChr.
1730 3993 1765 4035 t.
1820 3980 1904 4045 Ill,
1947 3995 2070 4049 pag.

486 4059 648 4124 1064,
679 4060 767 4127 qui
797 4060 847 4112 in
882 4061 982 4112 hoc
1010 4058 1300 4125 diplomate
1324 4056 1689 4127 episcopatum
1724 4053 2075 4127 Ebredunen-

485 4146 598 4185 sem
638 4122 933 4195 occupasse
976 4122 1187 4180 dicitur.
1247 4127 1400 4179 [latio
1449 4126 1650 4189 subest,
1699 4123 1904 4195 scilicet
1943 4122 2073 4195 quia

486 4200 682 4270 injuste
728 4191 1327 4270 se'demgoccupaverat,
1357 4205 1426 4270 _et
1456 4196 1785 4270 inde,_vestc
1821 4191 2069 4255 discissa,

489 4264 1052 4342 in'syuodo‘Marliaca
1090 4264 1261 4342 fuerat
1287 4265 1542 4342 deiectus.
1586 4264 1718 4342 llaec
1743 4273 1918 4316 autem
1950 4276 2077 4342 sm-

486 4330 621 4398 odus
670 4340 933 4395 celebrata
978 4336 1275 4401 fuit,juxta
1305 4330 1541 4401 Pagium,
1586 4336 1634 4386 in
1687 4333 1876 4387 Buron.
1910 4341 1949 4386 t.
1986 4330 2072 4398 III,

488 4429 609 4483 pag.
640 4413 731 4479 77,
759 4410 1051 4483 ann07677.
1096 4403 1208 4461 Hoc
1237 4408 1423 4461 eodem
1455 4422 1592 4460 anno
1631 4403 1879 4483 currebat
1904 4416 2075 4455 annus

493 4472 524 4534 'v
559 4472 1052 4551 regni'Theodorici
1081 4498 1095 4544 ;
1122 4494 1249 4551 nam
1281 4492 1419 4551 anno
1449 4474 1691 4551 sequenti
1724 4472 1851 4551 678,
1893 4486 2077 4551 mense

2148 1941 2395 2008 biliacus,
2448 1941 2539 1996 ubi
2590 1942 2858 2011 pretiosus
2903 1945 3181 1998 confessor
3224 1945 3424 1999 Christi
3480 1946 3745 2001 Vedastus

2150 2050 2378 2103 oorpore
2426 2036 2680 2105 quiescit,
2738 2036 3012 2091 humiliter
3063 2038 3393 2106 postulantes
3444 2047 3507 2092 ut
3563 2040 3743 2109 regale

2151 2129 2427 2183 decretum
2482 2140 2725 2183 nostrum
2766 2142 2930 2196 super
2972 2129 3113 2184 villis
3148 2145 3268 2198 qua:
3310 2139 3497 2183 nostra
3523 2132 3744 2185 muniﬁ-

2152 2224 2330 2274 centia
2372 2218 2483 2288 jam
2533 2219 2635 2273 sibi
2680 2229 2992 2286 cesserant,
3038 2220 3239 2274 ﬁrmari
3286 2220 3635 2290 juberemus,
3690 2231 3748 2277 ut

2155 2324 2505 2380 qumcumque
2551 2326 2618 2365 ex
2671 2312 3025 2379 inspiratione
3064 2312 3243 2368 divina
3274 2313 3407 2381 ipsis
3436 2316 3747 2370 contulera-

2156 2418 2311 2471 mus,
2363 2403 2629 2473 imperiali
2679 2404 2858 2459 edicto
2905 2414 2960 2460 et
3003 2404 3176 2475 sigillo
3222 2405 3287 2459 ad
3335 2408 3744 2476 perpetuitatem

2158 2508 2539 2553 statueremus.
2596 2495 2791 2566 Igitur,
2841 2513 2937 2567 pro
2989 2499 3161 2554 salute
3212 2508 3320 2554 tam
3374 2515 3746 2559 successorum

2157 2604 2320 2660 quam
2364 2599 2767 2645 antecessorum
2795 2600 3125 2657 nostrorum,
3168 2591 3418 2647 videlicet
3448 2608 3636 2662 regum
3666 2595 3749 2649 vel

2160 2685 2565 2755 imperatorum,
2613 2694 2666 2740 et
2714 2700 2812 2753 pro
2858 2685 3021 2740 totius
3071 2694 3217 2741 statu
3247 2688 3418 2757 regni,
3453 2689 3750 2757 inspirante

2161 2790 2290 2847 rege
2337 2780 2578 2833 omnium
2630 2794 2813 2848 regum
2864 2778 2994 2848 Deo,
3050 2780 3272 2849 prmfato
3326 2787 3661 2838 monasterio
3699 2795 3751 2839 et

2166 2872 2449 2927 monachis
2482 2872 2613 2927 inibi
2645 2872 2754 2928 Deo
2784 2873 2838 2926 in
2876 2881 3192 2944 perpetuum
3227 2874 3637 2944 famulantibus,
3666 2892 3753 2932 re-

2163 2964 2271 3034 gali
2302 2963 2623 3019 liberalitate
2646 2965 3033 3021 conﬁrmamus
3058 2982 3178 3034 qua:
3198 2965 3312 3035 jam
3334 2967 3527 3022 eadem
3558 2968 3752 3023 libera-

2166 3056 2319 3113 litate
2346 3059 2733 3125 concessimus,
2770 3057 2838 3113 ad
2868 3060 3207 3114 mati-iculam
3236 3062 3445 3116 scilicet
3471 3062 3749 3129 ecclesiae,

2169 3150 2221 3205 in
2250 3150 2506 3206 Atrebate
2534 3164 2667 3219 pago
2693 3152 2915 3217 Atlieas,
2944 3150 3113 3217 Felci,
3144 3152 3210 3206 ad
3244 3163 3451 3222 portam
3483 3156 3749 3223 ecclesiae,

2171 3242 2536 3309 Bernivillum,
2580 3242 2976 3311 Daginvillam';
3028 3244 3083 3296 in
3123 3258 3257 3313 pago
3306 3243 3751 3310 Veromandensi,

2168 3335 2518 3401 Mcdiolanas,
2562 3334 2759 3401 Valles,
2805 3335 3039 3392 Putheas
3069 3352 3276 3407 aquas;
3308 3338 3359 3391 in
3396 3338 3587 3403 Batua,
3621 3339 3755 3392 Rex-

2172 3443 2317 3496 nam,
2359 3427 2658 3482 Wulfaram
2690 3442 2813 3482 cum
2845 3428 3048 3497 capella
3080 3426 3335 3493 Rothem,
3369 3436 3425 3483 et
3455 3428 3617 3482 aliam
3648 3428 3755 3482 Ilo-

2172 3524 2349 3588 tliem;
2396 3523 2450 3577 in
2496 3536 2633 3591 pago
2684 3520 2951 3575 Hasbanio
2994 3530 3046 3575 et
3092 3520 3368 3586 Bibuario,
3400 3519 3753 3587 Haimbecha,

2172 3618 2435 3683 Iialmala,
2485 3616 2722 3679 Torona.
2773 3625 2827 3671 et
2867 3618 3009 3671 inter
3047 3615 3305 3684 Altheim,
3339 3614 3592 3684 Maridas,
3628 3619 3757 3670 Am-

2172 3711 2332 3777 bron,
2360 3708 2669 3774 Musinium,
2702 3708 2959 3775 Groseas,
2991 3707 3089 3762 has
3112 3707 3293 3773 villas,
3327 3721 3548 3762 mansos
3587 3708 3760 3763 domi-

2172 3846 2337 3903 Novae
2387 3842 2570 3899 Gallia:
2615 3841 2931 3899 Christianae
2977 3849 3247 3909 auctores,
3300 3850 3340 3895 t.
3377 3840 3463 3907 III,
3493 3842 3600 3895 col.
3634 3840 3758 3903 574,

2175 3920 2244 3974 de
2286 3920 2389 3972 hoc
2431 3916 2719 3984 diplomate
2757 3915 2824 3967 ad
2872 3913 3142 3968 Cointium
3174 3913 3479 3984 remittunt,
3509 3913 3600 3984 qui
3625 3912 3759 3984 illud

2176 3991 2326 4059 quasi
2352 3988 2652 4059 legitimum
2673 3993 2883 4059 tuetur;
2914 3984 3009 4038 sed
3037 3985 3280 4059 Spurium
3304 3983 3460 4059 facile
3490 3983 3761 4059 videbitur

2178 4053 2309 4115 illud
2360 4053 2657 4115 conferenti
2707 4056 2922 4111 cuilibet
2969 4070 3090 4109 cum
3144 4054 3528 4123 diplomatibus
3583 4053 3762 4107 Caroli

2178 4130 2269 4185 Cul
2281 4131 2350 4193 vi,
2366 4142 2593 4198 quorum
2610 4127 2862 4181 formulas
2875 4126 3112 4189 exhibet,
3128 4125 3457 4198 temporibus
3472 4123 3765 4198 Theodori-

2178 4203 2226 4257 ci
2246 4201 2309 4255 Ill
2334 4194 2606 4265 insolitas;
2625 4208 2679 4251 et
2698 4212 2889 4267 magna
2905 4212 2969 4252 ex
2990 4206 3139 4266 parte
3156 4197 3483 4263 exscriptum
3504 4194 3764 4267 judicaliit

2179 4288 2245 4327 ex
2259 4265 2917 4337 CaroliCalvidiplomate,
2933 4265 3069 4336 apud
3084 4268 3420 4333 Martenium,
3436 4266 3618 4337 Ampi.
3637 4265 3760 4337 coll.

2181 4352 2219 4397 t.
2252 4344 2291 4405 Ι,
2314 4342 2419 4398 col.
2457 4341 2578 4403 198,
2612 4336 2812 4394 emisso
2836 4354 2974 4393 anno
3006 4340 3109 4398 876
3130 4382 3143 4407 ,
3180 4341 3231 4392 in
3262 4337 3489 4406 gratiam
3520 4336 3764 4406 ejusdem

2181 4413 2491 4467 monasterii
2521 4411 2661 4477 quod
2688 4410 2847 4464 hodie
2870 4424 3065 4464 nomen
3090 4409 3260 4467 sancti
3295 4409 3506 4462 Vedasti
3533 4408 3761 4461 obtinet.

2184 4483 2427 4553 Diploma
2458 4481 2636 4553 Caroli
2669 4479 2814 4553 Calvi
2852 4496 2917 4535 ex
2955 4480 3035 4553 his
3066 4481 3247 4538 verbis
3271 4479 3551 4553 exordium
3586 4477 3765 4553 habet,

488 4543 811 4625 δθβῑῖἓιιιδΐίν
887 4550 1047 4625 mli“?
1084 4543 1087 4544 ν
1120 4549 1382 4625 θ’τηροίεε,
1425 4547 1714 4600 ¹¹¹ο¹¹³Γε¹¹³
1772 4543 1940 4598 ramus
1974 4550 2078 4625 ACSl
2104 4553 2163 4617 Β
2185 4543 2305 4625 (ιιίω
2352 4552 2616 4625 ipsissima
2642 4552 2708 4604 ab
2739 4550 2919 4625 inepto
2949 4550 3199 4607 falsatore
3246 4549 3536 4625 exscripta,
3592 4550 3768 4625 Theo:-

475 4618 880 4687 .Tli'eodoricus,
931 4621 1181 4676 defuncto
1224 4618 1560 4686 Dagoberto;
1615 4625 1855 4682 tempore
1899 4623 2075 4687 autem

492 4694 798 4762 diplomatis
840 4685 1034 4761 dequo
1077 4692 1267 4760 agitur,
1301 4685 1560 4762 Neusu‘im
1607 4691 1898 4762 tantumet
1944 4685 2078 4762 Bur-

492 4754 705 4836 gundize
732 4754 1094 4836 Theodericus
1111 4754 1222 4836 ire;
1248 4754 1385 4836 erat,
1417 4768 1474 4836 ut
1502 4757 1665 4834 liquet
1695 4769 1762 4836 ex
1794 4754 1873 4835 his
1902 4754 2082 4836 verbis

493 4824 614 4904 quae
646 4836 891 4903 leguntur
928 4833 1078 4886 initio
1124 4830 1289 4904 ipsius
1326 4829 1629 4895 diplomatis
1662 4824 2082 4904 {Episcoposude

494 4895 645 4977 figna
684 4895 877 4970 nostra,
900 4904 1113 4977 gntae
1139 4895 1352 4977 Niu'sler
1381 4916 1530 4967 quam
1573 4907 1620 4950 et
1659 4897 1722 4977 de
1751 4895 2081 4977 Burgundio.

499 4964 635 5032 llinc
662 4964 992 5030 annum'677
1027 4972 1150 5026 huic
1180 4964 1531 5025 instrumento
1564 4969 1908 5036 prteliximus,
1939 4964 2083 5034 quod

498 5050 658 5117 vulgo
696 5047 945 5101 tribuitur
973 5057 1113 5096 anno
1144 5040 1272 5117 678.
1306 5041 1615 5117 hiarlacutd
1644 5052 1792 5117 vero,
1826 5036 1929 5117 ubi.
1960 5051 2086 5105 syn-

498 5107 636 5173 odu's
659 5118 758 5171 fuit
785 5114 1317 5183 congregata,locum
1348 5112 1400 5183 in
1423 5110 1654 5183 conﬁnio
1677 5107 1982 5183 Campaniae
2020 5121 2085 5160 ac

498 5188 821 5258 Burgundia:
850 5177 1663 5258 eiistimavitlliabillonius,_de
1694 5178 1783 5258 Re.
1802 5177 1932 5245 dipl.
1956 5192 2084 5257 pug.

489 5248 649 5327 Ἠυξ
680 5259 873 5322 Pagius
902 5266 1102 5327 autem,
1146 5254 1236 5308 ubi
1266 5268 1455 5327 supra,
1498 5252 1551 5306 in
1579 5248 1820 5327 Neustria
1854 5251 2086 5317 positum

501 5330 555 5385 in
586 5323 715 5399 agro
756 5325 1061 5399 Parisiensi
1085 5328 1215 5379 satis
1255 5323 1817 5399 feliciter_arb_itratu_s_
1856 5330 1958 5386 est,
1990 5332 2091 5399 nec

502 5390 663 5455 alium
700 5412 820 5455 esse
847 5414 876 5451 a
908 5397 1101 5466 palatio
1130 5394 1269 5466 quod
1302 5393 1456 5447 hodie
1485 5391 1657 5466 Marly
1685 5390 2092 5466 Gailiceqppel-

502 5470 696 5525 lamus.
739 5470 813 5525 De
853 5461 953 5522 hoc
998 5461 1313 5536 argumento
1360 5465 1718 5536 consulendus
1764 5470 1867 5536 est
1896 5461 2089 5527 Mansi,

496 5540 764 5596 .Coilectio
793 5532 1135 5594 conciliorum
1164 5536 1413 5601 maxima,
1448 5542 1487 5589 t.
1516 5533 1606 5599 IX,
1637 5534 1738 5588 col.
1774 5532 1897 5587 171.

576 5611 604 5649 ι)
638 5610 977 5681 νυιεαιυωει
1004 5608 1209 5681 Μίνως).
1267 5608 1402 5681 QPP-
1462 5604 1592 5681 QII?“
1641 5614 1680 5657 ⁸·
1711 5603 1751 5669 ,ν
1784 5617 1913 5681 .Pf‘g'
1946 5601 2087 5681 1.26.;

576 5617 604 5649 ιι
640 5617 918 5681 Vulgatum
947 5624 977 5662 a
1006 5617 1209 5675 uitreo,
1267 5617 1402 5677 Upp.
1462 5617 1592 5727 GU”.
1641 5617 1680 5657 ι.
1711 5617 1751 5669 l,
1794 5617 1913 5724 pag.
1946 5617 2087 5670 uti;

506 5695 816 5738 recusuma
846 5680 1079 5744 Cointio,
1136 5678 1330 5733 Annal.
1378 5686 1418 5730 t.
1466 5675 1484 5728 l
1541 5714 1555 5740 ,
1603 5689 1721 5743 pag.
1776 5674 1845 5727 12
1888 5711 1903 5725 .
1958 5674 2092 5728 lluic

509 5752 866 5806 instrumento
919 5750 971 5804 in
1022 5764 1118 5803 sua
1166 5750 1481 5803 collectione
1527 5745 1701 5801 locum
1733 5744 1863 5798 dare
1895 5746 2092 5800 merito

512 5821 783 5893 dadignati
803 5819 1269 5879 suntCollectores
1286 5820 1471 5888 script.
1488 5832 1669 5874 rerum
1691 5814 2089 5875 Fraucicarum.

2187 4619 2385 4680 dorico
2402 4624 2747 4676 tribuuntur:
2783 4640 2800 4672 ι
2827 4622 2881 4674 In
2930 4628 3146 4678 nomine
3176 4621 3524 4675 sanctissima:
3552 4627 3608 4674 et
3633 4619 3768 4672 indi-

2188 4697 2364 4751 vidure
2412 4694 2711 4757 Trinitatis,
2756 4690 3005 4757 Karolus,
3056 4694 3149 4747 Dei
3193 4694 3383 4760 gratia,
3404 4728 3419 4744 .
3439 4730 3453 4745 .
3475 4730 3487 4743 .
3508 4731 3522 4744 .
3546 4727 3562 4744 .
3583 4730 3596 4741 .
3631 4688 3768 4741 unde

2186 4767 2399 4823 noverit
2420 4765 2657 4818 omnium
2677 4763 2908 4816 ﬁdelium
2930 4771 3261 4827 nostrorum,
3289 4771 3393 4815 tam
3420 4760 3765 4829 prmscntium

2188 4852 2346 4906 quam
2369 4835 2693 4901 futurorum,
2712 4833 2947 4897 solertia,
2967 4834 3109 4903 quod
3128 4832 3371 4887 adierunt
3393 4830 3768 4906 celsitudinem

2188 4900 2462 4973 nostram,
2509 4915 2639 4969 etc.,
2691 4912 2748 4957 ut
2792 4900 3270 4971 regale'decretum
3319 4913 3587 4966 nostrum,
3630 4900 3769 4969 quod

2190 4994 2354 5047 super
2395 4980 2504 5045 jam
2550 4975 2697 5047 (IIle
2746 4975 3167 5047 monasterio....
3224 4973 3547 5036 statuimus,
3586 4982 3766 5047 _atque

2190 5043 2447 5117 imperiali
2476 5049 2641 5103 edicto
2670 5044 3027 5117 decernimus,
3062 5056 3163 5101 etc.
3198 5067 3216 5098 ι
3256 5047 3549 5117 Utramque
3580 5043 3775 5097 formu-

2191 5114 2296 5177 Iam
2348 5120 2540 5174 stolide
2592 5116 2811 5172 retinuit
2858 5114 3146 5188 falsarius,
3197 5118 3370 5188 regale
3412 5116 3672 5188 decretum
3716 5123 3776 5188 et

2193 5193 2416 5247 edictum
2456 5188 2738 5257 imperiale,
2781 5184 2872 5253 qui
2915 5188 3138 5241 nescivit
3178 5188 3230 5241 in
3255 5183 3546 5256 diplomate
3571 5183 3771 5244 Caroli,

2193 5264 2362 5334 regale
2418 5262 2674 5315 decretum
2711 5257 2985 5334 appellari
3035 5259 3269 5334 diploma
3321 5258 3463 5328 quod
3518 5258 3777 5311 emiserat

2193 5329 2481 5403 antequam
2538 5329 2865 5403 imperialem
2907 5329 3216 5403 dignitatem
3264 5338 3418 5403 esset
3458 5334 3770 5403 assecutus;

2193 5399 2461 5473 imperiale
2514 5416 2641 5458 vero
2670 5400 2933 5473 edictum,
2982 5401 3121 5470 quod
3161 5411 3287 5456 tunc
3317 5399 3616 5473 emittebat,
3657 5409 3778 5473 cutn

2197 5465 2339 5531 foret
2377 5477 2443 5530 ad
2493 5472 2773 5542 imperium
2828 5465 3082 5538 evectus;
3140 5488 3269 5541 ergo
3314 5465 3779 5542 utraque_locutio

2196 5557 2342 5602 recte
2369 5563 2397 5601 ιι
2423 5538 2613 5600 Carolo
2642 5557 2925 5611 usurpatur
2957 5561 2968 5597 :
2998 5538 3318 5598 Theoderici
3372 5554 3500 5593 vero
3540 5538 3780 5611 diploma

2197 5621 2336 5673 bene
2374 5620 2584 5688 quidem
2630 5608 2803 5688 regale
2845 5620 3131 5683 decretum,
3193 5616 3565 5688 tt_ullo_autctii
3600 5608 3780 5688 tmodo

2197 5678 2460 5757 imperiale
2509 5689 2613 5743 dici
2656 5678 2848 5755 potuit,
2895 5678 3150 5757 quidquid
3202 5678 3781 5757 dixerit_Cointius_ad

2198 5749 2549 5816 astruendum
2599 5749 2983 5823 ittiperatot'um
3036 5749 3294 5815 formulas
3337 5771 3367 5810 a
3408 5749 3785 5817 Mcroviuqicis

2116 5900 2125 5909 ν,
2200 5832 2411 5906 regibus
2441 5839 2720 5903 usurpatas
2748 5827 2934 5889 fuisse.
