4026 6352
285 381 425 443 1329

783 380 1201 440 ΒΙΡῐιΟΜΔΤΑ.
1242 412 1313 424 -
1350 382 1773 443 THEODORICI
1811 381 1880 441 Ill

1987 381 2197 442 ICLES.
2241 382 2331 442 ET
2372 382 2677 442 MONAST.
2719 380 3087 442 PRECEPT.

3413 382 3556 444 i550

281 494 483 551 nicales
525 507 642 559 sex,
694 509 912 550 mansos
953 496 1181 553 serviles
1216 499 1555 569 septuaginta
1584 499 1818 569 quinque
1844 516 1858 565 ;
1892 502 1944 562 Α
1968 500 2319 571 perrexirent,
2362 515 2463 555 nec
2492 515 2585 567 per
2613 501 2892 565 civetates,
2922 513 3021 553 nec
3053 512 3148 569 per
3178 497 3421 566 castella,
3453 515 3556 556 nec

276 587 332 642 in
367 587 663 652 Watrevio,
691 587 961 643 Cambach
983 602 1105 643 cum
1131 589 1463 659 appendiciis
1486 592 1600 645 suis
1622 599 1676 646 et
1693 592 1868 647 eccle-

277 684 391 745 sia;
424 681 477 733 in
530 694 664 750 pago
698 680 976 747 Caribant,
1013 681 1211 738 Maxtin
1241 697 1363 738 cnm
1402 684 1771 754 appendiciis;
1814 686 1866 740 in

278 770 499 836 Pabula,
528 771 753 827 Montes.
803 772 877 827 De
923 773 1012 828 bis
1061 789 1189 844 ergo
1237 774 1417 842 villis,
1447 792 1568 831 cum
1619 778 1867 833 omnibus

277 864 611 933 appendiciis
637 873 693 919 et
718 864 981 921 reditibus
1004 874 1058 920 et
1081 868 1386 937 mancipiis,
1414 884 1509 938 per
1532 869 1866 940 imperialem

277 954 652 1011 celsitudinem
703 957 994 1024 sancimus,
1029 966 1089 1013 ut
1120 959 1304 1015 nullus
1330 962 1634 1016 mortalium
1668 978 1868 1031 praesu-

277 1053 392 1101 mat
419 1046 618 1115 aliquid
658 1048 910 1105 violentia
938 1051 1177 1121 qualibet
1205 1053 1295 1108 vel
1326 1054 1509 1110 iraude
1538 1055 1753 1111 auferre
1780 1057 1867 1112 vel

277 1137 525 1205 demere,
580 1141 674 1195 sed
724 1140 862 1197 sicut
912 1158 941 1196 a
991 1154 1177 1199 nostra
1239 1145 1564 1203 liberalitate
1617 1150 1867 1205 roborata

277 1240 424 1297 sunt,
444 1232 651 1302 praefati
674 1236 988 1292 monasterii
1011 1235 1237 1293 fratrum
1262 1239 1445 1295 usibus
1470 1240 1522 1295 in
1553 1251 1865 1312 perpetuum

276 1322 919 1383 cedant........“.

1016 1442 1111 1498 IX.

276 1547 306 1589 ι’
338 1551 583 1620 Diploma
621 1571 720 1623 quo
760 1555 1110 1611 Theodericus
1154 1558 1217 1611 ab
1258 1560 1396 1614 omni
1448 1562 1640 1617 telonio
1689 1564 1867 1618 eximit

350 1640 441 1688 per
465 1640 621 1698 regna
648 1641 744 1679 sua
784 1642 964 1680 currus
996 1638 1086 1681 aut
1114 1631 1337 1698 navigia,
1384 1648 1464 1686 res
1496 1635 1564 1687 ad
1596 1634 1869 1689 utilitatem

348 1696 644 1748 monasterii
670 1700 833 1749 sancti
865 1697 1101 1766 Dionysii
1147 1696 1377 1755 velt—entia
1400 1705 1544 1773 (ann.
1570 1704 1721 1776 681).

349 1787 743 1857 Theudericus,
792 1805 885 1845 rex
940 1792 1311 1861 Francorum,
1361 1795 1491 1851 viris
1542 1797 1868 1855 inlustrebtts

279 1880 547 1934 omnebus
590 1882 909 1949 agentebus,
944 1893 1051 1937 tam
1081 1886 1434 1953 presentebus
1461 1904 1617 1958 quam
1642 1901 1695 1944 et
1725 1893 1867 1946 lutu-
1896 1865 1947 1926 Β

278 1973 376 2028 ris.
424 1972 586 2027 Decet
633 1976 813 2043 regale
857 1975 1174 2031 climenciae
1215 1992 1277 2033 ea
1315 1993 1418 2048 que
1447 1994 1545 2048 pro
1574 1981 1869 2050 profectum

280 2062 670 2119 aecclesiarum
704 2068 938 2134 pertenit
965 2068 1193 2123 libenter
1223 2079 1486 2138 prestare,
1503 2080 1558 2125 et
1585 2073 1795 2128 eflectui
1817 2076 1873 2129 in

283 2159 379 2215 Dei
430 2160 650 2216 nomine
704 2164 1033 2232 mancipare.
1078 2164 1202 2219 ldeo
1232 2177 1522 2235 cognuscat
1550 2169 1875 2239 magnetudo

280 2268 377 2310 aeu
401 2254 602 2308 utilitas
626 2263 804 2309 vestra
833 2256 974 2324 quod
1006 2271 1107 2311 nus
1138 2256 1205 2311 ad
1236 2260 1562 2314 monasterio
1590 2262 1875 2329 peculiaris

282 2350 501 2419 patroni
533 2348 704 2405 nostri
735 2351 921 2405 domui
958 2350 1305 2419 Dionensiae,
1340 2354 1428 2407 ubi
1460 2354 1573 2423 ipse
1602 2355 1878 2423 preciosus

284 2444 339 2497 in
365 2456 597 2510 corpore
619 2442 915 2512 requiiscit,
942 2442 1032 2497 ubi
1062 2444 1385 2499 venerabilis
1409 2446 1491 2500 vir
1516 2445 1879 2503 Cbardericus

279 2534 424 2590 abba
464 2539 647 2590 custus
699 2549 949 2603 praeesse
995 2535 1214 2603 viditur,
1269 2537 1375 2591 tale
1417 2537 1736 2594 beneficium
1766 2540 1878 2595 vise

282 2625 486 2681 fuimus
523 2627 861 2684 concessisse
889 2626 957 2682 de
988 2636 1423 2699 quantacumque
1452 2642 1630 2695 carra,
1660 2630 1747 2686 ubi
1781 2646 1879 2701 pro

283 2725 668 2787 oportunetate
717 2717 886 2789 ipsius
935 2717 1181 2786 basilice,
1209 2720 1294 2775 vel
1328 2729 1658 2777 necessetate
1691 2722 1882 2778 iratro-

282 2824 429 2875 rum,
464 2818 569 2863 tam
601 2809 653 2865 in
684 2807 966 2864 Niustreco
988 2824 1149 2880 quam
1192 2810 1244 2864 in
1289 2810 1513 2867 Austrea
1546 2812 1633 2867 vel
1662 2813 1715 2867 in
1743 2812 1877 2868 Bor-

285 2901 490 2974 gundia
536 2901 812 2957 ambolare
840 2910 933 2958 aut
960 2902 1265 2960 discurrere
1312 2905 1583 2972 videntur,
1627 2915 1734 2961 tam
1763 2922 1882 2963 car-

292 2993 409 3048 rale
447 3009 606 3064 quam
635 2994 703 3049 de
735 2995 999 3064 navigale,
1033 2996 1215 3052 nullus
1246 2997 1498 3066 quislibet
1529 2980 1881 3069 dejudicibus

288 3084 493 3138 nostris
519 3084 605 3140 vel
632 3086 698 3140 de
728 3085 1056 3141 telloneariis
1080 3087 1228 3143 nullo
1254 3087 1477 3145 tilloneo
1502 3090 1570 3144 de
1594 3091 1709 3160 ipsa
1732 3105 1882 3147 carra

289 3177 531 3245 exigere,
564 3192 665 3233 nec
695 3178 961 3248 requirire
1011 3194 1114 3234 non
1145 3192 1510 3250 presumatur.
1546 3182 1884 3255 QuaprOpter

291 3281 390 3336 per
432 3278 740 3336 presentem
781 3270 1130 3326 decernimus
1163 3274 1260 3329 hac
1284 3274 1519 3344 jobimus
1546 3288 1880 3348 preceptum,

294 3369 348 3416 ει
381 3372 641 3430 perpetuo
671 3364 917 3420 volomus
948 3380 1071 3422 esse
1102 3382 1440 3433 mansurum,
1471 3378 1529 3426 ut
1560 3387 1735 3443 neque
1765 3389 1882 3441 VOS,

293 3469 473 3525 neque
518 3455 765 3525 juniores
823 3472 918 3512 seo
969 3473 1314 3517 successores
1363 3471 1566 3529 vestre,
1620 3480 1687 3520 ne
1737 3464 1884 3539 [que]

295 3546 553 3615 quislibet
610 3548 676 3603 de
726 3548 1013 3617 judiciaria
1080 3558 1345 3619 potestate
1412 3554 1695 3624 acinctus,
1765 3557 1883 3626 ipso

296 3637 522 3693 tilloueo
568 3639 638 3694 de
686 3641 865 3695 omnia
911 3656 1065 3697 carra
1122 3644 1289 3712 ipsius
1341 3647 1651 3703 monastirie
1703 3648 1888 3705 domni

296 3724 582 3795 Dionensi,
618 3736 725 3784 tam
753 3732 962 3788 carrale
989 3748 1148 3803 quam
1178 3735 1440 3807 navigale,
1478 3754 1573 3806 per
1602 3739 1753 3809 rigna
1778 3739 1887 3796 Deo

296 3822 545 3892 propicio
594 3833 800 3889 nostra,
867 3833 973 3880 tam
1025 3827 1078 3881 in
1126 3826 1409 3885 Niustreco
1455 3846 1615 3901 quam
1663 3833 1886 3889 Austrea

296 3911 384 3967 vel
434 3911 491 3967 in
537 3913 869 3985 Burgundia,
898 3918 986 3973 ubi
1017 3927 1071 3973 et
1099 3921 1187 3975 ubi
1219 3921 1287 3975 de
1313 3922 1430 3992 ipso
1459 3924 1772 3979 monastirie
1802 3926 1888 3981 vel

295 4003 366 4059 de
393 4003 509 4077 ejus
558 4006 721 4075 villis,
773 4018 879 4064 tam
909 4010 1296 4068 ambulandum
1322 4030 1481 4083 quam
1508 4017 1886 4074 revertendum

371 4180 398 4207 ει
429 4166 543 4221 Non
593 4169 894 4224 absolutum
940 4172 1101 4226 fuisse
1160 4173 1369 4229 videtur
1422 4182 1882 4233 instrumentum.

298 4236 591 4293 infeliciter
629 4249 912 4295 tentatum.
959 4244 1099 4307 Quas
1131 4244 1227 4309 ipsi
1262 4245 1506 4299 falsarius
1537 4256 1695 4301 notas
1723 4247 1886 4304 chro-

297 4309 571 4377 nologicas
599 4320 744 4365 esset
770 4312 1071 4378 additurus,
1098 4314 1339 4370 divinare
1370 4317 1593 4371 arduum
1645 4319 1784 4374 foret
1831 4330 1889 4376 et.

298 4393 777 4446 supervacaneum.

370 4453 399 4529 la
434 4450 671 4529 Vulgavit
713 4452 1090 4529 Mabillonius,
1130 4457 1196 4510 de
1236 4456 1313 4513 Re
1340 4458 1472 4529 dipl.
1505 4474 1625 4529 pag.
1657 4460 1787 4527 470,
1820 4477 1887 4517 ex

370 4475 399 4492 υ
442 4475 671 4518 vulgar".
714 4475 1072 4517 mauutonlus,
1130 4475 1196 4510 ae
1238 4475 1313 4513 ne
1340 4475 1392 4512 (ll
1439 4475 1472 4514 Ι.
1505 4475 1625 4529 pag.
1657 4475 1787 4527 4m,
1820 4477 1883 4517 ex

298 4521 667 4593 autographo;
702 4526 1023 4580 recuderunt
1052 4526 1377 4593 Felibianus,
1403 4475 1536 4584 Elist.
1562 4532 1685 4585 abb.
1712 4534 1883 4586 sancti

301 4588 512 4667 Dion.,_
535 4588 686 4667 prob.
732 4609 855 4663 pag.
895 4594 950 4661 9,
979 4606 1031 4652 et
1064 4588 1392 4654 Collectores
1435 4601 1755 4667 scriptorum
1798 4617 1883 4654 re—
1908 4588 1962 4647 D

300 4675 421 4739 rum
471 4662 871 4739 Francicarum,
926 4677 964 4721 t.
1015 4667 1104 4731 IV,
1142 4685 1259 4739 pag.
1308 4670 1432 4723 660.
1485 4662 1635 4723 Nulla
1685 4671 1736 4723 in
1791 4672 1892 4728 hoc

300 4730 595 4808 diplomate
645 4744 771 4789 nota
800 4730 1330 4807 chronologicafnec
1361 4740 1503 4808 regis
1531 4741 1885 4808 subscriptio;

300 4803 414 4878 sed
440 4804 677 4878 sigillum
717 4808 923 4876 regium
970 4803 1271 4878 appositum
1301 4803 1463 4864 fuisse
1491 4820 1674 4865 monet
1703 4803 1891 4867 M'abil;

303 4872 603 4951 Ionius,_de
635 4875 712 4930 Re
758 4872 918 4946 d'ipl.,
965 4872 1085 4949 pag.
1136 4879 1265 4945 210,
1309 4880 1449 4949 quod
1482 4880 1891 4951 subscriptionis

302 4943 479 5015 vicem
527 4946 599 5000 ita
650 4943 886 5015 praestat,
937 4943 992 5003 u't
1035 4943 1402 5005 instrumento
1432 4952 1589 5005 ﬁdem
1620 4943 1885 5010 conciliet.

302 5013 421 5081 Quo
454 5013 695 5087 tempore
725 5019 909 5073 datum
934 5022 1090 5076 fuerit
1114 5025 1193 5075 sic
1220 5032 1394 5089 potest
1415 5024 1553 5077 erui.
1588 5022 1779 5078 Datum
1808 5036 1890 5081 est

303 5099 431 5164 cum
457 5095 563 5164 tota
594 5091 908 5164 monarchia
940 5091 1177 5147 Francia;
1210 5094 1466 5161 potiretur
1498 5094 1889 5164 Theudoricus,

301 5158 597 5237 siqnidem
639 5158 721 5237 _i_n’
748 5158 1252 5237 hoc__instrumento
1301 5175 1561 5237 memorat
1600 5182 1757 5237 regna
1786 5158 1891 5237 sua

304 5223 585 5301 Neustriw,
628 5231 947 5301 Burgundite
992 5245 1037 5287 et
1084 5236 1325 5289 Auttriaz.
1356 5235 1545 5290 Occiso
1574 5223 1749 5289 aufem
1782 5236 1887 5291 Da-

302 5299 708 5375 gpberto_anno
736 5299 861 5369 678,
893 5306 1166 5360 Austrasia
1198 5309 1413 5374 quidem
1446 5308 1496 5359 in
1522 5306 1611 5375 jus
1641 5308 1890 5361 Theodo-

302 5368 402 5444 rici
453 5369 695 5439 cedebat,
746 5368 969 5437 cui’jam
1010 5368 1257 5430 Neustri'a
1288 5387 1342 5431 et
1382 5368 1687 5443 Burgimdia
1735 5393 1887 5444 pare-

306 5438 470 5505 bant;
502 5438 979 5518 verutn;_Attstrasii
1012 5463 1115 5518 non
1147 5448 1327 5502 statim
1355 5438 1525 5517 ipsum
1557 5438 1890 5518 agnoverunt

305 5524 508 5578 regem,
540 5523 608 5588 et
628 5514 969 5588 adhucanno
997 5517 1100 5572 080
1124 5530 1311 5573 contra
1344 5514 1515 5588 ipsum
1541 5514 1712 5574 aciem
1741 5522 1883 5575 dire-

306 5591 522 5657 xerunt.
555 5584 685 5640 Victi
708 5587 919 5641 tandem
944 5587 1043 5643 hoc
1064 5591 1251 5644 eodem
1281 5584 1444 5655 anno,
1470 5592 1534 5645 ad
1567 5591 1883 5657 obsequium

308 5652 510 5727 redegi
538 5664 701 5721 ,sunt,
729 5657 994 5726 Longuer.
1025 5665 1166 5715 Attii.
1202 5661 1291 5716 Fr.
1324 5664 1374 5716 in
1408 5652 1445 5715 t.
1482 5662 1571 5727 Ill,
1602 5652 1745 5716 Coll.
1776 5677 1883 5717 scr.

307 5738 416 5801 rer.
445 5724 538 5779 Fr.
572 5743 623 5796 p.
653 5728 786 5793 694;
818 5724 870 5783 et
892 5732 1108 5800 Pipinus
1136 5732 1272 5800 ipse,
1326 5736 1380 5785 in
1413 5724 1685 5787 Austrasia
1720 5736 1887 5801 major

306 5795 500 5869 domus
526 5837 542 5863 ,
574 5795 700 5854 inon
754 5802 927 5856 solum
958 5795 1341 5869 'TlteodoriCO,
1377 5804 1470 5857 sed
1530 5795 1837 5857 Waratlioni
1866 5846 1882 5869 ,

306 5864 573 5924 Neustriaa
616 5870 807 5940 majori
845 5874 1055 5943 domus,
1105 5890 1165 5931 se
1210 5864 1459 5944 subjecit.
1497 5876 1636 5945 Ergo
1666 5876 1765 5930 hoc
1803 5864 1885 5930 di;

1971 610 2064 665 per
2097 604 2299 663 portus,
2345 608 2443 649 nec
2476 608 2569 662 per
2598 593 2797 661 exitus,
2832 605 2931 647 nec
2958 590 3047 646 ubi
3076 600 3129 647 et
3156 591 3268 657 ubi,
3300 592 3556 648 tilloneos

1968 688 2245 757 exigetur;
2276 701 2375 742 nec
2404 686 2704 755 pontatico,
2749 699 2847 739 nec
2879 684 3159 753 portatico,
3197 698 3295 738 nec
3324 685 3557 751 pulvira-

1970 782 2094 847 tico,
2132 795 2229 835 nec
2252 779 2467 843 rodaco,
2502 794 2599 833 nec
2621 777 2926 845 salutatico,
2956 790 3058 833 nec
3092 776 3434 845 cispetatico,
3457 791 3557 832 nec

1969 872 2203 942 qualibet
2234 871 2596 939 redebicione,
2630 870 2771 940 quod
2803 869 2999 924 exinde
3032 868 3193 922 fiscus
3225 877 3409 921 noster
3436 882 3557 936 spe-

1968 979 2089 1020 rare
2121 973 2318 1033 potest,
2353 964 2662 1019 nullatenus
2700 976 2915 1032 quoque
2962 969 3205 1030 tempore
3259 958 3559 1027 requiratur

1970 1076 2070 1115 nec
2097 1062 2363 1131 exigatur,
2391 1058 2491 1112 nisi
2516 1058 2691 1112 omnia
2718 1072 2783 1112 ex
2822 1056 3084 1111 omnebus
3106 1055 3170 1108 ad
3204 1053 3317 1122 ipsa
3342 1053 3555 1108 basilica

1970 1154 2152 1211 domni
2184 1152 2504 1207 Dionensiae
2534 1150 2585 1204 in
2615 1149 2730 1217 ejus
2760 1146 3139 1202 lumenarebus
3172 1160 3269 1199 nos
3293 1143 3560 1199 mercides

1970 1247 2271 1313 conpendio
2303 1244 2464 1300 valiat
2488 1259 2608 1299 esse
2637 1256 2958 1298 concessum
2984 1240 3158 1310 adque
3187 1239 3477 1303 indultum,
3509 1246 3563 1292 et

1971 1340 2171 1396 ibidem
2207 1337 2595 1409 perpetualiter
2639 1337 2802 1390 valiat
2850 1333 3115 1406 prolicere
3139 1332 3192 1388 in
3221 1339 3559 1421 augmentes,

1969 1462 2042 1475 --
2072 1429 2315 1501 Rigull'os
2347 1428 2679 1500 rec0gnovit.
3444 1413 3470 1420 ”
3503 1413 3510 1421 ’

2732 1536 2800 1590 Χ.

1976 1646 1998 1675 ο
2044 1633 2299 1707 Diploma
2341 1648 2440 1707 quo
2490 1630 2848 1707 Theodoricus
2898 1628 3286 1707 Erembernti‘in
3334 1627 3568 1682 abbatem

2259 1698 2613 1759 Corbeiensem
2651 1702 2922 1769 conﬁrmat
2957 1698 3101 1770 (ann.
3132 1699 3279 1766 681).

2026 1795 2410 1861 Theodericus,
2430 1810 2523 1849 rex
2537 1792 2889 1853 Francorum,
2907 1790 3174 1859 episcopis
3200 1796 3253 1844 et
3269 1789 3393 1843 viris
3410 1788 3570 1843 inlus-

1976 1890 2166 1945 tribus.
2183 1888 2345 1943 Decet
2367 1885 2602 1956 regalem
2617 1880 2976 1947 clementiam,
2996 1888 3052 1935 ut
3064 1894 3171 1935 non
3194 1880 3361 1934 solum
3377 1879 3570 1948 guberv

1974 1983 2164 2037 nacula
2212 1979 2408 2051 regalis
2458 1977 2706 2033 culminis
2765 1974 3062 2045 provideat,
3102 1972 3196 2028 sed
3227 1980 3282 2027 et
3308 1970 3569 2037 regimina

1975 2072 2326 2131 ecclesiarum
2373 2076 2428 2124 et
2474 2067 2943 2132 monasteriorum,
2998 2079 3095 2132 pro
3147 2063 3245 2119 Dei
3287 2062 3485 2116 intuitu
3514 2071 3571 2116 et

1976 2165 2243 2223 mercedis
2280 2172 2482 2218 nostrae
2526 2168 2837 2232 augmento,
2868 2157 3077 2214 sollerti
3106 2172 3231 2212 cura
3263 2155 3570 2226 providere,

1976 2269 2035 2313 ut
2067 2273 2170 2327 pax
2200 2254 2575 2318 ecclesiarum,
2618 2261 2672 2308 et
2698 2266 2889 2307 secura
2921 2250 3140 2306 libertas
3181 2248 3569 2304 monachorum

1980 2352 2212 2408 Domino
2256 2349 2613 2419 omnipotenti
2671 2346 3031 2414 militantium,
3084 2360 3182 2415 per
3222 2344 3400 2399 omnia
3446 2357 3571 2397 con-

1980 2453 2251 2502 servetur.
2316 2443 2383 2496 Et
2413 2441 2482 2496 de
2525 2447 2875 2495 sacrosancto
2906 2439 3237 2492 monasterio
3268 2443 3572 2503 nuncupato

1979 2535 2235 2601 Corbeia,
2258 2534 2313 2589 in
2337 2548 2472 2604 pago
2494 2531 2855 2588 Ambianense
2881 2534 3213 2595 consitructo,
3244 2529 3308 2581 ad
3336 2526 3570 2597 regalem

1983 2636 2226 2684 nostram
2273 2624 2619 2695 praesentiam
2650 2624 2897 2678 monachi
2926 2632 2979 2677 et
3015 2622 3115 2676 viri
3146 2621 3238 2675 Dei
3270 2619 3569 2685 venientes,

1982 2720 2293 2778 serenitatis
2333 2725 2535 2773 nostra:
2573 2717 2880 2772 clementiae
2918 2704 3137 2769 auribus
3165 2720 3572 2784 suggesserunt,

1984 2821 2046 2871 ut
2072 2814 2197 2866 dum
2225 2818 2281 2865 et
2306 2808 2628 2865 venerabilis
2657 2809 2739 2863 vir
2767 2807 3166 2878 Chrodegarius
3198 2808 3352 2869 abba,
3389 2819 3577 2859 secun-

1984 2910 2112 2964 dum
2137 2903 2584 2961 consuetudinem
2614 2903 2860 2957 humana:
2883 2899 3208 2970 fragilitatis,
3238 2900 3304 2953 de
3329 2899 3428 2951 hac
3454 2899 3575 2951 luce

1985 3002 2053 3059 ad
2110 2999 2393 3056 Dominum
2442 2997 2702 3068 migrasse
2733 2994 3093 3065 dignoscitur,
3127 3008 3285 3061 quem
3317 2989 3576 3058 apostoli—

1987 3109 2080 3151 cus
2103 3094 2185 3147 vir
2214 3092 2445 3147 domnus
2490 3098 2543 3145 et
2582 3098 2734 3158 pater
2782 3097 2968 3143 noster
3014 3084 3421 3140 Tlteodefredus
3453 3084 3573 3152 epi-

1988 3200 2205 3257 scopus,
2236 3184 2362 3239 dum
2392 3192 2446 3237 et
2475 3181 2564 3237 ille
2590 3194 2727 3236 onus
2754 3179 3061 3251 pontificale
3082 3178 3281 3233 meruit
3305 3176 3574 3244 accipere,

1990 3296 2085 3351 per
2110 3287 2345 3335 nostram
2387 3276 2716 3331 voluntatem
2748 3285 2803 3329 et
2832 3273 3269 3343 praeceptionem,
3296 3271 3362 3325 ad
3387 3284 3578 3339 regen-

1989 3375 2115 3429 dum
2144 3388 2207 3426 ac
2247 3370 2631 3427 dominandum
2678 3368 3008 3423 monasterio
3050 3364 3417 3435 suprascripto
3448 3377 3578 3418 con-

1989 3468 2159 3523 stituit
2186 3483 2201 3533 ;
2253 3480 2374 3520 cum
2425 3462 2685 3518 relatione
2716 3469 2771 3515 et
2798 3473 3063 3515 consensu
3095 3458 3258 3511 totius
3284 3469 3576 3524 congrega-

1991 3561 2150 3616 tionis
2200 3558 2367 3627 ipsius
2414 3553 2749 3621 monasterii,
2779 3553 3050 3623 petierunt
3078 3563 3135 3605 ut
3168 3551 3356 3605 liceret
3385 3550 3465 3603 cis
3495 3562 3580 3601 se-

1991 3652 2219 3709 cundum
2274 3665 2458 3706 eorum
2509 3647 2851 3711 electionem,
2903 3653 2957 3700 et
3002 3644 3295 3700 secundum
3333 3650 3578 3695 sanctum

1991 3746 2328 3818 privilegium
2359 3743 2499 3815 quod
2532 3755 2694 3811 supra
2736 3740 2857 3793 loco
2888 3746 3077 3794 sancto
3107 3752 3171 3792 ex
3203 3735 3370 3806 regali
3404 3733 3579 3788 muni-

1993 3842 2206 3898 licentia
2235 3848 2291 3895 et
2318 3838 2656 3893 sacerdotum
2697 3832 3049 3891 concessione
3092 3829 3353 3884 indultum
3382 3836 3484 3891 est,
3513 3825 3582 3881 de

1992 3931 2302 4000 semetipsis
2347 3930 2550 3998 eligere
2600 3936 2887 3981 rectorem.
2933 3925 2997 3978 Et
3026 3926 3150 3977 dum
3182 3935 3366 3975 eorum
3397 3917 3583 3988 petitio
3654 3970 3657 3971 ν

1993 4032 2193 4080 nostrae
2222 4022 2497 4077 serenitati
2529 4034 2763 4091 congrua
2792 4032 2915 4074 esse
2942 4024 2998 4072 et
3026 4012 3359 4071 rationabilis
3388 4013 3440 4068 in
3467 4028 3581 4069 om-

1990 4181 2173 4249 ploma
2204 4179 2348 4233 circa
2398 4190 2596 4251 annum
2622 4175 2723 4251 68!
2760 4172 2924 4251 fuisse
2949 4172 3211 4251 emissum
3242 4171 3579 4251 conjicimus.

1990 4243 2163 4308 Favet
2192 4264 2387 4324 nomen
2415 4246 2749 4324 Cbarderici,
2784 4245 2994 4324 abbatis
3022 4243 3456 4324 sandionysiani,
3486 4243 3579 4311 qui

1994 4334 2121 4378 tunc
2141 4330 2195 4377 et
2226 4316 2879 4393 pluribus-deindeannis
2910 4318 3082 4370 sancti
3102 4314 3361 4393 Piopysii
3388 4326 3582 4392 tne-nam

1991 4396 2161 4450 sterio
2193 4383 2422 4460 praefuit.
2452 4388 2786 4442 Mabillonius
2810 4395 2985 4460 tamen
3016 4394 3071 4460 _e_t
3102 4383 3410 4460 Feli_bianus
3436 4383 3581 4434 circa

1994 4452 2206 4519 annum'
2228 4462 2334 4516 678
2367 4460 2785 4513 instrumentum
2817 4456 2920 4510 hoc
2947 4452 3320 4508 collocandum
3353 4465 3584 4506 censue-

1991 4544 2133 4589 runt.

2069 4616 2090 4642 ε
2126 4604 2316 4657 Exstat
2354 4599 2494 4673 apud
2546 4596 2915 4673 Sirmondum,
2968 4592 3176 4673 (_‘._onci.l.
3231 4590 3582 4673 li‘Ara'nc.'t._I,

1995 4688 2113 4743 pag.
2150 4674 2277 4737 505,
2309 4680 2363 4725 et
2392 4662 2948 4744 Cointium,__.f\nn.n_t.
2973 4664 3070 4744 _lV_,
3106 4678 3226 4732 pag.
3389 4663 3585 4744 ;.inter

1994 4733 2349 4816 instrumenta
2409 4741 2575 4816 Nova;
2622 4733 2806 4816 Gallia:
2834 4735 3208 4816 __(_Ilti:istian;r_,‘
3250 4743 3290 4816 t._
3323 4733 3390 4816 X_,
3422 4735 3580 4816 inftr.

1993 4817 2099 4871 col.
2133 4815 2261 4879 atii;
2293 4814 2431 4867 inter
2459 4812 2807 4865 Probationes
2834 4808 3141 4879 libertatum
3173 4806 3425 4879 Ecclesia:
3447 4802 3583 4879 _Gal-

1995 4886 2202 4949 licanze,
2236 4876 2374 4953 part.
2405 4899 2463 4952 tt,
2498 4896 2616 4950 pag.
2648 4880 2739 4946 67,
2792 4888 2846 4933 et
2877 4880 2942 4953 in
2981 4876 3313 4953 Collectione
3354 4877 3585 4953 scripto-

1993 4973 2110 5012 rum
2159 4947 2336 5010 rerum
2372 4947 2774 5025 Francicarum,
2806 4959 2847 5004 t.
2877 4949 2967 5025 lV_,
2998 4963 3051 5025 p_.
3084 4947 3217 5025 eoo.
3256 4950 3580 5025 liestitntnm

1993 5038 2077 5083 est
2103 5027 2337 5096 diploma
2382 5025 2485 5096 hoc
2535 5025 2684 5096 notis
2727 5015 3148 5096 chronologieis,
3194 5031 3303 5071 tum
3335 5019 3391 5096 in
3424 5015 3583 5096 editis

1996 5108 2109 5153 tum
2138 5085 2189 5152 iii
2220 5095 2601 5162 manuscriptis
2649 5092 2954 5167 codicibus,
2998 5085 3055 5145 ut
3086 5097 3311 5167 testatur
3333 5085 3579 5167 Μριιὶιιο-

1994 5171 2139 5235 nius,
2182 5167 2321 5222 Ann.
2375 5158 2659 5235 ῐ.1,ἰ)ίιε.
2695 5162 2835 5230 565;
2890 5162 3015 5215 hinc
3069 5158 3239 5237 critici
3301 5158 3583 5237 cuiuannp

1994 5226 2340 5295 tribuendum
2371 5240 2441 5291 sit
2472 5226 2696 5291 minime
2734 5226 2871 5289 inter
2899 5246 2959 5288 se
2988 5230 3347 5285 consentiunt.
3399 5226 3585 5289 Mabil-

1993 5312 2171 5366 lonius
2235 5310 2555 5364 electionem
2599 5304 3067 5381 Erembertrcirca
3100 5313 3297 5381 annum
3337 5296 3453 5381 681.
3473 5297 3583 5351 col-

1995 5382 2279 5437 locandam
2315 5391 2521 5452 censet,
2558 5394 2717 5446 quam
2749 5375 3013 5452 Co-intius,
3038 5370 3362 5452 _t_1b‘i._s_upra,
3391 5368 3585 5452 adnan-

1996 5436 2120 5507 nttm
2172 5467 2337 5517 usque
2380 5449 2479 5506 691
2511 5436 2795 5508 removere
2814 5436 3005 5517 jubet.
3038 5441 3346 5495 Mabillonio
3382 5436 3578 5517 sufﬁg-
3654 5492 3655 5497 η

1993 5506 2197 5594 εειὴίυιί
2238 5506 2399 5578 Nova:
2449 5506 2634 5577 Gallia)
2684 5506 3003 5594 Christiana;
3062 5519 3442 5594 auctores,‘t_.
3496 5506 3583 5589 ξ,
3649 5522 3657 5569 ,ς

1994 5580 2095 5650 ἔοι.
2130 5595 2308 5661 1156;
2352 5611 2468 5664 qua:
2501 5594 2717 5664 quidem
2764 5585 3028 5639 sententia
3080 5586 3253 5653 potior
3307 5580 3459 5664 nobis
3499 5580 3582 5632 vi-

1994 5668 2149 5722 detur
2174 5706 2191 5732 ,
2252 5659 2383 5721 etsi'
2406 5659 2666 5719 fateamur
2707 5659 2977 5732 hucusque
3018 5670 3124 5732 no_n
3153 5659 3449 5732 suppetere
3477 5663 3583 5732 ar:

1993 5723 2249 5809 gumeiita
2294 5736 2582 5808 ejusmodi,
2622 5739 2680 5786 ut
2727 5724 2931 5795 aliquid
2954 5726 3092 5782 certi
3118 5727 3261 5780 circa
3292 5723 3393 5777 hoc
3413 5723 3583 5775 astrui

1989 5811 2177 5880 possit.
