4026 6352
326 355 473 419 1855

831 349 1254 413 DIPLOMATA.
1298 380 1369 396 -
1405 349 1827 411 THEODORICI
1858 348 1918 410 lli

2027 351 2256 414 CCLES.
2300 354 2393 413 ET
2435 308 2734 415 ΜΟΝᾸΞΤ.
2776 359 3143 423 ΡΒᾹΞΩΕΡΤ.

3461 370 3608 430 1854

321 482 470 540 neat,
498 472 725 545 etipsos
762 482 950 529 servos
998 471 1093 529 Dei
1136 472 1329 528 melius
1374 471 1604 528 delectet
1634 486 1731 543 pro
1758 470 2193 543 regniAceptio
2243 475 2447 533 ﬁrmior
2502 479 2797 549 habeatur,
2857 490 2911 537 et
2957 496 3057 554 per
3110 488 3353 559 tempora
3408 491 3603 551 melius

318 566 491 624 nostri
544 567 846 623 constantia
906 568 1160 621 attentius
1213 566 1419 621 Domini
1479 565 1906 622 misericordiam

320 662 625 731 deprecari.
670 660 734 714 Et
762 668 819 714 ut
862 659 975 714 haec
1007 660 1297 729 praeceptio
1325 658 1532 713 ﬁrmior
1567 658 1828 713 habeatur
1853 664 1912 714 et

322 766 418 821 per
447 761 690 822 tempora
731 760 1111 825 conservetur,
1162 763 1354 805 manus
1406 758 1603 804 nostra:
1643 750 1912 819 subscrip-

320 843 560 899 tionibus
611 842 800 897 subter
856 856 973 897 eam
1034 841 1374 898 decrevimus
1423 841 1686 897 roborari.
1734 870 1806 884 —-
1853 830 1950 897 ln'

318 936 523 993 Christi
550 936 769 993 nomine
807 935 1181 993 Theudoricus
1214 935 1631 1011 [Theodericus]
1669 951 1763 992 rex
1786 935 1913 991 sub-

320 1028 554 1099 scripsit.

1059 1118 1176 1177 XII.

318 1217 349 1250 ι
376 1207 627 1282 Diploma
678 1227 781 1284 quo
829 1209 1176 1284 Theodericus
1222 1211 1587 1267 immunitatem
1640 1214 1913 1284 conﬁrmat

387 1284 704 1355 monasterio
732 1282 995 1355 Sidicini
1017 1298 1329 1348 concessam,
1357 1301 1450 1351 pro
1482 1286 1546 1339 iis
1585 1301 1701 1355 qua
1728 1282 1782 1339 in
1822 1287 1914 1340 At-

389 1353 520 1417 tinio
564 1354 690 1420 ﬁsco
723 1354 1214 1417 sumministrat:
1241 1353 1628 1423 comparaverat
1656 1366 1746 1417 aut
1773 1374 1913 1417 carn-

389 1440 576 1495 parare
603 1426 1075 1499 poterat,_g._rceptis
1100 1426 1289 1485 mantis
1319 1426 1455 1485 unde
1486 1445 1653 1499 opera:
1670 1430 1914 1491 carraria’

388 1484 573 1548 'exeunt
602 1484 748 1563 (ann.
781 1484 935 1563 682).

389 1586 448 1641 Si
474 1586 671 1656 aliquid
703 1587 767 1655 ad
801 1588 913 1641 loca
948 1598 1255 1642 Sanctorum
1303 1604 1400 1658 pro
1455 1590 1769 1660 adjuvamen
1797 1604 1916 1646 ser-

313 1692 505 1732 verum
567 1678 659 1733 Dei
712 1676 1078 1744 concedimus,
1113 1679 1214 1735 hoc
1263 1680 1419 1735 nobis
1474 1681 1543 1735 ad
1594 1681 1802 1737 laudem
1830 1681 1916 1736 vel

312 1777 502 1824 eterne
568 1770 932 1823 retributionis
988 1771 1262 1839 pertinere
1318 1771 1664 1827 confidimus.
1748 1774 1914 1844 igitur

2018 579 2381 639 conservetur,
2438 587 2627 629 manus
2690 582 2877 631 nostre
2940 579 3425 651 subscriptionlbus
3475 602 3601 645 eam

2016 664 2354 722 decrevimus
2380 667 2657 726 roborare.
2680 699 2752 711 —
2771 669 2990 743 Signum
3012 674 3229 744 gloriosi
3253 680 3394 757 regis
3419 681 3601 739 ’Πιθο-

2017 757 2203 814 dorici;

2091 851 2218 906 Data
2262 854 2362 908 sub
2392 852 2479 909 die
2502 869 2533 909 x
2563 854 2821 911 kalendas
2849 855 3194 929 Novembris,
3223 876 3366 919 anno
3395 879 3428 920 ι
3450 866 3604 937 regni

2019 946 2227 1011 nostri,
2282 948 2616 1015 Compendio
2672 950 2915 1021 palatio,
2974 954 3028 1008 in
3089 954 3183 1013 Dei
3243 957 3460 1016 nomine
3519 960 3605 1017 fe-

2020 1038 2214 1093 llciter.

2731 1113 2873 1172 Illi.

2020 1227 2049 1269 b
2079 1225 2321 1299 Diploma
2345 1246 2444 1298 quo
2483 1229 2825 1305 Tbeodoricur
2854 1235 3194 1293 immunitates
3222 1240 3457 1305 concedit
3492 1258 3608 1298 mo-

2344 1304 2565 1355 nasterio
2592 1304 2922 1359 Novientensi
2950 1310 3096 1375 (artu.
3133 1311 3280 1379 685).

2093 1392 2149 1447 ln
2181 1392 2377 1449 Christi
2410 1396 2626 1450 nomine
2675 1396 3043 1454 Theudoricus
3080 1400 3212 1475 [At.,
3249 1404 3608 1479 Tiedericus],

2019 1499 2112 1541 rex
2144 1484 2496 1552 Francorum,
2529 1486 2611 1543 vir
2632 1488 2860 1556 iliuster,
2891 1492 3067 1549 Attice
3088 1492 3219 1565 [At.,
3251 1495 3464 1569 Athieo]
3488 1498 3611 1553 duci

2020 1584 2075 1631 et
2118 1576 2404 1631 Adelberto
2437 1579 2617 1633 comiti
2674 1583 2977 1651 ceterisque
3020 1584 3137 1639 ilsci
3177 1587 3343 1641 nostri
3395 1600 3611 1643 exacto-

2020 1668 2189 1723 ribus.
2215 1668 2348 1723 lllud
2375 1669 2530 1724 nobis
2550 1669 2614 1725 ad
2646 1680 2884 1729 eternam
2908 1677 3310 1733 retributionem
3340 1681 3611 1737 credimus

2022 1760 2077 1815 in
2108 1761 2202 1815 Dei
2233 1762 2451 1817 nomine
2476 1762 2753 1831 prolicere,
2802 1767 2849 1820 si
2880 1766 3165 1836 petitiones
3189 1769 3458 1824 hominum
3489 1771 3612 1825 reli-

312 1872 606 1932 cognoscat
663 1862 969 1931 magnitudo
1016 1877 1109 1917 seu
1162 1864 1363 1917 utilitas
1413 1873 1593 1919 vestra
1641 1842 1793 1934 quod
1814 1880 1911 1921 nos

2027 1854 2285 1923 giosorum
2326 1856 2390 1909 ad
2442 1855 2689 1912 effectum
2750 1859 3112 1927 perducimus,
3147 1864 3234 1919 vel
3278 1878 3374 1933 pro
3414 1864 3614 1920 Christi

311 1955 612 2012 venerabili
646 1956 763 2009 viro
790 1956 1028 2020 Bertino,
1054 1955 1237 2011 abbati
1262 1958 1330 2013 de
1355 1959 1692 2014 monasterio
1717 1959 1912 2026 Sitdiu,

312 2049 424 2103 tale
473 2048 794 2104 beneficium
846 2047 1238 2115 concessimus,
1286 2057 1344 2103 ut
1397 2051 1539 2120 quod
1592 2051 1727 2105 infra
1765 2066 1915 2107 mero

310 2140 667 2199 Attiniacinse
712 2143 779 2197 de
834 2141 964 2197 fisco
1013 2152 1199 2196 nostro
1250 2151 1622 2210 comparatum
1692 2143 1911 2213 habeat,

312 2242 409 2291 aut
438 2235 648 2290 inantea
673 2234 737 2289 ad
768 2234 1191 2304 comparandum
1225 2233 1470 2288 invenire
1501 2235 1763 2305 potuerit,
1797 2248 1919 2303 pre-

316 2335 403 2382 ter
445 2326 566 2381 illos
601 2340 817 2381 mansos
857 2325 1000 2379 unde
1039 2340 1235 2395 operas
1262 2328 1531 2381 carrarias
1560 2338 1780 2392 exeunt,
1815 2326 1917 2382 hoc

315 2415 515 2471 habeat
546 2432 885 2483 concessum,
919 2423 973 2472 et
1003 2402 1151 2471 nullo
1181 2416 1394 2472 redditu
1424 2427 1589 2485 terre,
1618 2433 1716 2474 nec
1742 2419 1915 2475 nullas

323 2506 635 2563 functiones
667 2507 907 2577 publicas
931 2509 1131 2565 eisdem
1163 2510 1232 2564 ob
1268 2512 1369 2565 hoc
1396 2513 1633 2580 exigere,
1683 2526 1781 2566 nec
1827 2527 1915 2565 re-

323 2602 539 2672 quirere
585 2617 689 2657 non
739 2601 1002 2657 debeatis.
1045 2602 1384 2673 Quapropter
1436 2619 1531 2675 per
1579 2604 1681 2660 hoc
1734 2621 1917 2675 prece-

319 2705 472 2764 ptum
533 2695 820 2767 specialius
873 2695 1211 2752 decernimus
1262 2697 1812 2768 ordinandum,quod
1864 2702 1914 2755 in

323 2798 587 2859 perpetuo
632 2788 874 2844 volumus
925 2803 1046 2844 esse
1089 2804 1425 2859 mansurum,
1476 2798 1534 2845 ut
1583 2806 1755 2860 neque
1796 2806 1913 2859 vos,

321 2893 502 2949 neque
543 2878 785 2949 iuniores
814 2894 907 2934 seu
938 2893 1283 2935 successores
1307 2882 1497 2947 vestri,
1531 2896 1631 2937 nec
1660 2882 1917 2952 quislibet

322 2969 392 3025 de
439 2969 720 3039 judiciaria
776 2980 1037 3038 potestate
1078 2972 1377 3039 adcinctus,
1434 2972 1502 3028 de
1552 2974 1696 3044 ipsas
1744 2983 1915 3030 terras

323 3058 467 3131 quod
500 3060 635 3115 infra
674 3076 824 3116 mero
856 3062 1205 3117 Attiniacinse
1235 3062 1371 3118 infra
1412 3063 1532 3133 ipso
1563 3064 1694 3120 lisco
1730 3077 1915 3121 nostro

324 3161 661 3209 memoratus
690 3154 824 3208 abba
864 3166 1230 3222 comparatum
1282 3155 1467 3221 habet,
1520 3168 1610 3211 aut
1662 3158 1915 3227 deinceps

2020 1962 2204 2003 amore
2225 1962 2344 2002 cum
2367 1948 2510 2003 omni
2542 1953 2874 2015 protectione
2913 1952 3227 2008 solida-mus.
3287 1956 3464 2022 Atque
3495 1955 3616 2009 ideo

2020 2047 2315 2109 cognoscat
2364 2040 2674 2105 magnitudo
2732 2058 2824 2097 seu
2877 2045 3079 2098 utilitas
3104 2054 3303 2115 vestra,
3336 2057 3358 2086 ε
3390 2061 3616 2101 venera-

2022 2131 2183 2186 bilem
2210 2134 2383 2187 virum
2408 2132 2708 2189 Erhardum
2731 2135 2979 2190 abbatem
3005 2138 3302 2192 acmissum
3328 2151 3480 2191 suum
3513 2138 3617 2191 lla-

2022 2221 2304 2277 debertum
2336 2225 2659 2279 monachum
2688 2227 2964 2282 serenitati
2991 2237 3170 2283 nostra
3192 2229 3521 2301 suggessisse
3548 2230 3618 2285 de

2024 2314 2331 2372 hominibus
2382 2318 2633 2388 ingenuis
2686 2321 2775 2388 qui
2821 2322 2872 2374 in
2905 2323 3265 2377 inundeburde
3304 2323 3617 2378 monasterii

2021 2405 2442 2477 Novientensis,
2515 2405 2661 2479 (Anti
2713 2411 2767 2465 in
2820 2410 3023 2469 honore
3073 2415 3356 2483 peculiaris
3406 2413 3617 2482 patroni

2022 2502 2190 2555 nostri
2232 2506 2403 2557 sancti
2456 2502 2685 2558 Mauritii
2732 2513 3097 2560 constructum
3135 2520 3256 2562 esse
3290 2507 3519 2572 videtur,
3559 2513 3619 2561 ut

2020 2594 2102 2649 eis
2131 2593 2237 2649 tale
2270 2594 2588 2649 beneﬁcium
2617 2597 2919 2651 concedere
2944 2598 3283 2663 deberemus,
3312 2600 3411 2653 hoc
3439 2607 3520 2652 est
3550 2598 3618 2653 de

2021 2686 2141 2741 loco
2204 2696 2513 2754 nuncupato
2572 2688 2925 2756 Hilivosbeim,
2985 2706 3144 2759 quem
3198 2694 3409 2761 propria
3456 2707 3616 2747 manu

2020 2774 2196 2830 eidem
2237 2777 2567 2833 monasterio
2592 2778 2933 2847 tradidimus,
2984 2792 3099 2835 uta
3122 2783 3389 2853 indicibus
3415 2784 3615 2838 nostris

2019 2866 2221 2923 nullam
2275 2866 2719 2936 inquietudinem,
2757 2870 2839 2924 vel
2871 2872 3160 2941 quamlibet
3190 2874 3614 2942 requisitionem,

2020 2968 2114 3013 aut
2174 2958 2399 3025 trudam,
2441 2974 2536 3015 seu
2597 2960 3032 3028 redhibitioneu,
3094 2964 3174 3019 vel
3204 2965 3610 3034 injunctienem,

2021 3051 2161 3121 quod
2219 3050 2285 3105 ad
2330 3065 2427 3106 vos
2475 3050 2558 3107 vel
2600 3052 2842 3121 iuniores
2896 3064 3104 3111 vestros
3160 3058 3496 3124 pertinuerit,
3544 3056 3615 3111 ad

2021 3156 2384 3213 quascumque
2410 3144 2760 3201 moessitates
2791 3147 3041 3203 volumus
3067 3164 3188 3204 esse
3229 3150 3610 3215 commonitos,

326 3244 447 3315 ipse
476 3244 559 3299 vel
586 3258 930 3301 successores
971 3246 1072 3307 sui,
1119 3254 1211 3299 aut
1254 3260 1376 3313 pars
1408 3247 1578 3315 ipsius
1604 3250 1915 3305 monasterii

2027 3254 2122 3309 pro
2150 3240 2417 3295 mercedis
2442 3248 2625 3297 nostro
2647 3252 2955 3312 augmento,
2988 3244 3043 3299 in
3074 3244 3422 3300 luminaribes
3448 3260 3614 3312 pecu-

328 3351 649 3407 comparare
701 3337 993 3407 potuerint,
1036 3346 1217 3406 preter
1239 3338 1359 3394 illos
1388 3355 1607 3396 mansos
1632 3343 1773 3397 unde
1802 3358 1921 3398 car-

326 3436 520 3497 pentes
576 3437 797 3495 exeunt,
849 3428 1027 3481 nullos
1084 3428 1325 3484 redditus
1383 3439 1547 3497 terre,
1600 3446 1698 3486 nec
1746 3433 1919 3487 nullas

324 3520 629 3578 functiones
654 3521 856 3578 eisdem
887 3536 992 3576 non
1018 3522 1304 3591 requiratis
1346 3539 1444 3579 nec
1486 3527 1769 3592 exactetis,
1813 3527 1917 3580 nisi

324 3614 582 3684 quicquid
607 3614 804 3676 exinde
849 3616 962 3685 ipse
1000 3615 1158 3681 abba,
1185 3618 1268 3672 vel
1316 3631 1439 3687 pars
1488 3621 1804 3676 monasterii
1836 3623 1917 3675 sui

329 3704 531 3775 Sitdiu,
573 3713 668 3763 aut
708 3721 1053 3763 successores
1092 3709 1197 3775 sui,
1222 3708 1305 3763 vel
1354 3710 1495 3780 quod
1535 3710 1695 3767 ﬁscus
1733 3720 1922 3768 noster

326 3796 612 3868 percipere
662 3800 897 3869 potuerit
941 3813 1008 3854 ex
1049 3809 1235 3855 nostro
1265 3815 1492 3856 munere
1520 3802 1782 3873 largitatis
1822 3804 1921 3858 hoc

328 3890 531 3947 habeat
574 3907 893 3955 concessum
940 3900 1101 3969 atque
1146 3893 1431 3955 indultum.
1475 3893 1541 3953 Et
1572 3904 1629 3949 ut
1661 3895 1758 3951 hec
1794 3910 1921 3966 pre-

399 4030 427 4060 ει
452 4023 709 4097 Vulgavit
733 4024 1077 4097 Mabillonius
1106 4042 1171 4081 ex
1201 4026 1532 4082 chartulario
1554 4026 1825 4097 Folquini,
1856 4030 1922 4087 de

324 4095 405 4157 Be
432 4096 655 4163 diplom.
688 4112 807 4166 pag.
840 4096 976 4164 606;
1022 4114 1087 4153 ex
1122 4098 1430 4154 Mabillonio
1460 4095 1707 4154 recusum
1745 4110 1829 4155 est
1869 4100 1919 4157 in

326 4166 517 4240 §uppl.
557 4182 684 4237 opp.
731 4168 1013 4240 diplomat.
1059 4170 1265 4240 Mirati,
1294 4180 1334 4224 t.
1366 4170 1428 4234 li,
1459 4185 1577 4240 pag.
1608 4170 1745 4237 926;
1780 4185 1831 4227 et
1868 4174 1922 4228 in

324 4234 467 4295 Coll.
517 4234 702 4307 script.
748 4234 853 4294 rer.
904 4239 1094 4307 Franc,
1127 4249 1163 4295 t.
1203 4238 1293 4307 IV,
1330 4234 1474 4308 pag.’
1506 4234 1634 4295 (ibi.
1668 4234 1777 4298 Nos
1809 4244 1921 4298 edi—

324 4257 467 4295 uou.
517 4257 702 4307 script.
748 4257 853 4294 rer.
904 4257 1094 4307 rranc,
1127 4257 1163 4295 t.
1203 4257 1293 4307 Iv,
1330 4257 1392 4308 pa
1439 4280 1451 4292 .
1506 4257 1634 4295 DDI.
1668 4257 1777 4298 tvos
1809 4257 1921 4298 eut—

324 4324 449 4367 mus
494 4310 561 4364 ad
616 4309 772 4364 ﬁdem
818 4310 1049 4379 exempli
1097 4310 1237 4378 qund
1286 4311 1345 4367 ί).
1396 4257 1462 4366 ge
1506 4310 1668 4375 \Vlle,
1703 4316 1923 4370 archivo

327 4381 646 4455 monasterii
669 4381 839 4455 salicti
866 4380 1063 4455 Bertmi
1096 4380 1404 4455 praeteritis,
1439 4398 1503 4438 ex
1530 4387 1721 4455 eodem
1752 4388 1923 4441 char-

330 4452 545 4514 tulario,
578 4451 818 4525 Γυιηὲὅζ
846 4451 1195 4525 exscriptum,
1240 4456 1292 4506 iu
1344 4453 1789 4525 cbartophylacio
1824 4473 1922 4514 uo-

326 4530 442 4592 stro
475 4523 731 4588 reposuit.
776 4522 1072 4592 Folquinus
1104 4525 1413 4585 inaccurate
1437 4522 1679 4587 exhibuit
1713 4530 1913 4581 iurum-

2025 3334 2179 3389 liaris
2208 3334 2416 3403 patroni
2446 3335 2619 3390 nostri
2646 3336 2754 3405 jam
2779 3336 3069 3407 supradicti
3086 3337 3341 3401 Mauritii,
3364 3353 3453 3404 per
3471 3336 3612 3391 hanc

2024 3428 2400 3483 auctoritatem
2424 3428 2527 3483 visi
2555 3442 2743 3485 sumus
2787 3430 3151 3495 concessisse;
3184 3430 3256 3483 ita
3286 3438 3343 3481 ut
3373 3442 3546 3492 neque
3580 3442 3611 3481 a

2025 3517 2253 3574 subditis
2292 3519 2508 3586 vestris,
2550 3534 2725 3590 neque
2753 3536 2781 3574 a
2812 3520 2965 3576 vobis
3008 3535 3105 3575 seu
3137 3536 3169 3574 a
3214 3519 3612 3575 successoribus

2024 3612 2220 3666 vestris
2271 3610 2635 3682 inquietentur
2684 3613 2770 3667 vel
2824 3622 3193 3676 amoveantur,
3244 3613 3345 3665 nisi
3372 3612 3439 3665 ab
3466 3620 3615 3665 acto-

2024 3703 2175 3759 ribus
2211 3702 2411 3773 prefati
2444 3706 2759 3761 monasterii
2787 3706 2841 3760 in
2869 3705 3239 3763 mitdehtrde
3286 3702 3611 3772 impendant,

2023 3805 2081 3851 et
2105 3796 2494 3863 defensionem,
2522 3806 2634 3853 tam
2666 3798 2763 3867 ipsi
2795 3814 2951 3868 quem
2981 3806 3037 3853 et
3074 3798 3362 3869 posteritas
3396 3810 3611 3862 eorum,

2025 3891 2361 3962 presentibus
2386 3899 2440 3949 et
2463 3892 2652 3955 futuris
2681 3895 3011 3962 temporibus
3041 3909 3263 3964 sperare
3289 3893 3540 3958 debeant,
3559 3901 3616 3947 et

2026 4044 2092 4087 ex
2118 4030 2310 4099 duplici
2336 4029 2483 4095 fonte
2512 4030 2787 4098 haustum,
2818 4032 3069 4089 videlicet
3097 4049 3159 4091 ex
3206 4033 3453 4101 exemplo
3474 4030 3616 4101 quod

2026 4116 2124 4169 pro
2172 4107 2505 4175 autograpbo
2534 4105 2829 4171 venditant,
2862 4106 3101 4175 reposito
3150 4105 3201 4159 in
3250 4106 3471 4158 archivo
3502 4118 3619 4157 mo-

2026 4174 2244 4226 nasterii
2298 4172 2671 4229 Novientensis
2711 4192 2806 4231 seu
2862 4172 3431 4237 Eliermumterieusis.
3467 4184 3520 4229 et
3548 4188 3617 4229 ex

2027 4243 2336 4317 apographo
2362 4247 2528 4301 veteri
2560 4245 2702 4317 quod
2752 4256 2927 4301 ex~tut
2958 4248 3006 4317 in
3044 4244 3617 4317 tabulariocpiscupaii

2027 4316 2435 4380 Argenttnensis
2477 4315 2739 4374 ecclesiae.
2795 4316 3062 4370 Fictitium
3106 4325 3188 4368 est
3242 4315 3387 4381 prius
3417 4317 3617 4369 instru-

2026 4398 2285 4459 mentum,
2318 4398 2371 4459 ut
2394 4391 2633 4459 arguitur
2663 4404 2725 4459 ex
2761 4387 3055 4459 litterarum
3078 4384 3343 4459 ductibus,
3366 4386 3615 4459 eit_5tylo,

2026 4470 2093 4511 ex
2142 4458 2281 4511 notis
2320 4454 2716 4527 chronologicis
2746 4459 2811 4509 ab
2840 4472 2945 4508 atra
2976 4454 3274 4527 Christiana
3307 4456 3506 4523 petitis,
3551 4471 3619 4510 ex

2026 4527 2144 4593 ipso
2171 4528 2313 4593 regis
2342 4530 2557 4583 nomine
2592 4524 2686 4594 qui
2718 4528 2968 4581 scribitur
3012 4524 3343 4589 Tiedericus;
3388 4538 3619 4593 apngra-

329 4588 911 4667 iamsubscriptionis
945 4593 1292 4667 Theudorici,
1347 4610 1466 4667 quae
1498 4598 1557 4667 in
1590 4597 1709 4651 aliis
1746 4588 1998 4667 diplo-D
2027 4588 2185 4666 phum
2218 4588 2446 4661 vitetur,
2492 4588 2661 4663 primo
2715 4606 2949 4663 aspectu,
2990 4608 3051 4667 ex
3103 4596 3201 4649 hoc
3250 4588 3619 4667 cumrneniitio

330 4664 566 4723 matibus
596 4663 805 4733 concipi
837 4666 973 4719 Solet
1004 4664 1087 4721 bis
1117 4667 1295 4721 verbis
1327 4680 1341 4720 :
1368 4663 1441 4721 Ὶιι
1481 4666 1671 4721 Christi
1718 4663 1923 4723 nomine

328 4733 683 4801 Theodericus
714 4751 804 4793 rex
829 4735 1125 4804 subscripsi.
1159 4736 1451 4803 Perperam
1496 4736 1787 4805 Folquinus
1818 4740 1923 4795 hoc

330 4806 576 4875 diploma
602 4806 786 4865 tribuit
813 4821 953 4869 anno
980 4807 1107 4860 Chr.
1138 4805 1278 4871 676;
1308 4819 1480 4865 annus
1506 4808 1650 4867 enim
1682 4809 1923 4865 decimus

328 4875 654 5005 ἱρὺςηὶϐιέῑὲιε,
688 4892 871 4943 mense
897 4877 1205 4943 Novembri,
1236 4878 1596 4935 concurrebat
1626 4894 1746 4935 cum
1778 4896 1922 4939 anno

415 4966 458 5005 Γ.
602 4988 614 5000 .

415 4966 458 5006 Γ.
489 4966 614 5003 062.

401 5019 430 5058 b
478 5018 685 5076 Primus
744 5019 975 5091 vulgavit
1017 5018 1349 5091 LaziusLde
1403 5020 1613 5085 Suevis,
1666 5021 1759 5078 lib.
1802 5038 1919 5091 Vill,

328 5090 534 5163 absque
566 5093 704 5163 notis
759 5090 1173 5163 chronolOgicis.
1232 5090 1398 5163 llujus
1452 5094 1712 5155 memoria
1751 5105 1833 5149 est
1868 5090 1921 5150 in

330 5160 600 5227 Chronico
629 5160 1005 5223 Novienteusis
1026 5160 1369 5230 iuonaSterii,
1401 5178 1430 5221 a
1464 5163 1727 5220 Martenic
1753 5165 1917 5229 edito.

330 5232 594 5290 Thesaur.
612 5234 862 5294 anecdot.
881 5243 918 5288 ι.
946 5233 1151 5306 li|,col.
1176 5232 1334 5306 lilii,
1364 5235 1563 5306 scripto
1588 5236 1779 5303 partim
1797 5252 1919 5306 stu,

331 5306 527 5375 partim
581 5319 671 5359 xxv
720 5306 951 5371 saeculo;
1004 5304 1099 5358 sed
1156 5305 1298 5359 solas
1332 5305 1738 5369 chronologicas
1770 5304 1923 5365 notas

332 5376 573 5437 exhibuit
600 5376 914 5440 Hartenius,
939 5375 1147 5439 caeteris
1172 5376 1563 5445 prsetermissis.
1588 5376 1923 5437 Mabillonius

338 5456 504 5519 totum
534 5446 947 5519 instrumentum
976 5444 1354 5519 exscripserat,
1372 5456 1525 5513 et,ex
1546 5447 1659 5518 ejus
1686 5450 1920 5518 st-bedis,

335 5517 476 5590 typis
504 5518 897 5590 mandaverunt
918 5516 1173 5590 auctores
1193 5516 1355 5576 Novae
1375 5518 1560 5577 Galliae
1576 5516 1919 5588 Christianae,

336 5586 376 5644 ιζ
398 5586 477 5656 Ὗ,
500 5589 748 5644 instrum.
782 5589 885 5643 col.
917 5586 1043 5651 457,
1070 5588 1334 5658 integrum
1363 5590 1603 5659 quidem,
1650 5594 1744 5645 sed
1777 5586 1920 5646 inae;

336 5670 540 5716 curate.
598 5660 1036 5731 Recuderuntiex
1066 5660 1277 5715 schedis
1306 5660 1545 5731 ejusdem
1596 5662 1922 5719 Collectures

335 5733 657 5804 geriptorum
706 5746 882 5804 rerum
934 5730 1421 5804 Francicarumgft.
1469 5732 1556 5799 IV,
1611 5748 1730 5804 pag.
1794 5732 1920 5789 662.

336 5801 1019 5877 fl'an_de_m__prodiit_curis
1050 5801 1111 5857 D.
1146 5802 1484 5877 Grandidier.
1520 5818 1551 5859 a
1583 5801 1733 5877 nobis
1780 5820 1924 5877 saepe

339 5872 563 5942 laudati,
584 5872 724 5930 Hist.
750 5874 945 5931 eccles.
967 5871 1191 5945 Argent.
1218 5883 1259 5930 t.
1286 5875 1327 5940 l,
1347 5875 1500 5945 prob.
1523 5888 1576 5944 p.
1609 5873 1680 5930 40
1699 5885 1754 5932 et
1779 5871 1920 5949 θεῷ,

2026 4664 2381 4722 instrumento
2424 4670 2784 4735 desumptum,
2845 4664 3061 4720 mutatis
3113 4664 3480 4720 tantummodo
3528 4676 3620 4720 aut

2028 4753 2091 4795 ex
2104 4740 2309 4806 punctis
2340 4739 2403 4792 iis
2425 4753 2542 4808 qua:
2566 4738 2900 4808 potissimum
2926 4736 3113 4790 falsum
3142 4737 3457 4804 prodebant,
3478 4737 3617 4807 regis

2024 4809 2232 4867 scilicet
2288 4807 2728 4874 nomine,’notis
2781 4807 3206 4877 cbronologicis,
3269 4816 3322 4861 et
3386 4810 3618 4862 subscri-

2024 4882 2265 4952 ptinnum
2307 4880 2573 4936 formulis.
2604 4879 2735 4934 Cum
2760 4879 2825 4933 de
2847 4890 3043 4952 caetero
3075 4880 3299 4933 alterum
3349 4880 3500 4933 alteri
3550 4879 3620 4932 sit

2023 4951 2406 5017 simillimum,
2459 4960 2741 5019 utrumque
2790 4951 3075 5021 separatim
3136 4952 3297 5021 edere
3362 4963 3621 5017 superva-

2022 5038 2245 5080 caneum
2304 5022 2648 5079 arbitramur.
2700 5021 3008 5081 Lectionem
3045 5020 3356 5091 apograpbi,
3418 5030 3619 5085 utpote

2024 5093 2467 5157 emendatiorem,
2499 5094 2801 5162 sequimur;
2830 5095 3222 5164 discrepantias
3277 5092 3417 5143 inter
3450 5104 3617 5145 uncus

2023 5176 2116 5221 aut
2150 5166 2202 5219 in
2246 5168 2385 5220 notis
2417 5165 2756 5219 exhibemus.
2789 5166 2949 5222 Certe
2980 5167 3093 5219 haec
3141 5164 3279 5216 inter
3328 5170 3617 5230 utrumque

2024 5236 2319 5293 similitudo
2350 5238 2490 5304 aliqu
2512 5251 2580 5307 sm
2626 5236 2985 5307 suspicionem
3016 5232 3210 5307 injicit_
3237 5232 3304 5285 de
3332 5232 3617 5307 utriusque

2023 5308 2275 5364 falsitate.
2308 5303 2685 5376 Apograplttirti
2710 5303 2888 5360 tamen
2919 5304 3157 5360 ecclesia:
3184 5303 3613 5376 Argentinensis,

2024 5394 2165 5454 cum
2196 5374 2368 5454 nulla
2393 5374 2687 5434 manifesta:
2725 5376 2970 5454 falsitatis
3012 5376 3138 5429 vitia
3189 5374 3436 5454 exhibeat
3469 5414 3484 5439 ,
3546 5388 3615 5454 ex

2025 5450 2263 5526 legitimo
2329 5450 2686 5505 instrumento
2750 5447 3372 5526 tlescripturnLcenserb
3408 5452 3612 5526 potest;

2022 5513 2248 5577 alierum
2300 5536 2427 5577 vero
2474 5531 2711 5585 temere,
2758 5528 2814 5573 ut
2865 5513 3009 5584 saepe
3065 5516 3155 5583 lit,
3200 5513 3374 5587 quoad
3418 5515 3616 5587 snseri-

2026 5595 2237 5662 ptiones
2277 5601 2333 5649 et
2370 5602 2525 5648 notas
2571 5583 2976 5662 chronologicas
3028 5583 3425 5662 interpolatum.
3472 5583 3615 5662 Ergo

2066 5663 2183 5717 uale
2238 5662 2466 5729 edimus,
2510 5678 2575 5716 ex
2619 5660 2881 5713 tabulario
2930 5657 3613 5729 ecclesiie’Argentinensis

2066 5679 2183 5717 uate
2238 5679 2466 5729 eminus,
2510 5679 2575 5716 ex
2619 5679 2881 5713 [almiarm
2930 5679 3171 5714 eccwsm:
3205 5679 3532 5725 nr‘gcuuucu

2024 5679 2421 5806 depromptum,
2450 5731 3028 5806 spuriisannumerare
3053 5729 3204 5806 nonis
3224 5728 3407 5806 religi-0
3434 5735 3535 5806 est.

2100 5796 2122 5845 δ
2154 5796 2273 5862 AL':
2316 5796 2594 5859 Venerabili
2621 5802 2726 5853 viro
2749 5802 2883 5869 patri
2912 5810 3083 5855 nostra
3114 5800 3300 5863 domno
3336 5796 3611 5855 11σὴαγάο

2026 5878 2192 5935 abbati
2218 5894 2277 5931 ac
2306 5875 2459 5930 missa
2486 5888 2577 5925 suo
2602 5869 2887 5925 Radeberto
2929 5871 3196 5926 monacho.
