4026 6352
450 308 603 378 1535

1500 301 1749 362 FRANC.
1789 300 1952 361 REG.
1993 296 2063 356 IV
2103 294 2341 359 PRIME
2378 300 2666 361 STIRPIS.

3582 300 3723 367 I336

449 426 594 499 quod
624 424 739 481 ﬁsci
763 400 933 480 nostri
953 419 1244 479 ditionibus
1266 418 1559 477 debuerant
1591 418 1809 485 inferre,
1840 418 1942 472 hoc
1967 413 2034 469 ad
2060 413 2117 475 Α
2138 415 2339 484 studio,
2366 425 2473 472 tam
2514 417 2654 473 ultra
2683 414 2939 490 Ligerim,
2980 417 3035 475 in
3065 418 3221 477 Heria
3248 419 3455 478 scilicet
3481 428 3534 479 et
3567 423 3721 481 Satu-

450 518 625 587 ipsam
656 514 1122 586 congregationem
1151 523 1389 569 sanctam
1420 512 1521 567 hac
1540 510 1822 566 autoritate
1841 524 2036 566 conce-

451 612 649 675 dimus,
692 619 751 665 ut
792 608 895 665 hoc
924 607 1151 662 debeant
1179 606 1377 661 habere
1405 619 1720 660 concessum
1742 611 1903 671 atque
1949 602 2035 658 in-

450 704 678 757 dultum.
706 702 792 767 Et,
818 708 875 754 ut
896 700 994 755 hec
1018 698 1309 753 auctoritas
1330 698 1549 765 nostris,
1585 696 1695 751 Deo
1720 696 2030 763 auxiliante,

448 805 504 851 et
526 796 715 850 futuris
766 792 1097 863 temporibus
1150 791 1439 846 ﬁrmiorem
1493 790 1728 845 obtineat
1768 789 2029 858 vigorem,

448 905 641 949 manus
670 896 853 943 nostre
876 884 1323 954 subcriptionibus
1352 897 1471 938 eam
1496 881 1681 937 subter
1698 880 2030 935 decrevimus

449 980 693 1036 rohorari
723 986 773 1034 τι.
805 976 863 1031 In
893 975 1090 1031 Christi
1122 974 1341 1030 nomine
1381 971 1747 1028 Theudoricus
1778 985 1873 1024 rex
1903 968 2033 1023 sub-

448 1072 659 1141 scripsi.
692 1069 1029 1139 Aghlibertus
1071 1067 1400 1138 recognovit.
1436 1066 1622 1120 Datum
1651 1065 1749 1118 sub
1774 1063 1860 1119 die
1890 1077 2033 1118 nono

446 1180 635 1225 mense
662 1167 689 1203 δ
718 1163 987 1218 Februarii
1020 1176 1161 1216 anno
1190 1160 1401 1216 decimo
1427 1158 1578 1230 regni
1609 1157 1800 1223 nostri,
1852 1157 1905 1211 in
1935 1156 2027 1211 Dei

446 1259 663 1315 nomine
681 1256 925 1313 feliciter.
957 1256 1150 1311 Amen.

1153 1363 1297 1419 XIV.

448 1474 471 1503 ο
508 1460 751 1533 Diploma
794 1473 911 1533 quo
934 1456 1283 1533 Theodoricus
1312 1452 1907 1533 Dervensisnm‘onasterii
1936 1452 2032 1506 im-

770 1524 1037 1583 munitates
1061 1528 1333 1597 conﬁrmat
1362 1532 1514 1593 (ann.
1553 1524 1703 1596 685).

516 1621 833 1691 Principalis
866 1620 1131 1675 serenitas
1169 1634 1381 1688 semper
1428 1620 1479 1672 in
1508 1626 1702 1673 cuncto
1730 1617 1891 1674 debet
1912 1631 2033 1687 pro-

436 1718 667 1786 spicere,
701 1714 954 1785 precipue
981 1710 1329 1781 petitionibus
1372 1710 1735 1777 sacerdotum,
1790 1725 1892 1779 que
1932 1709 2034 1764 rite

2140 506 2285 562 riaco
2311 507 2398 563 vel
2418 508 2797 566 Dono-Fronte
2822 523 2941 565 cum
2971 510 3293 579 appenditiis
3314 514 3449 580 suis,
3467 523 3522 569 et
3547 514 3723 571 Diseio

2140 610 2263 653 cum
2293 600 2614 669 appenditiis
2638 601 2774 666 suis,
2801 615 2956 670 quam
2978 602 3141 656 etiam
3171 604 3299 657 citra
3343 602 3573 675 Ligerim
3605 622 3721 676 pos-

2140 690 2315 747 sidere
2356 692 2629 761 videntur,
2672 708 2769 749 seu
2822 694 2963 764 quod
2998 694 3195 750 ibidem
3225 695 3400 751 adhuc
3425 698 3641 755 inautea
3674 702 3724 757 in

2139 781 2237 838 Dei
2274 784 2493 839 nomine
2521 799 2551 839 a
2580 782 2897 841 Christianis
2926 784 3229 842 hominibus
3256 788 3398 855 iuste
3419 798 3471 843 et
3497 790 3727 845 rationa-

2140 874 2321 931 biliter
2366 874 2528 931 fuerit
2557 875 2797 931 additum
2852 877 2935 931 vel
2976 877 3356 944 condonatum,
3408 894 3505 948 pro
3553 883 3730 952 quiete

2138 965 2307 1036 ipsius
2348 965 2498 1036 regni
2541 968 2734 1033 nostri,
2769 968 3027 1038 integram
3055 969 3401 1025 emunitatem
3441 986 3539 1040 pro
3578 988 3729 1028 reve-

2139 1060 2310 1115 rentia
2340 1059 2505 1129 ipsius
2534 1061 2702 1115 sancti
2733 1060 2836 1115 loci
2864 1061 3235 1130 concedimus,
3266 1069 3326 1115 ut
3352 1063 3532 1117 nullus
3555 1062 3726 1131 iudex

2143 1150 2386 1222 publicus
2415 1151 2657 1222 quolibet
2672 1152 2829 1208 modo
2843 1152 3118 1222 iudiciaria
3135 1153 3406 1209 accinctus
3436 1162 3725 1224 potestate,

2140 1245 2194 1299 in
2223 1252 2405 1302 curtes
2434 1245 2604 1316 ipsius
2653 1247 2987 1311 monasterii,
3018 1248 3345 1318 ubicumque
3394 1248 3460 1303 ad
3505 1262 3727 1319 presens

2138 1350 2324 1391 eorum
2356 1346 2570 1393 maneat
2609 1339 2879 1408 possessio
2925 1339 3007 1395 vel
3061 1339 3378 1407 dominatio,
3432 1349 3527 1395 aut
3584 1341 3727 1410 quod

2140 1426 2356 1483 inantea
2380 1425 2543 1483 fuerit
2573 1428 2810 1484 additum
2838 1438 2931 1484 aut
2958 1429 3346 1499 condonatum,
3366 1445 3466 1486 nec
3499 1432 3567 1485 ad
3597 1445 3726 1486 cau-

2138 1532 2227 1575 sas
2281 1519 2641 1585 audiendum,
2700 1534 2799 1576 nec
2855 1520 3196 1589 ﬁdeiussores
3246 1521 3577 1586 tollendum,
3631 1536 3731 1577 nec

2141 1610 2288 1666 freda
2315 1610 2654 1681 exigendum,
2678 1626 2777 1667 nec
2797 1611 3101 1667 mansiones
3126 1611 3451 1677 faciendum,
3498 1624 3602 1666 nec
3640 1625 3730 1665 ro-

2143 1704 2361 1758 taticum
2390 1704 2531 1759 infra
2560 1703 2720 1759 urbes
2766 1703 2853 1759 vel
2884 1704 3215 1760 inmercatis
3262 1703 3723 1772 extorquendum,

441 1808 788 1879 poposceriut
819 1806 1048 1875 benigno
1077 1802 1259 1857 animo
1289 1803 1565 1872 suscipere
1591 1813 1643 1856 et
1686 1802 1752 1855 ad
1783 1800 2031 1856 ell‘ectum
2064 1810 2114 1873 Β
2146 1813 2245 1853 nec
2275 1797 2412 1852 ullas
2444 1806 2656 1866 paratas
2684 1804 2775 1851 aut
2808 1798 3073 1867 quaslibet
3092 1796 3452 1853 redibutioues
3476 1806 3730 1853 exactare

439 1906 755 1977 perducere,
788 1913 846 1957 ut
868 1903 937 1958 de
960 1902 1181 1956 obtento
1202 1900 1467 1956 beneﬁcio
1508 1898 1719 1952 valeant
1750 1898 2029 1967 gratulari,

438 2010 495 2055 et
544 2013 639 2055 eos
688 1998 877 2053 melius
925 1996 1159 2052 delectet
1211 2008 1309 2064 pro
1344 1994 1523 2062 quiete
1574 1994 1721 2061 regni
1772 1991 1937 2046 nostri
1980 1999 2036 2044 et

438 2089 739 2147 constantia
768 2088 1035 2143 adtentius
1057 2086 1269 2143 Domini
1295 2085 1719 2141 misericordiam
1735 2083 2030 2154 deprecari.

440 2185 673 2255 Ideoque
701 2180 1025 2239 venerabilis
1056 2180 1139 2235 vir
1184 2178 1526 2243 Bercbarius,
1573 2177 1706 2231 abba
1752 2178 1820 2232 de
1849 2191 2035 2230 mona-

438 2278 605 2333 sterio
663 2275 905 2332 Putiolos
939 2317 955 2342 ,
1017 2273 1159 2345 quod
1222 2272 1363 2327 bone
1423 2271 1683 2325 memorie
1748 2268 2034 2340 germanus

434 2377 622 2424 noster
651 2364 1010 2431 Childericus,
1040 2362 1311 2434 quondam
1365 2376 1483 2430 rex,
1543 2361 1614 2416 ob
1643 2374 1881 2415 amorem
1916 2360 2029 2424 Dui,

434 2464 494 2517 in
524 2462 722 2517 foreste
774 2460 949 2515 Dervo
1004 2467 1056 2512 et
1094 2458 1199 2513 line
1229 2454 1597 2512 Wasciaciuse
1624 2468 1783 2523 supra
1815 2453 2033 2509 ﬂuvium

434 2556 656 2625 Vigore,
690 2555 741 2609 in
772 2553 981 2608 honore
1008 2551 1149 2607 beati
1184 2549 1333 2607 Petri
1363 2559 1416 2605 et
1442 2549 1593 2604 Pauli
1618 2548 1704 2603 vel
1732 2557 2033 2603 ceterorum

434 2657 745 2704 sanctorum
782 2646 1010 2701 Domino
1047 2644 1391 2716 cognoscitur
1417 2642 1718 2705 ediﬁcasse,
1751 2639 2035 2695 clementia

435 2742 589 2811 regni
611 2740 781 2795 nostri
798 2738 1083 2809 suggessit,
1104 2751 1171 2793 eo
1189 2735 1329 2807 quod
1360 2736 1475 2804 ipse
1502 2735 1751 2805 princeps
1776 2734 2033 2804 integram

432 2833 846 2890 emmunitatem
876 2834 941 2887 ad
968 2833 1141 2901 ipsum
1190 2831 1579 2887 monasterium
1611 2830 1859 2895 fecisset;
1891 2828 2034 2884 unde

438 2935 495 2981 ct
524 2926 698 2995 ipsam
728 2924 1080 2981 emunitatem
1112 2924 1273 2979 nobis
1301 2924 1356 2977 in
1385 2924 1621 2991 presenti
1647 2922 1865 2991 protulit
1890 2921 2033 2975 rele-

440 3020 701 3092 geudam;
739 3018 833 3073 sed
862 3032 963 3086 pro
1001 3017 1081 3071 rei
1114 3017 1275 3071 totius
1310 3016 1561 3073 ﬁrmitate
1614 3017 1767 3086 petiit
1813 3015 2033 3071 celsitu-

439 3110 623 3166 dinem
677 3116 939 3174 nostram,
985 3116 1043 3162 ut
1097 3108 1197 3163 hoc
1238 3106 1381 3164 circa
1425 3110 1597 3177 ipsum
1644 3108 2031 3164 monasterium

2137 1899 2505 1961 presumatur;
2529 1890 2623 1945 sed
2655 1891 2708 1945 in
2736 1890 2881 1945 omni
2914 1890 3165 1945 facultate
3195 1890 3363 1959 ipsius
3394 1891 3729 1957 monasterii,

2137 1991 2196 2038 ut
2250 1981 2515 2049 prefatum
2546 1989 2651 2049 est,
2695 1981 2749 2036 in
2790 1982 3040 2039 omnibus
3069 1982 3199 2038 locis
3235 1990 3289 2038 et
3320 1982 3608 2037 territoriis
3640 1983 3731 2039 ubi

2135 2077 2338 2147 aliquid
2373 2078 2648 2145 possidere
2670 2077 2917 2133 videntur
2938 2086 2991 2133 et
3017 2077 3302 2145 dominari,
3334 2077 3538 2147 absque
3566 2078 3731 2134 inter-

2136 2168 2278 2224 dictu
2305 2170 2568 2239 iudicum,
2596 2172 2819 2225 remotis
2851 2178 2907 2225 et
2946 2170 3205 2225 resecatis
3234 2170 3481 2226 omnibus
3510 2172 3728 2240 petitio-

2136 2261 2293 2315 nibus
2324 2260 2393 2315 de
2423 2262 2662 2331 partibus
2698 2260 2834 2326 ﬁsci,
2876 2276 3044 2331 usque
3088 2276 3248 2333 super
3301 2263 3470 2333 ripam
3526 2263 3730 2318 ﬂuvioli

2136 2356 2436 2424 Magnentis
2494 2354 2869 2426 progrediente
2928 2356 2981 2409 in
3046 2354 3303 2411 directum
3366 2358 3597 2412 termino
3662 2356 3729 2410 ad

2134 2448 2312 2503 locum
2353 2447 2445 2517 qui
2491 2446 2655 2502 Vallis
2699 2447 2961 2517 profunda
2991 2456 3346 2518 nuncupatur,
3388 2448 3490 2504 sub
3528 2449 3737 2503 emuni-

2141 2538 2263 2595 tatis
2293 2538 2514 2594 nomine
2541 2539 2879 2607 inconcusse,
2932 2548 3035 2594 tam
3085 2541 3286 2595 nostris
3336 2554 3495 2609 quam
3537 2539 3731 2596 futuris

2140 2632 2499 2701 temporibus,
2526 2631 2741 2687 valeant
2762 2631 3025 2688 dominari
3047 2632 3132 2687 vel
3175 2632 3469 2702 possidere.
3495 2632 3615 2699 Quo
3641 2634 3729 2686 [iat

2135 2732 2195 2779 ut
2217 2733 2275 2781 et
2294 2739 2393 2780 nos
2416 2740 2514 2795 pro
2530 2727 2757 2795 prestito
2773 2726 3031 2783 beneﬁcio
3050 2726 3351 2782 mercedem
3368 2726 3725 2789 obtineamus,

2134 2826 2191 2874 et
2219 2818 2363 2888 ipsos
2393 2833 2578 2874 servos
2609 2820 2703 2873 Dei
2744 2818 2796 2873 in
2851 2820 2967 2889 ipso
2996 2818 3323 2874 monasterio
3369 2818 3727 2872 consistentes

2136 2910 2333 2966 melius
2355 2910 2584 2966 delectet
2616 2926 2713 2979 pro
2742 2912 3035 2967 stabilitate
3065 2912 3217 2981 regni
3244 2913 3411 2968 nostri
3458 2911 3728 2966 adtentius

2135 3002 2351 3057 Domini
2384 3001 2809 3061 misericordiam
2856 3004 3156 3073 deprecari.
3200 3004 3288 3070 Et,
3330 3014 3387 3059 ut
3434 3005 3539 3059 hec
3576 3019 3723 3059 emu-

2138 3101 2277 3154 nitas
2332 3100 2536 3154 ﬁrmior
2566 3100 2824 3156 habeatur
2850 3110 2905 3155 et
2938 3116 3029 3170 per
3060 3111 3299 3171 tempora
3350 3112 3726 3164 conservetur,

437 3199 762 3255 conﬁrmare
814 3197 1156 3254 deberemus.
1188 3198 1352 3268 Cujus
1380 3200 1697 3269 petitionem
1736 3215 1843 3255 non
1871 3201 2034 3256 abne-
2062 3185 2113 3253 (ἶ
2140 3207 2333 3247 manus
2383 3203 2564 3248 noslre
2613 3192 3095 3264 subscriptionihus
3142 3192 3326 3247 subter
3362 3206 3483 3247 eam
3544 3192 3727 3246 decre-

433 3308 615 3366 gasse,
640 3292 735 3349 sed
765 3292 818 3347 in
849 3291 1100 3348 omnibus
1131 3292 1432 3361 prestitisse
1462 3294 1794 3361 cognoscite.
1816 3295 1881 3349 Et
1914 3295 2032 3349 ideo

437 3386 691 3457 iubemus
717 3394 777 3441 ut
799 3384 871 3441 de
901 3386 1049 3441 omni
1071 3385 1323 3440 facultate
1352 3384 1519 3455 ipsius
1559 3386 1894 3455 monasterii,
1928 3397 2034 3443 tam

432 3480 580 3551 quod
621 3479 736 3548 ipse
762 3477 1017 3549 princeps
1044 3478 1241 3535 ibidem
1276 3479 1513 3534 noscitur
1544 3478 1842 3549 delegasse,
1873 3496 2036 3551 quam

434 3573 603 3628 etiam
632 3570 777 3642 quod
806 3586 838 3626 a
866 3571 1091 3642 reliquis
1114 3570 1437 3626 Christianis
1466 3569 1774 3627 hominibus
1801 3574 2039 3628 noscitur

433 3662 602 3720 fuisse
647 3664 1029 3731 condonatum,
1083 3664 1334 3734 quodque
1382 3663 1450 3718 ad
1479 3678 1700 3734 presens
1731 3665 1786 3719 in
1815 3665 2037 3735 quibus-

438 3754 571 3812 libet
608 3754 741 3811 locis
796 3768 862 3809 ac
909 3752 1197 3809 territoriis
1238 3762 1293 3807 et
1341 3766 1409 3807 ex
1462 3750 1581 3821 eius
1626 3752 1925 3809 hereditate
1952 3755 2037 3810 vel

508 3901 535 3929 α
585 3888 642 3945 In
687 3890 939 3956 exemplo
986 3887 1129 3957 quod
1178 3894 1373 3941 vocant
1400 3888 1810 3957 autographum,
1842 3897 2039 3944 camera

436 3960 520 4014 sic
545 3960 822 4028 leguntur:
856 3960 1044 4014 Manus
1071 3968 1259 4012 nostra:
1288 3960 1764 4027 subscriptionibus,
1810 3972 1854 4012 ct
1895 3961 2041 4013 anuli

434 4030 601 4083 nostri
624 4032 963 4095 impressione
990 4046 1103 4081 eam
1134 4030 1451 4081 decrevimus
1481 4030 1735 4084 roborari.
1772 4029 1883 4099 Ego
1926 4031 2038 4084 Tie-

434 4100 640 4153 dericus
686 4114 778 4154 rex
825 4098 1255 4170 subscripsiset
1296 4115 1387 4170 ego
1447 4101 1691 4170 Adoynus
1751 4098 2036 4170 epismpus.

435 4118 640 4153 aencus
686 4118 778 4154 res:
825 4118 1137 4166 suoscrtpsr;
1186 4118 1232 4151 et
1296 4118 1387 4168 ego
1447 4118 1691 4221 aaogrms
1751 4118 2036 4170 episcopus.

435 4171 661 4239 Signum
710 4169 961 4223 Tiederici
990 4170 1125 4237 regis
1154 4168 1489 4223 invictissimi.
1594 4182 1679 4221 ata
1723 4186 1890 4223 mense
1938 4170 2039 4225 Fc-

435 4241 671 4304 bruario,
695 4241 778 4293 die
806 4257 963 4304 nono,
986 4255 1122 4292 anno
1145 4255 1176 4291 x
1217 4240 1359 4306 regni
1382 4244 1510 4306 eius.
1545 4239 1726 4291 Actum
1752 4240 2040 4295 Suessionis

435 4312 662 4378 civitate,
716 4327 852 4365 anno
909 4309 1191 4364 Dominicw
1237 4310 1620 4363 Incarnotionis
1674 4326 1912 4374 DCLXX“,
1961 4312 2037 4365 in-

435 4382 658 4437 dictione
684 4383 777 4453 vij,
827 4383 879 4435 in
927 4380 1128 4435 Christo
1169 4379 1403 4453 feliciter.
1454 4382 1578 4453 Ilaec
1608 4391 1754 4435 certe
1784 4382 1958 4435 omnia
2008 4399 2039 4438 a

441 4449 740 4508 neotericis
777 4454 1002 4506 intrusa.
1062 4453 1245 4505 Annus
1312 4449 1409 4505 Ch.
1481 4452 1587 4505 (572
1655 4467 1774 4505 cum
1830 4453 2039 4506 decimo

438 4522 768 4578 Theudorici
800 4525 949 4592 regni
974 4539 1113 4582 anno
1144 4535 1248 4578 non
1277 4521 1600 4585 concordat;
1626 4538 1724 4577 nec
1741 4522 1851 4591 jam
1879 4526 2040 4578 Sues-

437 4595 681 4649 sionibus
739 4594 1039 4663 imperabat
1097 4592 1493 4647 Theodericus.
1549 4594 1861 4663 Exemplum
1902 4596 2042 4650 forte

440 4665 787 4735 instrumenti
820 4667 1064 4735 legitimi.
1090 4665 1231 4732 quod
1260 4663 1576 4718 recentioris
1594 4666 1693 4717 aevi
1722 4669 2038 4721 amanueusi

439 4736 695 4789 traditum
728 4733 903 4789 fuerat
927 4747 984 4789 ut
1014 4736 1145 4790 illud
1176 4736 1525 4800 exscriberet,
1572 4736 1623 4787 iu
1657 4736 1764 4788 line
1796 4738 2041 4791 mutilum

437 4816 590 4873 erat;
639 4814 713 4872 et,
749 4815 809 4861 ut
861 4805 1160 4861 deﬁcientia
1204 4804 1498 4874 suppleret,
1554 4804 1807 4861 formulas
1859 4810 2043 4863 saeculi

439 4874 526 4933 sui
587 4892 684 4947 pro
742 4876 988 4932 formulis
1042 4879 1188 4933 veris
1253 4876 1532 4945 imperitus
1596 4878 1899 4946 exscriptor
1954 4880 2039 4934 in-

435 4948 626 5019 gessit.

511 5019 539 5057 δ
565 5019 763 5076 Mensis
786 5018 1109 5075 Februarius
1121 5018 1248 5074 anni
1262 5019 1456 5075 decimi
1471 5018 1623 5089 regni
1637 5016 1951 5075 Theoderici
1974 5019 2041 5075 Ill

386 5076 400 5185 ξ
439 5091 622 5185 incidit
645 5093 697 5185 in
727 5106 925 5185 anitum
956 5089 1085 5185 cur.
1116 5090 1240 5173 68s.

518 5175 539 5201 ο
577 5163 653 5217 Ex
678 5162 942 5217 tabulario
968 5163 1220 5216 Dervensi
1243 5176 1272 5215 a
1297 5161 1570 5217 Chifﬁetio
1594 5170 1806 5217 erutum
1834 5163 2068 5229 primus-

440 5233 611 5303 edidit
666 5234 963 5288 Dacherius
1018 5234 1069 5287 in
1118 5233 1429 5302 Spicilegio,
1477 5242 1519 5288 t.
1551 5232 1622 5297 Χ,
1653 5249 1775 5303 pag.
1807 5234 1940 5299 634;
1971 5249 2037 5289 ex

442 5302 735 5375 Spicilegio
762 5306 1089 5359 recuderunt
1112 5305 1376 5368 Cointius,
1400 5305 1595 5359 Annal.
1618 5302 1742 5375 t.’V,
1768 5319 1889 5375 pag.
1911 5307 2037 5371 151,

441 5384 497 5431 et
538 5376 730 5430 iterum
786 5376 919 5429 Coll.
973 5376 1162 5443 script.
1196 5392 1302 5430 rer.
1340 5376 1531 5429 Frauc.
1561 5383 1599 5427 t.
1634 5374 1723 5439 IV,
1755 5374 1876 5445 pag.
1910 5375 2038 5443 662,

440 5446 635 5501 additis
684 5446 848 5499 variis
900 5446 1219 5501 lectionibus
1271 5461 1403 5515 quas
1445 5445 1757 5499 Camusatus
1787 5462 1904 5499 cum
1938 5447 2041 5501 Da-

442 5518 625 5571 chvrio
653 5520 1164 5572 communicaverat.
1194 5517 1301 5573 Nos
1318 5532 1383 5571 ex
1408 5515 1733 5570 chartulario
1754 5517 2039 5572 Dervensis

426 5586 777 5651 monasterii,
806 5591 1001 5642 smeulo
1035 5606 1103 5643 vn
1128 5598 1367 5653 exarato,
1394 5588 1807 5641 instrumentum
1832 5590 2040 5643 exscri-

444 5656 640 5714 biums.
678 5658 883 5711 Nomen
928 5662 1069 5728 regis
1100 5662 1251 5713 initio
1280 5658 1586 5727 diplomatis
1618 5661 2039 5721 praetermissum

442 5737 527 5780 est
596 5730 738 5788 quod
798 5744 902 5781 non
948 5745 1073 5783 raro
1123 5733 1235 5784 ﬁeri
1263 5732 1400 5785 solet
1429 5733 1481 5783 in
1511 5729 1868 5783 chartulariis.
1898 5731 2042 5786 Satis

443 5806 625 5852 autem
650 5797 991 5856 manifestum
1022 5811 1106 5855 est
1134 5800 1238 5857 hoc
1259 5801 1493 5868 diploma
1520 5801 1776 5856 emissum
1823 5800 1985 5857 fuisse
2010 5815 2042 5857 a

2069 4552 2126 4612 D

2137 3293 2314 3348 vimus
2342 3289 2700 3346 corroborari.
2738 3290 2869 3344 Data
2913 3306 2946 3345 x
2994 3288 3115 3344 Kal.
3167 3286 3293 3343 Jun.
3333 3303 3477 3344 anno
3525 3286 3732 3343 decimo

2138 3385 2289 3455 regni
2313 3384 2448 3453 eius.
2483 3384 2674 3438 Actum
2704 3382 3035 3450 Compendio
3065 3380 3279 3451 palatio.

2880 3494 2999 3551 XV.

2140 3590 2167 3629 ά
2195 3589 2442 3662 Diploma
2465 3605 2565 3659 quo
2608 3588 2955 3662 Theodericus
2983 3588 3077 3657 jus
3107 3587 3386 3662 condenda
3415 3597 3633 3662 moneta
3658 3589 3735 3641 in»

2286 3658 2745 3731 dulgetepiswpis
2769 3659 3234 3714 Cenomanensibus
3267 3661 3415 3728 (ann.
3441 3658 3594 3729 685).

2218 3752 2611 3818 Theodericus,
2646 3767 2740 3807 rex
2764 3750 3119 3817 Francorum,
3151 3751 3234 3805 vir
3278 3751 3503 3805 illuster.
3534 3750 3734 3821 Regum

2144 3889 2477 3945 Theodorico
2530 3888 2627 3954 lll;
2668 3889 2713 3943 is
2740 3888 2881 3943 enim
2912 3889 3272 3943 Childericum
3331 3887 3570 3956 appellat
3613 3901 3739 3951 ger-

2144 3975 2362 4014 manum
2400 3976 2588 4025 suum,
2634 3960 2774 4029 quod
2814 3976 2919 4015 non
2963 3961 3031 4015 dc
3073 3960 3180 4013 alio
3228 3974 3384 4027 quam
3426 3959 3493 4012 de
3530 3957 3744 4011 Childe-

2142 4032 2254 4084 rico
2286 4030 2326 4083 ll
2356 4030 2577 4099 intelligi
2604 4040 2802 4099 potest,
2834 4041 2891 4083 ut
2931 4039 3111 4084 monet
3141 4030 3403 4091 Cointius,
3438 4029 3525 4083 ubi
3558 4044 3739 4097 supra,

2146 4116 2266 4169 pag.
2303 4100 2424 4155 159..
2469 4104 2653 4155 Annus
2703 4111 2881 4155 autem
2928 4102 2992 4155 10
3044 4100 3364 4156 Theodorici
3414 4101 3499 4158 lll.
3556 4115 3743 4153 mense

2141 4169 2323 4235 Juuio,
2350 4172 2708 4226 concurrebat
2737 4186 2856 4225 cum
2891 4187 3033 4227 anno
3059 4174 3159 4226 Ch.
3218 4170 3341 4233 685,
3390 4181 3449 4225 ut
3480 4172 3646 4239 liquet
3676 4184 3741 4222 ex

2145 4242 2209 4295 iis
2267 4258 2384 4311 qua)
2436 4242 2631 4310 smpius
2687 4242 2755 4297 de
2819 4243 3218 4311 computatione
3275 4256 3539 4295 annorum
3593 4241 3744 4310 regni

2144 4313 2261 4379 eius
2304 4313 2562 4367 diximus.
2624 4311 2937 4367 Notabimus
2977 4314 3290 4367 Dacherium
3341 4322 3393 4366 et
3444 4312 3739 4379 Mathranq.

2146 4382 2221 4435 De
2265 4382 2505 4507 Μὲἕὲηἰε.
2558 4382 2651 4437 lib.
2712 4383 2800 4448 IV,
2848 4384 2948 4440 hoc
2996 4386 3413 4439 instrumentum
3440 4384 3647 4438 referre
3676 4382 3743 4437 ad

2146 4468 2270 4507 ann.
2421 4492 2435 4507 .

2144 4468 2270 4508 ann.
2310 4455 2435 4508 678.

2222 4524 2249 4562 ά
2282 4525 2497 4596 Editum
2527 4523 2664 4579 inter
2692 4523 2823 4581 Acta
2848 4528 3219 4596 episcoporum
3248 4525 3744 4581 Cenomanensium

2148 4610 2178 4649 a
2212 4595 2441 4661 Mahill.,
2474 4595 2718 4665 Analect.
2744 4595 3038 4665 pag.’2'78;
3071 4608 3124 4652 et
3154 4596 3295 4665 apud
3319 4596 3743 4662 Corvaiseriurn,

2153 4666 2289 4721 Vitae
2316 4667 2504 4738 episc._
2519 4664 2654 4720 Cen.
2686 4664 2966 4737 pag.9.52;
2998 4669 3360 4738 Choppiuum,
3389 4668 3555 4737 Oper.
3590 4677 3628 4721 t.
3655 4666 3741 4732 iV,

2147 4751 2273 4806 pag.
2297 4736 2401 4809 6l8
2423 4735 2979 4809 ;Cointiutn,'Annal.
3008 4750 3047 4793 t.
3073 4735 3300 4809 IV,pag.
3332 4735 3453 4794 19.8.
3476 4738 3743 4809 Recusum

2147 4810 2203 4861 in
2231 4807 2565 4863 Collectione
2593 4808 2921 4875 scriptorum
2948 4825 3125 4865 rerum
3151 4807 3562 4872 'Fra'ncicarum,
3599 4807 3743 4875 t.lV,

2145 4892 2279 4952 pag.
2302 4878 2438 4952 065;
2473 4888 2805 4952 memoratur
2825 4880 2875 4933 in
2906 4881 3207 4952 diplomate
3239 4880 3497 4935 Ludovici
3527 4880 3617 4952 Pii
3638 4894 3744 4948 quo

2138 4948 2235 5018 jus
2268 4950 2406 5004 idem
2431 4948 2729 5003 condenda:
2753 4948 2985 5007 monetre
3007 4952 3510 5006 Cenomanensibus
3537 4951 3745 5018 episco-

2146 5020 2228 5089 pis
2241 5034 2555 5076 concessum
2578 5022 2946 5089 conﬁrmatur,
2964 5037 3106 5076 anno
3126 5022 3231 5077 836
3254 5023 3532 5084 emissum,
3556 5021 3746 5076 ordine

2144 5105 2246 5144 suo
2275 5089 2675 5163 collocandum,
2703 5101 2756 5143 et
2782 5094 2926 5160 quod
2961 5094 3196 5163 vulgavit
3221 5092 3569 5163 Baluz.Misc.
3589 5103 3629 5147 t.
3651 5092 3740 5160 lli,

2143 5176 2265 5231 pag.
2292 5161 2382 5216 99.
2408 5160 2523 5215 Non
2554 5161 2750 5233 desunt
2772 5166 3036 5233 exempla
3058 5160 3401 5233 'huiusmodi
3429 5165 3739 5218 concessio-

2144 5248 2270 5286 num
2302 5234 2403 5286 sub
2447 5234 2616 5301 stirpe
2663 5231 3067 5303 Carlovingica;
3120 5231 3220 5289 sub
3250 5235 3607 5303 Merovingica
3636 5250 3742 5287 non

2143 5303 2297 5376 item.
2330 5303 2665 5376 Mabillouio,
2681 5301 2875 5376 Annal.
2910 5301 2946 5357 t.
2982 5305 3025 5371 l,
3054 5321 3174 5376 pag.
3228 5305 3333 5361 559
3357 5315 3411 5360 et
3440 5301 3566 5370 608,
3592 5305 3742 5359 vide-

2144 5382 2232 5446 tur
2268 5373 2431 5428 dubia
2472 5374 2755 5429 sinceritas
2793 5374 3102 5446 diplomatis
3130 5373 3469 5432 'Theodorici
3498 5378 3564 5431 Ill
3594 5376 3741 5446 quod

2142 5444 2501 5511 exhibemus;
2529 5446 2765 5498 aitenim
2794 5445 3153 5512 Mabillonius,
3183 5463 3348 5515 agens
3396 5450 3463 5502 de
3508 5444 3741 5503 moneta:

2144 5517 2411 5588 audenda;
2438 5516 2692 5588 facultate
2721 5515 3030 5588 Hippolyto,
3061 5519 3242 5574 abbati
3271 5520 3626 5581 Condatensi,
3657 5519 3742 5571 in-

2145 5586 2291 5639 dulta
2316 5586 2572 5658 aUCarolo
2601 5586 2790 5656 Magno
2818 5604 2831 5639 :
2865 5607 2882 5639 ι
2922 5586 2977 5642 Si
3010 5604 3192 5643 verum
3219 5600 3301 5645 est
3331 5593 3470 5657 quod
3504 5592 3592 5646 hic
3616 5590 3743 5658 legi-

2145 5667 2253 5731 tur,
2275 5656 2643 5731 nullumlorte
2667 5661 3055 5731 monasterium
3079 5662 3265 5715 habuit
3288 5656 3562 5731 antiquius
3586 5656 3743 5730 huius

2143 5730 2222 5782 rei
2256 5727 2620 5797 privilegium,
2644 5730 2789 5795 quod
2818 5732 3001 5785 multis
3048 5732 3168 5787 aliis
3198 5727 3436 5789 subinde
3457 5727 3741 5789 commune

2145 5798 2269 5854 fuit.
2312 5817 2333 5851 ι
2367 5798 2486 5853 Alia
2517 5800 2760 5873 quaedam
2792 5800 2847 5859 in
2876 5802 3170 5873 diplomate
3208 5804 3533 5885 Theudorici
3562 5804 3738 5885 suspi-
