4026 6352
208 452 211 453 ν
241 418 376 479 i557

738 417 1157 478 DIPLOMATA.
1183 406 1254 464 '-'—
1291 420 1714 482 rnaonomcr
1753 422 1794 481 ll

1908 422 2145 483 CCLES.
2191 426 2277 485 ET
2315 427 2614 492 MONAST.
2659 433 3049 496 PRIECEPT.

3362 441 3500 501 I538

226 536 668 597 consuetudinem
713 550 1025 593 exercemus
1050 579 1065 605 ,
1106 540 1152 593 si
1204 540 1485 610 petitiones
1532 555 1808 597 servorum
1835 540 1892 603 Δ
1911 542 2153 609 chorum,
2181 547 2322 616 quod
2354 562 2451 617 pro
2475 564 2661 607 eorum
2706 554 2907 623 quiete,
2938 555 3026 613 vel
3051 556 3118 613 ad
3146 557 3323 618 anime
3344 563 3492 619 salu-

227 632 341 697 Dei,
375 634 428 688 in
455 646 560 701 quo
591 639 804 686 nostras
850 631 1178 701 pulsaverint
1225 648 1406 701 aures,
1453 636 1519 690 ad
1561 636 1810 693 eﬂ‘ectum

224 724 589 794 perducimus,
615 731 669 779 et
685 723 784 779 hoc
807 723 961 779 nobis
982 723 1045 779 ad
1071 733 1286 781 aeterna:
1309 727 1648 784 beatitudinis
1673 744 1810 800 pra:-

219 816 390 873 mium
439 816 844 886 percipiendum
907 817 1244 887 profuturum
1290 834 1412 876 esse
1468 822 1807 880 conﬁdimus.

218 908 387 980 Igitur
428 918 761 976 compertum
821 909 891 963 sit
940 911 1235 981 prudentia:
1281 914 1520 969 omnium
1568 915 1805 972 ﬁdelium

222 1010 422 1057 sancta:
449 1001 537 1056 Dei
570 1002 827 1058 Ecclesiae
853 1011 906 1059 et
932 1013 1261 1072 nostrorum,
1286 1018 1546 1077 quatenus
1574 1010 1653 1064 vir
1680 1025 1808 1065 san-

222 1095 493 1149 ctissimus
542 1106 596 1149 et
634 1095 892 1166 religione
944 1105 1106 1168 atque
1152 1098 1453 1169 sapientia,
1504 1117 1810 1172 genereque

221 1188 590 1243 nobilissimus
612 1188 959 1258 Aiglibertus,
980 1190 1394 1248 Cenomannicae
1446 1195 1594 1249 urbis
1633 1196 1811 1251 archi-

218 1279 526 1349 episcopus,
549 1295 650 1335 nos
679 1282 1002 1352 deprecatus
1031 1293 1114 1340 est
1139 1287 1215 1341 uti
1245 1296 1514 1343 monetam
1540 1289 1809 1358 publicam

222 1373 272 1428 in
292 1374 651 1441 sua.civitate,
669 1384 721 1430 et
742 1376 794 1430 in
824 1377 1043 1433 nomine
1067 1379 1232 1434 sancti
1255 1380 1495 1437 Gervasil
1516 1396 1578 1437 ac
1601 1392 1807 1455 nostro,

213 1465 263 1520 ei
294 1466 721 1523 concederemus
754 1484 769 1521 ε
801 1469 942 1537 quod
994 1470 1064 1524 ita
1089 1480 1144 1526 et
1187 1470 1436 1539 fecimus,
1469 1489 1532 1529 ea
1561 1475 1813 1533 videlicet

216 1560 454 1624 ratione,
480 1567 539 1614 ut
570 1560 684 1628 ipse
709 1569 762 1614 et
786 1562 865 1615 sui
896 1560 1128 1617 ministri
1161 1563 1259 1619 hoc
1288 1565 1440 1621 valde
1483 1568 1813 1636 prmvideant

214 1664 280 1705 ne
308 1649 486 1719 aliqua
535 1648 676 1705 Iraus
729 1641 787 1704 in
833 1651 947 1721 ipsa
995 1661 1209 1709 moneta
1256 1655 1455 1710 nostris
1514 1656 1813 1729 futurisque

211 1741 545 1809 temporibus
571 1751 844 1811 appareat.
873 1742 1129 1801 Jubentes
1178 1762 1305 1815 ergo
1358 1750 1721 1818 prwcipimus,
1755 1761 1811 1807 et

211 1834 593 1904 prmcipientes
616 1834 867 1902 jubemns
896 1845 955 1891 ut
986 1839 1163 1894 nullus
1204 1855 1270 1895 ex
1302 1841 1548 1898 ﬁdelibus
1580 1846 1801 1915 nostris,

1913 643 2020 690 tem
2052 637 2300 707 pertinet,
2332 638 2559 698 libenter
2602 645 2657 701 in
2690 645 2784 701 Dei
2841 649 3061 706 nomine
3085 651 3366 722 obaudire,
3408 656 3495 712 vel

1912 727 2160 785 effectum
2191 728 2404 788 Christo
2430 734 2661 805 prapitio
2687 736 2983 809 perducere
3021 742 3283 813 cogimur,
3311 754 3364 800 et
3394 746 3497 804 hoc

1912 819 2034 876 ideo
2058 829 2116 877 ut
2142 836 2237 877 eos
2253 824 2448 881 melius
2468 824 2701 884 delectet
2731 844 2829 900 pro
2855 832 3147 890 stabilitate
3186 837 3334 906 regni
3355 836 3499 909 jugi-

1912 918 2260 983 ter‘exorare,
2289 918 2375 973 vel
2425 919 2594 976 Deum
2644 938 2744 993 pro
2792 925 2948 980 nobis
2998 927 3309 998 deprecare.
3340 929 3503 1001 Igitur

1912 1006 2134 1064 veniens
2154 1009 2235 1063 vir
2264 1012 2585 1069 venerabilis
2610 1013 2879 1083 Bertinus,
2907 1018 3138 1074 abbade
3168 1022 3495 1079 monasterio

1911 1098 2107 1166 Sithiu,
2131 1101 2272 1171 quod
2301 1111 2384 1159 est
2428 1113 2795 1164 constructum
2824 1109 2875 1165 in
2909 1124 3043 1181 pago
3072 1111 3418 1169 Terwaninsc
3446 1114 3501 1169 in

1912 1190 2175 1250 honorem
2202 1196 2374 1252 sancti
2416 1197 2562 1254 Petri
2591 1199 2675 1255 vel
2716 1210 3016 1258 ceterorum
3044 1213 3373 1271 sanctorum,
3408 1220 3503 1275 per

1912 1297 2236 1341 consensum
2268 1294 2325 1342 et
2352 1287 2678 1345 voluntatem
2708 1291 2930 1348 illustris
2960 1292 3058 1348 viri
3088 1293 3389 1360 Amall‘ridi,
3412 1294 3501 1351 vel

1914 1383 2158 1432 matrone
2189 1378 2360 1447 ipsius
2385 1378 2807 1439 Childebertane
2837 1397 2936 1439 seu
2964 1392 3018 1440 et
3048 1384 3155 1441 ﬁlie
3185 1400 3371 1441 eorum
3393 1387 3503 1441 Au-

1914 1468 2064 1523 riane
2093 1467 2386 1537 abbatissa,
2416 1477 2446 1520 b
2474 1470 2748 1529 Cariciaco
2771 1473 2896 1529 villa
2928 1475 2983 1529 in
3013 1475 3209 1543 palatio
3231 1484 3416 1533 nostro
3445 1477 3501 1533 in

1916 1569 2155 1615 nostram
2183 1562 2458 1618 venientes
2481 1564 2830 1636 presentiam,
2856 1566 3139 1623 clementie
3160 1570 3310 1637 regni
3329 1570 3501 1626 nostri

1916 1655 2212 1711 intulerunt
2239 1671 2306 1713 eo
2333 1657 2475 1728 quod
2506 1658 2620 1727 ipse
2656 1658 2989 1716 Amallridus
3028 1671 3084 1717 et
3132 1671 3375 1719 matrona
3404 1678 3501 1721 sua

1915 1748 2353 1816 Childebertane,
2376 1751 2430 1805 in
2460 1751 2666 1808 honore
2692 1762 2876 1809 sancte
2905 1754 3072 1811 Marie
3096 1756 3370 1826 genitricis
3391 1756 3497 1811 Do-

1917 1842 2050 1898 mini
2074 1843 2246 1899 nostri
2275 1842 2424 1911 Jesu,
2455 1845 2535 1900 vel
2561 1854 2747 1923 sancte
2775 1845 3000 1913 Polline,
3052 1846 3106 1902 in
3150 1848 3269 1903 loco
3300 1862 3503 1904 noncu-

208 1938 296 1981 aut
325 1927 579 1997 quislibet
609 1942 673 1983 ex
696 1928 980 1999 judiciaria
1019 1942 1299 2003 potestate,
1329 1936 1396 1990 de
1432 1939 1650 2007 praefata
1682 1913 1800 1995 mo;
1833 1913 1884 1974 Β
1910 1944 2071 2007 pante
2098 1935 2485 1993 ilunolfocurte
2505 1953 2667 2008 super
2694 1920 2861 1996 ﬂuvio
2888 1940 3071 2010 Scald,
3115 1943 3498 1999 monasterium

208 2033 331 2077 neta
390 2021 650 2092 praedicto
698 2024 951 2093 episcopo
1004 2028 1223 2099 suisque
1273 2033 1674 2088 successoribus
1713 2042 1806 2089 aut

210 2115 515 2170 rectoribus
544 2130 657 2170 sum
682 2117 848 2186 sedis,
902 2118 1157 2175 Ecclesiae
1202 2123 1431 2194 aliquam
1480 2127 1801 2184 calumniam

204 2217 297 2261 aut
322 2207 577 2276 injustam
605 2208 958 2276 pulsationem
974 2213 1058 2268 vel
1078 2214 1465 2283 causationem,
1487 2216 1600 2274 sive
1616 2219 1804 2276 advers

203 2314 322 2355 sam
352 2300 805 2357 machinationem
837 2304 1095 2360 adversus
1117 2322 1233 2373 eos,
1281 2308 1396 2365 sive
1438 2324 1563 2366 suos
1590 2327 1804 2369 succes-

201 2406 360 2447 sores
412 2408 507 2447 seu
555 2402 792 2450 rectores
820 2395 1059 2466 ejusdem
1120 2399 1537 2469 Ecclesiae,ullo
1569 2421 1802 2475 unquam

207 2492 453 2553 tempore
489 2486 662 2541 facere
690 2488 904 2553 audeat,
929 2500 1018 2543 aut
1062 2492 1357 2549 machinari
1394 2507 1704 2566 praesumat.
1735 2500 1802 2555 Et

206 2578 314 2633 hoc
360 2578 700 2648 praecipimus
741 2588 803 2635 ut
831 2580 874 2635 si
917 2581 1109 2651 aliquis
1164 2584 1265 2640 hoc
1319 2586 1523 2653 fecerit,
1554 2590 1653 2645 sol.
1684 2591 1801 2648 auri

204 2677 475 2732 adversus
506 2693 627 2731 cum
661 2678 743 2732 vel
772 2692 899 2732 suos
928 2694 1265 2738 successores
1295 2691 1636 2756 rectoresque
1657 2686 1801 2757 ejus-

204 2770 329 2825 dem
390 2770 648 2826 Ecclesiae
694 2784 999 2841 componat.
1055 2774 1139 2840 Et,
1193 2785 1250 2831 ut
1295 2776 1409 2839 haec
1440 2780 1612 2848 jussio
1640 2789 1800 2851 atque

202 2864 383 2918 cessio
413 2872 595 2918 nostra
628 2864 807 2919 verius
832 2866 1082 2922 credatur
1104 2878 1159 2923 et
1188 2885 1287 2939 per
1328 2868 1506 2926 omnia
1550 2875 1800 2943 perﬁcia-

208 2956 645 3027 tur,.iuturisque
665 2958 995 3027 temporibus
1016 2958 1183 3014 ﬁrmis
1204 2970 1438 3028 maneat,
1464 2965 1600 3018 hanc
1617 2972 1801 3021 aucto-

208 3053 425 3106 ritatem
451 3063 641 3103 manus
664 3062 863 3106 nostrae
900 3053 1384 3123 subscriptionibus
1414 3056 1666 3113 rohorare
1706 3058 1801 3114 de-

207 3144 502 3210 crevimus,
538 3151 594 3199 et
621 3143 769 3199 anuli
795 3146 963 3201 nostri
985 3147 1339 3217 impressione
1361 3153 1544 3207 subter
1564 3153 1800 3222 sigillare

1909 2030 2007 2085 visi
2038 2029 2250 2085 fuerunt
2275 2030 2577 2101 ediﬁcasse,
2610 2038 2664 2086 et
2684 2047 2771 2089 res
2801 2046 2989 2089 eorum
3028 2034 3225 2091 ibidem
3249 2035 3498 2104 delegas-

1906 2132 2047 2190 sent,
2092 2125 2173 2182 vel
2216 2128 2466 2197 quicquid
2509 2144 2699 2185 eorum
2749 2130 3048 2199 legitimum
3090 2138 3254 2196 esset,
3280 2130 3347 2186 ad
3379 2131 3501 2201 ipso

1906 2225 2098 2272 sancto
2128 2217 2245 2274 Ioco
2277 2219 2625 2276 ﬁrmaverunt
2656 2239 2671 2277 :
2698 2212 2860 2278 etiam
2892 2233 2947 2278 et
2990 2222 3079 2277 alii
3103 2223 3350 2278 homines
3378 2222 3499 2293 plu-

1907 2325 1997 2365 res
2029 2300 2313 2367 devotione
2334 2312 2668 2381 plenissima,
2702 2314 2756 2368 in
2786 2322 3043 2383 quantum
3096 2316 3174 2371 eis
3198 2315 3297 2371 fuit
3319 2314 3501 2385 possi-

1906 2403 2108 2471 bilitas,
2135 2404 2203 2460 de
2233 2419 2320 2461 res
2340 2420 2527 2461 eorum
2552 2406 2748 2461 ibidem
2797 2407 2862 2461 ad
2906 2408 3081 2478 ipsum
3109 2408 3282 2465 locum
3315 2413 3502 2467 ﬁrma-

1904 2506 2122 2567 verunt,
2171 2506 2226 2553 et
2270 2499 2446 2568 ipsum
2500 2501 2884 2557 monasterium
2937 2501 3381 2562 Hunulfocurtem
3434 2507 3504 2563 ad

1906 2602 2044 2657 opus
2073 2589 2245 2644 sancti
2277 2589 2442 2654 Petri,
2473 2605 2568 2646 seu
2600 2590 2779 2647 Sithiu
2832 2594 3147 2649 monasterii
3195 2595 3281 2651 vel
3318 2596 3503 2653 domni

1904 2677 2112 2734 Bertini
2135 2678 2367 2746 abbatis,
2401 2695 2523 2735 cum
2548 2683 2694 2737 omni
2726 2683 3031 2753 integritate
3076 2700 3172 2748 sua
3222 2687 3277 2741 in
3308 2701 3367 2743 se
3396 2687 3497 2743 ha-

1903 2769 2067 2825 bente
2096 2770 2182 2826 vel
2232 2771 2538 2841 pertinente
2590 2788 2686 2844 per
2734 2788 2922 2830 eorum
2972 2776 3383 2833 instrumentaa
3413 2779 3501 2836 die

1902 2869 2154 2932 presente
2201 2861 2583 2931 delegaverunt
2615 2883 2627 2917 :
2664 2864 2903 2934 inspecta
2948 2865 3062 2936 ipsa
3119 2868 3495 2937 instrumenta,

1904 2968 2008 3007 una
2039 2969 2161 3008 cum
2191 2968 2379 3011 eorum
2413 2956 2592 3023 terris,
2617 2956 2839 3025 mansis,
2863 2959 3096 3014 casticiis
3118 2959 3317 3017 ibidem
3348 2961 3501 3017 ediﬁ-

1903 3044 2058 3109 catis,
2093 3046 2395 3116 mancipiis,
2424 3048 2653 3116 campis,
2684 3048 2851 3117 silvis,
2886 3051 3324 3122 pratis,pascuis,
3348 3055 3505 3125 aquis

1902 3150 2231 3207 aquarumve
2253 3138 2595 3207 decursibus,
2624 3140 2913 3207 farinariis,
2946 3144 3290 3211 communiis,
3320 3144 3502 3201 omnia

202 3235 487 3307 jussimus.
523 3235 911 3305 Theodericus,
944 3255 1039 3296 rex
1088 3240 1437 3312 Francorum,
1480 3247 1792 3318 subscripsi.

1908 3240 1961 3288 et
1985 3248 2050 3289 ex
2082 3234 2331 3289 omnibus
2359 3248 2473 3289 rem
2508 3234 2908 3305 inexquisitam,
2932 3236 3069 3292 sicut
3100 3237 3346 3306 superius
3377 3236 3506 3293 inti-

206 3330 426 3384 Bonitus
470 3330 658 3395 obtuli,
692 3331 879 3400 scripsi
925 3341 979 3387 et
1023 3334 1334 3405 subscripsi.
1390 3337 1580 3394 Datum
1611 3339 1699 3395 die
1746 3341 1797 3411 ν]

203 3419 318 3474 Kal.
344 3421 515 3489 April.
543 3422 616 3490 xij
646 3423 791 3492 regni
812 3423 1003 3489 nostri,
1028 3421 1361 3496 Compendio
1389 3443 1442 3483 in
1466 3428 1560 3485 Dei
1587 3431 1804 3490 nomine

204 3512 455 3569 feliciter.
488 3516 679 3569 Amen.

936 3609 1074 3665 XVI.

203 3703 228 3730 ’³
272 3698 539 3781 Diploma
574 3716 675 3781 (ι.υο
720 3700 1077 3781 Theudoricus
1124 3707 1486 3781 monasterium
1532 3708 1804 3781 Hunni/o-

272 3772 459 3847 εμροιὶδἱ
488 3771 549 3823 ab
578 3773 873 3847 Atitalfrido
920 3790 1211 3847 concessum
1254 3777 1483 3847 Bertino,
1518 3781 1686 3838 abbati
1714 3771 1803 3841 Si-

271 3842 480 3906 tltiensi,
504 3842 781 3911 conﬁrmat
810 3844 957 3915 (ann.
992 3845 1143 3915 687).

274 3953 535 4020 Quotiens
562 3966 709 4011 recta
742 3956 1098 4027 postulatione
1134 3961 1476 4019 sacerdotum
1499 3967 1583 4023 vel
1616 3982 1805 4027 mona-

199 4096 414 4175 cionem
446 4092 562 4149 falsi
585 4095 938 4175 vehementer
968 4100 1521 4175 movent._lfAMentio
1552 4104 1800 4175 impressi

197 4165 408 4246 annuli,
428 4180 545 4246 qua:
566 4166 803 4246 quidem,
833 4177 888 4246 ut
915 4169 1103 4246 scribit
1123 4170 1336 4246 hiabill.
1369 4173 1503 4242 Dipl.
1538 4165 1655 4246 pag'.
1676 4178 1799 4245 107,

199 4252 327 4309 raro
363 4235 419 4288 ﬁt
452 4236 549 4309 sub
594 4236 983 4309 Merovingicis
1024 4242 1256 4309 regibus,
1311 4235 1489 4299 exstat
1538 4235 1715 4302 tamen
1748 4235 1802 4305 in

197 4307 594 4385 diplomatibus
651 4307 905 4385 legitimis
926 4380 936 4385 _
957 4307 1287 4385 Childeberti
1320 4314 1337 4367 l
1365 4324 1420 4368 et
1440 4316 1726 4373 Chiltlerici
1756 4320 1800 4385 Ι,

195 4394 361 4458 supra
421 4378 624 4458 relatis.
684 4377 744 4458 ἣτ’
795 4380 1445 4458 Titulus__archi_episcopi
1477 4377 1800 4458 Aigliherto,

194 4448 597 4527 Cenomanensi
633 4450 912 4527 episcopo,
941 4451 1163 4527 inditus.
1190 4448 1636 4527 Docent'quidEm
1668 4448 1804 4517 Acta

194 4521 582 4600 episcoporum
637 4520 1145 4600 Cenomanensium,
1200 4526 1399 4600 lilabill.
1438 4520 1642 4586 -Anna|.
1677 4547 1802 4600 pag.

195 4590 328 4665 27b,
363 4589 738 4659 Aiglibertuni,
773 4607 891 4646 cum
926 4592 1062 4648 foret
1102 4596 1586 4665 archicapellanus,
1614 4589 1795 4655 archi-

193 4663 511 4737 episcopum
544 4670 875 4737 vocatumet
922 4665 1220 4734 principem
1273 4663 1671 4737 episcoporum,
1730 4686 1794 4725 ac

198 4732 365 4807 pallio
389 4747 543 4807 usum
575 4732 737 4807 fuisse
786 4732 935 4802 juxta
978 4749 1181 4789 morem
1214 4732 1789 4807 metropolitanorum;

195 4802 293 4856 scd
320 4804 573 4879 sublesta:
604 4803 726 4857 lidei
756 4815 903 4879 sunt
924 4814 1039 4859 acta
1068 4808 1185 4879 haec
1215 4802 1597 4879 episcoporum
1627 4802 1795 4866 Ceno-

197 4874 564 4949 manensium,
610 4875 1169 4949 nec‘archicapellaui
1230 4874 1420 4934 titulus
1469 4884 1569 4936 sub
1623 4882 1793 4949 prima

197 4945 371 5021 stirpe
400 4952 685 5021 usurpatos
713 4944 831 5021 fuit,
869 4954 925 5021 ut
945 4960 1106 5016 supra
1136 4952 1438 5006 notavimus
1460 4954 1527 5008 ad
1555 4944 1792 5021 diploma

196 5016 445 5094 Spurium
479 5012 768 5094 Dagoberti
798 5012 1157 5094 l._Cum_'v'e_ro
1182 5022 1347 5090 ipsius
1370 5012 1796 5094 archicapellani

198 5099 397 5138 nomen
432 5086 486 5163 in
515 5085 804 5163 diplomate
832 5088 1151 5147 Tlteodorici
1202 5085 1317 5147 'non
1367 5085 1679 5163 legaturfet
1712 5112 1798 5150 vo-

196 5170 319 5230 cem
342 5158 715 5230 archiepiscopi
746 5173 840 5225 pro
864 5174 997 5213 voce
1023 5163 1246 5230 episcopi
1293 5178 1396 5218 non
1422 5158 1613 5220 'semel
1644 5167 1796 5221 vide-

200 5226 375 5299 rimus
404 5226 690 5299 oscitantia
736 5226 1139 5290 amanuensium
1192 5226 1476 5299 intrusam,
1510 5238 1578 5289 ob
1604 5236 1653 5290 id
1678 5237 1796 5294 falsi

202 5296 724 5372 damnare‘diploma
756 5315 861 5372 non
885 5301 1235 5371 sustinemus,
1268 5296 1534 5372 praecipue
1552 5322 1672 5361 cum
1699 5325 1797 5364 nec

203 5367 588 5439 Mabiltonius,
616 5383 716 5423 nec
756 5371 895 5424 alter
932 5386 1088 5439 quem
1142 5367 1374 5429 sciamus
1420 5367 1450 5431 ὁ
1485 5377 1795 5435 criticorum

206 5438 431 5517 familia,
467 5438 609 5517 illud
627 5454 721 5505 pro
742 5441 926 5517 spurio
950 5438 1213 5517 habuerit.
1242 5445 1437 5501 Verum
1470 5463 1498 5502 a
1528 5447 1670 5517 gravi
1696 5449 1797 5505 fal-

202 5509 384 5563 sitatis
412 5510 718 5577 suspicione
748 5512 876 5566 illud
900 5527 1004 5567 non
1033 5515 1378 5573 absolvimus.

279 5590 306 5617 ιι
341 5578 796 5657 iloc_diplotn_ate
850 5584 1192 5641 conﬁrmatur
1238 5591 1420 5643 charta
1472 5590 1790 5657 Amalfridi,

206 5664 372 5729 quam
388 5650 597 5729 Avidesis
617 5651 783 5729 liuius
808 5662 1004 5729 nostra:
1033 5657 1359 5729 Patrologize
1385 5670 1422 5714 t.
1460 5650 1792 5729 LXXXVIII,

206 5722 312 5773 col.
352 5720 589 5800 120?,n.
617 5720 1152 5800 XIQIY.__Diplomatis
1183 5720 1503 5787 Tlfeodorici
1537 5720 1795 5800 fragmen:

212 5803 326 5873 tum
388 5793 620 5873 vulgavit.
668 5794 1045 5873 Mabillo‘ni‘us,‘
1083 5800 1150 5873 de
1186 5803 1325 5873 AArt.
1359 5793 1644 5868 (liplomat:
1672 5820 1790 5873 pag.

212 5860 346 5941 {507,
369 5863 706 5941 desumptum
738 5879 803 5941 ex
830 5860 1105 5941 _Folquini
1150 5860 1493 5941 chartulario,
1543 5860 1793 5931 recusum

213 5936 272 5989 in
303 5935 677 6003 supplemento
715 5937 781 5991 ad
822 5935 994 6009 Opera
1028 5940 1365 6012 diplomatica
1412 5935 1600 6011 Mirmi,
1651 5958 1690 6003 t.
1724 5946 1791 6016 ll,

1910 3329 2176 3383 mavimus
2220 3329 2304 3384 vel
2359 3327 2691 3384 dominatum
2738 3336 2843 3396 est,
2888 3329 2955 3383 ad
3002 3329 3264 3401 integrum
3314 3331 3381 3386 ad
3412 3346 3507 3387 su-

1912 3418 2219 3487 prascripto
2267 3420 2597 3474 monasterio
2627 3418 2799 3475 Sithiu
2844 3420 3297 3476 transﬁrmarunt.
3342 3422 3503 3491 Cujus

1912 3509 2015 3564 hoc
2046 3508 2360 3564 beneﬁcium
2408 3518 2468 3565 ut
2512 3511 2756 3579 predicto
2801 3513 3133 3567 monasterio
3185 3512 3357 3568 Sithiu
3418 3514 3503 3568 vel

1911 3598 2112 3657 domno
2138 3599 2357 3656 Bertino
2387 3601 2599 3669 abbate,
2632 3611 2877 3674 gratante
2904 3605 3107 3671 animo,
3139 3606 3221 3661 vel
3246 3621 3340 3675 pro
3359 3621 3500 3661 mer-

1912 3692 2060 3748 cedis
2089 3704 2273 3749 nostre
2299 3705 2643 3764 augmentum
2673 3696 2744 3750 ita
2770 3699 3067 3767 prestitisse
3094 3700 3177 3755 vel
3228 3699 3279 3753 in
3321 3703 3496 3755 omni-

1913 3784 2014 3841 bus
2046 3766 2420 3855 conﬁrmasse,
2446 3788 2532 3843 vel
2562 3790 2628 3844 ad
2652 3766 2962 3858 petitionem
3006 3791 3173 3861 ipsius
3197 3792 3496 3861 Amalfridi,

1910 3888 1965 3935 et
1981 3893 2078 3948 per
2106 3881 2246 3935 hunc
2265 3892 2572 3952 preceptum
2596 3893 2840 3939 nostrum
2862 3887 3065 3956 plenius
3085 3887 3136 3941 in
3162 3886 3253 3942 Dei
3277 3887 3496 3943 nomine

1909 3973 2306 4042 conﬁrmatum,
2350 3983 2406 4031 ut
2448 3979 2586 4032 sicut
2625 3988 2891 4046 constant,
2939 3980 3027 4051 qui
3069 3995 3165 4051 per
3214 3983 3496 4041 talem.....

1911 4128 2030 4183 pag.
2087 4113 2214 4169 927.
2265 4115 2451 4171 Exstat
2504 4120 2642 4173 inter
2701 4120 3049 4176 instrumenta
3104 4121 3267 4179 Novae
3315 4124 3502 4181 Gallia)

1911 4184 2341 4264 Cli_r_i_stian:_e,Ae‘x
2372 4189 2585 4264 schedis
2634 4188 3148 4259 Hunull‘ocurtianis,
3202 4193 3492 4264 integrum,

1912 4265 1949 4308 t.
1984 4255 2068 4320 lll,
2122 4257 2224 4310 col.
2253 4257 2344 4322 28,
2378 4268 2430 4313 et
2457 4261 2578 4315 inde
2606 4265 2918 4317 translatum
2948 4274 3029 4317 est
3058 4266 3109 4318 in
3132 4255 3491 4321 'Collectioné

1910 4329 2231 4403 scriptorum
2254 4344 2430 4383 rerum
2464 4331 2865 4403 Francicarum,
2896 4344 2933 4386 t.
2968 4334 3055 4397 IV,
3091 4348 3208 4403 pag.
3230 4335 3356 4389 665.
3382 4337 3491 4391 Nos

1910 4398 2119 4474 edimus
2146 4414 2208 4452 ex
2236 4401 2542 4469 apograplto
2564 4405 2613 4455 in
2648 4398 3301 4474 cltartdphylacio'nostro
3334 4421 3495 4474 repo-

1910 4470 2598 4542 s_it9,_accurategexsmipto
2626 4487 2690 4526 ex
2710 4470 3039 4542 cliar’tttl'ario
3060 4473 3327 4542 Folquini,
3351 4470 3493 4531 anno

1913 4539 2073 4605 I782,
2098 4554 2126 4591 a
2148 4554 2291 4607 saepe
2312 4540 2524 4593 laudato
2546 4541 2605 4594 D.
2631 4542 2697 4596 de
2716 4541 2908 4607 Witte,
2932 4544 3100 4597 sancti
3123 4539 3319 4599 [lertini
3340 4550 3499 4602 char-

1820 4637 1877 4697 Β
1914 4610 2217 4697 t0ph.vlace.
2247 4609 2404 4664 Deest
2436 4610 2662 4697 formula
2684 4614 3495 4697 initialislsolita,Theodericus,

1900 4696 1997 4756 res
2022 4680 2364 4756 Francorum,
2400 4683 2731 4756 vinilittstcr,»
2771 4699 2800 4737 a
2828 4680 3089 4756 Folquino
3131 4688 3329 4741 omissa
3354 4704 3370 4756 ;
3395 4680 3491 4746 sed

1903 4750 2216 4831 _Folquinns_,
2247 4760 2301 4831 ut
2332 4750 2521 4831 scribit
2562 4752 2781 4831 Mabillq
2811 4754 2877 4831 de
2898 4750 2991 4831 lic
3012 4756 3188 4831 _d_i_pl._,
3212 4774 3329 4831 pag.
3356 4750 3497 4831 '607,

1902 4822 1955 4875 in
1987 4820 2309 4902 chartularii
2329 4830 2608 4890 contextu,
2643 4824 2978 4882 Theodorico
3012 4820 3307 4886 lll'tribuitv
3330 4820 3500 4902 diplo:

1900 4906 1985 4947 ma
2008 4894 2076 4946 de
2099 4906 2205 4961 quo
2230 4894 2456 4962 agimus.

1975 4964 2003 5005 ἱ)
2029 4965 2203 5038 Locus
2230 4964 2646 5038 quiMCariciacus
2668 4965 2756 5021 hic
2782 4970 3088 5038 appellatur
3112 4972 3253 5029 idem
3283 4974 3495 5030 videtur

1900 5035 2283 5110 acpalatium
2314 5036 2647 5110 Crisciacunt,
2700 5040 2785 5092 ubi
2818 5035 3075 5110 'diptoma
3124 5046 3304 5099 clatum
3356 5046 3494 5102 infra

1901 5105 2092 5161 dicitur
2110 5121 2138 5182 ;_
2183 5107 2322 5182 unde
2379 5108 2545 5182 liquet
2590 5108 2791 5177 duplici
2848 5105 3010 5168 modo
3041 5117 3297 5182 scriptum
3329 5115 3496 5173 fuisse

1902 5192 2096 5252 nomen
2127 5178 2227 5231 hoc
2248 5179 2316 5232 ab
2334 5178 2595 5233 oscitante
2623 5181 2862 5238 librario.
2883 5186 3013 5252 Quis
3038 5186 3106 5237 sit
3132 5178 3310 5239 autem
3337 5186 3487 5243 locus

1902 5248 1991 5324 ille
2013 5262 2115 5324 non
2135 5252 2462 5324 conveniunt
2485 5252 2655 5306 critici
2678 5271 2693 5319 ;
2717 5248 2932 5322 quidam
2956 5253 3160 5309 scilicet
3186 5256 3494 5324 intelligunt

1901 5318 2335 5396 Qreciacumseu
2360 5320 2689 5396 Crisciacum
2714 5318 2767 5377 in
2793 5325 3036 5387 Pontivo,
3059 5325 3235 5396 villam
3260 5318 3486 5396 regiam,

1901 5388 1953 5443 in
1981 5405 2155 5463 quam
2196 5391 2525 5463 Airequenter
2572 5394 2870 5450 divertebat
2915 5388 3377 5463 Theodoricus,ét
3404 5388 3492 5455 ubi

1899 5474 1929 5512 a
1979 5459 2324 5538 Laudarico,’
2353 5464 2818 5538 majorefdontus,
2849 5480 3175 5538 oppressus_
3207 5459 3309 5522 est.
3352 5469 3495 5538 Ergo

1901 5530 2405 5610 temere-“Valesius,
2439 5530 2659 5610 :Nolitia
2703 5530 2899 5602 Gall.,'
2923 5530 3076 5610 verb.
3138 5530 3489 5610 Cresciacuﬁt,

1901 5602 2039 5654 hanc
2063 5601 2246 5656 villam
2277 5602 2544 5661 Cresciaci
2577 5609 2791 5661 nomine
2844 5608 3165 5675 appellatam
3198 5611 3362 5665 fuisse
3393 5601 3491 5665 ne;

1898 5682 2009 5739 gat,
2062 5675 2307 5740 quamvis
2357 5678 2642 5745 aliquando
2685 5677 3026 5733 Cresciacum
3054 5687 3087 5733 ‘a
3111 5679 3379 5736 Carisiaco
3409 5682 3492 5735 di-

1900 5757 2111 5821 versum
2145 5747 2307 5800 fuisse
2338 5749 2619 5821 fateamur.
2660 5747 2787 5821 Vide
2838 5764 2956 5817 quae
3006 5752 3073 5805 de
3119 5760 3343 5821 utroque
3396 5769 3492 5808 no-

1898 5811 2322 5941 miiéggongesta
2349 5828 2474 5874 sunt
2495 5817 2635 5873 libro
2658 5834 2708 5875 ιν
2749 5820 2815 5874 de
2846 5811 2926 5875 Re
2956 5822 3203 5891 diplom.,
3232 5811 3351 5893 pag.
3384 5825 3492 5881 258
