4026 6352
274 441 411 502 1311

267 562 384 617 vire
409 560 667 627 vidintur,
716 561 940 621 delectis
967 562 1077 631 pro
1106 563 1285 621 anime
1326 564 1553 621 salutem
1590 569 1670 621 vel
1722 568 1856 638 rigui

263 655 439 709 nostri
462 656 773 711 constancia
796 656 1073 711 adteneius
1108 658 1313 712 Domini
1354 660 1727 714 mesericordia
1759 661 1854 715 de-

302 759 507 811 recare.
544 746 630 815 Ει.
677 756 733 813 ut
778 746 878 811 hec
911 750 1191 825 precepcio
1237 751 1411 817 cessio
1442 760 1621 815 nostra
1652 753 1855 815 ﬁrmior

337 834 535 904 piatur,
560 848 618 895 et
664 839 855 901 melius
886 855 980 909 per
1002 850 1241 909 tempora
1272 842 1633 908 conservitur,
1662 858 1853 901 manus

261 923 433 979 nostri
471 926 977 1000 subscripoionebus
1016 932 1203 991 subter
1246 948 1366 988 eam
1394 934 1731 990 decrivemus
1760 950 1851 991 ro-

1593 447 1938 506 APPENDIX
1979 447 2213 506 PRIMA.
2242 452 2254 463 "

3395 456 3536 517 1342

1962 570 2152 627 borare
2177 568 2520 625 Vull'olaecus
2543 568 2729 639 jussus
2760 570 2967 639 optulit:
3001 570 3167 631 Locus
3193 572 3374 645 sigilli.
3404 574 3444 646 1-
3474 576 3535 643 lu

1960 668 2045 732 xpi
2080 678 2307 719 nomene
2338 663 2704 719 Theudoricus
2734 679 2827 718 rex
2857 665 3005 720 subs.

2031 758 2145 821 Dat.
2172 759 2271 814 sub
2301 758 2357 817 d.
2383 757 2539 813 tertio
2564 757 2680 814 Kal.
2706 758 3041 828 Novembris,
3067 774 3264 827 annum
3290 760 3374 831 xv]
3395 761 3535 839 rigui

1957 853 2147 917 nostri,
2174 850 2504 920 Conpendio,
2537 852 2589 909 in
2625 852 2717 908 Dei
2748 867 2893 913 nam.
2922 850 3011 907 fel.

813 1206 1532 1303 APPENDICES
1593 1206 1747 1295 AD
1806 1209 2494 1295 DIPLOMATA
2552 1210 2945 1301 REGIA.

1374 1495 1516 1567 AP
1532 1496 1941 1571 PENDIX
2018 1502 2400 1583 PRIMA.

1676 1654 2145 1687 ‘—--—-—-—-p

255 1725 450 1783 Charta
471 1739 573 1796 qua
594 1721 912 1797 Ohrothildis
936 1723 1097 1797 multa
1127 1722 1265 1779 dona
1289 1726 1486 1797 oonfert
1517 1729 1583 1780 ad
1612 1731 1841 1788 conden-

326 1799 452 1850 dum
484 1794 875 1869 monasterium
902 1794 1191 1869 posituram
1236 1794 1397 1866 apud
1420 1797 1715 1863 Brocart‘am
1737 1843 1752 1869 ,
1794 1806 1849 1859 in

330 1884 465 1949 pago
488 1866 785 1935 Stampensi
807 1877 832 1905 ιι
858 1865 1001 1937 (ann.
1034 1865 1181 1934 (ΠΟ).

334 1974 526 2023 ....ere
556 1968 611 2016 et
641 1958 766 2031 quid
800 1957 1155 2031 prudepciore
1204 1960 1483 2027 consilium
1532 1970 1588 2023 ut
1631 1964 1849 2029 ltom....

258 2041 313 2085 et
358 2039 573 2085 terrena
625 2028 927 2103 substa’ncia
974 2028 1357 2103 transferatjn
1414 2032 1680 2103 czelcstia,
1714 2028 1855 2093 sicut

260 2099 806 2179 Dominuspneclara
831 2114 961 2179 voce
997 2102 1242 2179 iptpnat_:
1278 2099 1676 2179 Iessauriciate
1703 2110 1852 2164 vobis

258 2181 508 2228 tesaurus
538 2170 589 2225 i'n
623 2171 797 2235 caelo,
829 2170 915 2225 ubi
944 2186 1043 2226 nec
1067 2172 1148 2225 fur
1179 2171 1415 2236 eludiet,
1450 2190 1544 2228 nec
1576 2192 1736 2232 eruco
1761 2195 1851 2234 ru-

259 2244 475 2313 bigenat
496 2285 509 2307 ,
540 2256 638 2296 nec
670 2241 797 2294 tinia
830 2242 1020 2295 sulcat.
1054 2241 1250 2311 lggitur
1277 2257 1377 2311 ego
1410 2246 1460 2297 iu
1498 2245 1593 2300 Dei
1636 2249 1852 2306 nomine

258 2313 623 2377 Cbrothiidis,
668 2313 912 2381 cogitans
942 2313 1171 2381 qualiter
1214 2323 1559 2382 peccatorum
1602 2332 1845 2375 meorum

254 2386 493 2439 facinora
541 2397 767 2457 possem
801 2382 1142 2452 abstergere,
1196 2396 1252 2438 et
1293 2384 1358 2457 ad
1403 2395 1619 2457 aeterna
1662 2392 1850 2457 gaudia

260 2457 572 2524 pervenire,
601 2454 727 2508 iecit
754 2453 807 2506 in
838 2459 1044 2507 cunctis
1078 2454 1409 2523 pauperebus
1439 2456 1574 2512 bene
1608 2453 1844 2517 tribuen-

255 2531 327 2600 do
378 2534 772 2600 potesta....tna
821 2524 1071 2600 adebisci
1110 2526 1405 2600 remedium
1442 2546 1453 2581 :
1487 2528 1581 2584 sed
1631 2540 1841 2600 tamen,

249 2598 405 2666 juxta
434 2597 572 2665 quod
602 2595 856 2663 scriptum
884 2604 1003 2650 est:
1042 2595 1171 2650 Date
1205 2596 1505 2651 elemoseua
1533 2639 1548 2664 ,
1583 2610 1637 2654 et
1666 2595 1851 2657 omnia

255 2668 455 2722 munda
472 2676 613 2738 sunt
640 2666 819 2738 vobis,
857 2666 1195 2738 precipuiad
1236 2668 1548 2724 domesticis
1590 2669 1761 2738 l'edei;
1795 2684 1849 2729 et

256 2739 391 2793 illud
420 2756 430 2791 :
465 2736 825 2815 Facitevobis
852 2735 1054 2791 amicus
1084 2736 1151 2792 de
1176 2752 1512 2815 mammonae
1535 2735 1847 2815 iniquitatis,

257 2812 347 2875 qui
376 2823 470 2863 vos
504 2808 765 2877 recipiant
812 2808 862 2860 in
913 2818 1130 2862 aeterna
1184 2808 1635 2876 tabernacula;et
1680 2808 1843 2868 alibii

258 2879 408 2953 Beati
437 2880 683 2953 pauperis
709 2877 979 2953 spiritum,
1006 2881 1257 2953 quoniam
1283 2881 1518 2953 ipsorum
1536 2892 1614 2936 est
1638 2885 1847 2953 riguum

249 2952 564 3015 caelorum;
603 2949 970 3003 nihelomenus
1018 2949 1216 3003 bonum
1261 2949 1343 3005 est
1390 2968 1484 3019 pro
1534 2949 1846 3012 cunctorum

254 3020 693 3075 necessetatebus
736 3020 979 3092 lebenter
1011 3036 1223 3074 manum
1273 3036 1593 3092 porregere;
1645 3027 1739 3081 sed
1780 3028 1848 3083 ad

256 3092 393 3167 tale‘
418 3092 553 3147 bona
608 3090 837 3151 maxime
890 3090 1453 3167 oportitsubstancia'
1506 3099 1845 3167 transegendi

253 3162 575 3216 conferrere
606 3172 811 3231 septatn
844 3162 1158 3216 monsstirie
1189 3163 1557 3220 habelacionis
1596 3162 1806 3223 struere
1828 3211 1842 3234 ,

252 3235 338 3285 vel
365 3234 432 3287 de
461 3242 678 3287 aeterna
705 3234 1041 3286 tabernacula
1071 3234 1287 3289 debiant
1312 3234 1377 3287 ad
1405 3234 1661 3291 beneﬁcia
1686 3244 1846 3295 rebus

255 3304 623 3379 respondere,
658 3304 1013 3379 precipniubi
1064 3304 1261 3359 chorus
1305 3317 1612 3379 sanctorum
1668 3310 1844 3379 virge-

255 3388 383 3444 num
412 3373 613 3444 jugiter
658 3374 1084 3429 medetur-mnum
1135 3388 1383 3429 carmena
1434 3376 1627 3433 devota
1666 3373 1845 3436 mente

254 3442 499 3519 Domino
526 3455 812 3519 canuntur,
846 3444 899 3519 in
936 3444 1175 3519 iocoubi
1214 3446 1450 3501 decernit
1499 3460 1845 3519 construere,

252 3513 309 3567 in
340 3530 567 3584 quorum
598 3516 803 3569 honore
832 3515 1029 3569 ditatur
1060 3517 1294 3585 ipsorum
1335 3528 1459 3573 ante
1503 3518 1730 3575 Domino
1760 3513 1847 3577 iit-'-

250 3587 521 3643 eereessio
551 3586 809 3655 spiretur.
837 3585 904 3642 Et
928 3586 1050 3643 ideo
1097 3590 1149 3641 in
1181 3586 1277 3649 Dei
1306 3590 1520 3647 nomine
1545 3631 1558 3654 ,
1587 3600 1639 3645 et
1669 3594 1720 3646 in
1751 3593 1846 3648 ho-

255 3670 391 3711 nore
420 3659 591 3713 sancti
616 3656 834 3721 Mariae,
860 3658 1146 3726 genetricis
1188 3659 1394 3715 Domini
1427 3661 1593 3719 nostri
1623 3661 1845 3719 Jesbum

252 3726 471 3802 Christi,
503 3736 558 3783 et
582 3726 911 3802 citherorum
936 3738 1261 3793 sanctorum,
1285 3746 1515 3802 quorum
1546 3731 1762 3802 pignora
1790 3736 1843 3789 in

253 3794 377 3873 ipso
406 3800 719 3873 monastirio
750 3798 1011 3873 habentur
1045 3802 1243 3859 inserta
1277 3794 1331 3855 in
1365 3803 1481 3857 ioco
1510 3794 1844 3873 nbticopante

253 3866 721 3943 ﬁrocariahsitum
738 3870 799 3943 in
825 3884 959 3939 pago
977 3871 1318 3943 Stampeuse,
1348 3888 1512 3943 prope
1533 3873 1600 3931 de
1624 3866 1843 3933 llu'violo

255 3937 443 4005 Urbis,
473 3940 689 3999 alliante
722 3937 937 4013 Christo
958 3982 973 4005 ,
1010 3937 1379 4003 monastirtum
1420 3937 1715 4013 puellarum
1746 3947 1839 4001 de-

255 4018 382 4082 vota
410 4018 589 4068 tuente
615 4012 816 4069 decrivi
849 4012 1070 4072 fundare
1089 4055 1102 4077 ,
1136 4014 1221 4069 ubi
1252 4024 1410 4082 nepte
1438 4030 1553 4077 mea
1583 4017 1842 4079 Mummi)-

253 4081 361 4136 iam
392 4083 746 4141 instetuentus
773 4085 1097 4143 abbatissam
1124 4100 1137 4137 :
1170 4099 1232 4139 ea
1266 4081 1393 4141 vero
1420 4087 1632 4151 racione
1661 4098 1715 4141 ut
1739 4089 1841 4143 sub

254 4154 581 4222 evangeleca
613 4164 667 4210 et
690 4154 1032 4222 apostholeca
1063 4154 1356 4215 tradicione
1376 4197 1394 4223 ,
1425 4169 1474 4219 et
1512 4158 1691 4225 regola
1718 4174 1843 4219 san-

253 4231 466 4281 ctorum
499 4234 706 4293 patrum
736 4226 1006 4294 perpetuis
1035 4226 1377 4295 temttorebus
1399 4228 1510 4295 ipsa
1540 4237 1595 4284 et
1618 4244 1841 4287 succes-
1898 4280 1911 4285 κ

252 4296 393 4351 loris
421 4309 633 4369 earum,
661 4297 716 4351 in
748 4297 866 4352 loco
897 4306 1122 4353 tramete
1152 4296 1369 4353 debiant
1392 4302 1555 4357 vitam
1600 4302 1833 4369 perfrui,

255 4374 310 4417 et
330 4380 434 4441 pro
463 4365 774 4421 felicitatem
804 4383 987 4441 regum
1005 4369 1095 4441 _vel
1127 4378 1269 4441 statu
1298 4365 1629 4438 Aecclesiae,
1657 4382 1711 4429 et
1741 4365 1838 4441 pro

252 4435 467 4501 animae
495 4452 649 4505 meae
676 4435 973 4509 remedium
1005 4438 1213 4507 Domini
1241 4435 1623 4509 mesericordia
1648 4435 1837 4498 adten-

1875 1736 1925 1800 B
1954 1742 2065 1827 eius
2090 1740 2409 1827 deprecare;
2439 1750 2492 1797 et
2523 1743 2757 1827 precipui
2792 1751 2848 1798 ut
2875 1744 3019 1827 nulla
3052 1747 3313 1805 monaclta
3356 1750 3411 1807 in
3441 1767 3535 1827 eo-

1958 1811 2077 1889 dem
2099 1811 2474 1889 monastirium
2503 1811 2772 1889 quippiam
2805 1816 3068 1889 peculiare
3098 1830 3364 1889 presumat
3388 1864 3403 1889 ,
3434 1826 3529 1881 sed

1958 1882 2061 1937 sint
2096 1882 2201 1938 illis
2240 1886 2416 1939 omnia
2463 1882 2909 1942 communiaCAd
2956 1882 3130 1943 locum
3168 1882 3408 1947 sanctum
3452 1896 3536 1952 vel

1958 1954 2195 2027 prodicta
2226 1955 2690 2031 congregationem
2724 1957 2889 2024 cedo,
2924 1959 2989 2013 ad
3021 1961 3139 2015 diae
3170 1973 3451 2031 presente,
3483 1976 3539 2021 et

1955 2038 2269 2100 pessumque
2294 2028 2343 2100 in
2377 2037 2633 2096 perpetuo
2654 2043 2776 2085 esse
2802 2030 2957 2091 volo.
2988 2040 3044 2086 et
3079 2032 3146 2087 de
3170 2028 3292 2100 iure
3328 2028 3447 2091 meo
3481 2038 3532 2091 in

1950 2092 2077 2219 {ure
2096 2092 2271 2179 adque
2299 2092 2687 2155 dotttenacione
2712 2102 2877 2161 sancti
2912 2101 3107 2157 Mariae
3138 2092 3191 2159 ei
3216 2119 3533 2174 sponsarum

1978 2166 2153 2219 'hrlsii
2181 2182 2231 2219 tn
2265 2169 2515 2219 ormdicto
2542 2170 2716 2219 locum
2761 2176 3115 2219 mnsestenlis
3161 2176 3312 2219 trailn
3362 2179 3533 2219 minim

1978 2166 2717 2257 111118ξί111ριῖράἱοῐο-Ιοςυιη
2761 2176 3115 2257 consestentis
3161 2166 3312 2257 trado
3361 2179 3535 2257 adque

1955 2237 2310 2315 transfundoi
2335 2243 2436 2315 hoc
2462 2251 2564 2305 est,
2594 2241 2711 2315 ipso
2740 2257 2865 2312 agro
2898 2243 3173 2315 Brogaria,
3210 2246 3259 2311 in
3292 2263 3396 2315 quo
3420 2237 3534 2304 niu-

1954 2308 2212 2387 nastirio,
2254 2310 2468 2364 Christo
2497 2308 2728 2387 presbli,
2775 2308 3045 2369 EoustruEi
3097 2308 3226 2371 duas
3275 2308 3440 2387 partis
3470 2321 3537 2375 de

1954 2380 2067 2447 ipsa
2089 2379 2257 2457 villa,
2293 2391 2399 2457 tam
2444 2395 2510 2435 ex
2542 2382 2815 2457 luctuoso,
2850 2400 3007 2454 quam
3053 2379 3292 2457 undique
3333 2389 3396 2453 ad
3441 2406 3537 2453 nos

1953 2451 2202 2519 pervinit,
2237 2452 2478 2522 volemus
2502 2464 2557 2505 ut
2588 2454 2827 2522 proficiat
2850 2451 2943 2521 {et
2965 2451 3305 2511 medietatem
3329 2451 3395 2513 de
3420 2451 3537 2513 loeo

1952 2534 2290 2595 noncopante
2315 2520 2748 2595 Pladauo,'sicut
2769 2520 2880 2595 jam
2902 2526 3029 2590 dixi,
3068 2537 3172 2581 tam
3199 2545 3260 2583 ex
3288 2529 3533 2585 luctuoso

1954 2606 2111 2660 quam
2145 2593 2379 2665 undique
2409 2594 2683 2649 ad'nostra
2709 2593 3096 2653 domenacione
3124 2602 3373 2665 pervinit,
3402 2601 3534 2653 voli-

1951 2677 2071 2736 tnus
2101 2672 2156 2721 ut
2193 2663 2260 2736 ad
2293 2666 2406 2736 ipso
2434 2673 2617 2719 Sancto
2648 2666 2764 2721 loco
2795 2668 2975 2720 debiat
3022 2663 3319 2736 pervenire.
3352 2670 3538 2725 Seme-

1953 2732 2173 2808 lateret
2209 2734 2404 2787 locello
2449 2747 2874 2805 cognomeuaute
2916 2732 3243 2800 Fon'taueto,
3278 2754 3533 2808 quantum

1954 2804 2079 2879 inihi
2110 2803 2175 2856 ad
2206 2818 2426 2873 presens
2453 2803 2560 2879 tam
2590 2820 2655 2861 ex
2682 2808 2924 2861 luctuoso
2954 2824 3110 2878 quam
3143 2803 3372 2879 undique
3416 2828 3531 2867 mea

1953 2875 2292 2951 regiL..._.tas
2316 2876 2464 2951 et‘ad
2507 2891 2601 2951 nos
2648 2875 2999 2951 undecunque
3046 2875 3304 2935 nuscetur
3333 2897 3530 2951 perve-

1954 2946 2129 3021 nisse;
2162 2946 2287 3000 dum
2317 2946 2524 3000 inlustri
2553 2962 2681 3003 vero
2709 2950 3028 3005 Chariett'rdo
3052 2994 3066 3016 ,
3113 2966 3172 3006 se
3211 2966 3309 3005 nos
3334 2946 3524 3021 super.

1954 3018 2107 3093 stetis
2136 3027 2251 3093 est,
2277 3026 2419 3093 _po_st
2464 3028 2704 3093 nostrum
2736 3030 2951 3090 opetum
2986 3023 3354 3093 delegavemus
3376 3064 3392 3088 ,
3417 3018 3489 3077 'ut
3516 3066 3532 3089 ,

1952 3085 2076 3161 dum
2109 3089 2332 3153 :tdvivit,
2360 3086 2465 3161 hoc
2493 3085 2786 3157 possediat,
2806 3102 3007 3161 etpost
3034 3085 3187 3146 suum
3211 3104 3264 3149 et
3294 3085 3533 3149 nostrum

1951 3159 2242 3215 discessum
2279 3160 2595 3225 setneleter;
2628 3172 2682 3219 et
2710 3162 2777 3217 de
2809 3159 2926 3230 ipso
2959 3163 3148 3225 locello
3192 3164 3532 3227 medietatem

1949 3233 2194 3284 volemus
2232 3241 2285 3283 ut
2329 3232 2391 3282 ad
2428 3233 2541 3296 ipso
2569 3232 2881 3291 monastirio
2910 3231 2964 3285 in
2997 3235 3266 3289 autedicto
3295 3236 3410 3288 loco
3440 3237 3532 3290 de-

1948 3298 2061 3353 biat
2091 3309 2382 3373 revertere,
2413 3316 2531 3355 cum
2556 3303 2815 3357 domebus
2840 3343 2856 3369 ,
2895 3304 3134 3359 etlilicies
3155 3346 3170 3369 ,
3202 3306 3486 3359 accolubus
3511 3347 3529 3373 ,

1952 3372 2251 3440 mancipiis,
2308 3373 2496 3437 vineis,
2547 3377 2774 3442 campis,
2831 3374 3008 3444 silvis,
3061 3377 3248 3444 pratis,
3298 3372 3527 3443 pascuis,

1948 3444 2100 3514 aquis
2131 3455 2453 3510 aquarumve
2483 3444 2840 3513 decurs'ebus,
2891 3442 3260 3513 adjeceucies,
3307 3447 3530 3514 apendi-

1947 3513 2044 3584 ciis
2068 3553 2085 3580 ,
2136 3514 2411 3584 lariuaries
2438 3554 2453 3581 ,
2499 3518 2674 3584 gregis
2703 3530 2821 3569 cum
2857 3515 3167 3582 pastorebus
3188 3558 3203 3581 ,
3240 3513 3447 3571 movele
3477 3527 3531 3573 et

1948 3583 2231 3638 immoveie
2261 3585 2537 3651 utriusque
2566 3583 2747 3651 sexus,
2768 3596 2821 3640 et
2842 3600 3003 3641 omne
3028 3598 3287 3642 meretum
3317 3602 3529 3654 eorum,

1950 3654 2019 3707 ad
2051 3655 2163 3725 ipsa
2184 3655 2305 3727 loca
2335 3655 2643 3723 aSpicientls
2670 3659 2902 3727 qualiter
2929 3660 3176 3726 superius
3196 3668 3278 3713 est
3318 3660 3530 3713 intima-

1948 3724 2097 3791 tum,
2130 3724 2195 3778 ad
2227 3727 2397 3795 ipsum
2447 3724 2699 3781 sanctum
2736 3724 3109 3799 tnonasrtirium
3162 3729 3403 3799 proliciat
3434 3744 3527 3797 pe-

1948 3800 2129 3870 rennis
2160 3802 2520 3870 temporebus.
2556 3800 2619 3852 Et
2660 3799 2760 3853 hec
2790 3798 2967 3854 omnia
3000 3798 3247 3866 superius
3276 3815 3528 3870 compre-

1947 3864 2114 3922 hensa
2144 3869 2207 3921 ad
2264 3864 2380 3937 ipso
2420 3878 2607 3923 sancto
2639 3870 2757 3923 loco
2811 3879 2927 3939 post
2966 3864 3205 3925 nostrum
3236 3864 3529 3926 transetum

1946 3940 2319 4060 presentaliter
2368 3949 2683 3994 revertatur.
2732 3942 2799 3997 Et
2835 3956 2954 3995 cum
2995 3942 3267 3998 abbatissa
3294 3943 3534 4013 ejusdem

1968 4011 2048 4060 oci
2080 4012 2144 4060 tle
2179 4011 2280 4060 hoc
2310 4012 2579 4060 saeculum
2633 4012 2790 4060 fuerit
2838 4023 3057 4060 evocata
3086 4054 3100 4060 _
3150 4027 3307 4060 auem
3340 4024 3528 4060 minuta

1968 4011 2048 4063 oci
2080 4012 2144 4063 de
2179 4011 2280 4065 hoc
2310 4012 2579 4065 saecolum
2631 4012 2790 4066 fuerit
2838 4023 3058 4067 evocata
3086 4054 3101 4079 ,
3150 4027 3308 4083 quem
3329 4011 3530 4068 cuncta

1943 4084 2295 4155 congregacio
2329 4083 2651 4155 unanimiter
2682 4085 2820 4139 bene
2852 4085 3016 4154 rigola
3069 4094 3324 4155 conperta
3371 4086 3533 4153 elige-

1944 4151 2051 4205 riut
2077 4195 2091 4221 ,
2135 4156 2186 4207 in
2239 4154 2355 4207 loco
2403 4154 2568 4223 ipsius
2622 4168 2872 4211 socessor
2904 4151 3229 4211 instituatur.
3266 4156 3333 4209 Et
3362 4151 3537 4209 adhuc

1944 4235 2420 4293 pet-pensavemus,
2449 4240 2543 4294 pro
2563 4242 2625 4281 ea
2648 4236 3023 4296 Oportunetate
3047 4238 3105 4281 ut
3132 4228 3326 4281 mercis
3351 4236 3531 4279 nostra

1944 4298 2175 4363 qualiter
2200 4296 2445 4365 superius
2472 4299 2888 4364 intemavetntts,
2911 4299 3180 4365 perpetuis
3200 4298 3533 4363 temporibus

1943 4367 2123 4421 debiat
2173 4369 2538 4436 proticiscere,
2592 4369 2659 4423 de
2703 4371 2877 4422 omnis
2928 4383 3013 4420 res
3066 4378 3276 4436 nostras
3318 4365 3443 4433 quid
3475 4368 3527 4420 in

1944 4428 2307 4507 suprascripta
2338 4440 2452 4491 loca
2505 4428 2557 4491 in
2604 4438 2745 4491 hanc
2787 4451 3042 4506 pagenam
3074 4428 3489 4509 deliberacionis
3511 4476 3527 4502 ,

328 4580 354 4609 α
384 4568 564 4633 Edidit
593 4571 824 4641 primum
849 4567 1217 4637 Mablllonius,
1248 4570 1316 4625 de
1341 4570 1418 4625 Re
1445 4570 1603 4640 dipl.,
1623 4588 1675 4641 p.
1704 4571 1833 4638 468,
1860 4571 1915 4631 1)
1951 4568 2078 4623 671.
2112 4570 2201 4623 Sic
2231 4568 2733 4641 vit-ieruditlssimus
2762 4569 3162 4641 Longuemarus
3182 4613 3197 4637 ,
3246 4570 3313 4625 de
3361 4570 3534 4625 (iitro-

254 4654 327 4707 es,
357 4642 769 4717 autographo‘iu
803 4641 1510 4717 archivisSandionysianis
1562 4643 1832 4707 reposito,

252 4719 311 4766 et
565 4710 837 4789 specimen
858 4714 1085 4789 “litteris
1132 4710 1533 4789 bierovin‘gicish
1555 4724 1835 4789 exaratum

249 4782 349 4836 aeri
379 4781 539 4837 in'cidi
571 4781 780 4838 curavit
801 4826 815 4850 ,
857 4782 986 4839 ibid.
1014 4796 1132 4851 pag.
1163 4782 1289 4835 579.
1340 4782 1564 4836 liecudit
1608 4783 1840 4837 tiermo-

253 4854 377 4909 nius
403 4893 417 4916 .
462 4854 531 4910 de
581 4863 686 4911 vet.
718 4870 832 4924 reg.
866 4855 955 4911 Fr.
992 4853 1131 4923 Dipi.
1180 4863 1216 4907 ι.
1259 4853 1318 4919 1,
1352 4868 1471 4922 pag.
1505 4854 1649 4919 291,
1684 4862 1725 4909 t.
1760 4853 1834 4919 ll,

292 4938 377 4993 ag.
416 4924 517 4977 217
560 4934 617 4982 et
639 4938 782 4995 seq.,
816 4935 871 4980 et
913 4940 1103 4992 magno
1151 4926 1431 4977 conamine
1486 4925 1837 4994 impugnavit.

253 4936 513 5047 [agant
560 4936 617 4982 et
639 4938 782 5005 seq.,
816 4936 882 5007 et.
913 4940 1103 4992 magno
1151 4938 1431 5006 conamine
1486 4936 1837 5013 ttnpuguavu.

301 5005 568 5049 ecttonem
600 4997 885 5050 Mabtlloun
916 5010 1207 5065 sequimur,
1245 5011 1335 5064 qm
1377 4996 1765 5066 diphthongum
1796 5012 1841 5050 re

251 5079 403 5131 erepo
432 5067 573 5136 typis
602 5067 892 5134 expressit,
928 5082 1088 5135 quam
1129 5066 1546 5136 Meroviugicutn
1592 5078 1841 5135 autogra-

253 5136 421 5209 phum
455 5152 561 5191 non
598 5137 836 5197 exhibet.
862 5136 1112 5209 Chartam
1158 5136 1523 5201 calumniandi
1574 5154 1702 5209 ansa
1745 5138 1841 5193 fuit

255 5206 549 5277 Germonio
594 5218 716 5261 nota
764 5208 1171 5277 chronologica,
1204 5223 1323 5275 quae
1354 5223 1550 5261 annum
1592 5208 1648 5262 lli
1691 5210 1838 5277 regni

252 5274 477 5337 Clotarii
523 5279 590 5339 lii
628 5277 859 5344 indicat,
889 5274 1167 5348 cum'non
1208 5274 1342 5333 ultra
1391 5292 1518 5334 ann.
1555 5277 1621 5335 14
1660 5274 1837 5348 regem

250 5348 402 5403 hunc
424 5349 727 5418 regnavisse
748 5342 1389 5407 contendatGermouius.
1416 5348 1489 5405 De
1514 5350 1670 5416 hujus
1698 5342 1840 5405 uotae

250 5420 701 5487 interpretatione
730 5422 1054 5489 disputatum
1080 5433 1197 5489 est,
1230 5420 1323 5475 sed
1354 5419 1492 5475 hanc
1530 5436 1634 5475 non
1668 5420 1831 5476 alium

250 5504 412 5559 quam
437 5492 700 5546 decimum
730 5504 936 5547 sextum
964 5507 1242 5546 numerum
1270 5491 1508 5547 indicare
1539 5501 1686 5547 recte
1710 5508 1830 5559 pro-

247 5558 516 5617 baveruut
539 5570 787 5619 auctores
814 5564 1175 5631 Diplomaticaa
1200 5578 1371 5628 novae,
1395 5572 1432 5617 t.
1460 5562 1543 5629 Ill,
1569 5577 1687 5633 pag.
1709 5558 1835 5629 514,

248 5641 305 5684 et
336 5642 584 5689 auctores
616 5633 689 5688 ibi
717 5635 808 5691 cit.
856 5640 935 5689 An
980 5648 1105 5688 vero
1146 5634 1409 5689 Clutorius
1454 5633 1519 5689 lli
1567 5636 1834 5688 decimum

247 5715 463 5775 sextum
495 5718 694 5759 annum
725 5704 876 5773 regni
918 5706 997 5759 sui
1029 5704 1291 5775 exorsus?
1325 5704 1493 5775 Vulgo
1540 5709 1687 5773 regni
1719 5704 1836 5773 ejus

246 5770 461 5831 initium
493 5778 723 5829 sumitur
751 5770 893 5831 anno
922 5778 1117 5831 Christi
1148 5774 1254 5829 656
1282 5817 1299 5843 ,
1330 5786 1385 5830 et
1413 5770 1536 5831 vitae
1578 5770 1834 5837 terminus

250 5854 395 5915 anno
425 5845 530 5898 670
558 5847 822 5914 illigatur;
856 5847 1071 5915 quidam
1107 5856 1283 5901 tamen
1315 5861 1537 5915 regnum
1583 5847 1652 5903 ab
1695 5862 1835 5900 anno

252 5910 362 5968 655
392 5910 675 5986 repetunt}
715 5910 928 5987 quidam
978 5918 1109 5973 illud
1152 5910 1481 5991 protendunt
1529 5917 1595 5972 ad
1624 5932 1828 5975 annum

1948 4643 2055 4694 nol.
2076 4654 2255 4708 regum
2282 4640 2597 4710 Meroviug.,
2617 4641 2701 4693 cui
2725 4640 3044 4710 sun‘ragatur
3064 4641 3292 4697 diarium
3320 4641 3501 4696 Trivol

1947 4712 2167 4776 tianum,
2202 4725 2328 4766 ann.
2356 4709 2517 4775 "49,
2544 4711 2666 4765 Jun.
2712 4726 2834 4782 pag.
2871 4709 3001 4768 Hm
3029 4729 3044 4779 ;
3076 4712 3154 4768 sic
3184 4713 3317 4769 olim
3344 4713 3500 4767 Mab'ti

1948 4782 2125 4856 ionius
2143 4782 2237 4856 qui
2270 4792 2447 4856 tamen
2474 4783 2753 4847 postetiori
2779 4782 2999 4856 judicio,
3032 4793 3071 4840 t.
3103 4784 3143 4848 Ι,
3174 4784 3368 4856 Annal.
3405 4801 3505 4856 pag

1943 4853 2071 4935 481,
2105 4854 2345 4935 chartam
2375 4853 2573 4935 deque
2607 4856 2778 4935 agitur
2800 4853 3049 4935 Clotario
3075 4855 3249 4935 potius
3287 4853 3523 4935 secundo

1946 4924 2281 4985 tribuendam
2324 4922 2613 4981 arbitratus
2662 4931 2764 4987 est...
2812 4922 3112 4991 Subscribit
3157 4928 3279 4981 huic
3325 4928 3523 4983 chartae

1943 5011 2082 5049 unus
2137 5002 2338 5053 tantum
2392 5008 2704 5065 episcopus.
2744 4999 2829 5063 qui
2883 4996 3095 5053 censeri
3127 5000 3316 5052 merito
3350 5007 3524 5065 potest

1943 5066 2264 5120 Parisicnsis
2316 5065 2603 5137 episcopus
2629 5106 2645 5130 ,
2694 5063 2745 5120 itt
2780 5068 2952 5137 cujus
3004 5068 3221 5122 dioecesi
3250 5063 3383 5121 situs
3414 5077 3527 5123 erat

1944 5137 2305 5217 iirocariensis
2336 5136 2503 5191 locus.
2538 5135 2707 5216 Porro
2740 5136 2825 5199 hic
2853 5135 3139 5217 episcopus
3173 5138 3523 5217 diciturngi-

1942 5208 2162 5274 bertus,
2213 5206 2301 5277 qui
2356 5220 2541 5260 revera
2585 5206 3228 5277 episcopus‘Pat-isieusis
3280 5206 3525 5274 exstitit,

1942 5279 2184 5349 pluribus
2216 5279 2369 5349 annis
2403 5289 2659 5349 regnante
2691 5279 2929 5339 Clotario
2963 5279 3024 5347 lli
3050 5319 3065 5345 ,
3103 5279 3338 5349 pluribus
3367 5282 3523 5333 annis

1944 5346 2064 5419 post
2089 5363 2284 5402 annum
2318 5346 2444 5414 671,
2463 5346 2824 5417 Mabillonius,
2850 5346 3023 5419 Opera
3050 5346 3223 5416 pustb.
3244 5356 3282 5403 t.
3308 5348 3371 5414 ll,
3400 5364 3518 5419 pag.

1941 5418 2044 5473 5M3
2077 5439 2088 5473 :
2119 5434 2218 5483 nec
2268 5422 2404 5483 alter
2455 5420 2611 5489 hujus
2667 5418 2905 5481 nominis
2946 5422 3137 5477 infulas
3190 5418 3522 5475 Parisienses

1938 5490 2101 5560 gessit
2134 5500 2244 5544 t0to
2282 5488 2499 5545 Clotarii
2526 5488 2595 5544 ill
2622 5501 2878 5557 tempore.
2915 5490 3048 5545 Hinc
3079 5492 3321 5546 chartam
3344 5492 3521 5545 Chro-

1941 5562 2123 5635 tltiltlis
2152 5562 2252 5635 sub
2277 5561 2517 5635 Clotario
2548 5562 2615 5617 111
2643 5564 2897 5623 emissam
2935 5564 3329 5635 judicaverunt_
3356 5562 3519 5635 Nova:

1939 5630 2125 5688 Gallia:
2175 5631 2498 5704 Christiana:
2540 5644 2818 5697 auctores,
2871 5641 2909 5704 t.
2936 5630 3085 5703 'Vil,
3116 5649 3233 5704 pag.
3260 5632 3353 5687 21.
3386 5632 3519 5687 Cum

1940 5718 2079 5776 ergo,
2101 5704 2380 5776 sinceritas
2414 5703 2809 5776 bujus‘charta:
2854 5703 2934 5757 his
2976 5720 3093 5776 qua:
3120 5703 3372 5759 diximus
3419 5706 3519 5759 de-

1935 5773 2083 5847 fendi
2116 5790 2273 5847 posse
2297 5775 2555 5835 videatur,
2590 5773 3009 5830 instrumentum
3035 5777 3137 5831 hoc
3166 5776 3363 5845 spuriis
3393 5790 3515 5829 cum

1936 5844 2387 5917 Germottioinon
2430 5856 2903 5917 annumeramus;
2960 5848 3090 5913 illud
3149 5844 3331 5917 autem,
3374 5862 3515 5917 anno

1934 5910 2133 5973 Christi
2159 5912 2268 5972 670
2294 5924 2384 5971 aut
2415 5914 2521 5971 672
2543 5912 2933 5989 adjudicamus.
