4026 6352
524 392 666 453 1545

1382 390 1474 448 ΑΙ)
1514 389 1750 447 REGUM
1796 389 2217 450 FRANCORUM
2262 392 2530 451 DIPLOM.
2572 393 3017 452 APPENDICES.

3666 404 3806 463 i3“

520 523 685 587 quem
734 521 831 578 pro
876 500 1344 587 animae_poStrae_
1367 506 1661 587 remedium
1690 506 2063 587 (lelegavemus
2085 550 2099 572 ,
2129 509 2181 569 Α
2208 514 2275 587 ad
2303 511 2599 587 Apr-edictum
2650 523 2893 587 sanctum
2946 512 3313 587 monastirium
3363 518 3681 585 perveniant
3703 564 3717 587 ,
3750 533 3805 579 et

521 577 649 651 quid
679 577 924 649 superest
946 579 1155 633 heredis
1178 577 1345 633 nostri
1377 578 1765 651 propinquioris
1793 580 2095 643 adsumant;

524 650 581 708 et
612 667 670 706 se
697 652 934 705 evenerit
964 651 1008 703 ei
1038 658 1341 704 necessetas
1356 650 1493 713 quod
1516 650 1565 701 in
1600 658 1746 716 parte
1778 664 1869 701 sua
1895 652 2103 718 accipe-

526 725 597 777 rit
626 724 892 790 aligenare
917 721 1099 786 aliubi,
1129 735 1232 775 non
1262 720 1440 773 babiat
1482 720 1838 786 pontcfecium
1890 721 1988 774 hoc
2021 723 2099 775 fa-

528 794 727 856 ciendi,
763 792 861 846 nisi
892 792 955 845 ad
989 792 1078 844 illo
1112 800 1317 843 rectore
1342 791 1426 858 qui
1456 793 1521 844 dc
1551 795 1665 855 ipso
1706 794 2016 845 monastirio
2048 794 2101 847 in

526 866 889 933 suprascripto
940 863 1057 915 loco
1106 871 1285 914 custos
1332 876 1449 915 esse
1492 862 1734 925 vedetur,
1769 872 1826 915 ut
1866 864 1993 915 inibi
2034 864 2101 918 ad

530 935 640 1000 ipsa
673 944 853 987 sancta
886 934 1304 1001 coogregacinne
1350 934 1399 984 in
1430 935 1724 1002 augmentis
1762 934 1997 987 secedat.
2036 934 2105 988 Et

525 1020 584 1059 se
614 1006 799 1073 alequa
831 1014 1127 1056 sti-unienta
1156 1013 1399 1056 cartasve
1438 1013 1623 1057 contra
1673 1014 1973 1071 presentem
2008 1006 2102 1059 de-

523 1077 916 1137 llhcracionem,
950 1090 1108 1141 quam
1138 1076 1419 1141 spontania
1450 1074 1735 1127 volomtatc
1765 1090 1863 1143 pro
1888 1077 2099 1130 animae

524 1157 737 1200 nostrae
767 1144 1061 1199 remedium
1098 1145 1207 1197 ﬁeri
1242 1159 1558 1215 rogavemns
1579 1185 1593 1206 ,
1628 1146 1810 1198 venire
1840 1156 2099 1200 temlave-

520 1227 635 1271 rent
668 1226 757 1268 aut
784 1228 1027 1270 ostensas
1059 1216 1277 1279 fuerint,
1314 1230 1409 1269 nec
1435 1232 1524 1269 cas
1564 1216 1661 1268 feci
1702 1217 1801 1270 nisi
1833 1218 1883 1271 in
1913 1232 2104 1286 supra-

518 1290 717 1354 scripto
746 1302 871 1341 vero
901 1287 1284 1351 Cliaricliardo,
1318 1301 1415 1339 nec
1456 1287 1567 1341 ﬁeri
1600 1289 1813 1354 rogavi;
1847 1298 1901 1341 et
1930 1304 1988 1343 se
2019 1290 2101 1342 in-

517 1369 669 1411 venta
696 1358 911 1424 fuerint,
939 1358 1084 1410 nullo
1107 1359 1265 1409 modo
1286 1359 1560 1411 obteniant
1587 1360 1819 1412 vicorem
1851 1377 1862 1411 :
1892 1360 1987 1414 sed
2013 1360 2103 1415 ubi

521 1440 571 1481 ct
611 1429 695 1481 ubi
721 1437 965 1481 ostensas
998 1428 1362 1496 apparuerint,
1397 1444 1589 1481 vacuas
1619 1438 1669 1483 et
1696 1430 1867 1483 inanis
1892 1446 2103 1499 perma-

515 1499 683 1552 niant.
717 1500 772 1552 Si
801 1500 920 1566 quis
948 1514 1076 1552 vero
1099 1541 1112 1563 ,
1144 1499 1284 1567 quod
1320 1500 1555 1553 futurum
1588 1515 1708 1555 esse
1759 1517 1862 1554 non
1911 1503 2098 1567 crcdo,

514 1569 561 1622 si
589 1585 687 1635 ego
718 1570 827 1635 ipsa
860 1580 947 1621 aut
976 1570 1151 1637 alequi
1181 1576 1247 1623 de
1295 1570 1593 1624 lieredebus
1623 1571 1703 1624 vel
1737 1587 1834 1639 pro
1876 1572 2106 1626 herede-

516 1639 616 1692 bus
648 1642 779 1693 meis
800 1684 813 1704 ,
843 1641 923 1693 vel
953 1640 1204 1706 quislebit
1251 1654 1467 1707 oposeta
1502 1656 1728 1708 persona
1759 1652 1943 1697 contra
1976 1658 2100 1710 pre-

516 1722 722 1764 sentem
751 1710 1201 1764 delilieracionem
1232 1714 1415 1767 venire
1443 1715 1740 1778 conavcrit,
1774 1714 1905 1767 iram
1936 1714 2105 1767 sancti

516 1778 801 1835 Trinctatis
828 1785 1081 1845 incurrat,
1104 1793 1159 1836 et
1184 1798 1211 1834 a
1240 1785 1546 1837 lemcnelius
1572 1792 1873 1837 sanctarum
1906 1785 2108 1840 aeccle-

517 1852 716 1904 siarum
746 1855 1110 1905 excommuuis
1143 1856 1379 1920 apariat,
1415 1863 1468 1907 et
1499 1856 1716 1921 insuper
1747 1856 1939 1909 inferat
1960 1857 2107 1910 socio

518 1923 649 1976 ﬁsco
670 1924 783 1996 auri
810 1924 1001 1977 liberas
1034 1924 1241 1991 viginti,
1265 1927 1467 1993 argenti
1495 1928 1670 1993 pondo
1693 1926 2109 1996 quinquagenm,

518 2002 568 2046 et
604 2008 700 2064 nec
730 1994 806 2047 sic
838 1996 997 2047 vallat
1021 1995 1315 2049 vendecare
1341 1996 1482 2063 quod
1517 1996 1729 2064 repetit.
1774 1998 1841 2049 Et
1886 1994 1953 2051 se
1997 1997 2109 2051 ale-

522 2064 611 2131 qui
644 2063 711 2117 de
744 2065 1045 2119 heredebus
1077 2066 1276 2119 nostris
1308 2068 1375 2119 ad
1409 2068 1530 2119 diae
1563 2063 1811 2135 presente
1842 2068 2111 2121 delibera-

520 2135 674 2188 cione
721 2145 937 2202 nostra,
981 2138 1121 2205 quod
1164 2136 1335 2190 divina
1372 2140 1539 2205 pietas
1570 2153 1667 2192 nos
1711 2138 1871 2191 lacire
1896 2152 2116 2193 conmo-

516 2207 663 2267 nuit,
708 2205 1010 2275 infrangere
1055 2207 1317 2273 voluerit,
1368 2222 1455 2262 res
1504 2224 1638 2276 quas
1690 2209 1756 2262 de
1797 2209 2113 2263 hereditatis

515 2284 715 2331 nostra:
764 2277 831 2332 ad
876 2280 1047 2347 ipsum
1094 2281 1374 2348 pervenire
1426 2289 1741 2348 potuerant,
1771 2282 2013 2347 amittat,
2062 2289 2118 2337 et

2208 581 2401 655 ibidem
2453 599 2667 651 semper
2713 585 2954 652 proﬁciat
3002 585 3054 638 in
3102 581 3433 655 auginentis,
3467 601 3525 645 et
3567 592 3667 646 hec
3706 581 3808 649 vde-

2211 654 2462 734 liberacio
2504 669 2664 709 omne
2706 666 2945 724 tempore
2994 656 3147 709 ﬁrma
3186 654 3253 711 et
3298 659 3551 716 inviolata
3596 679 3809 731 perma-

2206 732 2344 778 niat.

2278 798 2496 875 Signum
2530 798 2769 854 inlustris
2803 798 2912 853 Deo
2930 797 3159 875 devotae
3183 800 3518 867 Chrothilde,
3548 805 3643 875 qui
3668 805 3804 862 hanc

2206 867 2653 924 deliberacionem
2712 884 2807 939 pro
2857 870 3069 924 animae
3110 883 3326 927 nostrae
3357 867 3657 930 remedium
3691 877 3808 933 ﬁeri

2206 953 2542 1004 rogavemus,
2576 956 2735 995 manu
2769 944 2978 1009 propria
3007 942 3370 998 ﬁrmavemus.

2279 1011 2334 1064 ln
2368 1010 2563 1087 CliriSti
2598 1014 2811 1087 nomine
2844 1011 3126 1087 agibertus
3148 1057 3163 1080 ,
3204 1030 3277 1087 _ac
3317 1014 3363 1069 si
3412 1028 3669 1084 peccator
3698 1019 3809 1087 epi-

2205 1096 2432 1153 seupus,
2483 1083 2797 1151 subscripsi.
2830 1084 3051 1152 Signum
3084 1086 3164 1139 vir
3203 1083 3426 1141 inluSIer
3468 1083 3805 1153 Ermenriéo.

2212 1151 2450 1227 Yaningo
2478 1154 2790 1227 subscripsi.
2819 1154 3190 1227 Ghislemarus
3236 1168 3449 1227 rogetus
3491 1160 3807 1224 SllllSt'ttpsi.‘

2207 1222 2617 1296 Ghisloberthus
2667 1224 2988 1291 subscripsi.
3023 1222 3359 1283 Gadroaldus
3404 1239 3658 1296 peccator
3684 1222 3813 1283 sub-

2207 1294 2697 1367 _sc.....rDchardus
2748 1298 2952 1365 rogitus
2994 1297 3309 1367 subscripsi.
3356 1294 3576 1365 Signum
3632 1302 3814 1355 Bello.

2208 1364 2349 1437 leno.
2383 1366 2717 1421 Ansobertus
2767 1367 3084 1436 subscripsi.
3112 1364 3335 1437 Signum
3376 1364 3809 1427 Childebrando.

2208 1435 2457 1493 Bettinus
2500 1438 2706 1507 rogitus
2748 1435 3063 1507 subscripsi.
3111 1439 3333 1507 Signum
3381 1440 3810 1497 Cbramnino....

2209 1507 2560 1579 rdoberchtus
2590 1518 2803 1577 rogetus
2829 1510 3144 1577 subscripsi.
3170 1511 3393 1579 Signum
3423 1511 3808 1569 Gaeleramno.

2209 1578 2596 1633 Mummolenus
2627 1590 2837 1649 rogetus
2867 1595 2896 1633 a
2928 1578 3305 1648 suprascriptis
3334 1584 3655 1649 subscripsi.
3694 1584 3802 1638 Ra-

2210 1652 2472 1719 gneinnus
2502 1650 2828 1722 subscripsi.
2860 1650 3256 1706 Chrodccarius
3287 1653 3423 1707 abba
3475 1656 3802 1722 subscripsi.

2214 1722 2435 1793 Signum
2488 1720 2771 1792 Guntrigo.
2807 1722 3030 1792 Signum
3081 1724 3335 1778 Aursino.
3369 1725 3593 1793 Signum
3635 1720 3811 1779 Chro-

2214 1792 2761 1866 dobardo.__Signum
2820 1793 3106 1866 Ecliarigo.
3166 1793 3387 1862 Signum
3436 1792 3812 1866 ’Erchenrigo.

2142 1881 2191 1939 Β
2220 1863 2273 1917 Si
2318 1879 2440 1915 num
2473 1863 2799 1919 Mauroleno.
2834 1863 3152 1919 Ursinianus
3182 1866 3499 1933 subscripsi.

2280 1878 2525 2003 ﬁDatum]
2554 1935 2810 1989 Morlacas
2842 1936 2959 1989 vico
2988 1938 3116 2003 pub.
3144 1936 3284 2002 quod
3310 1936 3433 1991 fecit
3463 1954 3499 1990 ιι

2319 1934 2531 2058 Datum]I
2554 1935 2810 1989 Morlacas
2842 1936 2959 1989 vico
2988 1938 3116 2005 pub.
3144 1936 3284 2002 quod
3310 1936 3433 1991 fecit
3463 1938 3656 1991 minsis
3680 1938 3815 1991 Mar-

2306 2019 2330 2057 s
2356 2006 2470 2058 dies
2500 2024 2513 2058 ‹
2538 2007 2697 2058 ecim.
2726 2023 2851 2058 ann.
2886 2006 2971 2058 xvi
3006 2022 3157 2058 rem.
3192 2008 3397 2058 domini
3449 2009 3623 2058 nostri
3654 2010 3815 2058 Chlo.

2219 2004 2330 2058 sius
2356 2006 2470 2058 dies
2500 2004 2697 2060 decim.
2726 2023 2851 2060 ann.
2886 2006 2971 2073 ιν]
2994 2004 3157 2075 rego.
3192 2008 3398 2062 domini
3449 2009 3624 2063 nostri
3654 2010 3815 2064 Chio.

2218 2076 2490 2131 tacliariae
2520 2077 2887 2144 gloriosissimi
2924 2078 3083 2145 regis.

2299 2146 2643 2271 Fragohertus
2671 2158 2892 2216 rogante
2923 2155 2976 2203 et
3007 2158 3258 2217 prescnte
3294 2148 3622 2208 Chrotbilde
3644 2153 3808 2223 scrip.

2299 2231 2356 2271 ευ
2397 2232 2614 2271 SCI‘IDSI.

2222 2226 2275 2272 et
2295 2219 2614 2287 subscripsi.

524 2428 3793 2462 __.____________—______________________

1608 2545 2125 2626 APPENDIX
2185 2549 2679 2631 SECUNDA.

1756 2798 2041 2856 CHARTA
2082 2802 2559 2863 MEROVINGICA
2593 2848 2607 2873 ,

1059 2932 1231 2999 Quam
1260 2936 1455 3004 primus
1503 2934 1662 2991 edidit
1701 2953 1839 2991 anno
1885 2938 2023 2992 1846
2051 2938 2266 2995 domnus
2296 2940 2536 3010 CLOUET,
2599 2941 2936 2998 Virdunensis
2984 2943 3261 3015 presbyter.

658 3161 728 3217 In
754 3162 959 3217 nomine
987 3161 1181 3230 Patris,
1215 3173 1261 3217 et
1290 3164 1436 3228 Filii,
1468 3175 1515 3219 et
1546 3165 1773 3235 Spiritu:
1802 3168 1984 3222 sancti.

1132 3273 1492 3314 EXEMPLARIA.

592 3352 702 3409 Sub
724 3353 891 3408 diem
913 3352 1033 3407 Kal.
1058 3352 1200 3417 Jan.,
1226 3367 1367 3407 anno
1392 3367 1465 3406 ut
1488 3352 1703 3421 gloriosi
1730 3353 1907 3407 domni
1938 3353 2107 3407 nostri

520 3423 806 3490 Dagoberti
835 3427 997 3495 regis,
1026 3425 1136 3492 Ego
1162 3424 1530 3493 Adalgyselus,
1558 3425 1645 3487 qui
1673 3434 1726 3478 et
1751 3424 1959 3486 Grlmo,
1985 3424 2111 3478 licet

515 3506 834 3565 peccator...
861 3494 911 3550 δέ
942 3496 1146 3550 Idcirco
1171 3510 1270 3563 ego
1298 3504 1543 3561 peccator
1564 3494 1769 3558 Grimo,
1797 3510 1893 3563 pro
1918 3496 2110 3548 anima:

517 3581 653 3621 mea:
682 3566 974 3622 remedium
1002 3576 1054 3621 et
1080 3574 1348 3619 tantorum
1371 3566 1628 3620 abluenda
1653 3568 1892 3635 contagia
1922 3580 2111 3632 pecca-

517 3644 691 3704 torum
714 3677 729 3700 ,
765 3638 1058 3706 inspirante
1091 3638 1339 3699 Domino,
1372 3637 1653 3690 devotione
1687 3638 2106 3704 promptissima,

516 3723 613 3777 per
657 3708 814 3778 huius
854 3708 1253 3763 deliberationis
1296 3708 1522 3771 seriem,
1572 3716 1947 3761 testamentum
1995 3709 2110 3761 viro

517 3779 812 3835 venerabili
850 3779 1177 3835 Erehenulfo
1209 3778 1437 3833 diacono
1467 3778 1807 3833 scribendum
1841 3779 2105 3832 commisi.

589 3848 822 3905 Confero
853 3852 1187 3917 monasterii,
1217 3851 1329 3903 sive
1362 3850 1645 3905 xenodocii
1677 3849 1760 3903 vel
1790 3850 2108 3917 pauperibus

516 3918 545 3956 ι’
578 3920 955 3989 Longagionis,
984 3922 1165 3974 villam
1194 3922 1280 3975 ubi
1311 3921 1425 3989 ipse
1457 3935 1753 3974 moram....
1786 3936 1906 3974 cum
1938 3922 2109 3974 ninni-

515 3992 616 4045 bus
654 3993 721 4045 ad
764 4006 822 4046 se
861 3992 1281 4059 pertinentibus,
1320 4006 1442 4047 cum
1482 3991 1795 4060 mancipiis.
1843 3991 2102 4056 aediliciis,

518 4074 640 4114 cum
675 4064 865 4126 terris,
897 4064 1117 4130 campis,
1152 4064 1337 4130 pratis,
1371 4063 1543 4125 silvis,
1577 4072 1630 4116 et
1660 4063 1802 4116 omni
1835 4064 1955 4129 jure
1986 4076 2103 4117 suo.

591 4132 913 4187 Monasterio
942 4133 1189 4197 superius
1218 4132 1485 4186 nominavi
1516 4142 1715 4187 sanctae
1735 4132 1946 4186 domnae
1970 4135 2108 4201 Aga-

516 4202 743 4258 thae...”
776 4200 894 4257 villa
926 4217 1044 4271 qua:
1077 4212 1294 4256 vocatur
1325 4202 1549 4271 Nugaria
1583 4214 1632 4269 ε,
1662 4218 1781 4257 cum
1814 4204 1960 4256 omni
1987 4200 2107 4272 jure

516 4274 1031 4398 suﬁapmnibusque
1077 4273 1140 4327 ad
1180 4288 1241 4328 se
1290 4275 1697 4341 pertinentibus,
1738 4289 1857 4328 cum
1904 4278 2107 4343 integra

516 4357 575 4398 so
656 4354 799 4398 itate.

512 4345 799 4401 soliditate.

590 4415 913 4472 Monasterio
943 4414 1368 4484 Longagionensi
1401 4422 1455 4469 et
1484 4414 1727 4480 clericis,
1766 4430 1859 4470 seu
1901 4430 2105 4485 paupe~

516 4486 784 4557 ribus.....
838 4487 1189 4557 possidenda,
1245 4487 1641 4557 promptissima
1693 4487 1887 4541 anima:
1939 4489 2105 4541 devo-

2137 3168 2186 3232 C
2290 3168 2603 3222 Porcionem
2648 3179 2823 3237 meam
2866 3163 3221 3237 deMadiaci,
3260 3162 3402 3233 quod
3444 3164 3576 3221 mihi
3608 3166 3811 3237 legibus

2215 3239 2460 3299 debetur.
2493 3254 2611 3291 cum
2644 3236 2845 3304 integra
2874 3236 3167 3296 soliditate,
3195 3250 3314 3287 cum
3344 3236 3816 3306 mancipiis,aedi-

2216 3311 2371 3376 ﬁciis,
2419 3308 2608 3372 vineis,
2655 3307 2884 3374 campis,
2934 3307 3120 3376 pratis,
3166 3306 3317 3359 silvis
3363 3315 3420 3360 et
3473 3320 3627 3374 prato
3672 3321 3816 3365 secto

2214 3381 2275 3449 (i.
2295 3374 2369 3445 e.,
2392 3380 2522 3449 sito)
2546 3394 2705 3447 super
2729 3376 2747 3414 ί
2769 3376 2905 3431 Caro
2922 3386 2980 3449 ct
3001 3374 3357 3445 Hogrcgia....
3380 3390 3583 3433 sancta:
3605 3380 3819 3437 domum

2214 3452 2437 3515 Agatlia:
2457 3490 2472 3513 ,
2503 3448 2597 3505 seu
2626 3448 2970 3518 congregatio
3001 3449 3426 3517 Longagionensi
3471 3450 3523 3503 in
3558 3465 3664 3506 suo
3699 3451 3821 3523 jure

2216 3524 2463 3577 retineat.

2240 3606 2244 3610 ’
2290 3615 2603 3668 Porcionem
2632 3627 2805 3667 meam
2828 3625 2985 3683 quam
3015 3611 3069 3665 in
3095 3609 3218 3665 villa
3244 3613 3270 3651 ³
3296 3611 3588 3683 Belulﬁaga
3623 3614 3820 3671 habere

2213 3685 2401 3739 videor
2425 3686 2751 3740 dulcissimis
2782 3681 3065 3748 nepotibus
3093 3683 3224 3736 meis
3256 3682 3378 3736 ﬁliis
3407 3681 3583 3738 Adoni
3618 3686 3820 3742 habere

2214 3758 2356 3810 volo.
2390 3757 2415 3795 ιι
2451 3757 2711 3810 Tamaltio
2739 3756 3022 3822 porciones
3048 3754 3201 3817 duas,
3235 3768 3357 3807 cum
3387 3756 3695 3823 mancipiis,
3729 3757 3819 3810 do-

2216 3842 2351 3892 mos,
2384 3828 2468 3881 vel
2500 3828 2645 3881 omni
2685 3826 3035 3896 adjacentiasi
3058 3839 3182 3877 suas
3228 3827 3556 3879 monasterio
3599 3826 3813 3896 Longa-

2212 3899 2455 3965 gionensi
2508 3898 2708 3952 habere
2752 3897 2963 3949 debeat.
3015 3895 3245 3966 Tertiam
3298 3911 3429 3966 vero
3474 3895 3811 3966 porcionem,

2215 3964 2433 4027 basilica
2474 3968 2653 4023 domni
2700 3967 2843 4022 Petri
2890 3966 3084 4020 ibidem
3130 3964 3438 4035 (Tamaltio)
3480 3964 3811 4035 constructa,

2212 4053 2331 4093 cum
2368 4040 2674 4095 molendino
2702 4038 2899 4092 ibidem
2929 4037 3111 4100 situm,
3136 4051 3257 4091 cum
3281 4036 3582 4092 vervicibus
3616 4051 3674 4093 et
3698 4055 3814 4093 ver-

2212 4111 2448 4178 vicariis,
2480 4111 2563 4166 vel
2593 4113 2733 4180 quod
2760 4111 2870 4176 jam
2903 4108 2968 4161 ad
2999 4123 3236 4177 praesens
3265 4109 3592 4179 possidetur.
3630 4111 3698 4164 ad
3738 4114 3814 4164 in—

2214 4190 2442 4252 tegrum.
2474 4182 2734 4236 Similiter
2764 4180 3071 4252 porcionem
3101 4192 3272 4252 meam
3300 4180 3357 4252 iu
3386 4180 3509 4232 villa
3540 4182 3557 4219 ί
3590 4180 3809 4245 Fidinis,

2212 4250 2333 4307 cum
2369 4252 2669 4319 mancipiis,
2700 4250 2959 4314 adiﬁciis,
2992 4250 3077 4303 vel
3106 4251 3253 4303 omni
3290 4250 3411 4317 jure
3439 4265 3561 4315 suo.
3591 4252 3811 4306 basilica

2212 4322 2399 4447 Somni
2441 4324 2584 4377 Petri
2610 4323 2871 4377 Tamaltio
2899 4321 2998 4374 sita
3018 4362 3032 4385 ,
3065 4321 3119 4375 in
3159 4335 3257 4375 suo
3282 4320 3403 4389 jure
3429 4321 3610 4376 valeat
3641 4323 3809 4391 possi-

2250 4408 2360 4447 ere.

2250 4408 2360 4448 ere.

2287 4487 2421 4541 Villa
2454 4502 2587 4542 vero
2626 4486 2787 4541 meai
2831 4485 3112 4551 Marciaco,
3157 4495 3413 4554 quantum
3459 4486 3650 4555 porcio
3696 4501 3807 4541 mea

516 4536 1673 4625 ira};Ianigenams'ammsis.
1695 4536 1895 4611 an.
1926 4536 2107 4612 «sive-
2133 4536 2187 4596 D
2216 4536 2599 4623 οοιίίίίὶῖξιζῖέι
2627 4536 3141 4625 sanesanae
3163 4536 3806 4622 ἶιέᾙὲὶῖὲυῖᾖᾶὸῖηἰῦιὶὲ

514 4627 709 4684 brense
729 4669 745 4695 ,
774 4644 933 4697 quam
966 4630 1019 4683 in
1055 4629 1436 4692 Ardennense,
1467 4643 1561 4684 seu
1588 4628 1952 4695 Treverense,
1984 4645 2105 4684 cum

513 4700 661 4770 omni
685 4699 989 4767 integritate
1011 4702 1493 4755 monasterium...
1519 4700 1960 4770 Longagionense
1982 4715 2107 4769 pos-

513 4768 687 4824 sideat
712 4781 765 4825 et
790 4770 1056 4824 defendat.

589 4898 615 4925 ει
654 4885 728 4957 Le
760 4895 909 4941 teste
937 4887 1175 4942 contient
1212 4886 1281 4941 ici
1327 4886 1592 4956 plusieurs
1632 4887 1857 4957 phrases
1910 4904 2013 4957 que
2053 4889 2101 4943 la

512 4956 722 5013 vétusté
760 4972 789 5010 a
829 4958 1060 5012 rendues
1100 4972 1326 5027 presque
1367 4956 1643 5013 illisibles.
1681 4960 1826 5013 Elles
1867 4956 2103 5014 formem

514 5044 620 5083 une
649 5027 841 5097 espéce
869 5029 935 5082 de
966 5029 1294 5097 préambule,
1327 5028 1396 5081 οὺ
1424 5029 1669 5098 Ᾱᾱθιεῐδθ
1696 5031 1910 5085 s‘avoue
1944 5034 2097 5084 hum-

515 5098 757 5155 blement
793 5101 1055 5168 coupable
1093 5100 1158 5153 de
1198 5099 1473 5167 beaucoup
1508 5100 1574 5154 de
1622 5100 1837 5168 péchés,
1890 5102 2019 5156 dont
2064 5102 2100 5156 il

515 5169 707 5237 espere
745 5173 954 5227 obtenir
993 5168 1275 5226 rémission
1308 5186 1375 5223 en
1405 5184 1717 5226 consacraut
1750 5187 1836 5226 ses
1877 5173 2027 5227 biens
2068 5174 2099 5229 a

512 5241 583 5295 de
610 5242 816 5297 bonnes
845 5258 1073 5297 aauvres.

586 5311 615 5350 ι)
656 5312 693 5367 ιι
724 5330 791 5368 ne
822 5326 943 5382 peut
968 5313 1085 5369 etre
1112 5313 1343 5369 douteux
1376 5328 1480 5384 que
1506 5313 1774 5389 Longagio
1800 5329 1867 5371 ne
1891 5315 2101 5386 signiﬁe

512 5381 825 5439 Lonttuvon.

588 5396 907 5527 ῗεῖὖῖιξῖἓία.
942 5456 1131 5521 Noers,
1155 5456 1382 5512 hameau
1409 5457 1440 5511 a
1466 5472 1536 5512 un
1559 5457 1844 5514 kilométrc
1869 5458 1935 5514 de
1963 5457 2100 5512 Lnn-

548 5542 707 5579 ιινοη.

548 5542 577 5578 ιι
694 5567 707 5579 .

512 5540 543 5595 Β
580 5541 725 5653 ἔθιῗε
751 5608 864 5653 mot
891 5599 1223 5667 inexquisitus
1255 5600 1506 5669 signiﬁait
1531 5602 1674 5655 alors
1701 5600 1977 5669 acquisilus
2010 5617 2100 5670 per

510 5672 832 5735 emptionem.
880 5670 1023 5721 Αἰτιςί
1064 5682 1203 5725 cette
1242 5675 1440 5738 phrase
1476 5682 1602 5725 veut
1639 5673 1753 5724 dire
1785 5689 1799 5725 :
1831 5672 1895 5724 Je
1934 5676 2103 5726 donne

508 5739 643 5793 aﬁssi
678 5742 745 5793 les
777 5746 999 5793 maisons
1028 5757 1121 5811 que
1154 5742 1246 5809 j’ai
1276 5744 1499 5796 aclietées
1540 5743 1667 5795 dans
1700 5743 1751 5793 la
1782 5739 2026 5808 Woé’vre,
2057 5746 2103 5795 le

508 5824 633 5866 ναυδ
660 5811 949 5864 άἈτάεηηε
978 5821 1021 5863 et
1051 5814 1182 5865 celui
1212 5814 1273 5865 de
1304 5812 1504 5866 Tréves.

507 5824 633 5877 pays
660 5815 949 5864 d‘Ardenne
978 5821 1021 5863 et
1051 5815 1182 5865 celui
1212 5815 1273 5865 de
1304 5815 1504 5868 Tréves.

587 5889 610 5916 θ
653 5879 944 5934 Webreme.
984 5882 1059 5937 La
1098 5882 1355 5947 Woévre,
1400 5886 1487 5954 qui
1527 5884 1860 5954 comprenait
1894 5884 1925 5937 ὲ
1962 5892 2102 5941 cette

2218 4630 2575 4698 inexquisitis,
2607 4644 2728 4684 cum
2772 4630 3073 4697 mancipiis,
3113 4628 3377 4695 aediﬁciis,
3411 4629 3646 4697 campis,
3687 4644 3805 4694 pra-

2218 4700 2307 4764 tis,
2339 4703 2506 4764 silvis,
2552 4703 2723 4770 aquis,
2767 4714 3094 4768 aquarumve
3136 4700 3473 4767 decursibus,
3508 4714 3634 4753 cum
3666 4699 3806 4770 omni

2215 4772 2572 4841 superlectili,
2605 4768 2704 4825 'vel
2752 4770 3074 4839 appenditiis
3119 4780 3174 4824 et
3223 4771 3485 4825 reditibus
3531 4773 3679 4836 suis,
3729 4768 3805 4825 vel

2214 4886 2421 5009 apsque
2450 4893 2563 4939 tout
2603 4885 2652 4939 Ie
2682 4898 2812 4955 pays
2842 4892 2997 4940 entre
3036 4885 3084 4939 la
3112 4883 3316 4950 Mense,
3349 4885 3394 4939 la
3426 4884 3648 4941 Moselle
3673 4895 3729 4943 et
3756 4884 3805 4941 la

2277 4971 2420 5009 uers.

2277 4971 2420 5010 llelS.

2284 5025 2302 5063 ί
2347 5026 2497 5081 Caro.
2530 5027 2603 5081 La
2629 5026 2841 5081 Chiers.

2282 5097 2308 5137 ⁸
2355 5098 2494 5151 Villa
2523 5097 2834 5167 Belul/iaga.
2867 5097 3008 5153 C’est
3040 5113 3165 5155 satis
3194 5099 3359 5154 doute
3384 5097 3678 5164 Beuveille,
3710 5098 3807 5154 vil-

2205 5168 2323 5238 lage
2361 5184 2511 5224 asscz
2552 5169 2942 5237 considerable,
2982 5170 3011 5223 a
3050 5181 3169 5240 sept
3203 5170 3515 5225 kilometres
3553 5171 3624 5225 de
3663 5172 3804 5223 Lon-

2205 5255 2400 5313 guyon.

2280 5314 2308 5351 ιι
2350 5311 2627 5366 Tamaltio.
2657 5310 2729 5367 Ce
2755 5320 2880 5380 peut
2908 5312 3023 5368 etre
3052 5314 3103 5368 le
3130 5312 3321 5383 village
3348 5312 3657 5378 d‘Aumetz,
3680 5312 3802 5382 pres

2207 5384 2273 5438 de
2306 5384 2557 5438 l'endroit
2583 5384 2651 5438 oin
2685 5383 2733 5437 la
2762 5383 2937 5439 Crune
2972 5385 3138 5453 prend
3170 5390 3227 5438 sa
3255 5399 3446 5439 source
3466 5425 3481 5451 ,
3512 5384 3648 5438 dans
3679 5386 3799 5438 I‘ar-

2208 5455 2602 5510 rondissement
2632 5454 2696 5510 de
2727 5455 2883 5526 Briey
2913 5453 3195 5525 (Mosella).

2287 5528 2301 5566 ἱ
2353 5526 2624 5581 Filliéres?

2283 5595 2295 5645 i
2352 5596 2669 5651 Marciacum
2704 5605 2785 5651 est
2812 5598 3199 5653 certainement
3230 5598 3439 5668 Mercy;
3473 5597 3612 5651 mais
3637 5611 3706 5649 on
3738 5608 3800 5650 ne

2210 5678 2335 5737 pcut
2379 5669 2493 5722 dire
2538 5669 2580 5719 si
2625 5668 2754 5721 c’est
2794 5669 3223 5738 Mercy-le-Haut
3268 5687 3335 5722 ou
3384 5669 3793 5738 Mercy-le-Bas.

2207 5741 2308 5794 Ces
2337 5739 2475 5791 deux
2506 5738 2724 5806 villages
2753 5750 2873 5791 sont
2904 5742 2970 5794 de
3001 5741 3493 5795 l‘arrondissement
3524 5742 3592 5795 de
3621 5740 3795 5806 Briey.

2205 5811 2247 5936 ξι
2290 5825 2481 5938 agn
2510 5820 2662 5866 autre
2690 5808 3114 5881 Mercy-le-Haut
3142 5813 3275 5868 dans
3304 5810 3797 5866 I‘arrondissement

2241 5896 2270 5938 θ
2352 5894 2383 5936 ο
2443 5919 2456 5935 .

2241 5896 2270 5938 0
2300 5888 2456 5938 Metz.
