4026 6352
268 407 409 467 1549

1357 390 1750 458 ΒΙΡιΟΜΑΤΑ
1789 387 2070 450 Βααεει
2110 385 2443 445 SBLECTA.

3374 380 3514 441 1850

264 527 400 591 quos
603 513 797 571 obtulit
833 526 961 583 sepe
987 512 1159 569 dictus
1190 508 1395 576 Paulo,
1431 523 1683 578 umquam
1723 506 1836 562 ullo
1863 508 1918 571 Α
2014 500 2123 591 Ego
2168 497 2315 591 Felix
2358 492 2675 591 venerabilis
2709 491 2883 565 gratia
2922 486 3338 591 episcopi»
3383 497 3510 554 ante

267 620 509 678 tempore
542 622 575 662 a
616 605 768 662 nobis
806 604 1183 674 retragendum
1224 611 1309 659 est
1346 602 1413 658 ad
1454 600 1615 656 aliam
1648 599 1835 655 Eccle-

264 703 436 769 siam,
475 708 568 755 aut
602 698 671 753 ad
708 697 876 753 alium
913 696 1245 752 sacerdotem
1271 734 1286 763 ,
1336 693 1437 749 nisi
1488 693 1580 762 qui
1634 689 1833 746 ibidem

265 793 431 849 abbas
459 789 618 847 fuerit
636 828 654 857 ,
678 796 734 845 et
760 802 920 859 quem
947 788 1187 844 volneret
1205 826 1221 856 ,
1245 788 1291 843 si
1320 802 1441 841 cum
1464 785 1705 841 adiberet
1732 780 1833 852 ipsi

264 885 470 943 (ructus
494 884 549 938 in
577 896 799 938 onorem
833 881 1047 937 Domini
1085 890 1139 936 et
1169 880 1586 936 elemosinarum
1633 875 1795 931 fuerit
1817 918 1833 944 ,

264 988 333 1031 eo
358 973 505 1044 quod
535 988 632 1043 pro
660 987 789 1042 opes
818 970 1050 1026 ﬁdelium
1082 971 1223 1040 ipsas
1250 969 1494 1026 siseellas
1522 967 1708 1022 olierta
1736 974 1840 1020 est.

269 1064 337 1143 ξι
363 1065 412 1119 si
438 1062 601 1119 abbas
624 1062 690 1118 de
717 1062 853 1116 hanc
878 1061 996 1116 luce
1019 1061 1275 1131 migratus
1304 1059 1462 1115 fuerit
1480 1101 1496 1128 ,
1529 1067 1585 1113 et
1610 1056 1845 1111 dormie-

266 1153 336 1209 rit
362 1167 485 1207 cum
518 1150 754 1221 patribus
780 1152 890 1206 suis
916 1188 931 1203 .
957 1190 975 1206 .
1002 1186 1019 1204 .
1041 1188 1058 1204 .
1086 1189 1101 1203 .
1125 1148 1225 1219 ipsi
1256 1149 1515 1219 elegerint
1544 1148 1643 1203 sibi
1675 1146 1839 1200 abba-

268 1252 373 1298 tem
401 1242 754 1299 ordinandum
777 1281 793 1308 ,
822 1241 996 1310 ipsum
1024 1240 1124 1295 sibi
1150 1239 1393 1295 abbatem
1426 1238 1659 1294 debeant
1689 1236 1837 1291 ordi-

266 1348 429 1400 nare,
460 1331 714 1402 reliquias
744 1347 871 1387 vero
903 1330 1103 1386 dandas
1131 1330 1199 1386 de
1228 1331 1401 1399 ipsum
1431 1344 1516 1384 co.
1645 1370 1658 1383 .
1678 1366 1692 1381 .
1713 1341 1842 1383 san-

266 1436 411 1481 ctum
444 1425 510 1479 ad
545 1424 827 1479 consilium
867 1424 1103 1494 episcopi
1152 1424 1269 1484 sine
1315 1422 1495 1492 vigilia
1545 1420 1842 1477 tenendum

265 1519 445 1574 abbati
475 1534 597 1574 cum
628 1519 839 1573 monaci
864 1517 1010 1584 suis;
1037 1526 1092 1572 et
1122 1515 1251 1570 nihil
1274 1514 1595 1585 adgravetur
1620 1526 1844 1583 quoquo

266 1622 509 1682 tempore
538 1624 711 1681 neque
736 1610 804 1664 ab
834 1610 1153 1679 episcopus,
1185 1622 1358 1677 neque
1398 1606 1465 1660 ab
1507 1604 1614 1661 ullo
1652 1620 1845 1660 sacer-

265 1704 485 1771 dotem,
518 1700 622 1757 nisi
655 1709 858 1756 tantum
891 1714 985 1769 per
1014 1712 1445 1768 unumquemque
1474 1712 1645 1751 annus
1676 1694 1845 1750 semel

264 1792 322 1850 iu
353 1793 471 1851 alba
501 1792 570 1847 ad
594 1792 768 1846 omnis
793 1791 1104 1846 sacerdotes
1135 1804 1297 1845 unum
1326 1787 1618 1858 prandeum
1646 1787 1847 1842 iacien-

1943 589 2152 647 Cartole
2189 587 2418 643 cesionis
2454 594 2667 654 nostra,
2714 591 2901 655 postea
2945 583 3076 639 mihi
3106 583 3361 642 relectum
3390 596 3510 657 est,

1943 684 2193 740 consensi
2222 691 2278 738 et
2305 681 2619 751 subscripsi.

2017 776 2127 844 Ego
2153 773 2480 829 Johannacis
2513 786 2568 828 v.
2604 786 2656 826 v.
2688 769 3081 840 areipresbiter.

2016 868 2126 936 Ego
2152 866 2340 921 Clarus
2369 880 2421 920 v.
2454 880 2505 920 v.
2541 864 2822 933 presbiter.

2019 959 2130 1029 Ego
2159 958 2483 1015 'i‘euderacis
2514 973 2565 1011 v.
2598 972 2650 1012 v.
2680 955 2963 1025 presbiter.

2016 1050 2127 1120 Ego
2156 1049 2420 1105 Candidus
2450 1049 2730 1119 presbiter.

2018 1141 2129 1212 Ego
2159 1139 2505 1195 Geminianus
2537 1154 2587 1192 v.
2624 1152 2676 1194 v.
2715 1135 2997 1207 presbiter.

2681 1282 2745 1350 ll.

1943 1380 2158 1458 Joannis
2214 1376 2355 1441 electi
2431 1380 2649 1458 episcapi
2700 1386 3029 1458 Pistoriensi},
3074 1385 3320 1458 professio
3374 1388 3512 1458 facta

2017 1456 2220 1511 Bulstiri
2268 1446 2480 1511 Lucensi
2524 1446 2780 1527 episwpo,
2838 1446 2965 1509 nihil
3004 1446 3138 1524 juris
3168 1446 3513 1526 deperiturum

2016 1531 2235 1599 ecclesia:
2268 1529 2479 1581 Lucensi
2530 1529 2583 1581 in
2604 1527 2879 1599 quamdam
2923 1529 3082 1580 cedem
3125 1529 3519 1599 sacram(anno

2016 1598 2205 1653 Christi
2235 1600 2337 1654 700
2367 1608 2452 1651 aut
2480 1598 2645 1668 715).

2015 1708 2075 1765 in
2103 1711 2314 1764 nomine
2343 1708 2554 1763 Domini
2586 1708 2679 1763 Dei
2720 1709 2885 1763 nostri
2916 1706 3040 1765 Jesu
3065 1709 3283 1764 Christi.
3318 1709 3523 1781 Repro-

1951 1803 2104 1861 mitto
2152 1802 2248 1857 tibi
2278 1800 2479 1856 Balsari
2531 1800 2641 1855 Deo
2678 1801 2847 1870 gratia
2884 1801 3164 1870 episcopus
3189 1841 3205 1870 ,
3247 1817 3520 1857 me........

268 1884 359 1953 di,
392 1885 532 1939 sicut
559 1881 889 1938 consuetudo
920 1881 1023 1936 iuit
1052 1879 1290 1936 Ecclesie
1331 1880 1493 1935 illius.
1528 1879 1591 1933 Et
1621 1879 1723 1934 hoc
1749 1877 1846 1932 ad-

1964 1894 2017 1950 id
2042 1895 2150 1949 ﬁlio
2177 1906 2298 1948 meo
2325 1891 2580 1949 Johannis
2606 1869 2806 1949 electus
2829 1869 3028 1949 civitati
3056 1869 3398 1951 Pistoriensis
3426 1910 3516 1952 sa-

266 1980 449 2036 dimus
488 1980 544 2032 in
583 1978 720 2032 hanc
754 1976 1035 2047 paginam,
1075 1976 1122 2032 si
1162 1974 1513 2044 quiscumque
1552 1972 1713 2029 homo
1748 1971 1845 2027 Dei

266 2074 462 2138 fuerit,
502 2071 618 2127 sibe
652 2069 955 2138 hominem,
988 2082 1084 2124 seu
1121 2083 1327 2138 equus,
1364 2066 1449 2122 vel
1488 2066 1674 2121 bovem
1698 2106 1713 2132 ,
1756 2074 1850 2121 aut

267 2175 446 2231 terra,
492 2172 545 2217 et
597 2162 921 2231 mancipium
972 2169 1077 2215 tam
1123 2159 1320 2214 moviie
1363 2174 1520 2229 quam
1566 2158 1847 2224 inmovile,

267 2253 528 2325 quidquid
560 2253 757 2309 ibidem
785 2250 1036 2307 oli‘ertum
1067 2247 1227 2305 fuerit
1254 2251 1311 2305 in
1340 2258 1658 2319 potestatem
1699 2248 1846 2304 illius

266 2344 450 2401 abbati
484 2344 591 2399 sint
611 2385 626 2412 ,
657 2344 748 2413 qui
776 2344 829 2396 in
860 2343 1052 2397 eodem
1083 2342 1201 2397 loco
1230 2342 1499 2397 reservire
1528 2342 1763 2408 videtur,
1793 2348 1848 2396 et

266 2437 455 2507 regula
497 2434 905 2495 custodiendum
925 2473 941 2499 ,
976 2433 1059 2489 vel
1088 2433 1473 2488 monachorum
1505 2432 1848 2488 consuetudi-

268 2542 398 2583 nem
427 2536 481 2581 et
509 2526 751 2581 ordinem
780 2535 1024 2580 sanctum
1052 2522 1338 2579 tenendum
1368 2523 1648 2578 iuab......
1678 2537 1847 2593 quan-

268 2618 449 2687 doque
491 2618 606 2687 ipse
650 2627 960 2686 presumat,
1014 2630 1110 2670 nec
1150 2630 1282 2682 nos,
1332 2629 1430 2669 nec
1466 2615 1555 2683 qui
1601 2625 1718 2685 post
1749 2628 1847 2669 nos

268 2712 486 2768 venturi
516 2719 673 2779 sunt,
703 2710 827 2781 quia
869 2719 1000 2781 quot
1041 2710 1179 2765 bene
1208 2709 1528 2779 disponitur,
1559 2717 1615 2764 et
1644 2708 1848 2778 legibus

269 2806 576 2869 roboratur,
610 2812 856 2874 Oportum
887 2813 971 2858 est
1012 2803 1264 2875 perennis
1306 2812 1362 2859 et
1401 2801 1596 2857 futuris
1639 2810 1849 2871 tempo-

270 2898 426 2955 ribus
456 2899 779 2970 permanire.
813 2898 880 2952 Et
905 2897 952 2951 si
982 2898 1100 2966 quis
1127 2906 1313 2951 contra
1345 2897 1481 2951 hanc
1511 2895 1847 2951 discritiones

274 2999 459 3045 nostre
505 2989 761 3045 cartniam
791 2989 869 3044 ire
892 2989 1272 3059 presumSerit,
1304 2987 1399 3044 Dei
1442 2988 1677 3043 incurrat
1715 2988 1852 3057 peri-

274 3080 488 3147 culum,
518 3079 658 3135 sicut
682 3078 843 3135 Judas
876 3079 1123 3147 traditor,
1153 3081 1239 3148 qui
1269 3094 1328 3133 se
1358 3079 1549 3148 laqueo
1576 3078 1848 3147 suspidet,

1948 1987 2268 2053 cerdotibus,
2295 1996 2352 2040 ut
2373 1984 2519 2056 justo
2546 1986 2906 2042 moderamine
2931 2000 3314 2044 conservemus
3339 1989 3522 2046 [ermi-

1950 2088 2116 2136 tatem
2146 2081 2390 2151 quotiens
2418 2080 2520 2134 alia
2563 2079 2701 2135 inter
3021 2078 3218 2136 essoris
3271 2091 3525 2137 evenerat

1948 2171 2086 2227 bone
2137 2170 2559 2227 voluntati.......
2606 2181 2659 2224 et
2709 2171 2753 2225 si
2777 2170 2844 2225 de
2894 2170 3287 2226 ofﬁciorum...
3349 2172 3525 2227 eccle~

1947 2261 2177 2315 siasticis
2204 2269 2414 2329 oportet
2448 2262 2517 2315 de
2537 2274 2621 2327 ea,
2668 2275 2773 2329 que
2799 2260 2965 2315 semel
2994 2261 3198 2327 fecerit,
3250 2275 3345 2331 per
3391 2263 3525 2315 scri-

1950 2359 2043 2420 pto
2096 2351 2332 2416 ierrnari,
2389 2360 2444 2404 et
2480 2349 2599 2405 ideo
2649 2352 2850 2404 auctori
2904 2351 3013 2405 Deo
3063 2358 3326 2420 prometto
3354 2352 3525 2419 adque

1948 2445 2189 2514 spondeo
2239 2443 2501 2498 Johannis
2529 2443 2732 2497 electus
2760 2442 2989 2498 civitatis
3050 2442 3387 2498 i’istoriensis
3434 2443 3529 2499 tibi

1950 2536 2067 2589 viro
2098 2533 2408 2589 beatissimo
2452 2533 2653 2587 Balsari
2685 2532 2990 2603 episcopus,
3050 2540 3231 2601 postea
3258 2546 3415 2602 quam
3444 2545 3531 2588 me

1950 2625 2178 2695 populus
2206 2623 2537 2679 Pistoriense
2591 2624 2645 2677 in
2700 2623 2820 2677 loco
2876 2624 3167 2691 episcOpati
3215 2625 3527 2694 elegerunt,

1950 2715 2218 2772 recordati
2265 2728 2482 2781 scmus,
2533 2731 2600 2770 eo
2651 2716 2792 2785 quod
2822 2715 2890 2770 de
2934 2715 3177 2771 Deocisis
3215 2725 3270 2771 at
3317 2716 3532 2772 Lucano

1950 2809 2236 2878 episcopus
2267 2822 2478 2876 semper
2507 2806 2741 2872 fuerunt,
2771 2816 2827 2861 et
2852 2808 3083 2863 menitne
3113 2800 3380 2876 potuimus
3400 2808 3532 2864 foris

1953 2907 2043 2952 tuo
2069 2897 2292 2953 consilio
2348 2897 2634 2967 episcopus
2662 2896 2930 2965 prodictus
2989 2898 3043 2953 in
3076 2900 3189 2968 ipso
3214 2898 3333 2953 loco
3358 2897 3533 2967 prole.

1951 2990 2175 3056 ciscere,
2193 2989 2514 3053 recorrentis
2534 3002 2632 3042 nos
2654 2988 2719 3042 ad
2736 2988 3063 3044 orationibus
3081 2988 3359 3057 petivimus
3374 2990 3537 3046 licen-

1952 3080 2100 3147 tiam,
2115 3089 2173 3134 ut
2186 3078 2239 3134 in
2254 3094 2319 3135 eo
2332 3079 2451 3135 loco
2462 3080 2784 3149 episcopatie
2797 3093 2891 3136 nos
2903 3092 3186 3149 suscepere
3198 3079 3535 3149 deveremus;

278 3181 335 3229 et
382 3172 448 3226 ad
494 3170 735 3241 judiciali
786 3172 1080 3227 reverentia
1130 3181 1308 3225 reatus
1358 3169 1600 3235 recidat;
1632 3177 1687 3226 et
1728 3183 1850 3224 cum
1891 3233 1929 3242 _
1957 3174 2003 3228 si
2031 3184 2207 3229 tamen
2248 3184 2303 3229 ut
2329 3180 2384 3227 at
2434 3171 2815 3242 governatione
2844 3186 2969 3241 erga
3000 3172 3211 3242 Eglesie
3243 3172 3534 3228 Pistorien-

278 3277 489 3321 summa
539 3261 857 3318 duicidinem
899 3272 953 3317 et
1001 3260 1264 3315 desideria
1316 3260 1522 3314 Domini
1571 3259 1850 3314 colendum
1882 3233 1931 3299 (ἶ
1961 3265 2035 3319 sis
2069 3265 2378 3334 patrocinio,
2424 3264 2501 3319 sic
2524 3266 2624 3329 ita,
2657 3274 2711 3318 ut
2735 3264 2859 3320 dum
2884 3263 3134 3320 advivere
3162 3265 3538 3333 meruerimus,

281 3355 583 3414 Petroniaci
632 3354 741 3408 ﬁlio
792 3362 976 3409 nostro
1020 3353 1357 3408 scrivendam
1403 3352 1755 3420 dictavimus,
1805 3362 1860 3409 et

284 3446 534 3502 manibus
565 3442 761 3499 nostris
792 3444 1201 3513 suscripsimus,
1246 3451 1304 3497 ut
1338 3442 1607 3512 perpetuis
1648 3452 1860 3511 tempo-

287 3537 439 3594 ribus
464 3535 751 3590 stavilitum
783 3536 1069 3603 persistere
1100 3535 1337 3589 dibeant.

359 3631 553 3685 Actum
582 3627 634 3682 in
664 3626 879 3682 civitate
914 3626 1176 3692 Lucense,
1202 3626 1300 3680 sub
1339 3626 1423 3681 die
1466 3640 1560 3680 xui
1598 3625 1862 3681 Kalenda-

285 3736 409 3778 rum
454 3719 904 3789 Februariarum,
960 3734 1055 3789 per
1105 3718 1396 3774 indictione
1451 3717 1552 3789 15,
1604 3728 1864 3787 regnante

288 3812 504 3870 domuis
545 3812 742 3867 nostris
784 3811 1081 3880 Pertharit,
1126 3822 1183 3866 et
1222 3811 1479 3881 Cunipert
1519 3812 1866 3878 virisexcel-

288 3902 603 3958 ientissimis
651 3900 902 3973 regibus,
951 3915 1093 3957 anno
1140 3900 1447 3957 ﬁlicissimis
1489 3900 1640 3973 regni
1676 3918 1863 3958 eorum

292 3994 664 4053 tertiodecimo
692 4002 746 4051 et
788 3992 1006 4065 quinto,
1047 4009 1142 4065 per
1172 3993 1460 4052 indictione
1485 3995 1864 4067 subrascripta,

288 4085 540 4142 feliciter.

288 4243 348 4301 in
375 4257 536 4301 cursu
565 4248 712 4309 erat,
743 4248 797 4299 et
829 4242 1148 4298 Cunibertus
1178 4240 1491 4298 numerabat
1529 4258 1725 4299 annum
1774 4261 1857 4302 re-

289 4316 382 4386 gni
412 4316 653 4384 quintum
672 4355 687 4381 ,
719 4314 894 4386 serius
921 4313 997 4386 illi
1028 4316 1242 4386 regalis
1266 4315 1447 4369 titulus
1494 4314 1717 4369 collatus
1744 4316 1861 4371 iue-

290 4384 614 4457 ritnecesse
642 4394 745 4441 est.
779 4384 1113 4457 Maliillonius
1141 4385 1674 4457 diplomaLCuniberti
1703 4402 1863 4457 supra

292 4455 425 4511 mihi
456 4466 806 4527 memoratum
836 4454 1013 4509 retulit
1040 4455 1104 4509 ad
1134 4470 1341 4527 annuui
1370 4454 1509 4523 700,
1543 4473 1649 4524 quo
1692 4454 1862 4527 neque

289 4527 515 4582 indictio
570 4527 637 4581 15
686 4526 1006 4597 decurrebat
1061 4540 1244 4597 mense
1300 4526 1633 4592 Novembri,
1693 4526 1862 4597 neque

1963 3354 2349 3411 ordinationem
2374 3356 2817 3425 presbiterorum,
2849 3354 3196 3410 diacouorum
3219 3356 3540 3427 iaciendam,

1965 3464 2074 3505 non
2130 3449 2432 3516 uobiscum,
2484 3450 2578 3505 sed
2636 3457 2722 3504 tua
2759 3450 3015 3505 sanctitas
3063 3451 3443 3521 peragendum.
3473 3452 3544 3515 Et

1967 3539 2069 3593 hoc
2109 3539 2422 3607 repromitto
2480 3539 2573 3594 tibi
2616 3539 2865 3595 dominus
2894 3540 3097 3597 Balsari
3142 3543 3425 3613 episcopus
3454 3543 3541 3600 vel

1965 3633 2333 3705 secesseribus
2358 3630 2487 3697 tuis,
2516 3631 2582 3686 de
2611 3630 2840 3701 Eglesie,
2872 3632 2955 3688 vel
2992 3630 3079 3703 qui
3106 3644 3273 3703 prnpe
3298 3649 3395 3690 nos
3418 3649 3538 3692 esse

1969 3727 2198 3794 videtur,
2229 3742 2315 3782 me
2353 3740 2641 3797 numquam
2672 3742 2793 3782 esse
2813 3737 3083 3797 causator,
3113 3740 3289 3799 neque
3332 3729 3546 3785 subtra-

1966 3819 2199 3888 gendum
2231 3819 2297 3873 da
2349 3833 2445 3874 vos
2472 3822 2573 3874 hoc
2602 3822 2716 3889 ipse
2758 3820 3017 3875 Ecclesia.
3051 3828 3080 3860 ι
3109 3820 3202 3876 Vel
3250 3829 3303 3877 et
3330 3822 3376 3878 si
3406 3821 3539 3878 sub-

1969 3921 2143 3966 traere
2182 3910 2405 3967 voluero
2429 3924 2528 3980 ego
2554 3909 2812 3966 Johannis
2833 3926 2925 3981 per
2966 3926 3053 3968 me
3088 3913 3229 3983 ipsus
3250 3913 3435 3981 de.....
3457 3911 3545 3969 vel

1967 4005 2187 4061 Collesis
2225 4004 2450 4071 Eclesie,
2508 4004 2594 4061 vei
2640 4020 2736 4076 per
2777 4007 3107 4062 somessione
3165 4006 3273 4070 alio
3335 4007 3545 4063 viu.....

1969 4099 2387 4168 promessionem
2422 4099 2502 4154 ire
2527 4099 2948 4167 temtaverimus,
2979 4104 3262 4169 componat
3292 4099 3427 4169 parti
3455 4109 3549 4155 ve-

1968 4258 2058 4326 aut
2084 4252 2363 4326 sanctitate
2388 4253 2510 4321 vitae
2534 4264 2794 4326 praestans
2820 4274 2836 4324 ;
2867 4257 3158 4313 tundatoris
3188 4258 3329 4312 enim
3356 4257 3545 4326 virtus,

1972 4323 2063 4392 qui
2103 4323 2248 4396 lares
2299 4325 2370 4379 ibi
2421 4323 2645 4396 ﬁgebat,
2698 4329 2781 4382 sui
2834 4330 3065 4381 nominis
3106 4328 3415 4396 celebritate
3445 4323 3544 4396 piae

1971 4394 2145 4463 gentis
2174 4394 2477 4450 oblationes
2502 4400 2720 4451 crebras
2738 4437 2754 4461 ,
2784 4405 2837 4452 et
2865 4398 3129 4465 ingentem
3160 4394 3544 4464 discipulormu

1973 4474 2130 4532 atque
2160 4465 2419 4518 sodalium
2449 4469 2653 4533 copiam
2696 4467 2764 4519 ad
2804 4480 2862 4519 se
2904 4467 3166 4521 trahebat.
3210 4467 3281 4519 ita
3322 4478 3542 4525 sanctus

1974 4532 2670 4606 Benedictusmonasterio
2714 4534 3002 4606 ACasineusi
3063 4548 3124 4588 ac
3183 4534 3536 4606 Sublacensi,

299 4612 675 4671 annusnonus
704 4596 1009 4671 Cuniberti,
1043 4596 1429 4671 nisiepocham
1475 4613 1505 4650 a
1550 4612 1710 4665 supra
1756 4596 1946 4656 lau-D
1975 4612 2188 4657 sanctus
2232 4603 2595 4657 Columbanus
2636 4604 2916 4669 Bobiensi,
2962 4610 3178 4659 sanctus
3222 4596 3543 4671 Anselmus',

298 4668 421 4722 data
466 4667 730 4722 diversam
780 4667 1032 4721 invehere
1078 4667 1337 4721 velimus:
1382 4681 1543 4733 quare
1571 4681 1760 4721 vereor
1799 4684 1869 4724 ne

301 4738 609 4862 gepravata:
641 4737 751 4791 sint
779 4737 917 4790 illius
944 4735 1248 4805 diplomatis
1276 4745 1418 4792 nota:
1456 4738 1865 4807 elirouologicte.

352 4824 488 4862 euue
536 4808 733 4862 minori
775 4807 949 4861 studio
989 4806 1170 4860 caeteri
1208 4806 1372 4862 italiae
1417 4808 1682 4862 principes
1712 4818 1865 4862 atoue

352 4806 488 4878 eque
536 4808 733 4863 minori
775 4807 949 4861 studio
989 4806 1170 4860 caeteri
1208 4806 1372 4862 italiae
1417 4808 1682 4875 principes
1712 4806 1871 4877 atque

298 4878 571 4949 episcopi,
605 4893 701 4949 pro
745 4885 1082 4949 peccatorum
1109 4891 1325 4932 suorum
1369 4879 1687 4949 remissione
1731 4894 1868 4936 nova

297 4948 687 5011 monachorum
727 4949 971 5003 cmnobia
1009 4948 1311 5003 fundarunt.
1357 4948 1518 5003 Multa
1558 4965 1620 5004 ex
1664 4950 1730 5004 iis
1771 4965 1869 5005 nu-

304 5029 580 5075 merantur
609 5034 639 5074 a
666 5016 918 5072 Romanis
960 5019 1296 5087 pontiﬁcibus
1337 5019 1559 5087 aliisque
1597 5022 1861 5089 episcopis

301 5099 630 5155 constructa,
661 5091 825 5143 multa
855 5105 886 5142 a
918 5090 1240 5157 principibus
1273 5092 1865 5157 Beneventanis,tnulta

305 5160 521 5237 demum
550 5175 581 5214 a
606 5156 830 5237 ducibus
858 5156 1132 5237 Furi—Julii
1153 5197 1169 5225 ,
1203 5161 1433 5237 Tusciae,
1466 5170 1625 5237 atque
1652 5156 1868 5237 ab‘aliis

302 5227 467 5284 italize
496 5229 859 5300 magnatibus,
890 5243 948 5300 ut
977 5231 1211 5299 reliquos
1256 5227 1676 5299 praetermittam.
1724 5234 1868 5287 Nou-

304 5299 873 5371 nuliorum’originem
918 5299 1203 5368 diplomata
1252 5302 1338 5355 hic
1385 5302 1587 5356 edenda
1637 5304 1871 5358 illustra-

307 5369 460 5448 buut.
481 5368 739 5448 _Attatnen
768 5371 1239 5448 Langobardorum
1270 5372 1501 5426 adventu
1540 5388 1605 5428 ac
1645 5376 1864 5442 popula-

308 5439 451 5496 tione
476 5439 675 5497 iactum
707 5451 788 5505 est
829 5439 1118 5497 ut’saeculo
1150 5458 1202 5497 vr
1233 5453 1285 5499 et
1314 5458 1385 5496 vn
1426 5439 1870 5501 monasteriorum

307 5508 362 5565 in
414 5508 562 5567 italia
590 5511 948 5575 giundationes
995 5528 1101 5567 non
1150 5522 1257 5569 tam
1315 5515 1620 5582 frequentes
1669 5514 1870 5571 fuerint

309 5590 469 5655 atque
498 5584 551 5638 in
578 5583 748 5639 Gallia
777 5593 831 5638 et
857 5584 1169 5655 Britannia.
1194 5584 1304 5638 imo
1328 5595 1380 5639 et
1409 5600 1475 5639 ex
1506 5587 1569 5639 iis
1599 5601 1720 5655 quae
1747 5598 1872 5643 ante

311 5648 790 5721 conditafueraut,
828 5669 931 5707 non
958 5669 1123 5724 pauca
1153 5654 1303 5709 luere
1329 5656 1538 5718 excisa,
1587 5648 1658 5711 iia
1705 5667 1762 5711 ut
1806 5672 1872 5713 ne

311 5736 497 5778 eorum
526 5725 739 5796 quidem
781 5726 1035 5779 memoria
1074 5727 1325 5794 supersit.
1370 5726 1474 5781 Sed
1516 5728 1607 5782 illa
1646 5729 1872 5796 potissi-

315 5806 461 5868 mum
490 5794 835 5868 celeberrima
855 5810 924 5868 ac
953 5796 1215 5868 ditissima
1257 5798 1577 5852 monasteria
1615 5794 1868 5868 evasere,

316 5864 511 5938 quibus
538 5861 749 5925 initium
765 5865 918 5925 dedit
940 5867 1203 5939 quispiam
1227 5874 1321 5927 aut
1345 5868 1618 5928 nobilitate
1634 5861 1879 5961 generis;

1981 4675 2152 4742 primo
2194 4673 2299 4726 dux
2349 4674 2761 4743 Forojuliensis,
2808 4682 2927 4741 tum,
2962 4676 3175 4730 circiter
3217 4691 3415 4731 annum
3442 4677 3546 4733 752

1973 4743 2218 4818 tundatur
2242 4754 2300 4818 et
2343 4745 2507 4818 abbas
2557 4744 3273 4805 monasteriiiNonantulani
3317 4749 3369 4818 in
3414 4764 3541 4818 agro

1970 4813 2293 4879 Mutinensi,
2326 4825 2381 4868 ut
2411 4816 2508 4869 hos
2554 4824 2758 4869 tantum
2807 4826 3131 4882 memorem,
3176 4813 3543 4876 incredibilem

1971 4884 2036 4959 iis
2068 4884 2197 4959 locis
2229 4884 2419 4959 tamam
2451 4893 2517 4959 e_t_
2547 4898 2676 4959 opes
2726 4896 2999 4959 peperere.
3044 4887 3228 4959 Neque
3271 4890 3546 4957 segniores

1970 4955 2023 5009 in
2069 4953 2331 5028 ejusmodi
2378 4955 2554 5011 studio
2590 4953 2819 5011 ’l‘uerunt
2862 4958 2952 5012 alii
2997 4953 3252 5028 regesmc
3300 4953 3548 5027 proceres

1971 5035 2119 5080 extra
2153 5025 2377 5079 italiam.
2424 5028 2621 5097 Qnott
2647 5028 2875 5095 exempli
2926 5025 3122 5097 causa,
3164 5025 3547 5085 monachorum

1971 5097 2236 5171 domicilia
2268 5098 2567 5171 excitarint
2587 5096 2811 5171 Carolus
2830 5096 3115 5171 jlugnus,
3145 5100 3367 5171 ejusque
3410 5098 3549 5171 illius

1971 5167 2270 5221 Ludovicus
2324 5168 2481 5233 Pius,
2545 5170 2780 5226 Annales
2825 5167 3257 5227 Francorum‘et
3307 5168 3551 5225 Manilio-

1970 5238 2115 5293 niani
2144 5247 2226 5291 sat
2268 5237 2514 5306 produnt.

2044 5318 2067 5343 ο
2100 5308 2336 5363 Fuerunt
2385 5311 2545 5380 etiam
2595 5320 2864 5380 tempora,
2924 5310 3182 5380 praecipue
3232 5314 3350 5377 post
3378 5326 3555 5366 szecu~

1971 5377 2082 5434 lum
2126 5393 2249 5434 serae
2278 5379 2592 5435 Christiana
2612 5377 3130 5451 decimum,‘qullius
3192 5382 3407 5448 propter
3453 5382 3553 5436 ali-

1970 5451 2109 5519 quod
2163 5462 2383 5505 enorme
2431 5454 2665 5516 crimen,
2722 5462 2845 5521 puta
2898 5452 3226 5519 scliismatis,
3275 5453 3554 5521 itiitttilttﬂa

1970 5522 2071 5575 i'uit
2092 5524 2399 5591 metropolis
2419 5520 2855 5593 archiepiscopis,
2881 5532 2967 5574 aut
2990 5522 3232 5577 dimcesis
3256 5520 3520 5590 episcotiis
3536 5560 3555 5587 ,

1970 5605 2076 5645 non
2156 5605 2309 5646 secus
2353 5604 2415 5648 ac
2469 5592 2662 5648 factum
2726 5592 3024 5646 civitatibus
3076 5593 3366 5660 nonnullis,
3427 5606 3559 5661 quas

1970 5661 2048 5735 ira
2132 5662 2512 5735 imperatorum
2577 5674 2669 5735 seu
2752 5670 2931 5731 regum
2988 5663 3209 5735 antiquo
3280 5664 3560 5718 comitatus

1967 5732 2106 5803 iure,
2140 5735 2305 5788 exuit.
2340 5734 2441 5788 Sed
2478 5734 2615 5803 quod
2669 5735 2721 5786 in
2778 5735 2958 5800 primis
3003 5732 3553 5799 aliitiiadt‘értctidiitii,

1969 5801 2213 5873 plurimis
2242 5801 2601 5869 inlocis,‘ubi
2666 5805 2884 5873 insignia
2934 5808 3312 5873 monachorum
3369 5818 3559 5859 mona-

2178 5875 2484 5947 ίανιδυοΐοι
2540 5872 2833 5955 (ἱρωτωῆ
2862 5875 3012 5953 olim
3035 5872 3157 5955 fuit,
3184 5876 3557 5949 episcoporum

1894 6017 2012 6036 ’,φ-4-
