4026 6352
553 345 684 403 1‘55!

1777 342 2391 402 LANGOBARDORUM
2433 344 2565 402 REG
2578 342 2671 401 UM

3664 354 3779 411 1552

553 478 665 526 stre
694 466 808 521 auri
838 465 1049 522 soledos
1076 460 1288 521 centum
1323 479 1460 536 pene
1508 478 1690 529 causa,
1725 462 1818 518 sed
1880 462 1932 517 in
1972 461 2148 515 omni-
2172 463 2227 523 Α
2251 474 2499 530 superius
2528 463 2739 532 legitur,
2764 462 2904 533 quod
2935 462 2989 517 in
3017 470 3331 533 potestatem
3352 464 3601 532 portionis
3624 466 3781 523 Forte-

554 559 654 615 bus
675 558 983 628 adimpleta,
1008 559 1239 629 qualiter
1262 558 1617 620 decrevimus,
1640 564 1696 611 et
1718 552 1913 608 amodo
1941 552 2033 606 Dei
2058 551 2138 605 in—

555 662 730 707 corrat
748 649 1033 723 judicium,
1060 659 1115 706 et
1144 651 1210 705 ad
1241 658 1584 718 sagrossncto
1614 646 1817 702 Altario
1837 645 1930 700 sed
1956 658 2135 699 remo-

557 753 664 811 tus,
696 744 742 798 si
767 758 867 811 ego
882 742 1162 809 Johannis,
1184 749 1378 797 etcum
1397 754 1553 795 causa
1578 754 1703 796 vero
1723 739 1791 793 da
1812 736 2137 807 suprascrita

556 833 1192 904 repromissionem.......
1260 831 1427 900 Quam
1487 832 1604 887 viro
1669 830 2140 900 repromissionem

538 930 652 998 per
680 927 875 983 domno
918 928 1155 999 genitore
1198 941 1318 982 meo
1364 925 1633 982 Adrohald
1660 925 1825 979 abbas
1872 924 2025 977 vovis
2054 937 2143 977 su-

560 1022 852 1091 prascripta
883 1022 1017 1091 parti
1047 1035 1170 1089 pars
1213 1019 1370 1091 elegi,
1394 1021 1489 1074 .uvi
1523 1031 1576 1075 et
1602 1021 1814 1088 propria
1844 1018 2144 1073 conferma—

560 1113 757 1169 tionem
790 1113 868 1167 vel
898 1110 1351 1180 conscriptionem
1392 1124 1651 1166 manevus
1681 1109 1837 1179 meis,
1855 1110 1937 1166 vel
1963 1123 2145 1166 sacer-

558 1205 738 1259 dotum
767 1218 1009 1259 meorum
1040 1204 1228 1259 tradidi
1254 1204 1618 1259 scribendum.

632 1297 822 1352 Actum
850 1294 903 1349 in
944 1296 1103 1350 domo
1140 1304 1325 1351 sancte
1380 1295 1575 1351 eclesie
1628 1293 1830 1351 civitati
1878 1293 2145 1360 Lucense,

557 1392 655 1445 sub
687 1391 771 1444 die
820 1405 892 1446 xu
945 1384 1309 1447 Kalendarum
1366 1388 1671 1459 Iuniarum,
1729 1387 2047 1460 indictione.
2080 1384 2149 1442 15

557 1482 799 1538 feliciter.

1272 1571 1474 1629 [IL-1V.

557 1661 780 1716 Dmatio
810 1663 1133 1732 prmaiarumr
1145 1665 1289 1732 facta
1313 1663 1541 1717 ecclesia»:
1584 1664 1750 1717 sancti
1777 1661 1924 1716 Petri
1955 1661 2007 1713 in
2030 1661 2155 1713 civi-

630 1744 729 1787 tate
775 1731 993 1786 Lucensi
1037 1750 1067 1784 α
1110 1731 1399 1787 Fortunato
1440 1734 1751 1804 presbytero,
1784 1737 1996 1804 ejusque
2040 1731 2153 1804 ﬁlio

628 1804 898 1857 Bonnufdo
937 1804 1250 1873 presbytero,
1300 1802 1545 1874 reliquum
1590 1802 1707 1857 uita:
1747 1802 1813 1857 ἱη⁷
1844 1802 2148 1874 nwrtasterio

629 1892 776 1944 agere
820 1875 1162 1942 cupientibus,
1213 1873 1417 1928 licentia
1467 1891 1554 1944 per
1592 1892 1675 1928 eos
1714 1877 1870 1943 petita
1924 1891 1954 1925 a
2002 1873 2149 1926 Tele-

628 1946 863 2011 sperinno
892 1946 1150 2013 episcopo,
1183 1955 1228 1999 et
1264 1944 1532 2017 Walperto
1563 1947 1688 1998 duce
1720 1956 1878 2016 (anno
1908 1945 2059 2013 715).

629 2031 686 2084 lu
720 2031 934 2085 nomine
982 2030 1194 2085 Domini
1242 2030 1335 2086 Dei
1366 2042 1420 2086 et
1467 2032 1761 2087 Salvatoris
1803 2032 1972 2085 nostri
2017 2032 2146 2086 Jesu

558 2122 777 2177 Christi.
836 2123 1114 2193 Regnante
1179 2121 1378 2178 domno
1432 2134 1617 2179 nostro
1686 2123 1979 2192 Lintprand
2035 2126 2150 2177 viro

559 2215 1010 2270 excellentissimo
1052 2230 1198 2283 rege,
1231 2229 1372 2270 anno
1420 2215 1568 2284 regni
1616 2213 1734 2284 ejus
1784 2214 2024 2269 secundo
2057 2228 2150 2281 per

561 2305 856 2361 indictione
906 2307 1193 2361 undecima
1250 2307 1663 2363 feliciter........
1715 2307 1856 2376 quod
1906 2308 1959 2361 in
2008 2315 2149 2363 terra

561 2412 659 2466 pax
693 2398 997 2455 hominibus
1026 2398 1164 2454 bone
1214 2400 1524 2467 voluntatis,
1554 2410 1658 2456 etc.
1695 2400 1806 2469 Ego
1858 2398 2150 2457 Fortouato

561 2487 811 2557 rel’gioso
844 2487 1106 2556 presbiter
1135 2502 1237 2543 una
1268 2504 1390 2544 cum
1436 2490 1547 2546 filio
1572 2506 1695 2547 meo
1739 2491 1976 2545 Bonuald
2009 2506 2061 2547 v.
2094 2507 2147 2545 v.

562 2580 849 2650 presbiter,
873 2596 971 2635 nus
992 2580 1058 2634 ad
1083 2592 1270 2636 sancto
1294 2581 1505 2636 Domini
1529 2584 1911 2641 cummendare
1938 2583 2149 2651 altario,

562 2677 617 2724 et
643 2669 846 2740 fragilis
878 2669 964 2725 hic
994 2672 1261 2740 periturus
1290 2672 1615 2741 relinquere,
1650 2674 1777 2728 dum
1808 2688 1931 2729 eum
1974 2673 2153 2727 Domi-

562 2777 634 2817 no
666 2778 788 2817 meo
817 2762 945 2817 Jesu
977 2762 1175 2821 Christi
1212 2766 1617 2833 complacuerit,
1650 2766 1705 2821 in
1738 2766 1860 2823 loco
1886 2782 1988 2836 qua
2016 2768 2155 2822 natis

561 2868 748 2909 sumus
790 2857 929 2922 vico,
961 2855 1050 2925 qui
1084 2865 1303 2911 vocatur
1331 2855 1607 2926 Cassiana,
1647 2873 1756 2913 uno
1785 2867 1997 2928 petente
2027 2874 2156 2915 con-

565 2949 690 3003 Silio
738 2948 851 3004 Deo
898 2948 1114 3019 dignum
1157 2959 1261 3015 est,
1308 2964 1409 3004 nus
1442 2951 1681 3005 havitare
1731 2952 1782 3005 in
1831 2953 2155 3007 monasterio

563 3040 851 3108 petivimus
897 3040 1168 3094 licentiam
1222 3040 1405 3095 domni
1456 3040 1821 3111 Talesperiani
1864 3043 1956 3098 Dei
1987 3042 2155 3113 gratia

567 3129 841 3199 episcopo,
874 3137 926 3185 et
956 3146 1074 3185 cum
1106 3131 1272 3200 gratia
1312 3130 1493 3185 domui
1539 3131 1795 3200 Walperti
1822 3132 1944 3188 duci
1975 3143 2158 3189 nostro

2244 553 2356 609 nati
2406 554 2740 622 demisimus,
2791 555 2968 610 omnia
3020 563 3075 609 et
3118 556 3171 609 in
3220 555 3467 610 omnibus
3512 567 3648 625 parte
3686 576 3781 615 mea

2244 650 2445 704 cultum
2476 650 2652 719 adque
2682 649 2962 717 incultum,
2996 649 3191 705 movile
3222 648 3306 703 vel
3354 650 3595 704 inmovile
3617 666 3783 719 serique

2243 743 2668 809 semoventibus,
2693 745 2873 798 omnia
2904 744 2956 798 in
2980 743 3243 813 integrum
3268 742 3434 800 oﬂero
3458 744 3563 799 Deo
3582 756 3629 798 et
3646 749 3784 801 sancti

2246 836 2412 900 Petri,
2433 852 2588 904 quem
2618 837 2749 891 mihi
2774 836 3025 891 heredem
3052 837 3297 891 constitui
3322 846 3428 891 tam
3452 837 3631 893 movile
3650 854 3781 908 quam

2246 929 2500 983 inmovilc
2554 944 2646 984 seo
2698 929 3121 995 semoventibus,
3177 929 3430 1000 quidquid
3480 930 3659 985 havere
3705 931 3785 985 visi

2248 1034 2452 1087 sumus,
2497 1021 2579 1075 vel
2608 1021 2783 1075 adhuc
2811 1035 3131 1089 conquirere
3161 1022 3485 1087 potuerimus
3523 1020 3584 1074 ab
3613 1021 3697 1076 hac
3719 1022 3787 1078 die

2252 1111 2403 1165 ﬁrma
2431 1112 2494 1164 ad
2529 1113 2640 1179 ipsa
2668 1120 2851 1165 sancta
2883 1122 3091 1165 vertute
3124 1112 3173 1164 in
3219 1114 3423 1180 integro
3452 1112 3721 1179 possedeat,
3745 1124 3788 1168 et

2253 1217 2505 1271 umquam
2537 1202 2645 1255 ullo
2678 1211 2918 1270 tempore
2950 1202 3014 1256 ad
3063 1201 3213 1256 novis
3257 1204 3617 1272 retragendum
3644 1214 3709 1259 est
3736 1206 3787 1259 ad

2252 1292 2351 1346 alia
2383 1291 2623 1345 Ecclesia
2648 1304 2737 1346 aut
2767 1292 2832 1346 ad
2855 1293 3018 1347 alium
3045 1294 3401 1359 sacerdotem,
3430 1294 3565 1363 quod
3586 1295 3644 1349 ad
3666 1299 3789 1351 novis

2256 1384 2503 1440 oﬂ'ertum
2534 1392 2637 1450 est,
2690 1384 2790 1439 nisi
2837 1385 2927 1453 qui
2976 1384 3103 1439 inivi
3150 1385 3316 1440 abbas
3367 1385 3543 1454 fuerit,
3583 1396 3632 1440 et
3658 1403 3785 1455 quem

2256 1478 2484 1532 voluerit
2512 1492 2693 1532 secum
2730 1478 2946 1542 havere,
2977 1487 3031 1532 et
3059 1479 3103 1532 si
3131 1478 3249 1548 quis
3284 1478 3404 1533 ﬁliis
3445 1479 3526 1533 vel
3556 1481 3791 1549 nepotibus

2257 1569 2451 1623 nostris
2482 1569 2599 1623 sine
2626 1568 2814 1637 cojuve
2862 1568 2972 1624 Deo
3013 1569 3215 1623 servire
3265 1567 3511 1636 voluerit,
3538 1577 3587 1623 et
3612 1569 3792 1639 regula-

2258 1661 2390 1713 riter
2420 1663 2617 1725 vivere,
2667 1661 2765 1728 ipsi
2812 1658 3018 1715 fruator
3066 1659 3117 1713 in
3167 1659 3373 1714 honore
3426 1659 3655 1723 Domini;
3692 1662 3792 1715 etsi

2260 1751 2425 1807 abbas
2445 1753 2512 1807 de
2539 1752 2638 1806 hac
2669 1752 2787 1806 luce
2816 1751 3075 1820 migratus
3104 1750 3294 1816 fuerat,
3326 1760 3380 1805 et
3405 1751 3675 1806 dormieret
3696 1767 3793 1807 cum

2178 1839 2490 1911 Bpatribns
2547 1845 2682 1906 suis,
2734 1856 2889 1911 quem
2943 1842 3151 1896 monaci
3203 1841 3304 1910 ipsi
3360 1841 3605 1910 elegerint
3648 1842 3704 1896 de
3742 1858 3793 1896 eo

2252 1934 2577 1987 monasterio
2625 1934 2741 2002 ipso
2790 1932 2889 1987 sivi
2942 1943 3134 1989 aveant
3182 1932 3321 1986 abba
3373 1932 3651 1999 ordinatus,
3685 1936 3788 1988 etsi

2251 2026 2375 2096 quis
2402 2026 2471 2080 de
2520 2026 2673 2079 novis
2700 2026 2841 2095 quod
2885 2026 2953 2080 ab
2992 2041 3050 2080 se
3098 2026 3442 2095 substragere
3467 2026 3704 2093 volneret,
3728 2028 3793 2081 vel

2253 2120 2475 2189 proprio
2506 2120 2819 2187 defendere,
2849 2133 3049 2175 vacuus
3072 2130 3122 2174 et
3155 2122 3348 2174 enanis
3374 2120 3562 2175 exinde
3581 2128 3793 2185 exeat,et

2251 2210 2389 2265 dona
2424 2218 2602 2264 nostra
2635 2208 2685 2262 in
2728 2209 2936 2279 integro
2978 2208 3089 2264 Deo
3114 2218 3170 2263 et
3212 2220 3404 2265 sancto
3432 2208 3581 2265 Petro
3621 2202 3792 2279 per-ma;

2254 2314 2376 2358 neat
2403 2303 2807 2358 confermatam.

2327 2394 2495 2462 Quam
2531 2395 2645 2447 viro
2673 2393 2927 2447 cartulam
2975 2392 3231 2447 dotalium
3262 2406 3365 2462 ego
3403 2391 3641 2448 Sicherad
3678 2406 3703 2445 a
3738 2390 3792 2446 XI

2255 2484 2501 2555 indignus
2535 2487 2797 2554 presbiter
2828 2502 2892 2540 ex
2934 2485 3176 2555 jussione
3222 2485 3411 2539 domui
3442 2485 3794 2553 Thalesperiani

2253 2578 2549 2635 venerabili
2604 2580 2878 2648 episcopo,
2935 2579 3019 2633 vel
3076 2594 3143 2633 ex
3193 2588 3415 2648 rogatus
3471 2578 3713 2634 Fortunati
3755 2587 3795 2631 et

2256 2662 2495 2726 Bonuald
2544 2670 2811 2739 presbiter
2851 2670 2988 2723 hanc
3037 2670 3238 2724 eartula
3270 2670 3525 2725 dotalium
3573 2669 3734 2739 scripsi
3757 2678 3797 2724 et

2256 2760 2497 2830 perpetui
2529 2758 2855 2826 temporibus
2884 2768 3214 2828 permaneat.

2330 2852 2519 2907 Actum
2551 2853 2601 2906 in
2634 2851 2908 2905 civitatem
2942 2851 3180 2907 Lucense
3229 2852 3334 2907 sub
3363 2851 3469 2920 die,
3519 2858 3571 2906 et
3594 2862 3793 2920 regnum,

2257 2955 2312 3003 et
2341 2944 2631 3001 indictione
2660 2946 3025 3014 suprascripta
3058 2944 3313 2999 feliciter.

2332 3040 2552 3109 Signum
2586 3053 2780 3094 manus
2814 3037 3094 3093 Fortonati
3125 3038 3225 3093 viri
3257 3037 3493 3107 religiosi
3521 3036 3797 3093 benefactori

2261 3141 2316 3189 et
2342 3131 2739 3187 conservatori.

567 3220 800 3275 civitatis
831 3231 1013 3276 nostre
1059 3221 1337 3289 Lucensis,
1386 3233 1646 3293 quantum
1678 3226 1849 3280 virtus
1885 3224 2073 3291 animi,
2107 3237 2161 3281 et
2187 3235 2234 3299 ο
2335 3226 2557 3295 Signum
2593 3240 2783 3279 manus
2826 3223 3132 3279 Bonualdus
3180 3223 3479 3280 venerabili
3530 3223 3798 3294 presbitero,

570 3314 638 3367 ad
672 3312 1051 3380 fundamentis,
1093 3314 1328 3383 fabricis,
1364 3315 1641 3373 vestibulis
1687 3319 1927 3375 ecclesiis
1952 3322 2156 3382 consti-

571 3414 784 3461 tuemus
815 3406 865 3460 in
913 3405 1123 3461 honore
1167 3408 1339 3462 sancti
1390 3408 1532 3464 Petri
1574 3426 1748 3467 a......
1797 3411 2163 3483 suprascripto

575 3498 869 3560 Fortunato
898 3499 1109 3556 decrevi
1156 3502 1296 3557 inter
1324 3518 1409 3557 me
1437 3511 1493 3557 et
1521 3504 1641 3557 filiis
1669 3506 1825 3573 meis,
1851 3516 1905 3560 ut
1927 3522 2027 3575 ego
2069 3522 2165 3575 pro

572 3591 821 3645 onutibus
853 3590 1010 3646 rebus
1058 3591 1193 3656 meis
1238 3592 1697 3649 indefenito.......
1731 3607 1898 3665 prope
1937 3598 2049 3665 ipsa
2077 3612 2166 3651 ec-

576 3684 743 3739 clesia
784 3684 1062 3753 prcsbiteri
1112 3685 1413 3741 modiorum
1463 3687 1768 3754 duodecim,
1821 3698 1875 3744 et
1924 3691 2167 3760 vergario

579 3776 721 3829 medi
745 3775 863 3830 loco
886 3792 992 3830 uno
1015 3791 1181 3846 prope
1206 3778 1315 3847 ipsa
1341 3779 1569 3835 ecclesia
1594 3781 1772 3835 omnia
1798 3783 1848 3835 in
1873 3781 2165 3852 integrum,

586 3867 637 3919 id
665 3877 747 3920 est
793 3868 1128 3935 portiuncula
1180 3884 1294 3923 mea
1344 3871 1394 3924 in
1436 3871 1697 3941 integrum
1746 3888 1847 3945 ego
1879 3873 2170 3928 Fortonato

578 3972 673 4027 per
704 3958 1007 4013 mercedem
1040 3968 1095 4015 et
1140 3960 1432 4015 remedium
1473 3964 1648 4019 anime
1693 3979 1812 4021 mee
1856 3965 2173 4022 otTero'Deo

582 4059 635 4103 et
664 4048 889 4103 ecclesie
936 4051 1104 4106 sancti
1152 4052 1318 4119 Petri,
1378 4069 1535 4122 quem
1566 4057 1696 4111 mihi
1743 4057 1998 4115 heredem
2040 4072 2174 4114 con-

585 4141 733 4197 stitui
790 4140 950 4196 simul
1004 4152 1058 4198 et
1106 4158 1205 4213 ego
1260 4147 1498 4201 Bonuald
1541 4164 1593 4203 v.
1639 4165 1695 4206 v.
1744 4153 2005 4220 presbiter
2061 4155 2176 4224 ipsa

589 4234 927 4304 portiuncula
956 4251 1073 4291 mea
1104 4247 1304 4307 quanta
1336 4254 1479 4309 pars,
1514 4243 1605 4311 qui
1648 4244 1778 4297 mihi
1807 4245 1874 4299 ad
1924 4246 2177 4302 fratribus

597 4328 731 4383 meis
764 4326 1005 4397 advinet,
1035 4340 1262 4400 excepto
1306 4348 1498 4403 campo
1530 4337 1609 4390 vel
1650 4337 1916 4407 vergario,
1948 4338 2179 4409 qualiter

592 4464 724 4543 ditio
778 4474 937 4543 atque
1001 4467 1469 4543 dime_esis._Sunt
1540 4473 1711 4529 adhuc
1780 4475 1928 4543 plura
1995 4492 2181 4533 mona-

590 4536 776 4612 steria,
833 4537 946 4612 sive
974 4554 1024 4612 _a
1076 4540 1185 4593 suis
1226 4540 1506 4596 abbatibus
1554 4553 1719 4612 recta,
1752 4536 1864 4601 sive
1908 4549 2179 4603 smcularis

2264 3314 2594 3372 benefactori
2626 3326 2677 3370 et
2707 3316 3093 3371 conservatori.

2338 3408 2561 3478 Signum
2590 3424 2779 3463 manus
2808 3407 3125 3465 Benetatato
3162 3408 3273 3464 filio
3303 3410 3424 3481 ejus
3451 3411 3800 3467 consentientis.

2338 3501 2563 3572 Signum
2618 3515 2807 3555 manus
2837 3499 3078 3556 Reduald
3116 3500 3176 3556 V.
3209 3500 3274 3558 D.
3326 3504 3439 3567 filio
3467 3505 3577 3576 ejus
3617 3519 3802 3561 consen-

2267 3592 2467 3649 tientis.

2337 3686 2559 3755 Signum
2589 3700 2781 3740 manus
2813 3686 3040 3742 Baronte
3068 3687 3176 3742 filio
3205 3688 3324 3757 ejus
3353 3688 3730 3747 consentientis.

2340 3778 2559 3851 Signum
2593 3794 2780 3834 manus
2813 3780 3055 3836 Widicau
3089 3781 3152 3837 V.
3187 3782 3249 3837 Ι).
3286 3786 3455 3839 testis.

2340 3873 2561 3943 Signum
2593 3886 2781 3927 manus
2810 3872 3179 3929 Wileradu-V.
3205 3875 3266 3929 D.
3298 3879 3469 3931 testis.

2342 3968 2562 4038 Signum
2593 3982 2784 4021 manus
2817 3968 3084 4022 Benenato
3114 3967 3177 4022 ν.
3215 3970 3276 4024 D.
3308 3971 3480 4025 teStis.

2345 4059 2563 4128 Signum
2588 4074 2777 4113 manus
2800 4059 3110 4115 Mauricioni
3141 4058 3205 4115 γ.
3236 4059 3300 4114 D.
3333 4061 3504 4116 testis.
3572 4060 3573 4063 “

2347 4151 2418 4207 Ει
2466 4162 2586 4222 post
2639 4153 2779 4207 hanc
2825 4152 3090 4222 completa
3132 4153 3339 4208 eartula
3387 4150 3809 4209 rememoravimus

2277 4246 2609 4317 particellula
2638 4256 2819 4301 nostra
2859 4245 2927 4301 de
2973 4246 3181 4301 Oliveto
3209 4246 3263 4301 in
3313 4246 3561 4315 Vaccule,
3588 4259 3677 4315 ego
3712 4240 3811 4297 For-

2279 4347 2461 4394 tonato
2489 4348 2544 4394 et
2572 4339 2807 4393 Bonuald
2834 4348 2983 4408 parte
3009 4348 3191 4395 nostra
3222 4342 3273 4395 in
3298 4340 3562 4412 integrum
3588 4338 3811 4395 oderimus

2280 4488 2416 4545 rum!
2446 4472 2633 4541 spoliis
2680 4474 2939 4531 ditionem
2978 4476 3077 4530 sibi
3137 4478 3407 4545 propriam
3464 4473 3805 4532 constituerint.

2286 4543 2420 4598 Illud
2478 4547 2834 4612 exploratum,
2901 4562 3008 4601 non
3057 4543 3250 4600 solum
3290 4547 3631 4615 baptismales
3663 4556 3810 4599 omnes

590 4607 720 4687 cleri
743 4607 1099 4687 _prirnoribus_
1125 4613 1506 4687 _commendata
1528 4655 1543 4681 ,
1597 4607 1716 4683 quasi
1783 4619 1995 4686 propria
2039 4621 2175 4676 dim-
2204 4612 2256 4674 D
2279 4615 2537 4687 ecclesias
2553 4607 2796 4685 antiquis
2818 4607 3028 4673 saecuiis
3050 4618 3301 4687 episcOpo
3324 4607 3413 4672 uni
3445 4617 3809 4687 obtempensseo

594 4677 704 4756 c_esi_
742 4678 1041 4756 fruu_ntur,__
1068 4679 1244 4756 ibique
1270 4677 1538 4752 tanquam
1559 4677 1816 4756 episcopi,
1842 4677 2090 4745 ordinum
2121 4701 2176 4746 et

591 4747 896 4823 chrismatis
940 4747 1225 4823 collatione
1257 4747 1498 4823 excepta,
1556 4747 2172 4816 omnia.administrant.

594 4815 884 4901 gotissima
933 4832 1059 4901 sunt
1112 4815 1424 4901 Casinensé,
1480 4815 1766 4894 Farfense,
1821 4815 2173 4901 Sublacense,

595 4888 987 4970 Novaliciense,
1025 4888 1456 4970 Pompusianum,
1480 4908 1659 4964 atque,
1700 4888 1883 4955 utalia
1914 4888 2173 4970 omittam,

597 4962 982 5040 amplissimum
1012 5034 1022 5040 _
1064 4962 1489 5040 Nonantulanum
1556 4962 1615 5023 in
1648 4962 1653 4963 ί
1684 4986 1811 5040 agro
1896 4962 2178 5030 Mutinensi

597 5032 893 5114 formatum,
939 5034 1093 5103 cujus
1149 5036 1398 5114 dioecesis
1426 5041 1576 5114 vario
1603 5056 1665 5096 ac
1716 5032 1968 5114 interciso
2016 5060 2177 5102 cursu

597 5105 649 5185 in
680 5105 954 5185 plurimas
1008 5108 1289 5185 parochias
1320 5112 1645 5185 ___excurrit,
1678 5184 1681 5185 ν
1727 5113 1808 5185 in”
1859 5113 2176 5183 Mutinensi,

600 5171 873 5256 gatavino,
916 5171 1259 5256 Bononiensi,
1286 5180 1509 5256 aliisque
1561 5171 1863 5256 territoriis,
1915 5194 2072 5256 atque
2121 5171 2177 5242 ni

602 5242 929 5325 Friniatum,
997 5250 1110 5325 sive
1144 5242 1435 5325 ‘Frigniani
1503 5254 1773 5320 provincia
1820 5242 1950 5309 sitas
1973 5242 2001 5308 ε’
2047 5273 2179 5325 quas

604 5327 791 5389 omnes
819 5319 1109 5389 episcopali
1138 5319 1275 5387 jure?
1296 5337 1434 5376 nunc
1482 5319 1791 5379 moderatur
1820 5319 2179 5382 eminentissi-

605 5397 723 5467 mus
753 5386 808 5467 S_.
830 5387 901 5467 _R.
956 5386 1019 5443 E.
1048 5386 1666 5467 cardinalisAlexander
1699 5396 1957 5465 Albanus,
1989 5413 2181 5467 perpe-

606 5464 732 5534 tuus
758 5457 922 5511 abbas
949 5464 1450 5518 commendatarius.
1483 5464 1636 5518 Plura
1682 5457 1953 5534 ejusmodi
1990 5457 2180 5525 mona-

607 5529 767 5610 sterla
794 5538 999 5610 vetusta
1031 5544 1159 5610 tetas
1190 5534 1424 5610 agnovit,
1455 5550 1680 5610 quorum
1710 5529 1836 5610 jura
1871 5550 1924 5592 et
1952 5542 2182 5596 auctori-

608 5603 693 5677 tas
724 5597 1277 5677 turbidissimis‘ltalﬁe
1307 5597 1631 5676 temporibus
1645 5597 1982 5666 exciderunt.
2026 5613 2183 5667 Plura

610 5674 770 5752 etiam
840 5674 1180 5752 prmrogativa
1249 5676 1348 5752 hac
1418 5674 1637 5744 praedita
1703 5682 1937 5735 ostendit
2010 5683 2183 5739 adhuc

613 5734 1177 5823 germania.Qnanam
1226 5734 1455 5823 ratione,
1493 5757 1662 5815 petas,
1686 5765 1896 5820 qttoque
1922 5734 2178 5823 tempore,

596 5805 688 5894 \ita
713 5805 1096 5870 monachorum
1136 5819 1369 5888 potentia
1387 5805 1543 5878 aucia
1568 5805 1675 5895 est,
1704 5805 1766 5883 ut
1784 5805 1852 5882 ei
1897 5805 2179 5896 spisso—pe:
2259 5864 2272 5884 ι

2283 4686 2377 4741 sed
2403 4685 2561 4741 etiam
2586 4688 2673 4757 jus
2703 4688 2968 4763 episcopis
3024 4685 3189 4763 fuisse
3236 4685 3298 4743 in
3353 4688 3500 4763 ipsos
3541 4685 3809 4763 monaebo§.

2285 4756 2595 4825 eorumque
2627 4756 2972 4814 monasteria.
3032 4760 3162 4827 Quae
3230 4756 3521 4815 auctoritas
3568 4756 3726 4827 multis
3770 4756 3808 4807 in

2287 4828 2420 4882 locis
2453 4827 2612 4882 etiam
2638 4839 2757 4898 post
2787 4831 3038 4885 saeculum
3069 4828 3267 4884 Christi
3293 4830 3559 4885 decimum
3605 4826 3812 4897 perdura-

2287 4899 2583 4973 vit,gdonec
2614 4902 2893 4967 pontifices
2914 4900 3143 4961 .maximi
3197 4901 3488 4973 integrum
3509 4899 3811 4973 monasticam

2287 4970 2531 5024 ordinem
2548 4974 2747 5025 sensim
2773 4973 3059 5040 episcopali
3086 4974 3335 5038 potestati
3354 4970 3668 5025 subduxere.
3698 4970 3813 5021 Anti-

2288 5040 2563 5109 quissimis
2593 5043 2757 5096 etiam
2781 5042 2990 5096 sacculis
3019 5042 3233 5095 fuerunt
3253 5041 3497 5097 ecclesiae
3525 5043 3575 5096 in
3596 5040 3703 5110 jure
3722 5049 3813 5110 nio-

2287 5108 2609 5178 nachorum,
2668 5121 2841 5166 autex
2874 5127 3060 5167 eorum
3112 5112 3447 5179 fundatione,
3477 5122 3566 5165 aut
3598 5108 3662 5165 ex
3706 5108 3813 5179 dum

2286 5180 2560 5248 fidelium;
2592 5175 2709 5252 qua:
2756 5194 2933 5238 tamen
2959 5184 3190 5237 oratoria
3221 5182 3333 5239 fere
3355 5175 3532 5236 omnia
3564 5190 3614 5235 et
3640 5175 3813 5252 capella?

2254 5290 2257 5291 ν
2286 5262 2457 5317 erant,
2490 5249 2651 5323 atque
2675 5254 2782 5307 illic
2812 5268 2938 5309 suos
2970 5255 3194 5323 clericos
3248 5264 3304 5308 et
3349 5263 3608 5308 rectorem
3636 5249 3813 5303 abbates

2287 5322 2707 5395 constituebant,
2740 5339 3041 5395 quanquam
3069 5338 3138 5395 ne
3165 5322 3217 5378 id
3249 5324 3460 5395 quidem
3488 5325 3812 5393 episcotiorum

2285 5393 2391 5463 iuri
2424 5393 2804 5469 _ofliceret_,_ut
2834 5393 3005 5464 neque
3053 5393 3321 5469 officiebat
3372 5394 3459 5469 jus
3503 5400 3808 5469 ‘patronat‘usz

2288 5453 2395 5533 quo
2424 5464 2546 5517 laici
2575 5453 2726 5518 multi
2767 5465 2819 5519 in
2877 5453 3056 5519 varias
3077 5467 3332 5521 ecclesias
3372 5453 3695 5527 fruebantur.
3732 5453 3810 5510 Sed

2292 5535 2357 5605 ad
2386 5535 2721 5603 paruehiales
2749 5537 3003 5590 ecclesias
3045 5537 3184 5605 quod
3217 5537 3424 5601 attinet,
3482 5534 3687 5605 arduum
3716 5536 3810 5596 pulo

2291 5604 2585 5659 decernere
2611 5621 2717 5673 quo
2736 5606 3005 5674 praecipue
3024 5604 3263 5676 tempore
3293 5606 3471 5662 divelli
3496 5621 3557 5660 ex
3582 5604 3807 5672 episcotto‘

2288 5690 2407 5729 rum
2433 5684 2736 5746 potestate,
2767 5693 2830 5731 ac
2860 5681 3019 5746 pleno
3044 5676 3167 5746 jure
3196 5680 3262 5734 ab
3291 5678 3567 5734 abbatibus
3595 5687 3678 5730 seu
3726 5678 3809 5722 ωοο

2288 5745 2473 5803 nachis
2502 5747 2766 5817 possideri
2794 5758 2985 5819 coeptae
3014 5745 3142 5805 sint.
