4026 6352
262 303 401 361 1555

1371 315 1759 372 υιιιωδιΑτΑ
1800 316 2077 375 ECCI.F.S.
2142 319 2476 377 SELECTA.

3366 324 3527 383 ’1354

260 418 368 472 Deo
395 428 450 471 et
480 416 618 472 beati
646 420 813 473 sancti
860 420 1024 489 Petri,
1054 441 1208 494 quem
1260 432 1410 483 novis
1439 431 1689 486 heredem
1714 447 1841 487 con-
1872 438 1921 493 Α
1952 431 2193 487 trentisse
2225 449 2329 485 uno
2377 434 2497 503 palo
2543 433 2874 488 solvendum.
2925 434 2985 489 Et
3032 437 3115 501 qui
3160 435 3269 490 vult
3312 452 3522 491 sursum

258 507 559 561 stitttimus..

329 576 443 644 Ego
486 578 776 633 Siclterado
813 583 1056 653 indignus
1105 588 1368 654 presbiter
1410 588 1549 645 hanc
1580 591 1841 645 cartulaut

257 681 318 719 ex
351 671 621 726 autentico
649 674 824 728 Iiditcr
864 677 1187 746 cxemplavi.

1023 791 1086 847 ν.

258 851 565 919 Lintprattdi
615 861 1067 934 Langobardorum
1107 864 1237 934 regis
1292 864 1566 929 decretum,
1602 882 1704 934 quo
1737 875 1842 917 sta-

326 936 538 999 tuuntur
566 944 742 982 census
772 933 1087 999 persolvendi
1125 951 1154 985 α
1194 933 1687 987 Contaclensibusin
1735 937 1842 987 sale

325 997 621 1135 πιέῗῦιιειηιο
667 997 974 1072 ρεῖρονιιιδ
1025 1002 1396 1074 Langobardia:
1427 1006 1586 1075 (anno
1630 1004 1735 1058 715
1762 1006 1839 1059 vel

335 1086 397 1119 ιο
468 1105 481 1118 ο

262 1092 269 1093 ί
335 1086 481 1119 ιουμ

327 1155 384 1209 lu
417 1159 632 1217 nomine
660 1161 869 1217 Domini
898 1164 991 1219 Dei
1020 1165 1310 1221 Salvatoris
1337 1167 1501 1220 nostri
1530 1166 1657 1222 Jesu
1688 1166 1844 1223 Citri-

253 1249 340 1314 sti,
374 1252 461 1305 die
489 1268 519 1305 ι
552 1256 750 1309 mensis
795 1257 977 1326 Magii,
1027 1258 1315 1312 indictione
1346 1258 1413 1313 1⁸5
1458 1259 1663 1326 Ticino,
1708 1269 1842 1315 tent-

254 1354 383 1408 pore
416 1342 725 1411 Liutprauui
772 1349 932 1415 regis,
980 1349 1271 1418 capitolare
1320 1360 1569 1417 porrecta
1606 1367 1636 1403 a
1686 1352 1841 1405 nobis

253 1432 460 1486 cunctis
489 1436 606 1501 sphi
638 1436 669 1470 “
696 1437 1189 1508 Langobardorum,
1222 1440 1375 1493 vobis
1416 1439 1655 1508 Lupiauo
1682 1456 1843 1496 vene-

253 1520 406 1574 rabili
440 1524 756 1593 presbitero,
786 1528 1052 1596 simulque
1097 1530 1420 1596 Bertarenat,
1461 1530 1711 1599 Magistro
1744 1536 1842 1587 nti—

253 1609 431 1678 litum,
481 1613 669 1668 Mauro
699 1626 754 1670 et
801 1618 1075 1686 Stephano
1119 1623 1427 1686 comitibus,
1477 1631 1533 1678 et
1571 1640 1665 1694 pro
1692 1625 1840 1679 vobis

251 1703 463 1757 coactis
517 1705 903 1765 habitatoribus
956 1711 1253 1777 Contaclo,
1322 1713 1549 1782 qualiter
1601 1716 1837 1770 debentis

1947 524 2256 590 ascendere,
2303 526 2462 581 debet
2513 528 2801 581 transitura
2848 528 3009 580 solito
3055 529 3230 581 medio
3278 530 3524 584 tretttisse

1946 612 2123 666 modia
2166 615 2293 668 duo.
2347 616 2413 669 Et
2458 616 2503 669 si
2549 617 2933 671 venundaverit
2976 618 3040 670 ad
3071 634 3160 671 sex
3212 620 3405 684 modia,
3436 621 3525 674 det

1947 696 2068 761 tria.
2118 705 2250 762 Nam
2296 710 2526 777 amplius
2557 726 2661 765 non
2706 711 2952 775 debetur,
3003 711 3110 765 nisi
3158 711 3298 780 quod
3347 712 3523 779 prec-ia

1948 800 2116 866 posita
2168 800 2348 855 fuerit.
2404 802 2637 856 Etcum
2693 803 2847 871 quale
2894 802 3074 855 modio
3125 804 3523 867 vettttndaverit,

1945 903 2066 942 cum
2095 890 2209 956 ipso
2256 890 2489 945 decimas
2537 894 2715 957 detur,
2767 900 2969 946 tantum
3019 903 3121 946 est.
3175 893 3303 946 Itcnt
3352 906 3524 961 porto,

1945 980 2034 1047 qui
2065 981 2361 1046 appellatur
2405 982 2759 1048 Parmisiano,
2797 982 3124 1049 providimus
3152 986 3283 1036 duos
3330 984 3528 1036 contir-

1946 1086 2092 1125 mare
2120 1070 2363 1141 riparios.
2415 1074 2662 1141 Itipatico
2712 1090 2837 1128 vero
2865 1084 2920 1128 et
2954 1075 3073 1142 palo
3118 1078 3340 1130 solitura
3370 1075 3527 1130 simul

1945 1176 2140 1217 munus
2170 1163 2302 1217 dare
2352 1165 2681 1233 providimus
2724 1166 2898 1220 solido
2925 1181 3054 1231 ttuo,
3099 1167 3219 1221 oleo
3246 1181 3371 1221 vero
3395 1167 3528 1222 libra

1946 1268 2068 1317 una,
2104 1271 2235 1324 garo
2273 1255 2408 1310 libra
2442 1272 2566 1324 una,
2602 1259 2753 1326 piper
2795 1257 2978 1311 onzias
3007 1258 3159 1312 duas.
3190 1259 3319 1312 Item
3352 1271 3527 1327 porto,

1944 1344 2033 1414 qui
2062 1346 2255 1399 dicitur
2302 1347 2509 1412 Addua,
2550 1349 2775 1415 riparios
2824 1348 3145 1404 conﬁrmare
3194 1350 3528 1419 providimus

1944 1437 2099 1490 duos.
2148 1438 2360 1493 Decima
2394 1455 2524 1493 vero
2567 1441 2696 1495 dare
2742 1441 2934 1496 debeat
2978 1441 3091 1495 sale
3140 1442 3349 1496 modios
3389 1441 3527 1495 duo-

1944 1528 2138 1594 decim,
2170 1539 2224 1582 et
2267 1530 2516 1585 [remisse
2565 1532 2686 1599 palo
2725 1531 3203 1588 solvettdum.......
3253 1534 3530 1601 Simulque

1947 1629 2122 1688 porto,
2174 1620 2265 1689 qui
2312 1621 2507 1675 dicitur
2552 1621 2807 1689 Latnbro,
2861 1634 2914 1677 et
2967 1621 3253 1689 Placentia,
3303 1625 3532 1692 qualiter

1946 1711 2097 1763 Adda
2130 1711 2382 1778 Iahuerit,
2418 1713 2518 1767 hoc
2547 1723 2599 1767 et
2633 1714 2730 1783 ipsi
2758 1715 3074 1783 consequirc
3104 1714 3333 1769 debeant
3360 1732 3454 1770 seu
3478 1719 3528 1770 iit

252 1804 490 1849 vestrum
538 1812 789 1868 peragere
832 1802 1100 1870 negotium
1143 1803 1387 1860 homines
1424 1807 1586 1860 vestri
1635 1806 1684 1860 in
1718 1821 1834 1874 paro
1866 1783 1912 1842 Β
1939 1802 2173 1869 τερατιὶς,
2199 1819 2462 1872 quamque
2494 1804 2547 1857 in
2577 1804 2803 1858 decimis
2831 1804 3200 1859 tantummodo
3229 1815 3280 1861 υ.

253 1883 397 1939 tibus
430 1890 653 1955 nostris,
705 1906 798 1945 seu
852 1892 903 1945 in
949 1895 1162 1961 modiis,
1206 1912 1470 1966 quamque
1520 1898 1571 1951 iu
1618 1900 1831 1968 preciis,

252 1976 522 2048 simulque
549 1978 814 2050 Btpatico,
860 1998 956 2051 pro
982 1987 1120 2053 quod
1157 1990 1373 2055 antiqua
1411 1990 1746 2043 consuetudo
1772 1992 1839 2043 ah

252 2070 523 2124 actoribus
555 2075 752 2128 nostris
790 2077 1066 2142 praeferam
1096 2079 1126 2111 *
1151 2078 1350 2146 judicia
1396 2080 1640 2135 homines
1671 2082 1837 2134 nostri

252 2174 530 2231 pararunt.
558 2163 706 2217 Nunc
744 2166 957 2233 quidem
1006 2169 1114 2223 Deo
1143 2172 1433 2225 auxiliante
1462 2180 1663 2226 remota
1694 2180 1838 2237 sunt,

253 2261 311 2306 ut
338 2254 488 2323 pacis
513 2256 844 2323 temporibus
872 2273 992 2325 pars
1022 2262 1159 2329 parti
1186 2261 1539 2331 perfruamur.
1573 2264 1626 2317 Itt
1656 2264 1839 2332 primis

254 2355 412 2412 porto
437 2345 721 2401 Mantuano
745 2350 1085 2417 providemus
1108 2357 1429 2411 conlirmare
1455 2358 1683 2426 riparios
1708 2368 1836 2423 tres;

251 2446 308 2489 et
356 2438 606 2506 quicquid
656 2440 808 2495 miles
862 2442 1106 2498 habuerit
1146 2446 1214 2499 ad
1269 2450 1626 2515 vescendum,
1658 2454 1757 2505 hoc
1786 2463 1840 2506 et

258 2530 468 2599 Itiparii
493 2546 612 2585 cum
645 2537 722 2586 eis
751 2536 1030 2591 comedere
1063 2538 1312 2594 debeant.
1346 2541 1522 2595 Modio
1550 2559 1677 2597 vero
1707 2560 1838 2613 pett-

257 2624 570 2680 satolibras
615 2629 852 2697 triginta,
886 2634 1177 2702 cumquod
1224 2651 1378 2689 suum
1424 2646 1641 2707 peragat
1680 2654 1841 2707 nego—

252 2720 409 2771 tium.
451 2716 690 2774 Decimas
718 2738 845 2776 vero
875 2724 1000 2779 dare
1029 2726 1257 2781 debeant
1281 2730 1393 2784 sale
1417 2730 1625 2785 modios
1653 2730 1836 2784 decem

250 2818 307 2863 et
336 2818 483 2877 octo,
534 2822 587 2866 et
634 2814 881 2869 tretnisse
922 2832 1030 2871 uno
1074 2819 1194 2887 palo
1238 2819 1557 2874 solvendum
1604 2831 1838 2875 tantum-

252 2901 428 2955 modo.
470 2902 599 2957 Item
625 2904 677 2957 in
708 2906 909 2975 Campo
946 2908 1144 2963 Marcio
1175 2912 1459 2964 transitura
1494 2912 1685 2967 debeat
1711 2913 1840 2969 dare

252 2993 412 3048 binos
462 2995 737 3050 tremisses
788 3012 883 3065 per
934 2999 1170 3069 singulas
1212 3016 1395 3055 naves.
1442 3002 1839 3058 Scaramantico

252 3103 383 3142 vero
430 3087 561 3142 nihil
614 3090 956 3157 providemus
995 3094 1144 3160 dare,
1194 3094 1287 3149 sed
1335 3094 1562 3150 libenter
1610 3097 1837 3151 transire
1865 3133 1912 3197 Ο

253 3180 618 3251 pra-cipimus.
647 3180 775 3235 Item
803 3182 856 3237 in
886 3194 1038 3251 porto
1066 3185 1315 3240 Brixiano
1339 3187 1565 3255 riparios
1591 3188 1654 3243 IV
1688 3189 1841 3243 insti-

251 3273 457 3325 tuimus
501 3273 839 3342 sequuudum
894 3276 1191 3345 antiquum.
1252 3278 1490 3332 Decintas
1536 3284 1664 3334 vero
1711 3282 1840 3336 dare

249 3366 486 3420 debeant
530 3368 645 3422 sale
690 3366 901 3421 modios
932 3369 1256 3436 quindecim,
1296 3380 1350 3424 et
1381 3372 1498 3438 palo
1526 3373 1836 3426 solvendum

251 3457 501 3513 tremisse
531 3476 658 3527 uno,
682 3470 735 3515 et
766 3461 940 3515 Modio
965 3473 1185 3528 pensato
1207 3462 1274 3517 de
1301 3462 1452 3517 libris
1480 3463 1691 3534 triginta
1716 3480 1837 3519 cum

254 3552 370 3618 ipsa
400 3554 602 3605 decima
626 3552 755 3607 dare
780 3552 1027 3608 debeant.
1059 3552 1189 3607 Item
1224 3555 1273 3606 itt
1303 3564 1478 3623 porto,
1502 3556 1592 3623 qui
1622 3565 1840 3610 Vocatur

254 3641 545 3706 Cremona,
581 3642 922 3709 providemus
953 3644 1270 3697 continuare
1298 3645 1432 3697 duos
1463 3645 1706 3713 riparios.
1744 3646 1842 3700 Du-

250 3731 422 3785 cimus
455 3746 579 3785 vero
611 3732 739 3787 dare
766 3732 997 3787 debeant
1022 3733 1134 3789 sale
1176 3734 1383 3789 modios
1423 3735 1722 3805 quindecim
1742 3777 1758 3802 ,
1786 3747 1839 3793 et

328 3844 520 3899 'Vide
572 3845 712 3912 apud
770 3845 1070 3914 Ugliellium
1140 3857 1269 3901 tom.
1322 3847 1384 3902 IV
1426 3848 1547 3904 Ital.
1594 3866 1732 3905 sacr.
1784 3854 1837 3908 itt

256 3917 499 3989 episcop.
538 3916 887 3989 (lretnonetts.
930 3920 1250 3989 mentionem
1281 3919 1542 3987 ejusmodi
1582 3920 1839 3989 diploma-

262 3997 395 4061 tutn,
441 3988 493 4061 in
541 3987 1124 4061 dipl_ontate_l.udovici
1168 3988 1229 4061 lli
1259 3993 1475 4058 Augusti
1521 3987 1661 4045 anno
1708 3994 1837 4061 850,

262 4057 435 4124 primo
467 4056 677 4122 intperii
706 4057 946 4125 eju-dctn
982 4059 1255 4124 Ludovici,
1287 4056 1369 4112 tibi
1422 4062 1617 4115 milites
1646 4056 1836 4116 Coma;

256 4129 470 4178 cIcnses
511 4127 747 4179 debitunt
788 4129 1111 4191 reipublicae,
1160 4130 1295 4195 quod
1349 4142 1431 4183 est
1481 4132 1755 4196 ripztlicunt
1783 4146 1837 4189 et

259 4196 614 4268 palilicturam
645 4198 947 4262 persolvere
974 4200 1227 4265 jubentur
1267 4200 1318 4252 itt
1352 4211 1504 4268 portu
1531 4202 1834 4260 Cremonae.

258 4269 359 4333 Qui
384 4282 520 4339 vero
569 4267 756 4339 Portus
794 4269 879 4323 Itic
922 4271 1258 4338 appellantur
1284 4267 1627 4339 et’Portora,
1664 4277 1835 4330 locum

257 4338 560 4411 signiﬁcant
603 4336 653 4390 itt
685 4354 790 4405 quo
836 4336 1005 4392 naves
1041 4356 1132 4407 per
1178 4341 1373 4393 Padunt
1405 4352 1459 4395 et
1488 4336 1834 4411 aliailtttnitta

256 4409 519 4473 θαι-θρίω,
570 4411 861 4462 consistere
905 4418 957 4462 et
985 4420 1273 4464 mercatum
1321 4413 1450 4465 salis
1496 4409 1671 4469 facere
1710 4426 1835 4471 con-

2010 1889 2120 1960 Ego
2170 1891 2446 1947 Joltauues
2497 1895 2736 1949 notarius
2777 1894 2936 1963 hujus
2976 1895 3208 1965 exempli
3258 1897 3530 1967 exemplar

1940 1984 2046 2037 vidi
2077 1992 2130 2036 et
2160 1983 2245 2037 hic
2272 1983 2586 2051 subscripsi.

2012 2077 2124 2147 Ego
2172 2076 2431 2133 Girardus
2479 2080 2718 2135 notarius
2767 2080 2922 2150 hujus
2968 2081 3202 2150 exempli
3255 2083 3530 2151 exemplar

1941 2169 2067 2234 vidi,
2092 2178 2146 2224 et
2165 2171 2429 2225 sententia
2456 2186 2561 2224 non
2592 2180 2789 2225 mutata
2814 2173 2899 2226 hic
2923 2173 3134 2239 scripsi,
3159 2182 3216 2227 et
3238 2173 3523 2242 descripsi.

2014 2261 2124 2329 Ego
2152 2261 2459 2331 Sycltardus
2510 2262 2601 2316 Dei
2630 2264 2797 2329 gratia
2846 2262 3217 2317 Cremonensis
3245 2263 3529 2332 episcOpus

1943 2351 2039 2405 has
2065 2352 2198 2404 duas
2229 2352 2587 2405 institutiones
2626 2350 3061 2407 Comaclensibus
3090 2368 3119 2406 a
3161 2352 3527 2421 Littthprattdu

1941 2453 1995 2497 et
2022 2457 2049 2495 a
2083 2442 2280 2496 Karolo
2309 2442 2499 2507 factas,
2530 2442 2652 2497 ideo
2695 2442 2857 2497 scribi
2905 2445 2935 2496 Ii
2953 2445 3143 2511 cimus,
3184 2444 3438 2513 quoniam
3464 2460 3527 2501 ex

1940 2534 2019 2585 eis
2044 2532 2334 2601 colligitur,
2360 2532 2498 2600 quod
2532 2532 2909 2588 Cremonensis
2933 2546 3139 2601 portus,
3168 2534 3236 2588 de
3259 2550 3365 2605 quo
3380 2550 3531 2604 serpe

1941 2624 1995 2678 in
2029 2627 2411 2692 sUprascriptis
2441 2625 2734 2693 privilegiis
2754 2627 2949 2694 agitur,
2974 2627 3041 2680 sit
3070 2634 3254 2695 portus
3279 2629 3529 2697 antiquus

1940 2730 1969 2767 a
2002 2714 2373 2783 Liutltprando
2401 2730 2526 2783 rege
2556 2726 2714 2769 antea
2748 2716 3043 2783 institutus,
3073 2729 3127 2772 et
3158 2734 3250 2786 per
3275 2718 3527 2775 Karolttm

1941 2806 2324 2861 continuatus:
2376 2815 2430 2859 et
2473 2807 2593 2872 quia
2636 2805 2702 2860 de
2751 2806 2833 2861 his
2884 2807 3306 2864 instiLutionibus
3332 2811 3532 2867 mentio

1940 2897 2298 2952 continebitur
2327 2897 2379 2951 iit
2410 2897 2780 2967 sequentibus.

2701 3011 2786 3066 VI.

1938 3079 2233 3135 Judicatum
2262 3082 2602 3151 quorttmrlmn
2633 3084 3003 3152 episwporum,
3026 3086 3178 3153 jussu
3216 3085 3527 3153 Liutprandi

2016 3153 2147 3223 regis
2177 3165 2620 3223 tangregatorum,
2654 3154 2722 3205 ad
2770 3155 3109 3208 dirinmtdam
3134 3161 3526 3212 controversiam

2011 3225 2073 3274 de
2101 3223 2403 3291 quibusdam
2449 3224 2700 3292 parwciis,
2749 3234 3012 3277 certmtem
3059 3227 3189 3279 inter
3233 3230 3523 3297 episcopum

2017 3296 2303 3367 Arretium"
2333 3303 2377 3345 et
2416 3295 2717 3367 Senenscm,
2764 3311 2882 3367 cum
2925 3311 2950 3348 ε
2979 3299 3173 3350 utentia
3217 3300 3268 3350 in
3298 3295 3520 3367 favorem

2008 3364 2228 3417 Arretini
2251 3364 2493 3416 antistitis
2526 3368 2683 3432 (anno
2715 3366 2863 3433 715).

2011 3455 2068 3508 In
2099 3455 2315 3509 nomine
2362 3454 2456 3507 Dei
2485 3463 2541 3508 et
2572 3452 2869 3509 Salvatoris
2916 3458 3085 3512 nostri
3130 3457 3259 3512 .lesu
3306 3459 3524 3515 Christi.

1944 3545 2019 3601 Ex
2045 3544 2288 3614 jussione
2337 3544 2500 3599 donni
2537 3544 2979 3601 excelientissimi
3029 3548 3340 3618 Litttpratidi
3382 3551 3524 3621 regis

1939 3637 2067 3692 dum
2116 3636 2584 3704 conjunxissemus
2629 3652 2729 3693 nos
2772 3637 3115 3706 sanctissimi,
3160 3648 3187 3688 b
3218 3640 3527 3697 Teudaldus

1942 3726 2219 3782 Vesolanze
2265 3726 2520 3783 Ecclesia:
2559 3727 2863 3799 episcopus,
2906 3739 2960 3785 et
3008 3731 3270 3787 Maximus
3319 3732 3527 3788 Pisanus

2011 3841 2037 3880 ιι
2079 3842 2423 3897 Theudaldtts
2477 3843 2790 3916 Vesolanus,
2841 3845 2890 3899 id
2939 3856 3020 3902 est
3074 3848 3365 3902 Fesulanus
3408 3848 3525 3916 epi-

1937 3930 2133 3983 scopus
2188 3915 2274 3968 hic
2312 3925 2662 3980 memoratus,
2732 3914 2981 3984 Ughellio
3041 3920 3092 3972 itt
3155 3921 3298 3973 Italia
3358 3914 3521 3974 Sacra

1940 3986 2170 4055 ignotus,
2196 3985 2596 4057 ‘adjungendus
2647 3990 2891 4057 catalogo
2945 3989 3232 4056 prtesulutu
3286 3989 3522 4045 Fiesula-

1940 4054 2153 4130 norunt.
2188 4054 2572 4130 _Telcsperiatt_o
2616 4054 2849 4130 quoqne'
2867 4054 2979 4114 sive
3012 4061 3388 4130 TaleSperiano
3420 4061 3525 4116 Lu—

1938 4128 2086 4181 censi
2119 4126 2800 4199 episcoporestituendum
2843 4139 2921 4182 est
2966 4126 3276 4199 germanum
3327 4148 3523 4185 nomen

1939 4199 2077 4264 apud
2106 4199 2357 4251 eumdem
2388 4196 2707 4266 Ughelliutn,
2741 4204 2826 4265 qui
2873 4196 3045 4267 ipsum
3078 4200 3527 4269 Tubenperiannm

1941 4269 2191 4335 appellat.
2218 4269 2481 4322 I’t':etet'ca
2510 4272 2561 4321 itt
2588 4274 2774 4323 eadem
2808 4272 2955 4323 Italia
2996 4273 3155 4325 Sacra
3179 4274 3522 4338 alllICipJItda

1939 4351 2061 4392 sttttt
2106 4342 2325 4392 exordia
2365 4340 2700 4404 episcipatus
2750 4340 3005 4393 Senensis
3053 4342 3350 4404 Adeodalo,
3398 4356 3523 4396 cum

1944 4410 2209 4477 L‘gltcllius
2226 4411 2290 4460 ad
2309 4423 2503 4459 annum
2529 4409 2631 4459 722
2651 4408 2946 4462 Causirium
2971 4409 3109 4463 illius
3126 4420 3522 4464 antecessorem

255 4489 569 4565 sueverunt.
597 4480 762 4532 Erant
781 4490 957 4557 autem
982 4490 1162 4546 portus
1186 4482 1527 4565 Mantuanus,
1542 4495 1597 4565 et
1615 4500 1831 4565 campus
1863 4503 1911 4561 ο
1940 4490 2155 4565 git-attint.
2181 4493 2282 4565 ξιυε
2311 4492 2436 4555 Veto
2481 4478 2825 4565 Atitffidftttltd
2849 4478 2959 4565 iit"!
2984 4481 3343 4565 Δΐίξβῇνίξὶιηιιὲ
3372 4495 3517 4565 illum

259 4550 502 4612 Martius,
547 4564 653 4617 quo
700 4552 914 4603 nomine
961 4566 1027 4603 att
1078 4562 1261 4619 portus
1313 4550 1629 4608 Veronensis
1679 4550 1829 4609 desi-

260 4630 476 4686 gnctur,
525 4623 643 4672 aliis
701 4620 1079 4692 inquirendum
1126 4624 1418 4690 relinquo:
1476 4633 1584 4676 tttttt
1647 4636 1827 4692 portus

260 4692 571 4752 Itrixiettsis,
623 4693 1015 4755 Cremonensis,
1069 4691 1389 4754 Parmensis,
1431 4703 1485 4747 et
1524 4693 1743 4757 Auditae,
1777 4702 1823 4748 iit

257 4770 345 4812 est
384 4759 695 4832 Laudensis,
720 4770 770 4812 et
803 4762 1153 4814 I’Iacettttnus.
1182 4762 1318 4827 Quid
1346 4777 1472 4832 ergo
1496 4764 1822 4831 vectigalium

259 4844 359 4899 pro
390 4831 521 4899 salis
544 4840 839 4884 mercatura
879 4833 1210 4898 pettdettduttt
1254 4831 1528 4897 I'oret,'hic
1571 4846 1826 4890 statutum

259 4901 451 4974 habes.
480 4898 611 4974 Nam
634 4916 738 4974 pro
762 4903 1170 4974 Starantattticis
1200 4901 1327 4955 nihil
1358 4905 1680 4969 siilvehatur,
1722 4924 1827 4974 quo

256 4971 476 5023 nomine
500 4972 645 5043 _qttid
693 4970 1039 5038 signiﬁcetur,
1089 4974 1290 5042 ignoro.
1344 4974 1452 5027 Iloc
1497 4990 1655 5029 unum
1686 4970 1827 5043 novi,

257 5055 464 5106 pannos
495 5040 656 5095 fuisse
699 5044 848 5114 olim,
878 5058 907 5095 e
945 5040 1133 5111 quibus
1174 5052 1348 5097 vestes
1386 5040 1826 5114 conﬁciebantur,

258 5118 636 5185 Searamangae
687 5113 1015 5185 appellate.
1047 5115 1343 5185 Proventus
1395 5125 1568 5168 autem
1630 5121 1715 5185 qui
1764 5113 1827 5173 ex

254 5181 607 5252 (iremouensi
664 5196 817 5252 portu
879 5184 1327 5252 percipiebantur,
1384 5185 1561 5239 donati
1608 5181 1831 5244 subinde

256 5250 481 5326 t'ueruttt
509 5250 773 5326 episcopis
802 5250 943 5326 illius
973 5250 1120 5307 urbis
1149 5255 1214 5306 ab
1245 5254 1360 5322 ipso
1386 5256 1575 5308 Carolo
1606 5258 1825 5326 Magno:

254 5323 490 5390 ideoque
533 5324 597 5375 ad
650 5323 750 5375 hoc
801 5323 973 5392 ipsum
1027 5336 1393 5392 argumentum
1450 5323 1830 5393 spectattt'alia

256 5396 368 5445 duo
399 5395 712 5461 diplomata,
738 5410 900 5446 unum
926 5395 1176 5448 Ludovici
1205 5394 1246 5447 ll
1268 5396 1509 5462 Augusti,
1534 5407 1587 5449 et
1606 5403 1829 5454 alterum

252 5464 494 5517 Lothurii
528 5465 544 5515 Ι
584 5466 803 5533 Augusti
844 5470 959 5531 ejus
988 5466 1173 5533 patris,
1223 5467 1411 5520 eodem
1456 5481 1597 5520 anno
1635 5469 1776 5533 data,
1805 5487 1833 5525 a

253 5536 448 5601 quibus
488 5546 696 5589 curavit
727 5536 1062 5605 Benedictus
1106 5536 1388 5604 episeopus
1432 5537 1832 5605 Cremonensis,

253 5614 313 5656 ut
342 5606 528 5682 eadem
558 5604 773 5682 donatio
796 5622 860 5682 ac
887 5607 1213 5673 privilegium
1240 5610 1663 5682 conlirtnarctur.
1696 5604 1835 5682 Ergo

252 5687 307 5751 et
346 5676 460 5728 haec
486 5679 603 5751 ipsa
628 5676 812 5751 accipe
832 5678 1146 5751 deprompta
1171 5691 1201 5731 e
1224 5692 1366 5745 saepe
1395 5680 1603 5735 laudato
1627 5676 1835 5751 regesto

256 5747 635 5801 Cremonensis
664 5748 941 5815 episcopii.

528 5850 799 5910 Pn‘noc.
850 5845 1233 5912 LXXXVII.

1940 4550 2045 4604 7I5
2074 4548 2462 4601 controversias
2490 4549 2772 4613 agitantem
2801 4563 2920 4601 cum
2971 4548 3217 4602 Arretino
3241 4551 3522 4619 episeopo.

1940 4620 2017 4673 Ad
2048 4621 2182 4671 hanc
2210 4628 2386 4669 autem
2416 4632 2627 4669 causam
2652 4620 2789 4683 quod
2814 4619 3022 4675 attinet.
3045 4620 3354 4686 jamdudum
3384 4622 3520 4673 ittter

1940 4691 2171 4743 eruditos
2191 4689 2537 4755 disceptatum
2565 4698 2645 4740 est
2672 4689 2737 4740 de
2759 4692 3071 4754 antiquitate
3096 4689 3349 4745 Senensis
3375 4692 3524 4748 urbis

1938 4761 2158 4829 ejusque
2194 4761 2551 4829 episcopatus,
2584 4761 2952 4829 contendettte
3004 4762 3368 4826 Volaterrana,
3417 4762 3523 4818 Le-

1936 4835 2103 4884 andro
2160 4831 2377 4883 Alberto
2409 4871 2424 4893 ,
2477 4828 2731 4897 Jughurta
2790 4830 3077 4885 Tuomasio
3133 4834 3361 4887 civitatis
3407 4837 3525 4899 ejus

1939 4901 2212 4960 historico,
2247 4900 2506 4968 Ughetlio,
2524 4914 2583 4953 et
2610 4900 2749 4967 aliis,
2780 4902 2947 4956 Senas
2976 4905 3088 4958 sive
3117 4907 3309 4958 Senam
3335 4908 3521 4957 urbem

1938 4972 2159 5040 cjusqtte
2190 4971 2463 5039 episcopos
2493 4978 2749 5023 vetustate
2778 4974 2905 5027 nulli
2934 4975 3227 5028 corn-edere
3260 4991 3272 5037 ;
3312 4985 3364 5027 et
3393 4987 3524 5025 con-

1941 5055 2018 5095 tra
2064 5042 2307 5113 Joltatttte
2358 5040 2599 5113 Villatuo,
2652 5041 2852 5095 Blando
2898 5044 3117 5113 aliisque
3164 5043 3519 5104 tradentibus,

1940 5112 2247 5183 antiquitate
2291 5125 2479 5184 carere
2525 5112 2663 5184 illius
2690 5116 2919 5167 civitatis
2962 5112 3120 5184 atque
3149 5118 3285 5166 adeo
3312 5113 3521 5180 episco-

1944 5180 2095 5253 patus
2142 5182 2380 5236 exordia.
2434 5180 2537 5234 Sed
2585 5182 2693 5250 jam
2741 5186 2943 5239 sublata
2977 5180 3057 5238 esi
3106 5185 3243 5238 inter
3285 5184 3524 5235 eruditos

1939 5255 2199 5322 ejusmodi
2244 5255 2626 5318 controversia,
2674 5260 2813 5321 quod
2853 5264 2934 5308 est
2962 5256 3027 5307 ad
3076 5255 3219 5307 ttrhis
3259 5262 3522 5307 remotam

1942 5326 2224 5395 originem.
2278 5322 2404 5395 Illuc
2453 5326 2593 5376 enim
2644 5324 2864 5377 ltornani
2918 5326 3179 5379 coloniam
3228 5325 3519 5392 deduxere,

1941 5393 2165 5462 ejusque
2223 5393 2421 5446 mentio
2483 5398 2711 5447 occurrit
2776 5395 2913 5461 apud
2979 5410 3162 5447 eorum
3222 5405 3521 5462 temporum

1938 5470 2250 5535 scriptores.
2306 5464 2496 5517 Verum
2525 5467 2662 5528 quod
2690 5475 2771 5517 est
2798 5465 2861 5515 ad
2890 5464 3207 5531 episcopalis
3247 5464 3521 5534 dignitatis

1939 5537 2145 5590 initium
2180 5576 2195 5601 ,
2249 5549 2334 5587 res
2381 5535 2708 5588 dubitatione
2760 5535 2977 5587 minime
3031 5545 3199 5590 caret.
3253 5536 3383 5588 Nam
3430 5536 3521 5603 qui

1943 5606 2232 5660 Thomasio
2260 5619 2323 5658 ac
2353 5607 2469 5657 aliis
2501 5606 2782 5657 laudantur
2825 5605 2976 5671 primi
3009 5607 3235 5659 civitatis
3266 5607 3521 5659 Senensis

1940 5678 2234 5741 antistites,
2265 5676 2425 5729 certis
2452 5688 2782 5740 ttequaquattt
2813 5678 3051 5728 nituntur
3082 5678 3373 5729 litterarum
3404 5689 3520 5726 mo-

1940 5747 2230 5803 numentis.
2283 5746 2537 5801 Senensis
2565 5744 2675 5813 ipse
2718 5746 3001 5814 episcopus
3044 5748 3347 5803 Aitcodatus
3379 5746 3429 5799 itt
3459 5757 3524 5799 ea

3009 5845 3086 5903 ΑΒ
