4026 6352
508 358 651 423 1355

1722 345 2329 415 ιιΑΝβοΒΑιιυοιιωι
2372 345 2611 404 ιιεουιι

3627 329 3762 386 1356

510 473 786 543 Ecclesiae,
813 484 911 527 nec
937 483 1040 525 non
1063 476 1118 524 et
1143 465 1425 537 Speciosus
1451 462 1771 519 Florentinai
1802 457 2079 521 Ecclesiae,
2110 459 2163 519 Α
2189 471 2284 526 per
2307 471 2448 525 ipsos
2470 457 2791 528 presbiteros
2814 464 2867 509 et
2895 465 3225 543 paumannos
3254 448 3346 523 [F.
3375 446 3764 543 iierimannos},

507 567 679 636 adque
706 560 1117 631 Telesperiaous
1145 555 1400 612 Lucensis
1428 553 1732 623 episcopus,
1762 550 1828 604 ad
1859 546 2083 603 ecclesia

507 656 687 712 Sancti
739 652 933 709 Genesi
972 650 1025 706 in
1073 649 1189 703 vico
1236 646 1325 716 qui
1372 646 1564 699 dicitur
1610 639 1857 696 Walari:
1910 637 2088 719 ibique

506 746 805 803 residentes
862 757 964 797 una
1019 755 1141 797 cum
1198 741 1365 793 misso
1418 732 1856 791 excellentissimi
1905 729 2084 785 domni

510 833 829 904 Liutprandi
860 831 1022 902 regis,
1056 829 1274 883 nomine
1302 825 1668 881 Gunther-amo
1700 822 1930 878 notario.
1985 818 2086 872 Ve-

512 938 704 984 nerunt
732 926 785 982 in
822 932 1057 980 nostram
1084 920 1403 991 presentiam
1430 916 1748 971 sanctissimi
1777 914 1878 969 viri
1918 911 2088 967 Adeo.

511 1021 669 1074 datus
697 1018 950 1074 Senensis
994 1012 1252 1069 Ecclesia:
1299 1010 1604 1080 episcOpus,
1636 1018 1690 1062 et
1738 1004 2088 1074 anertianus

509 1110 741 1165 Aretinm
788 1104 1040 1161 Ecclesia:
1080 1103 1381 1172 episcopus,
1417 1099 1815 1155 altercationem
1856 1096 1992 1149 inter
2030 1106 2090 1147 se

510 1201 768 1255 habentes
813 1196 879 1252 de
923 1194 1177 1261 diocesis,
1233 1192 1501 1257 ccclesiis,
1550 1198 1605 1245 et
1651 1187 1987 1243 monasteriis
2035 1184 2088 1239 in

513 1292 707 1345 ﬁnibus
749 1288 1001 1345 Senensis
1047 1285 1301 1341 territorii
1346 1284 1589 1354 ejusdem
1640 1281 1894 1336 civitatis.
1929 1278 1982 1332 ld
2006 1286 2092 1332 est

511 1382 581 1435 de
639 1377 970 1434 monasterio
1026 1376 1197 1432 sancti
1260 1375 1492 1440 Amiani,
1553 1372 1864 1443 baptisterio
1920 1369 2091 1425 sancti

509 1473 766 1540 Stephani
818 1470 1227 1536 Haminaeiano,
1280 1466 1650 1537 baptisterium
1697 1471 1878 1518 saneta
1922 1462 2092 1520 Malia

508 1565 563 1618 in
609 1564 841 1629 Cosona,
888 1560 1199 1631 beptisterio
1250 1559 1419 1614 sancti
1469 1557 1723 1613 Johannis
1763 1558 1814 1611 in
1865 1554 2091 1618 “antra,

513 1654 836 1709 inenasterio
883 1653 1050 1707 sancti
1092 1650 1408 1719 Arcbangeii
1455 1650 1507 1703 in
1558 1648 1720 1703 fundu
1752 1647 1917 1707 Lucu,
1950 1646 2087 1713 bap-

508 1745 720 1801 tisterio
760 1743 932 1798 sancti
980 1742 1212 1797 Andreas
1238 1742 1289 1795 in
1346 1741 1603 1802 Malcinis,
1634 1737 1945 1808 baptisterio
1971 1752 2095 1790 san-

2189 550 2461 603 veritatem
2507 548 2754 615 cognovi,
2802 554 2857 601 et
2902 546 3045 616 ipsos
3091 542 3420 613 presbiteros
3465 538 3767 609 suprascrio

2189 650 2395 709 ptarum
2429 655 2458 694 a
2499 640 2658 709 longo
2697 648 2936 708 tempore
2965 646 3366 691 antecessorum
3404 647 3673 698 meorum,
3716 640 3768 685 et

2189 745 2303 784 mea
2354 743 2523 797 usque
2574 737 2795 783 actenus
2840 728 3035 782 ibidem
3092 727 3187 780 luit
3220 726 3469 780 sacratio.
3529 724 3596 777 Et
3647 737 3770 777 ecce

2189 818 2316 873 mihi
2372 820 2851 889 suprascriptarum
2890 818 2957 872 de
3004 818 3177 872 omnis
3225 817 3356 871 istos
3408 814 3765 884 presbiteros,

2189 912 2277 980 qui
2319 928 2458 966 nunc
2510 912 2744 981 presenti
2787 912 2991 981 vivunt,
3042 912 3128 966 ubi
3178 910 3534 965 obedientiam
3585 919 3773 963 sancto

2190 1004 2401 1059 Donato
2428 1006 2810 1071 promiserunt,
2842 1013 2893 1058 et
2934 1012 3265 1058 sacramenta
3296 999 3592 1056 secundum
3623 1010 3771 1055 ante-

2190 1108 2461 1147 cessorum
2491 1108 2708 1148 suorum
2755 1094 3199 1149 consuetudinem
3247 1092 3577 1161 prebuerunt
3605 1106 3776 1159 usque

2190 1185 2255 1237 ad
2285 1186 2442 1239 tertio
2471 1194 2525 1239 et
2564 1193 2757 1254 quarto
2780 1199 2920 1239 anno
2967 1194 3111 1239 retro
3144 1192 3372 1253 tempus,
3404 1183 3497 1254 qui
3528 1183 3776 1238 similiter

2193 1294 2381 1333 manus
2402 1295 2526 1333 suas
2547 1280 2616 1334 ad
2635 1290 2822 1335 sancto
2852 1282 3074 1345 Donato,
3103 1280 3189 1334 cui
3216 1280 3483 1343 deservio,
3509 1278 3775 1336 fecerunt.

2195 1370 2261 1426 Et
2306 1370 2522 1440 insuper
2570 1374 2735 1426 lectas
2783 1371 3038 1439 epistolas
3090 1373 3390 1440 rogatorias
3441 1372 3510 1426 de
3552 1370 3778 1441 singulis

2189 1460 2458 1530 iudicibus
2489 1462 2705 1515 civitate
2733 1461 3000 1525 Senense,
3051 1472 3103 1515 et
3131 1462 3199 1515 de
3224 1462 3338 1529 ipso
3378 1462 3659 1530 episcopo,
3692 1460 3777 1528 qtti

2196 1560 2319 1605 tunc
2350 1561 2467 1606 erat
2495 1560 2549 1605 et
2590 1561 2956 1605 antecessores
2988 1566 3137 1605 meos
3185 1560 3239 1605 et
3282 1551 3349 1606 ad
3381 1566 3465 1606 nte
3496 1550 3781 1606 faciebatis

2195 1641 2529 1708 electionem,
2561 1658 2627 1696 eo
2675 1642 2815 1709 quod
2847 1653 3023 1696 vester
3066 1642 3331 1696 territorio
3362 1653 3497 1711 erat,
3540 1652 3599 1696 et
3626 1643 3779 1696 nobis

2197 1734 2452 1803 epistolas
2484 1734 2775 1799 faciebatis,
2805 1745 2857 1789 ct
2881 1735 3367 1803 regnm‘andabatis,
3391 1745 3447 1789 ut
3478 1735 3776 1789 secundum

513 1839 583 1892 eti
638 1836 781 1891 Petri
834 1836 885 1889 in
945 1833 1106 1899 Pava,
1157 1831 1526 1901 baptisterium
1566 1837 1763 1884 sancte
1812 1828 1990 1883 Maria:
2038 1828 2089 1881 in
2125 1813 2465 1896 Bantiquam
2530 1828 2961 1883 consuetudinem
3022 1830 3135 1898 ipse
3198 1843 3423 1899 persone
3485 1843 3776 1883 consecra-

512 1929 701 1991 Patna,
755 1924 1121 1995 baptisterium
1172 1923 1341 1977 sancti
1390 1920 1587 1988 Quirici
1635 1930 1691 1975 et
1734 1918 1991 1975 Johannis
2040 1919 2093 1972 in

521 2020 637 2073 vico
666 2016 905 2080 Falcino,
931 2012 1298 2083 baptisterium
1327 2020 1526 2067 sanctae
1556 2011 1833 2066 Restitute:
1858 2011 1909 2064 in
1934 2008 2095 2063 fundo

517 2112 750 2180 Uxiano,
783 2107 1150 2177 baptisterium
1181 2106 1351 2160 sancti
1403 2105 1594 2159 Felicis
1627 2104 1677 2157 in
1724 2105 1929 2166 Avano,
1963 2102 2095 2169 bap-

510 2201 781 2257 tisterium
812 2208 1014 2253 sancta:
1044 2196 1225 2250 Matris
1252 2196 1505 2251 Ecclesia:
1548 2196 1600 2248 in
1646 2194 1893 2257 Misultis,
1928 2191 2097 2260 bapti-

518 2294 740 2348 sterium
760 2291 929 2345 sancti
964 2289 1224 2342 Valentini
1246 2288 1297 2341 iit
1330 2286 1516 2339 CaSale
1541 2285 1749 2345 Ursina,
1776 2281 2097 2337 monasterio

508 2383 689 2436 ‘saucti
720 2377 861 2433 Petri
889 2378 954 2432 ad
1000 2377 1137 2440 Atto,
1168 2375 1480 2443 baptisterio
1510 2374 1678 2426 sancti
1708 2372 1814 2426 Viti
1858 2373 1911 2425 in
1944 2370 2096 2424 Ruti-

512 2474 680 2538 liam),
704 2480 757 2525 ct
778 2480 973 2525 sancta:
998 2468 1178 2522 Matris
1209 2466 1460 2521 Ecclesiae
1484 2466 1537 2519 in
1561 2464 1783 2519 castello
1812 2463 2096 2527 Politiano,

410 2630 420 2638 ,
514 2565 883 2635 baptisterium
931 2561 1102 2617 sancti
1162 2559 1265 2615 Viti
1315 2559 1367 2613 in
1422 2557 1682 2625 Vercona,
1730 2558 2096 2628 baptisterium

517 2658 688 2713 sancti
722 2656 906 2711 Donati
938 2656 989 2709 in
1022 2653 1296 2717 Ettiiiano,
1328 2652 1693 2722 baptisterium
1744 2660 1944 2706 sanctm
1989 2649 2099 2703 lla-

514 2749 609 2805 ria:
637 2750 689 2803 in
721 2747 893 2808 Saltu.
943 2743 1312 2814 baptisterium
1361 2743 1530 2797 sancti
1567 2742 1665 2796 Viti
1701 2742 1754 2797 in
1802 2743 2096 2805 Promano,

504 2842 880 2912 baptisterium
908 2840 1076 2895 sancti
1110 2837 1211 2892 Viti
1242 2838 1294 2892 in
1347 2838 1578 2892 Osenna.
1632 2838 1845 2891 Dicebat
1875 2837 2096 2891 sanctis.

517 2936 686 2989 simus
718 2929 1076 3000 Lupertianus
1108 2929 1391 2998 episcopus
1418 2925 1585 2983 frater
1625 2936 1808 2981 noster
1844 2927 1983 2996 quod
2010 2940 2099 2982 ec-

516 3027 696 3081 clesia:
742 3026 858 3079 istze
888 3021 1260 3092 suprascripta:
1307 3028 1360 3074 et
1403 3020 1746 3083 monasteria,
1783 3034 1811 3071 a
1862 3029 2099 3086 tempore

516 3118 877 3172 Romanorum
928 3124 983 3170 et
1029 3112 1497 3184 Langobardorum
1549 3126 1757 3179 regum,
1804 3126 1868 3164 ex
1920 3128 2025 3181 quo
2069 3128 2097 3165 a

512 3209 874 3291 fundamentis
904 3205 1134 3261 condita:
1154 3183 1325 3270 isunt,
1359 3218 1572 3272 semper
1601 3204 1668 3257 ad
1700 3203 1880 3257 sedem
1932 3205 2101 3258 saneti
2131 3183 2177 3246 ο

529 3301 714 3355 Donati
743 3300 914 3354 Aritio
939 3297 1277 3363 obedierunt,
1305 3310 1408 3350 una
1437 3311 1557 3351 cum
1583 3296 1833 3350 omnibus
1855 3297 2103 3351 oratoriis

518 3393 633 3447 suis
671 3410 685 3455 ;
717 3403 773 3448 et
821 3401 1150 3454 nostrorum,
1194 3389 1277 3444 vel
1326 3399 1727 3445 antecessornin
1779 3398 2103 3457 nostrorum,

522 3482 716 3537 ibidem
748 3483 847 3536 fuit
888 3481 1158 3536 ordinatio
1190 3491 1294 3533 tam
1344 3480 1397 3534 in
1453 3480 1778 3550 presbiteros
1825 3490 1879 3535 et
1915 3482 1969 3538 in
1995 3482 2107 3536 dia-

510 3587 708 3637 conos,
740 3584 792 3627 et
822 3582 1003 3627 nostra
1038 3571 1136 3626 fuit
1187 3572 1422 3625 sacratio
1471 3586 1685 3640 semper
1724 3587 1890 3641 usque
1925 3572 2103 3641 modo,

508 3678 573 3721 et
606 3681 704 3721 nos
733 3666 995 3719 debemus
1037 3663 1254 3718 habere.
1288 3662 1367 3717 Ad
1416 3663 1514 3718 ltee
1557 3664 1913 3731 respondebat
1944 3664 2107 3719 frater

512 3765 701 3817 noster
757 3755 1065 3811 Adeodatus
1121 3754 1379 3810 Senensis
1447 3756 1701 3811 Ecclesia:
1761 3757 2046 3825 episcopus
2089 3773 2104 3810 :

522 3848 732 3906 Veritas
761 3860 864 3917 est,
898 3852 1021 3921 quia
1049 3850 1292 3907 ecclesia:
1319 3851 1434 3905 ista:
1465 3857 1520 3905 et
1559 3850 1876 3906 monasteria
1910 3853 1962 3904 in
1992 3860 2104 3904 ter-

518 3940 710 3994 ritorio
764 3942 988 3995 Senensi
1052 3943 1241 4008 positae
1294 3949 1460 3994 sunt:
1521 3950 1693 3993 vestra
1754 3941 1948 3995 ibidem
2008 3941 2109 3995 luit

520 4030 773 4094 sacratio,
805 4045 871 4085 eo
900 4028 1043 4102 quod
1095 4030 1331 4086 Ecclesia
1362 4029 1614 4085 Senensis
1654 4032 1872 4085 minimc
1896 4033 2106 4101 cpisco-

528 4135 625 4188 pos
653 4119 825 4176 abuit.
852 4121 984 4177 Nam
1014 4120 1175 4174 modo
1202 4121 1267 4173 ad
1296 4135 1393 4173 nos
1419 4120 1617 4175 debent
1646 4136 1957 4188 pervenere,
1983 4122 2107 4192 quia

516 4216 578 4268 .in
607 4224 815 4279 nostro,
850 4222 909 4267 ιιι
940 4212 1069 4277 dixi,
1101 4213 1377 4269 territorio
1404 4230 1525 4269 esse
1556 4227 1867 4269 noscuntur.
1900 4217 1975 4270 A-J
2009 4219 2108 4273 bec

518 4322 654 4361 vero
678 4305 1038 4377 respondebat
1065 4306 1419 4377 anertianns
1448 4307 1727 4376 episcopus
1754 4324 1767 4361 :
1803 4311 1841 4361 A
1871 4318 2109 4377 tempore

516 4396 808 4455 'ltotbarim
842 4400 983 4470 regis
1022 4416 1189 4469 usque
1239 4400 1396 4455 modo
1436 4398 1672 4455 Ecclesia
1719 4399 1970 4455 Senensis
1998 4403 2108 4472 cpi-

529 4492 750 4563 séopum
776 4492 926 4547 abuit
949 4508 964 4547 :
998 4503 1050 4549 et
1076 4501 1259 4547 nostra
1280 4492 1348 4546 de
1370 4505 1431 4547 ea
1455 4500 1579 4546 ante
1600 4506 1628 4545 a
1651 4503 1891 4562 tempore
1913 4493 2105 4549 Roma-

531 4599 749 4653 norum,
776 4592 832 4639 et
878 4594 1059 4654 postea
1094 4597 1258 4653 usque
1287 4582 1340 4637 in
1374 4584 1654 4638 odiernum
1692 4582 1835 4638 diem
1879 4583 1931 4639 in
1964 4586 2105 4655 ipsas

534 4674 814 4739 ecclesias,
842 4674 1149 4743 baptisteria
1180 4684 1231 4728 et
1255 4674 1717 4729 monasteria......
1750 4672 1848 4729 fuit
1878 4677 2108 4733 sacratio
2130 4670 2146 4685 ’

533 4776 591 4821 et
618 4764 902 4830 ordinatio,
931 4774 986 4819 et
1032 4763 1082 4817 in
1113 4774 1269 4818 antea
1313 4763 1571 4817 debemus
1599 4765 1890 4820 secundum
1942 4780 2109 4820 cauo-

514 4860 707 4912 -nicam
728 4856 968 4924 regulam
992 4855 1210 4911 habere.
1234 4856 1458 4922 Quidem
1477 4865 1532 4910 et
1553 4857 1744 4912 missus
1765 4859 2109 4914 excellentis-

534 4952 653 5005 simi
680 4949 858 5005 dontni
888 4946 1203 5018 Liutprandi
1234 4950 1395 5018 regis,
1430 4949 1649 5005 nomine
1685 4948 2110 5019 Guntlteramus,

518 5044 622 5112 qui
656 5058 751 5113 per
794 5042 970 5113 ipsum
1014 5042 1266 5112 Tagipert
1313 5040 1643 5097 Gastaldium
1688 5044 2003 5111 Senensem,
2048 5062 2113 5100 ac

516 5260 624 5317 lite
663 5259 1001 5314 affirmabat:
1036 5277 1056 5312 ι
1106 5258 1358 5314 Ecclesia:
1403 5256 1518 5313 ista:
1558 5265 1614 5312 et
1662 5257 2008 5325 monasteria,
2060 5258 2113 5315 in

534 5332 802 5387 territorio
828 5328 1051 5385 Senensi
1079 5329 1261 5397 posita)
1282 5337 1447 5393 sunt;
1477 5338 1532 5383 et
1554 5334 1761 5382 vestras
1790 5328 1863 5398 (id
1891 5339 1975 5398 est
1999 5330 2113 5398 epi-

532 5402 682 5468 scOpi
712 5400 966 5469 Arretini)
998 5400 1193 5456 ibidem
1218 5400 1312 5452 fuit
1342 5399 1594 5464 sacratio,
1619 5413 1686 5451 eo
1707 5398 1847 5465 quod
1875 5397 2113 5456 Ecclesia

532 5472 788 5527 Senensis
818 5471 1037 5525 minime
1064 5470 1345 5539 episcopos
1393 5469 1596 5521 habuit.
1623 5485 1645 5520 ι
1679 5470 1961 5539 Arretinus
1983 5486 2112 5526 vero

531 5544 812 5611 episeOpus
859 5536 1214 5608 Lupertianus
1250 5536 1379 5594 inec
1424 5547 1608 5611 contra
1655 5536 1912 5611 eﬂ'erebat
1944 5558 1956 5593 :
1990 5558 2012 5590 ι
2069 5543 2114 5597 Α

518 5607 776 5679 tempore
824 5607 1099 5665 iiutliarim
1147 5624 1313 5678 usque
1362 5608 1521 5663 modo
1566 5607 1800 5679 Ecclesia
1853 5609 2112 5666 Senensis

536 5677 844 5748 episeOpurn
876 5681 1076 5735 habuit.
1111 5701 1129 5733 ι
1182 5680 1375 5749 Aliquo
1424 5686 1707 5749 propterea
1763 5677 2113 5749 fundamento

514 5747 659 5811 ,nita
700 5751 1122 5819 deprehenditur
1171 5747 1391 5806 llubcrti
1444 5747 1810 5817 Benvoglienti
1859 5752 2114 5807 Senensis

2200 1928 2402 1983 rentur,
2431 1918 2676 1987 quoniam
2708 1928 2885 1973 nostra
2918 1922 3206 1974 manebunt
3234 1918 3457 1973 diocesi.
3498 1918 3610 1972 Nec
3638 1918 3781 1986 quis-

2198 2022 2355 2076 quam
2382 2020 2570 2063 contra
2619 2024 2851 2065 canones
2880 2011 2997 2065 sine
3036 2020 3216 2065 nostra
3270 2008 3549 2077 permissio
3580 2009 3780 2065 ibidem

2199 2099 2573 2169 episcoporum
2597 2102 2822 2155 audebat
2845 2103 3235 2157 ordinationem
3267 2101 3461 2157 facere.

2271 2193 2349 2246 Ad
2378 2193 2491 2247 haec
2510 2204 2685 2247 autem
2709 2195 2885 2249 omnia
2919 2211 3015 2250 nos
3037 2196 3383 2266 suprascripti
3414 2194 3778 2259 Teudoaidus,

2202 2287 2481 2353 Maximus,
2530 2287 2839 2357 Speciosus,
2886 2289 3293 2358 Telesperianus
3338 2290 3645 2358 episcopus,
3680 2304 3781 2342 una

2200 2393 2320 2431 cum
2347 2379 2652 2445 presbiteris
2674 2383 2872 2435 nostris
2892 2382 3207 2435 venerandis
3230 2381 3376 2445 viris,
3403 2382 3451 2433 iil
3474 2392 3557 2434 est
3582 2382 3784 2437 Johan-

2201 2485 2318 2535 nes,
2351 2469 2617 2537 Lucipert,
2671 2472 2961 2537 Rodaldus,
3015 2473 3295 2535 Municbis,
3338 2472 3645 2537 Sicnaldus,
3676 2476 3782 2527 An-

2201 2560 2391 2629 selmo,
2426 2563 2684 2627 Aututini,
2717 2563 3020 2627 Tneodoro,
3071 2563 3359 2627 Deusdedi,
3392 2563 3569 2633 adque
3608 2565 3785 2621 Theo-

2201 2652 2356 2717 doro,
2386 2661 2440 2707 et
2488 2654 2705 2723 reliquis
2753 2655 3119 2709 sacerdotibus
3168 2653 3658 2717 tircumstantibus,
3689 2671 3786 2709 ac.

2203 2742 2430 2809 dientes,
2472 2745 2691 2800 fecimus
2740 2746 2909 2814 ipsam
2956 2746 3350 2816 inquisitionem
3386 2758 3439 2802 et
3483 2761 3675 2801 manus
3718 2746 3787 2800 de

2202 2834 2333 2904 ipsis
2361 2836 2689 2905 presbiteris,
2719 2838 2808 2907 qui
2853 2852 2993 2891 nunc
3030 2838 3133 2891 vivi
3178 2846 3324 2903 sunt,
3372 2848 3426 2891 et
3455 2852 3668 2900 eorum,
3697 2838 3784 2906 (ιιιί

2204 2929 2548 2982 transierunt.
2577 2927 2682 2982 Sed
2710 2938 2765 2983 et
2787 2930 3011 2996 epistola
3034 2928 3269 2999 judieum
3308 2928 3629 2985 Senensiutn
3659 2929 3785 2981 civi~

2206 3020 2349 3084 tatis,
2398 3018 2513 3073 sive
2556 3019 2944 3089 episcoporum.
2981 3020 3233 3075 Ecclesiae
3276 3019 3599 3074 Senensium
3647 3019 3785 3073 rele-

2205 3124 2333 3179 gere
2376 3126 2391 3176 ;
2445 3109 2531 3164 ubi
2584 3112 2979 3176 continebatur,
3030 3110 3172 3179 quod
3221 3113 3400 3165 omnis
3452 3109 3691 3164 sacratio
3736 3110 3787 3164 in

2206 3201 2585 3271 suprascripta:
2631 3201 2883 3269 diocesis,
2936 3202 3258 3270 baptisteriis
3307 3210 3364 3257 et
3420 3203 3784 3267 monasteriis,

2204 3294 2377 3363 adque
2404 3294 2635 3350 oraculis
2659 3310 2755 3364 per
2778 3294 3017 3364 presules
3039 3306 3239 3350 sancta:
3265 3295 3500 3351 Aretina:
3533 3298 3789 3352 Ecclesia

2204 3388 2348 3441 omni
2383 3389 2435 3441 in
2464 3396 2706 3457 tempore
2736 3387 3169 3456 perﬁciebantur.
3198 3387 3329 3442 Nam
3358 3397 3411 3443 et
3453 3389 3554 3458 ipsi
3580 3390 3791 3459 presbio

2206 3482 2326 3545 teri,
2358 3482 2623 3549 quomodo
2650 3480 2845 3535 ibidem
2874 3481 3123 3535 custodes
3144 3490 3288 3547 sunt,
3312 3482 3382 3535 ita
3407 3480 3637 3548 professi
3664 3491 3794 3536 siint

2209 3589 2304 3644 per
2349 3572 2635 3642 Euangelia
2682 3583 2735 3627 et
2788 3573 3089 3628 sacratione
3136 3578 3203 3626 ab
3250 3573 3484 3628 Aretime
3535 3573 3793 3629 Ecclesia).

2207 3664 2464 3732 episcopo
2488 3662 2874 3732 suscepissent,
2905 3673 2959 3716 et
2985 3677 3171 3716 manus
3200 3677 3327 3715 suas
3351 3662 3501 3732 juxta
3546 3673 3794 3719 anteces-

2208 3768 2392 3808 sorum
2431 3768 2651 3808 suorum
2700 3753 3142 3810 consuetudinem
3193 3753 3387 3809 ibidem
3437 3754 3713 3819 iecissent,
3744 3764 3795 3809 et

2208 3856 2544 3901 sacramenta
2564 3847 2921 3915 prebnissent,
2936 3857 2989 3901 et
3009 3847 3362 3903 obedientiam
3380 3862 3549 3916 usque
3570 3857 3792 3901 actenus

2211 3939 2617 4009 impendissent,
2665 3952 2721 3993 et
2766 3941 2957 3995 crisma
2989 3941 3366 4010 suscepissent.
3416 3941 3542 3995 ideo
3587 3939 3791 4010 justum

2208 4030 2381 4099 adque
2408 4038 2613 4085 rectum
2649 4030 2864 4097 placuit,
2896 4041 2949 4084 nt
2979 4031 3023 4084 si
3054 4032 3172 4100 quis
3192 4030 3360 4084 sancti
3395 4030 3583 4085 Patres
3614 4030 3789 4096 Nicei,

2210 4134 2263 4181 et
2289 4123 2540 4189 Elfesani,
2577 4124 2753 4192 adque
2779 4122 3193 4179 Calcedonensis
3223 4124 3440 4179 concilii
3465 4133 3794 4192 statuerunt,

2212 4226 2269 4271 ut
2296 4230 2456 4271 nemo
2488 4218 2538 4268 in
2566 4215 2739 4268 aliena
2785 4213 2985 4268 diocesi
3037 4230 3144 4269 non
3175 4214 3221 4267 vi
3253 4215 3456 4285 ingredi
3498 4229 3794 4284 presmnat,

2212 4318 2303 4362 aut
2330 4307 2773 4377 qualemcumque
2818 4304 3205 4360 ordinationem
3254 4305 3430 4369 faciat,
3472 4307 3567 4361 sed
3602 4308 3657 4361 in
3688 4308 3796 4362 suis

2210 4400 2459 4456 diocesiis
2502 4414 2565 4453 se
2593 4397 2888 4462 contineat,
2920 4413 3019 4452 nec
3063 4406 3257 4454 statuta
3304 4398 3521 4452 f’atrum
3568 4401 3794 4455 tormina

2212 4488 2571 4559 transcendat.
2604 4488 2836 4544 Proinde
2876 4488 3151 4543 decretum
3198 4505 3292 4559 per
3325 4498 3640 4544 sanctorum
3694 4491 3796 4547 Pa-

2219 4590 2363 4637 trum
2393 4580 2784 4645 auctoritatem,
2810 4589 2868 4632 ut
2895 4586 2974 4644 tu,
3020 4579 3360 4634 sanctissime
3409 4580 3578 4634 frater
3610 4591 3794 4636 noster

2219 4674 2545 4743 Lupertiane
2591 4673 2864 4743 cpiscope,
2917 4670 3064 4740 ipsas
3115 4673 3504 4740 suprascriptas
3554 4673 3799 4729 diocescs

2219 4774 2274 4820 et
2302 4764 2621 4819 monasteria
2648 4778 2770 4817 cum
2817 4761 2928 4817 suis
2957 4762 3191 4817 oraculis
3228 4762 3387 4818 abeas
3430 4764 3641 4835 absque
3671 4781 3797 4835 qua-

2223 4858 2558 4924 lemcumque
2604 4855 3058 4910 contaminatione
3106 4852 3321 4915 habere,
3374 4855 3511 4909 sicut
3557 4866 3798 4911 anteces-

2225 4960 2375 5001 sores
2421 4946 2523 5000 tuis
2569 4958 2597 4997 a
2649 4944 2810 5014 longo
2854 4955 3095 5013 tempore
3143 4944 3477 5009 habuerunt;
3525 4957 3579 5000 et
3628 4950 3799 5000 omnis

2220 5038 2448 5095 sacratio
2474 5038 2667 5093 ibidem
2700 5053 2794 5091 per
2839 5037 2941 5092 tuis
2971 5038 3079 5090 oris
3128 5036 3264 5090 labia
3296 5037 3380 5091 vel
3424 5053 3796 5095 successorum

2225 5255 2323 5311 viri
2343 5256 2469 5311 olim
2490 5258 2788 5312 doctissimi
2810 5259 3010 5327 ορίώο,
3036 5260 3123 5326 qui
3151 5260 3202 5314 in
3224 5260 3366 5315 notis
3389 5259 3454 5313 ad
3477 5259 3794 5316 Senensium

2221 5327 2591 5398 episcoporum
2615 5330 2937 5397 catalogum,
2970 5340 3112 5383 tumo
3133 5330 3198 5385 Ill
3225 5329 3386 5385 italia:
3406 5333 3612 5397 Sacrae,
3630 5336 3798 5387 novis-

2222 5406 2369 5453 sinne
2417 5400 2684 5473 editionis,
2732 5404 3248 5473 nuit‘assentatiooe
3291 5400 3485 5455 ductus
3524 5418 3651 5473 erga
3704 5418 3794 5469 pa-

2221 5473 2397 5542 triam,
2429 5470 3005 5542 sedamoreiveritatis
3040 5474 3309 5535 incensus,
3356 5487 3472 5539 qua:
3519 5470 3682 5540 supra
3714 5488 3797 5542 pa-

2223 5540 2374 5595 triam
2403 5543 2547 5613 cordi
2578 5555 2701 5596 esse
2744 5541 2969 5596 honesto
2996 5541 3199 5597 homini
3230 5542 3409 5607 debet,
3460 5543 3667 5608 primos
3688 5540 3795 5613 epi-

2221 5626 2412 5679 Scopos
2462 5611 2769 5672 Senenses.
2830 5613 3070 5681 Ugbellio
3124 5624 3471 5676 memoratos,
3528 5611 3794 5680 tamquam

2222 5691 2518 5751 suspectus,
2546 5693 2635 5737 aut
2674 5684 2950 5751 eonlictos,
2994 5682 3317 5738 omittendos
3367 5691 3453 5739 est
3486 5685 3794 5739 arbitratus.
