4026 6352
314 342 453 399 1557

1389 347 1782 402 DlPLOMATA
1822 344 2103 403 ECCLES.
2143 349 2471 408 SELEBTA.

3414 367 3547 423 1358

308 471 517 516 tuorum
547 460 743 517 ibidem
769 463 1047 531 proveniat
1071 472 1174 516 tam
1200 464 1249 516 in
1273 464 1581 531 presbiteris
1605 480 1869 533 quamque
1899 461 1946 521 Δ
1977 462 2189 534 factum,
2238 468 2411 539 adque
2459 469 2711 525 dictatum
2737 510 2751 535 ,
2804 472 2886 527 vel
2935 475 3184 531 relectum
3232 481 3543 553 subscripsi.

306 553 543 606 diacoois
587 553 669 607 vel
717 552 1074 620 subdiaconis,
1127 564 1179 609 et
1224 555 1505 625 baptisma,
1548 558 1629 610 vel
1680 558 1876 611 crisma

304 658 398 712 per
442 643 839 716 impositionem
899 662 1171 713 manuum,
1232 648 1365 700 sicut
1428 648 1700 703 Cristiante
1756 652 1878 703 reli-

301 736 476 807 gionis
498 746 577 790 est
599 737 950 800 consuetudo,
972 740 1118 791 omni
1144 750 1383 808 tempore
1410 744 1677 807 proveniat
1705 743 1876 810 adque

304 830 417 881 fiat.
451 829 511 883 Et
544 829 739 881 nullam
772 828 992 883 faciendi
1020 833 1265 885 ammodo
1289 841 1343 886 et
1368 834 1615 902 deinceps
1639 835 1871 903 prefatus

300 919 607 973 Adeodatus
650 920 948 987 episcopus,
1001 921 1083 973 vel
1131 920 1244 990 ejus
1285 938 1642 989 successores,
1693 927 1780 992 qui
1823 928 1871 980 itt

299 1020 543 1078 tempore
593 1010 832 1075 fuerint,
888 1021 1069 1065 contra
1130 1021 1178 1066 te
1230 1029 1388 1082 quem
1444 1017 1865 1084 suprascriptum

299 1099 683 1167 Lupertianum
738 1101 1070 1170 episcopum,
1117 1103 1196 1157 vel
1250 1113 1369 1159 tuos
1422 1121 1758 1161 successores
1803 1108 1871 1163 de

294 1193 564 1259 praedictis
594 1192 921 1265 baptisteriis
968 1194 1231 1260 ecclesiis,
1283 1205 1337 1250 et
1378 1199 1710 1253 monasteriis
1747 1213 1866 1253 cum

293 1284 526 1338 oraculis
549 1284 680 1347 suis,
704 1285 988 1354 aliquando
1014 1285 1137 1340 abet
1159 1286 1397 1341 facundia
1431 1287 1493 1341 ad
1523 1289 1865 1357 loquendum,

292 1388 392 1425 nec
418 1372 484 1425 ad
530 1374 601 1425 ibi
635 1372 806 1428 fontes
855 1376 1172 1443 faciendum,
1215 1392 1311 1431 nec
1342 1377 1522 1446 plebes
1548 1379 1867 1434 subtrahen-

290 1462 444 1525 dum,
488 1478 583 1518 nec
612 1465 771 1517 ullam
819 1466 1208 1520 ordinationem
1254 1468 1386 1522 infra
1434 1469 1575 1537 ipsas
1601 1470 1862 1533 diaceses,

293 1552 533 1620 finesque
560 1569 743 1606 eorum
794 1554 1113 1620 faciendum,
1154 1556 1289 1611 sicut
1314 1568 1618 1611 sanctorum
1650 1559 1858 1613 Patrum

293 1644 535 1698 instituta
579 1644 847 1712 leguntur.
901 1647 1159 1711 Quoniam
1201 1663 1296 1716 pro
1340 1650 1658 1715 amputanda
1692 1652 1862 1704 inten-

284 1735 438 1789 tione
462 1735 819 1805 decrevimus,
852 1747 907 1790 ut
951 1738 1048 1793 sibi
1087 1742 1344 1807 septimus
1370 1756 1487 1794 cum
1518 1756 1611 1795 sex
1660 1744 1861 1811 presbi-

290 1825 422 1878 teris
464 1825 588 1890 tuis,
641 1829 825 1894 quales
872 1827 984 1896 ipse
1026 1828 1330 1882 Adcodatus
1370 1831 1573 1901 eligere
1616 1810 1857 1895 valuerit,
1896 1810 1938 1869 Β

289 1917 513 1983 prebeas
570 1929 623 1970 tu
675 1918 994 1987 Lupcrtiatte
1051 1921 1317 1992 episcopo,
1366 1935 1419 1978 et
1466 1924 1531 1979 ad
1578 1923 1862 1995 Euangelia

285 2021 678 2062 sacramentum
720 2026 820 2064 una
851 2011 975 2064 dum
1024 2028 1141 2079 sev,
1191 2023 1243 2069 et
1283 2014 1503 2081 dicatis;
1552 2018 1672 2085 quia
1703 2033 1731 2070 a
1759 2031 1864 2086 quo

284 2105 545 2165 tempore,
574 2115 637 2152 ex
670 2116 773 2168 quo
804 2102 964 2155 auditi
991 2113 1134 2167 sunt,
1168 2104 1369 2159 iubetis
1412 2106 1775 2162 Romanorum
1806 2117 1861 2162 et

288 2186 762 2254 Langobardorum
812 2204 980 2261 usque
1029 2193 1079 2248 in
1130 2204 1427 2263 presentem
1475 2195 1635 2263 diem,
1679 2198 1730 2251 in
1761 2213 1901 2268 quo.

288 2294 498 2342 sumus,
528 2294 740 2348 semper
766 2284 1120 2338 sacratianem
1163 2285 1577 2354 presbiterorum
1609 2295 1661 2343 et
1687 2288 1863 2343 diaco-

284 2385 476 2422 norum
507 2369 742 2438 ipsarum
777 2376 1256 2443 suprascriptarum
1286 2377 1635 2451 ecclesiarum
1665 2380 1731 2433 ab
1752 2379 1863 2448 epi-

282 2462 462 2529 scopis
526 2462 759 2516 Aretiure
813 2465 1069 2521 Ecclesia:
1121 2477 1468 2537 susceperunt
1501 2513 1515 2537 ,
1579 2480 1632 2523 et
1684 2481 1860 2524 nostra

280 2562 799 2623 antecessorumque
848 2569 1148 2614 nostrorum
1198 2561 1392 2615 ibidem
1437 2559 1533 2615 fuit
1574 2562 1856 2629 ordinatio,

285 2643 406 2707 quia
434 2654 616 2697 nostra
647 2645 780 2698 inibi
814 2645 1009 2701 mansit
1035 2651 1323 2718 possessio,
1352 2669 1449 2705 nec
1478 2654 1539 2707 ad
1567 2653 1853 2708 Ecclesium

265 2722 579 2790 ‘Senensem
611 2749 701 2791 aut
746 2740 1026 2810 episcopos
1058 2743 1173 2811 ejus
1215 2760 1480 2815 nunquam
1516 2747 1858 2814 pertinerent,

240 2812 241 2815 η
282 2842 385 2881 nec
409 2842 528 2881 cum
570 2827 804 2881 Ecclesia
836 2840 1053 2884 sanctus
1099 2831 1356 2902 Donatus,
1391 2850 1487 2888 nec
1526 2835 1639 2904 ejus
1671 2836 1859 2892 defen—

284 2935 437 2973 sores
494 2922 739 2988 perdere,
796 2932 887 2976 aut
939 2924 1089 2979 vobis
1148 2924 1415 2981 dimittere
1467 2927 1741 2982 debemus.
1798 2930 1861 2983 Et

284 3011 571 3078 Euangelia
619 3013 842 3066 adducta
890 3024 1014 3068 sunt
1060 3016 1111 3069 in
1162 3017 1357 3071 nostris
1388 3018 1687 3072 omniornm
1734 3035 1857 3088 pre—

278 3101 447 3151 sentia
480 3139 492 3160 ,
546 3110 598 3153 et
643 3116 1032 3157 sacramentum
1095 3106 1207 3173 ipse
1255 3107 1534 3162 deductus.
1596 3108 1663 3162 Et
1709 3111 1855 3164 finita

274 3190 522 3244 intentio.
568 3192 718 3247 Unde
761 3207 1060 3262 presentem
1108 3197 1400 3266 judicatnm
1455 3209 1699 3256 nostrum
1736 3220 1857 3271 per-

278 3295 432 3352 petua
468 3285 736 3351 firmitate,
765 3304 831 3341 ne
866 3289 1212 3357 imposterum
1241 3293 1434 3347 exinde
1474 3292 1610 3349 inter
1641 3312 1733 3349 vos
1762 3296 1859 3349 ali-

275 3391 380 3443 qua
416 3376 720 3429 revolvatur
749 3380 1010 3444 causatio,
1061 3380 1176 3446 tibi,
1216 3384 1303 3450 qui
1336 3398 1492 3450 supra
1538 3383 1856 3453 Lupcrtiane

272 3467 579 3532 episeOpus,
609 3481 701 3535 per
736 3484 923 3522 manus
955 3472 1300 3541 supraset'ipti
1329 3472 1403 3527 lili
1450 3476 1616 3529 nostri
1658 3475 1857 3531 Gunte-

275 3556 389 3610 rani
422 3555 617 3609 notarii
659 3559 959 3623 emisimus,
1002 3561 1055 3613 in
1080 3575 1185 3630 quo
1210 3578 1303 3631 pro
1330 3566 1584 3634 ampliore
1612 3567 1855 3622 lirmitale

262 3658 362 3701 tua
394 3649 625 3717 propriis
652 3650 895 3705 man-ibus
919 3654 1116 3706 nostris
1143 3654 1519 3710 subscrisimus
1547 3673 1559 3721 ;
1591 3667 1853 3727 quatenus

271 3740 430 3792 ambe
474 3730 651 3807 partes
678 3741 730 3795 in
778 3743 963 3797 eadem
1013 3745 1401 3802 deliberatione
1451 3750 1724 3817 perpetuis
1760 3749 1855 3804 de-

274 3829 444 3883 beatis
490 3844 707 3885 manere
761 3834 1108 3900 temporibus.
1172 3836 1389 3891 Factum
1440 3838 1729 3906 jndicatum
1787 3841 1850 3893 ad

271 3922 505 3976 ecclesia
531 3924 697 3977 sancti
729 3926 941 3980 Genesii
970 3926 1020 3981 in
1063 3928 1178 3983 vico
1214 3930 1429 3993 Vallari,
1464 3930 1503 3983 ν
1536 3931 1619 3985 die
1652 3932 1851 3985 mensis

269 4010 421 4078 Julii,
453 4024 709 4081 regnante
747 4016 1110 4085 suprascripto
1149 4018 1345 4073 domno
1374 4030 1554 4074 nostra
1583 4021 1850 4075 excellen-

272 4102 482 4155 tissime
514 4113 568 4157 et
606 4103 1060 4161 Cltristianissimo
1099 4108 1424 4177 Liutprando
1455 4125 1599 4179 rege,
1627 4128 1767 4165 anno
1796 4114 1848 4166 in

266 4192 469 4246 Christi
504 4194 719 4248 nomine
765 4206 978 4264 quarto,
1026 4211 1120 4266 per
1166 4198 1386 4254 indictio
1415 4200 1571 4255 tertia
1618 4202 1848 4267 decima,

265 4284 519 4338 feiieiter.

344 4371 453 4442 Ego
477 4375 818 4430 'l‘eudualdus
839 4378 1127 4448 episcopus
1158 4381 1295 4435 hunc
1319 4382 1609 4450 judicatum
1635 4400 1663 4439 a
1696 4386 1848 4441 nobis

2049 557 2161 628 Ego
2186 559 2443 613 Maximus
2474 561 2751 631 episcopus
2778 564 3069 633 subscripsi
3091 583 3276 625 manus
3308 577 3541 644 propria.

2044 648 2154 718 Ego
2203 651 2484 719 Speciosns
2528 655 2809 725 episc0pus
2861 667 3059 714 sanctae
3118 660 3369 719 Ecclesiae
3419 668 3542 724 [διο.

1976 740 2194 793 rentinae
2237 740 2289 794 in
2338 741 2477 799 hunc
2522 743 2812 811 judicatum
2861 761 2893 801 a
2925 748 3077 803 nobis
3124 748 3339 821 factum,
3368 758 3540 826 adque

1973 828 2240 892 dictatum,
2276 831 2357 887 vel
2390 832 2646 887 relectum
2678 836 2985 907 subscripsi.

2042 919 2152 988 Ego
2178 920 2585 989 Telesperianus
2615 933 2813 979 sancta:
2844 926 3098 987 Lucensis
3124 931 3377 987 Ecclesia:
3398 932 3536 990 hunc

1965 1005 2256 1076 judicatum
2306 1026 2336 1063 a
2388 1012 2537 1068 nobis
2587 1014 2781 1071 factum
2826 1017 2995 1087 adque
3039 1002 3293 1079 dictatum
3344 1025 3425 1079 vel
3456 1040 3535 1079 re-

1970 1098 2159 1153 lectum
2191 1102 2496 1170 subscripsi.
3324 1158 3327 1159 ν

2044 1192 2151 1261 Ego
2201 1196 2547 1249 Ansiltnundo
2590 1197 2997 1267 arcbipresbiter
3043 1212 3237 1258 sancte
3288 1204 3536 1263 Eccles'ae

1967 1278 2172 1335 Pisam]:
2203 1282 2338 1336 hunc
2381 1283 2671 1354 judicatum
2700 1285 2932 1356 interfui,
2971 1299 3023 1344 et
3050 1308 3233 1347 manus
3264 1307 3376 1347 mea
3407 1294 3536 1348 sub-

1966 1373 2177 1441 scripsi.

1994 1513 2004 1520 .
2038 1467 2145 1529 Ego
2183 1458 2479 1524 ltodoaldus
2525 1468 2773 1524 Pisensis.

2036 1557 2144 1625 Ego
2166 1560 2432 1615 Johannes
2470 1563 2753 1631 presbiter.

2037 1649 2145 1719 Ego
2172 1650 2424 1706 Municltis
2452 1654 2711 1722 presbiter
2738 1656 3019 1712 Lunensis.

2024 1739 2144 1813 Ego
2173 1740 2433 1796 Deusdedi
2465 1744 2747 1812 presbiter.

2038 1830 2145 1899 Ego
2176 1829 2487 1885 Theodorus
2516 1834 2800 1901 presbiter.

2037 1919 2146 1987 Ego
2175 1917 2382 1974 Lucifer
2410 1922 2696 1990 presbiter.

2033 2008 2142 2077 Ego
2175 2009 2455 2062 Damianus
2487 2008 2766 2078 presbiter.

1960 2086 1965 2091 ’
2034 2102 2145 2170 Ego
2174 2100 2349 2170 Lupus
2382 2102 2663 2172 presbiter.

2697 2236 2800 2291 Vll.

1964 2344 2264 2423 Liulprandi
2292 2345 2741 2423 Langobardorum
2779 2351 2912 2423 regis
2942 2351 3193 2405 decretum
3216 2393 3229 2418 ,
3266 2358 3369 2423 quo
3404 2371 3528 2408 cou—

2034 2417 2327 2469 troversiam
2379 2419 2441 2470 de
2496 2419 2754 2473 nonnullis
2806 2417 3049 2477 Parwciis
3085 2417 3352 2478 vertentem
3400 2427 3529 2478 inter

2030 2487 2322 2566 episcOpum
2368 2488 2658 2567 Arretinum
2699 2490 3066 2567 et‘Senense‘m
3093 2533 3107 2555 ,
3154 2510 3184 2545 o
3233 2496 3526 2567 quibusdam

2032 2556 2280 2629 episcopis
2305 2567 2353 2629 _et
2394 2559 2556 2629 missis
2589 2559 2838 2629 regalibus
2879 2562 3128 2629 cognitam
3166 2556 3527 2616 ac'diremlom

2030 2639 2123 2692 pro
2146 2625 2380 2677 Arretina
2406 2626 2635 2679 Ecclesia
2648 2625 2706 2679 ret
2732 2629 2839 2695 ipse
2857 2625 3124 2697 confirmat
3148 2631 3304 2700 (anno
3335 2633 3459 2702 715)
3476 2634 3521 2685 ⁸.

1958 2730 1961 2733 ’
2033 2736 2249 2793 Flavius
2281 2738 2633 2805 Liutprandus
2661 2739 3182 2809 praecellentissimus
3210 2759 3303 2801 rex
3332 2752 3530 2802 sancta:

1960 2831 2235 2886 catholica:
2261 2831 2495 2886 Aretirne
2531 2832 2802 2898 Ecclesiae,
2856 2833 2909 2887 in
2955 2850 3055 2903 qua
3097 2850 3288 2905 corpus
3332 2837 3527 2890 Christi

1962 2923 2283 2977 confessoris
2316 2934 2370 2977 et
2402 2924 2626 2977 Martiris
2656 2923 2878 2991 quiescit
2908 2925 3116 2991 Donati,
3144 2935 3197 2981 et
3222 2927 3527 2982 beatissimo

1962 3017 2073 3067 viro
2104 3012 2248 3067 Patri
2276 3022 2458 3067 nostro
2502 3012 2823 3082 Lupertiano
2865 3016 3139 3085 episcopo.
3183 3016 3315 3071 Dum
3348 3018 3526 3072 inten-

1964 3109 2037 3161 tio
2069 3108 2218 3161 ltorta
2267 3106 2452 3160 fui~set
2498 3107 2637 3161 inter
2684 3107 3105 3176 Suprascriptum
3151 3108 3529 3177 Lupertianum

1964 3200 2296 3266 episcopum,
2316 3205 2370 3251 et
2396 3196 2725 3251 Adeodatum
2748 3210 2944 3252 sanctae
2966 3199 3217 3254 Senensis
3249 3199 3525 3265 Ecclesise,

1966 3288 2214 3357 idemque
2238 3289 2552 3358 episcopum
2586 3288 2653 3342 de
2677 3289 2903 3343 diocesis
2921 3291 3162 3345 ecclesiis
3185 3301 3238 3345 et
3260 3302 3529 3346 monaste-

1960 3383 2051 3437 riis
2082 3392 2242 3452 atque
2288 3383 2523 3437 oraculis
2548 3382 2598 3435 in
2619 3383 2854 3437 Senense
2884 3381 3150 3435 territorio
3179 3383 3483 3435 constitutis
3512 3401 3523 3435 :

1959 3471 2010 3525 id
2039 3481 2125 3525 est
2154 3474 2205 3525 in
2238 3472 2422 3538 primis
2458 3472 2783 3524 monasteria
2824 3470 2990 3522 sancti
3032 3470 3284 3538 Ampsani
3308 3511 3321 3532 ,
3353 3469 3527 3538 bapti-

1957 3562 2121 3616 steria
2144 3563 2309 3616 sancti
2332 3561 2590 3628 Stephani
2616 3562 2665 3613 in
2697 3560 2954 3624 Acciana,
2985 3558 3296 3627 baptisteria
3327 3569 3526 3613 sanctae

1955 3653 2131 3707 Mariae
2164 3654 2214 3707 in
2250 3653 2438 3706 Pacina
2460 3692 2474 3717 ,
2507 3652 2818 3721 baptisteria
2842 3652 3013 3706 sancti
3044 3651 3215 3725 lpoliti
3254 3652 3304 3705 in
3333 3652 3524 3707 Sexia-

1958 3758 2047 3807 no,
2082 3742 2398 3809 baptisteria
2430 3740 2598 3794 sancti
2629 3740 2881 3795 Johannis
2912 3740 2964 3794 in
2995 3741 3217 3808 lianeia,
3249 3753 3523 3795 monaste-

1956 3832 2034 3884 rio
2062 3832 2228 3885 sancti
2256 3830 2483 3885 Andreae
2516 3832 2567 3883 in
2590 3830 2810 3885 Melcina
2833 3871 2846 3893 ,
2886 3824 3194 3899 baptisteria
3223 3831 3390 3884 sancti
3423 3829 3522 3885 Pe-

1958 3923 2021 3975 tri
2073 3922 2125 3976 in
2172 3921 2350 3987 Pava,
2397 3921 2709 3989 baptisteria
2758 3930 2954 3976 sanctae
2994 3920 3169 3975 Maria:
3198 3922 3250 3975 iit
3292 3922 3523 3985 Cosona,

1955 4012 2265 4080 baptisteria
2312 4012 2481 4065 sancti
2529 4010 2749 4078 Quirici,
2782 4020 2836 4064 et
2875 4011 3131 4065 Johannis
3161 4012 3213 4065 in
3253 4012 3370 4066 vico
3406 4012 3522 4067 Pal-

1948 4104 2093 4170 cina,
2118 4103 2428 4172 baptisteria
2450 4111 2649 4159 sancta:
2674 4103 2950 4158 Restitutae
2982 4105 3033 4158 in
3060 4103 3220 4158 fundo
3245 4104 3517 4169 Sesciano,

1952 4194 2265 4263 baptisteria
2296 4196 2465 4249 sancti
2496 4194 2688 4250 Felicis
2730 4195 2779 4249 in
2810 4195 3022 4259 Avana,
3066 4195 3373 4262 baptisteria
3400 4211 3523 4249 salt-

1953 4298 2052 4341 cla:
2101 4289 2285 4343 matris
2335 4289 2582 4343 Ecclesia
2630 4288 2683 4342 in
2717 4288 2953 4352 Misulas,
2993 4287 3304 4351 baptisteria
3351 4286 3525 4341 sanct‘.

1958 4379 2219 4435 Valentini
2264 4381 2314 4433 in
2347 4379 2535 4433 Casale
2567 4378 2767 4443 \‘isina,
2812 4378 3139 4431 monasteria
3177 4376 3347 4430 sancti
3379 4376 3519 4431 Petri

340 4492 364 4519 ⁸
407 4485 588 4571 Refert
630 4484 905 4571 Ug-bellius
950 4489 999 4571 in
1032 4491 1285 4571 catalogo.
1312 4494 1833 4571 prmsttlumnrreti-
1871 4509 1926 4571 ι)
1955 4503 2093 4571 mate
2135 4495 2313 4571 locum
2360 4492 2501 4571 fecit.
2553 4492 2619 4570 Et
2660 4490 2871 4558 quidem
2904 4490 3200 4571 sepulcrale
3240 4488 3378 4543 illius
3409 4488 3521 4571 elo-

262 4556 671 4633 norurn,"l'om.
693 4558 723 4633 ,ι
758 4559 922 4633 Italiae
951 4558 1149 4624 Sacrtc,
1180 4556 1407 4628 diploma
1439 4564 1609 4617 Caroli
1642 4567 1835 4633 Magni,

247 4626 356 4679 sibi
381 4626 662 4680 refricatur
691 4628 802 4679 lu-c
827 4630 1011 4683 eadem
1042 4626 1406 4684 controversia
1425 4672 1440 4694 ,
1487 4642 1541 4685 et
1580 4626 1834 4697 episcopo

267 4697 516 4749 Arretino
529 4712 685 4750 causa
699 4699 1059 4769 tuljndieatur.
1079 4701 1144 4752 At
1166 4700 1219 4753 in
1248 4701 1520 4769 privilegia
1545 4702 1629 4755 illo
1648 4718 1833 4756 occur-

266 4776 388 4818 runt
417 4782 663 4838 quantm
698 4767 964 4822 immerito
991 4767 1342 4836 suspicionem
1388 4767 1626 4838 ingeraot
1657 4772 1826 4825 confi-

250 4843 368 4887 ωε
395 4837 617 4897 mercis,
665 4838 709 4889 si
739 4847 914 4892 tamen
936 4854 1147 4893 errores
1178 4837 1528 4895 transferendi
1563 4856 1665 4896 non
1700 4853 1827 4896 sunt

264 4904 320 4957 in
368 4904 667 4980 Ugbellium
690 4947 705 4969 ,
765 4925 919 4980 quem
950 4907 1003 4961 in
1040 4910 1401 4964 describendis
1430 4921 1485 4966 et
1509 4913 1824 4980 evulgandis

266 4976 490 5049 vetustis
514 4979 873 5030 monumentis
899 4980 1193 5049 saepissime
1224 4981 1522 5035 necessaria
1554 4976 1828 5049 diligentia

263 5041 482 5117 defecit,
513 5058 632 5117 cum
679 5062 781 5117 non
829 5062 951 5099 raro
979 5041 1054 5100 'in
1085 5048 1197 5115 ejus
1229 5050 1376 5104 libris
1405 5041 1694 5117 diplomata
1720 5052 1830 5106 dis-

265 5113 497 5166 sentiant
547 5114 614 5167 ab
655 5116 781 5181 ipsis
829 5113 1166 5172 archivorum
1215 5113 1562 5173 membranis.
1624 5121 1725 5176 Sed
1761 5138 1827 5176 eo

264 5181 558 5250 diplomate
589 5186 824 5246 diruisse,
860 5202 1000 5240 nunc
1029 5190 1112 5238 aio
1140 5198 1340 5242 tantum
1369 5190 1683 5244 eruditionis
1706 5203 1825 5245 tan—

265 5252 489 5329 tumque
515 5255 711 5308 critica:
732 5257 859 5329 artis
887 5258 1065 5311 hercle
1090 5273 1193 5310 non
1217 5258 1380 5313 fuisse
1410 5262 1625 5312 saeculis
1655 5272 1833 5329 poste-

268 5324 529 5387 rioribus,
560 5336 613 5375 nt
642 5324 971 5398 confringere
1019 5328 1285 5393 potuerint
1337 5324 1676 5383 monumenta
1714 5348 1831 5398 quin

266 5407 366 5460 ego
386 5407 528 5465 nunc
556 5409 745 5459 exero,
793 5397 920 5449 nihil
949 5398 1102 5463 plane
1134 5399 1465 5463 pmicrentia
1490 5401 1629 5465 quod
1662 5402 1712 5453 in
1733 5397 1830 5453 hi-

268 5462 488 5539 storiam
522 5474 747 5539 pugnet,
775 5466 885 5539 ima
911 5462 1062 5520 natas
1089 5462 1273 5521 omnes
1302 5462 1571 5536 germanae
1600 5472 1832 5539 antiqui-

266 5530 394 5584 tatis
440 5534 733 5606 complexa.
812 5537 1104 5604 Numquam
1158 5530 1553 5604 succurrisset,
1601 5530 1832 5606 exempli

263 5613 425 5675 causa
451 5642 465 5664 ,
520 5604 819 5675 subsecutae
862 5607 1031 5660 aetatis
1068 5606 1293 5674 ingeniis
1330 5608 1382 5661 in
1414 5608 1723 5675 Liutpranoli
1754 5604 1833 5661 di-

242 5673 503 5746 .plomate
532 5671 797 5746 collocare
829 5675 1073 5728 Auduald
1101 5671 1310 5746 ducem,
1335 5680 1487 5746 cujus
1514 5671 1597 5731 hic
1632 5679 1830 5734 mentio

265 5742 521 5797 occurrit.
555 5740 663 5796 Una
687 5745 882 5799 veritas
901 5747 1126 5817 maguati
1159 5745 1361 5819 buicjin
1390 5740 1637 5817 evulgato
1660 5749 1830 5818 diplo-

1946 4562 2535 4639 giumLil‘ieinbadhuc
2566 4562 2783 4639 vigens,
2832 4574 2931 4627 ego
2966 4559 3233 4639 edideram
3271 4573 3388 4639 cap.
3428 4559 3517 4625 10,

1946 4629 2068 4703 pag.
2102 4632 2191 4697 τι,
2223 4631 2544 4698 Antiquitat.
2581 4631 2817 4694 Esteos.,
2843 4643 2962 4681 cum
2991 4629 3091 4681 hoc
3121 4629 3341 4683 exordio
3368 4647 3381 4683 :

2068 4748 2165 4793 ενι)
2190 4745 2391 4801 regibvs
2414 4742 2623 4805 Ligvrize
2645 4744 2863 4805 dvcatvm
2886 4744 3039 4805 tenvit
3064 4741 3216 4789 avdax

2067 4807 2278 4856 Avdoald
2303 4803 2617 4866 armipotens,
2648 4803 2791 4861 claris
2814 4804 3055 4853 nataliovs
3078 4812 3227 4865 ortvs,
3255 4810 3353 4853 etc.

1944 4907 2052 4964 Sed
2082 4907 2205 4977 quis
2231 4907 2320 4961 ille
2353 4906 2509 4977 fuerit
2532 4945 2549 4971 ,
2594 4919 2806 4973 quoque
2839 4915 3075 4977 tempore
3121 4904 3412 4977 floruerit,
3454 4917 3523 4957 ne

1946 4980 2050 5053 ulla
2094 4972 2307 5053 quidem
2354 4976 2680 5053 conjectura
2710 4976 2918 5053 assequi
2954 4972 3117 5053 antea
3156 4973 3342 5053 potuit
3372 4972 3520 5051 Nunc

1944 5044 2125 5120 palam
2142 5049 2216 5112 fit,
2244 5047 2412 5120 ipsum
2441 5044 3113 5120 temporibusLiutprandi
3134 5044 3270 5120 regis
3296 5044 3512 5104 vixisse,

1945 5114 2102 5183 atque
2146 5132 2211 5170 ex
2237 5114 2817 5191 ΔηοῑίξλςιΙιι-οιῳιυςῖςίε
2863 5114 3131 5191 epitaphii
3168 5116 3376 5191 elucere
3407 5125 3517 5191 .po-

1946 5181 2068 5255 test,
2116 5186 2340 5241 desiisse
2378 5186 2521 5239 illius
2550 5181 2710 5240 vitam
2739 5181 3048 5240 anita'1t8.
3092 5181 3309 5255 [fatetur
3345 5182 3511 5255 etiam

1946 5249 2253 5313 Adeodatus
2290 5258 2551 5330 _Se_nensis
2598 5256 3067 5330 episcopus_auno_
3109 5251 3216 5305 715
3261 5249 3509 5330 cadente,

1946 5344 2050 5397 quo
2072 5326 2521 5401 datumﬂdiploma
2540 5322 2682 5401 reor,
2704 5341 2762 5379 se
2786 5322 2855 5401 ex
2882 5325 3029 5401 jussu
3057 5322 3206 5401 bona:
3238 5322 3511 5401 memoria:

1947 5390 2221 5463 apostolici
2249 5390 2582 5449 Consmntini
2622 5398 2674 5449 in
2697 5390 2954 5471 _cccle.~iis
2984 5390 3512 5471 controversisduos

1950 5461 2664 5539 presbyterosordinasse._
2695 5465 2760 5517 Et
2817 5477 2998 5539 revera
3036 5476 3110 5539 eo
3156 5474 3299 5513 anuo
3347 5461 3515 5539 Aprili

1948 5531 2129 5589 mense
2159 5552 2188 5590 e
2216 5536 2350 5590 vivis
2376 5537 2614 5590 sublatus
2644 5534 2811 5587 fuerat
2853 5534 2989 5585 idem
3036 5531 3308 5584 Romanus
3338 5531 3517 5596 ponti-

1949 5604 2054 5659 fex.
2097 5604 2219 5659 Haec
2250 5608 2563 5673 impostores
2594 5611 2900 5670 plerumque
2926 5602 3191 5670 ignorant,
3217 5615 3275 5653 ac
3304 5608 3511 5682 veteres

1948 5676 2154 5729 tabulas
2190 5677 2312 5729 dum
2353 5677 2449 5728 sibi
2494 5676 2871 5737 conlingeudas
2899 5680 3145 5733 sumunt,
3177 5676 3351 5723 omnia
3398 5682 3506 5733 pra:

1944 5747 2153 5801 inscitia
2184 5746 2417 5802 historia:
2445 5746 2663 5800 miscent
2695 5752 2850 5810 atque
2883 5741 3239 5797 confundunt.
3278 5741 3493 5796 luatur.
