4026 6352
476 346 615 404 ηυδε)

478 565 562 609 cta
594 553 758 610 Matre
789 554 1026 608 Ecclesia
1052 554 1112 608 in
1139 552 1377 609 Castello
1409 554 1732 610 Pulliciano.
1791 555 1855 609 Et
1886 554 2059 608 amba:

482 656 656 714 partes
686 645 742 701 in
770 654 951 703 nostra
979 646 1391 715 conjunxissetis
1423 648 1708 716 praesentia
1737 688 1753 713 ,
1780 646 2062 701 asscrebas

482 750 556 807 tu.
588 742 946 811 suprascripte
974 740 1301 811 Lupertiane
1327 739 1581 809 episcope
1603 782 1616 804 ,
1650 741 1777 811 quia
1804 738 2062 793 ecclesias

482 832 609 889 istas
638 843 692 891 et
722 834 1039 888 monasteria
1067 839 1186 887 cn'm
1224 833 1334 887 suis
1358 832 1589 887 oraculis
1624 847 1717 901 per
1745 830 1955 885 diversa
1986 828 2064 882 vi-

484 942 605 981 cora
638 930 925 984 constituta
970 940 999 978 a
1052 933 1294 992 tempore
1342 924 1559 994 antiquo
1588 938 1755 993 usque
1802 921 1980 987 modo,
2011 921 2061 975 in

483 1032 587 1086 quo
621 1018 854 1074 funditus
901 997 1131 1072 ctindita:
1160 1025 1313 1083 sunt,
1350 1030 1563 1082 semper
1606 1014 1670 1068 ad
1703 1014 1888 1068 sedem
1921 1012 2063 1067 beati

485 1108 663 1161 donati
687 1108 851 1162 Aritio
873 1105 1125 1175 subjectae
1156 1104 1389 1167 fuerunt,
1417 1113 1471 1158 et
1498 1114 1675 1158 nostra
1706 1106 1787 1159 vel
1811 1114 2031 1157 anteces
2050 1132 2064 1143 ο

484 1215 663 1253 surum
714 1206 1015 1253 nostrorum
1063 1195 1162 1251 fuit
1210 1195 1441 1250 sacratio
1491 1206 1598 1249 tam
1640 1196 1690 1250 in
1736 1197 2064 1265 presbiteros

484 1302 640 1354 quam
667 1295 719 1340 et
759 1289 807 1339 in
857 1286 1146 1350 diacOnos,
1180 1294 1234 1341 et
1264 1296 1447 1340 nostra
1476 1301 1643 1355 usque
1668 1297 1887 1341 actenus
1916 1302 2065 1339 man-

484 1382 551 1432 sit
583 1380 849 1448 pttSSCSSiO
873 1421 891 1448 ,
933 1389 987 1434 et
1037 1395 1134 1433 nos
1162 1378 1419 1434 debemus
1448 1379 1668 1434 habere.
1727 1379 1807 1447 Ad
1842 1378 1952 1431 haec
1981 1394 2067 1431 re-

485 1470 615 1539 plica
626 1472 713 1525 bat
734 1472 1036 1525 Adcodatus
1054 1472 1307 1527 Senensis
1325 1472 1575 1526 Ecclesia:
1594 1472 1783 1541 praesul
1810 1487 1823 1523 :
1856 1470 2062 1525 Veritas

484 1572 605 1628 est,
652 1572 709 1617 ut
758 1566 992 1630 asseris,
1039 1564 1156 1631 quia
1203 1562 1458 1617 Ecclesiae
1499 1565 1620 1620 ista:
1663 1572 1717 1618 et
1747 1564 2067 1617 monasteria

483 1663 646 1722 atque
703 1654 959 1719 oracula,
1009 1669 1128 1723 qua:
1188 1655 1240 1708 in
1303 1655 1579 1709 territorio
1642 1653 1887 1708 Senense
1935 1667 2067 1706 enn-

485 1745 684 1799 stitutm
723 1755 867 1810 sunt,
893 1746 958 1797 ab
985 1745 1417 1800 antecessoribus
1458 1747 1651 1799 vestris
1693 1744 1886 1798 ibidem
1918 1759 2065 1798 sem-

1650 343 2259 402 LANGOBARDORUM
2303 346 2539 403 DEGUM

475 466 541 518 ad
572 458 736 526 Ilbso,
766 460 1079 531 baptisteria
1105 463 1275 517 sancti
1311 462 1417 518 Vili
1444 462 1495 517 in
1535 461 1827 529 Rutiliana,
1864 474 1915 519 et
1938 477 2057 517 san-
2091 465 2138 523 Α
2169 463 2338 531 major
2383 462 2573 516 domus

3613 346 3749 404 1360

2617 479 2631 516 :
2681 462 2817 518 hanc
2858 462 3138 517 audientes
3189 471 3417 517 vestram
3467 460 3748 532 allegatio-

2166 570 2307 624 nem,
2340 555 2813 623 interrogavimus,
2848 565 2902 610 et
2933 572 3029 625 per
3067 555 3233 610 Deum
3275 551 3535 610 factorem
3571 556 3673 610 ccli
3701 567 3752 609 et

2165 657 2340 713 teme,
2378 660 2431 704 et
2458 652 2669 705 beatum
2700 649 2938 712 Petrum,
2986 649 3067 701 cui
3120 648 3375 701 Dominus
3402 648 3605 717 ligandi
3649 651 3753 703 sol-

2166 738 2429 806 vendique
2462 742 2513 793 in
2543 744 2661 794 celo
2689 748 2743 793 et
2766 739 2816 793 in
2842 747 2980 793 terra
3008 739 3197 793 tribuit
3225 745 3569 807 pctestatem,
3605 738 3755 808 adju-

2168 833 2402 884 ravimus
2435 832 2605 899 ipsum
2637 830 2970 885 Adeodatum
3011 834 3321 898 episcopum
3360 830 3620 885 Senensis
3651 830 3751 885 Ec-

2166 921 2386 989 clesiae,
2431 929 2489 975 ut
2536 921 2689 976 nobis
2736 922 2803 975 de
2850 922 2947 975 bac
2985 936 3145 975 causa
3191 921 3309 973 sine
3340 930 3564 989 peccato
3601 920 3753 976 linire

2166 1013 2503 1069 deberemus.
2555 1015 2653 1082 Qui
2688 1017 2865 1068 statim
2915 1030 3097 1069 coram
3142 1016 3393 1069 omnibus
3426 1015 3671 1083 prorupit
3702 1016 3754 1070 in

2168 1109 2377 1171 faciem,
2406 1115 2461 1161 et
2498 1109 2565 1161 ita
2601 1108 2871 1177 professus
2894 1120 3011 1174 est,
3043 1109 3228 1164 dicens
3255 1128 3266 1161 :
3299 1108 3491 1163 Coram
3526 1109 3755 1163 Domino

2170 1215 2273 1253 non
2306 1202 2553 1263 mentior,
2581 1201 2831 1269 quoniam
2868 1200 2984 1254 istas
3015 1201 3214 1269 sa‘pius
3242 1202 3397 1256 dictae
3429 1202 3677 1258 ecclesia:
3704 1212 3758 1256 et

2171 1292 2491 1344 monasteria
2532 1307 2651 1343 cum
2709 1292 2820 1345 suis
2888 1292 3122 1346 oraculis
3173 1295 3642 1348 consecrationem
3704 1303 3757 1347 et

2170 1380 2525 1435 obedientiam
2581 1396 2611 1435 a
2663 1382 2788 1436 sede
2837 1383 2976 1437 beati
3011 1384 3202 1437 Donati
3234 1388 3465 1439 Aretinrc
3495 1384 3757 1439 Ecclesia:

2174 1474 2417 1540 presulis,
2444 1475 2529 1529 vel
2560 1475 2626 1527 ab
2654 1475 2771 1543 ejus
2800 1476 3083 1529 defensore
3118 1476 3439 1541 habuerunt,
3472 1486 3527 1528 et
3558 1476 3757 1530 ibidem

2173 1566 2562 1634 pertinuerunt.
2640 1566 2771 1619 Nam
2818 1565 2885 1619 ad
2928 1567 3223 1621 Senenseut
3274 1566 3574 1620 Ecclesiam
3624 1566 3759 1620 nihil

2172 1657 2459 1727 debentur,
2496 1660 2593 1713 nisi
2620 1672 2805 1715 contra
2836 1661 2999 1716 Deum
3033 1669 3085 1715 et
3116 1662 3425 1715 canonicam
3460 1660 3761 1715 institutio-

2175 1766 2317 1805 nem.
2360 1750 2490 1805 Dum
2526 1753 2663 1807 inter
2694 1756 2927 1808 Arctina:
2951 1755 3182 1808 civitatis
3220 1754 3547 1809 habitatores
3580 1765 3635 1808 et
3658 1754 3761 1808 Se-

488 1853 583 1905 per
634 1838 733 1892 fuit
774 1841 1027 1894 sacratio.
1102 1838 1205 1894 Sed
1241 1838 1360 1892 ideo
1412 1840 1532 1908 quia
1581 1836 1813 1891 Ecclesia
1862 1837 2067 1893 Senen-
2103 1826 2145 1887 Β
2175 1858 2393 1896 nensem
2440 1844 2690 1913 populum
2725 1844 3028 1899 inimicitias
3071 1845 3137 1899 de
3176 1856 3349 1899 morte
3378 1845 3765 1913 Godebertju-

486 1932 562 1984 sis
586 1930 809 1985 minime
854 1932 1162 1999 pontilicem
1210 1930 1423 1984 abcbat.
1486 1929 1636 1983 Nunc
1667 1938 1842 1983 autem
1873 1929 1937 1982 ad
1972 1944 2070 1983 nos

485 2022 685 2077 debent
736 2024 1026 2091 pertinere.
1070 2022 1165 2076 Cui
1208 2034 1259 2075 et
1310 2022 1501 2077 iterum
1554 2022 1871 2090 replicabas,
1908 2031 1961 2075 tu
1990 2038 2074 2081 sn-

492 2116 671 2183 perius
720 2115 1040 2185 Lupertiane
1079 2115 1331 2184 episcope
1370 2133 1384 2168 :
1436 2116 1517 2169 Ab
1564 2115 1783 2183 antiquo
1831 2123 2075 2183 tempore

492 2220 662 2274 usque
691 2208 755 2260 ad
788 2208 1061 2261 introitum
1094 2207 1145 2260 in
1170 2207 1317 2261 italia
1345 2206 1837 2276 Longobardorum,
1879 2222 1944 2261 ex
1969 2221 2074 2275 quo

489 2298 690 2354 Christi
723 2298 1030 2368 prardicatio
1054 2300 1263 2354 Tusciae
1295 2300 1488 2354 tinibus
1535 2301 1887 2369 personavit,
1936 2299 2075 2352 Sena

492 2396 803 2463 cpismpum
835 2392 1001 2445 abuit.
1038 2391 1097 2445 Et
1131 2402 1248 2460 post
1273 2392 1570 2462 ingressum
1599 2390 2075 2460 Longobardorum

491 2487 543 2539 in
584 2484 730 2539 Italia
778 2498 809 2538 a
859 2491 1101 2552 tempme
1148 2483 1397 2537 liotharis
1444 2484 1582 2553 regis
1623 2498 1791 2553 usque
1832 2494 2075 2552 actenus,

492 2593 707 2646 semper
729 2578 1012 2647 episcopus
1038 2576 1232 2631 ibidem
1266 2575 1384 2631 fuit.
1426 2573 1536 2630 Sed
1570 2584 1678 2629 tam
1713 2574 2075 2628 llomanormn

494 2678 738 2738 tempore
765 2708 781 2734 ,
827 2682 1091 2735 quamque
1142 2666 1614 2736 Linigobardurum
1651 2664 1862 2718 abendo
1888 2673 1943 2718 et
1973 2678 2080 2717 non

494 2758 706 2814 abcndo
751 2757 890 2815 Sena
937 2759 1285 2828 episcopum,
1332 2770 1498 2826 usque
1523 2755 1575 2809 in
1612 2755 2080 2824 presentcmdiem

496 2856 638 2923 ipsas
680 2851 975 2919 ecclesias,
1026 2849 1337 2919 baptisteria
1383 2858 1437 2903 et
1464 2849 1786 2902 monasteria
1818 2862 1939 2904 cum
1971 2847 2082 2901 suis

492 2945 725 3001 oraculis
781 2944 846 2997 ad
892 2958 989 2997 nos
1037 2950 1431 3012 pervenerunt,
1476 2951 1530 2995 et
1560 2942 1625 2994 de
1654 2941 1807 2995 nobis
1850 2941 2081 2995 chrisma

496 3045 851 3104 susceperunt
901 3048 994 3101 per
1034 3034 1255 3101 singulis
1292 3034 1468 3097 annis,
1522 3040 1577 3086 et
1615 3031 2080 3097 consignationem

495 3124 547 3177 in
575 3122 769 3195 pepulo
802 3122 1045 3190 fecimus,
1076 3131 1130 3176 et
1166 3122 1457 3175 secundum
1497 3120 1805 3175 canonicam
1838 3119 2075 3188 regulam

502 3224 701 3277 habere
728 3221 988 3275 debemus
1010 3261 1027 3285 ,
1054 3219 1175 3289 quia
1207 3228 1255 3272 et
1288 3218 1564 3287 presbiteti
1598 3214 2075 3283 suprascriptarum

500 3313 849 3370 ecclesiarum
902 3326 1134 3379 semper,
1188 3318 1293 3363 tam
1326 3309 1415 3378 qui
1460 3308 1807 3371 transierunt,
1840 3319 1997 3375 quam
2028 3313 2082 3359 et

498 3405 586 3473 qui
611 3412 921 3475 supersunt,
939 3401 1295 3456 sacratiOuem
1321 3416 1347 3454 a
1375 3398 1501 3453 sede
1532 3399 1668 3452 beati
1696 3398 1881 3451 Donati
1906 3412 2083 3465 sump-

496 3503 704 3549 serunt.
751 3495 817 3548 Et
863 3508 991 3548 ecce
1041 3506 1231 3545 manus
1282 3507 1467 3545 eorum
1513 3505 1555 3543 St
1574 3492 1771 3559 riptas,
1805 3489 1890 3543 ubi
1922 3488 2079 3543 fidem

501 3596 555 3640 et
603 3584 963 3641 obedientiam
1016 3585 1309 3639 secundum
1356 3580 1798 3638 consuetudinem
1846 3582 2082 3635 Aretinze

503 3677 861 3747 promiserunt
908 3676 1185 3731 Eet-lcsiae.
1247 3676 1378 3731 Nam
1428 3685 1479 3730 et
1522 3675 1587 3729 de
1639 3676 1739 3729 bac
1780 3689 1941 3729 causa
1973 3673 2083 3742 jam

508 3772 704 3827 missus
737 3772 1088 3841 suprascripti
1119 3769 1300 3825 domni
1334 3767 1770 3823 excellentissimi
1800 3769 1960 3836 regis,
1991 3781 2085 3820 no-

505 3868 648 3922 mine
674 3866 1026 3931 Guntlteram,
1051 3866 1315 3931 n0tarius,
1342 3866 1577 3920 directus
1606 3872 1707 3920 est.
1751 3864 1848 3930 Qui
1879 3874 1930 3917 et
1961 3878 2085 3916 can~

502 3973 593 4011 sas
637 3973 756 4011 cum
806 3959 997 4011 merito
1027 3966 1131 4011 tam
1166 3973 1257 4026 per
1291 3958 1436 4026 ipsos
1464 3957 1791 4027 presbiteros
1813 3964 1868 4009 et
1903 3955 2082 4010 diaco-

506 4064 624 4116 nos,
652 4051 773 4116 quia
802 4050 1159 4104 sacrationetn
1187 4066 1214 4102 a
1240 4059 1423 4105 nostra
1450 4050 1687 4104 Ecclesia
1709 4059 2082 4118 susceperunt,

512 4158 606 4197 seu
632 4154 685 4197 et
718 4156 813 4213 per
845 4141 1085 4211 singulos
1112 4141 1378 4195 aiitnanos
1412 4141 1578 4208 ipsius
1608 4139 1860 4195 Senensis
1892 4139 2089 4192 civita-

505 4236 574 4289 tis
605 4236 916 4306 inquisivit;
967 4245 1019 4287 ct
1060 4234 1135 4287 rei
1187 4234 1332 4287 verit.
1358 4240 1464 4286 tem
1495 4241 1803 4300 compertus
1834 4244 2002 4300 ustpte
2035 4230 2087 4284 in

507 4326 792 4381 com-ilium
840 4327 1218 4395 episcoporum
1251 4323 1500 4388 deduxit;
1536 4323 1586 4376 id
1611 4332 1694 4378 est
1735 4323 1785 4377 in
1820 4321 2087 4392 presentia

506 4419 966 4473 sanctissimorum
1014 4420 1233 4470 fratrum
1275 4426 1578 4470 nostrorum
1611 4415 1884 4469 'l'euduald
1919 4414 2085 4470 Vesu-

2174 1931 2309 1985 ditis
2335 1932 2641 1986 consobrini
2691 1935 2795 1989 mei
2839 1944 3080 2004 tempore
3116 1936 3487 2007 gloriosissimi
3521 1937 3765 2005 Aripcrti

2183 2026 2323 2091 regis
2356 2025 2540 2079 fuisset
2564 2067 2578 2089 ,
2611 2026 2687 2080 sic
2715 2026 2900 2080 dolose
2930 2028 3125 2081 ibidem
3155 2028 3223 2081 ab
3253 2029 3612 2083 Antecessore
3644 2045 3768 2083 meo

2178 2128 2339 2167 unum
2391 2115 2761 2169 tantummodo
2814 2130 3011 2169 annum
3070 2132 3163 2185 per
3216 2118 3484 2187 aliquanta
3545 2119 3763 2172 oracula

2181 2203 2315 2256 intra
2344 2205 2453 2270 ipsa
2485 2205 2660 2257 Dincia
2692 2205 2972 2259 inormiter
2993 2207 3226 2260 sacratio
3251 2206 3517 2276 pervenit.
3566 2206 3677 2262 Sed
3708 2215 3765 2260 et

2178 2310 2321 2348 anno
2354 2295 2479 2357 isto,
2509 2294 2635 2347 dum
2684 2295 2895 2349 incaute
2941 2304 2994 2349 ct
3024 2306 3207 2350 contra
3254 2296 3515 2363 justitiam
3544 2310 3766 2350 causam

2182 2395 2597 2455 promoverent,
2657 2402 2719 2440 ex
2762 2390 2913 2456 jussu
2966 2388 3119 2442 bona:
3161 2389 3437 2442 memoriae
3480 2389 3770 2457 apostolici

2180 2477 2509 2533 Consrantini
2537 2518 2551 2542 ,
2601 2488 2654 2532 ct
2702 2494 2793 2547 per
2840 2494 2923 2533 me
2966 2490 3111 2532 extra
3144 2479 3386 2533 ordinem
3418 2489 3472 2534 et
3502 2481 3768 2533 rariorum

2182 2570 2375 2624 ibidem
2425 2570 2476 2625 in
2526 2570 2850 2638 presbitcros
2882 2572 3015 2625 duos
3044 2580 3099 2626 et
3143 2588 3251 2626 uno
3285 2574 3503 2627 oraculo
3535 2576 3771 2627 sacratio

2183 2660 2319 2715 facta
2351 2668 2452 2715 est.
2498 2661 2645 2715 llanc
2678 2664 2838 2730 igitur
2865 2663 3251 2731 professionem
3279 2674 3463 2717 nostra
3492 2664 3773 2717 excellen-

2185 2755 2251 2807 tia
2283 2769 2383 2808 una
2412 2768 2534 2807 cum
2577 2753 2685 2823 jam
2730 2754 2887 2808 dictis
2928 2757 3325 2810 venerabilibus
3353 2757 3482 2809 viris
3524 2772 3622 2809 seu
3656 2757 3773 2809 illu-

2182 2856 2317 2900 stres
2332 2843 2543 2913 judices
2576 2854 2783 2898 nostros
2815 2846 3092 2900 audientes
3113 2886 3127 2911 ,
3168 2856 3374 2900 rectum
3410 2845 3570 2900 nobis
3599 2847 3772 2914 paruit

2182 2954 2322 3006 esse,
2350 2950 2409 2993 ut
2437 2940 2664 3009 qualiter
2695 2940 3073 3009 suprascripta:
3104 2940 3349 2994 ecclesias
3390 2948 3446 2993 et
3485 2948 3767 2992 monaste-

2184 3036 2260 3086 ria'
2298 3048 2328 3086 a
2361 3033 2520 3103 longo
2545 3042 2782 3102 tempore
2808 3033 2872 3086 ad
2896 3033 3080 3089 sedem
3110 3034 3248 3087 beati
3277 3031 3463 3087 Donati
3499 3034 3769 3101 pertinue-

2185 3134 2329 3190 runt,
2362 3135 2413 3178 et
2442 3125 2490 3177 in
2522 3136 2677 3177 antea
2711 3125 2978 3193 pertinere
3001 3126 3260 3190 debeant,
3291 3134 3347 3179 et
3374 3127 3553 3179 omnis
3592 3140 3769 3179 sacra-

2191 3215 2261 3266 tio
2294 3217 2344 3267 in
2380 3215 2706 3283 presbiteros
2737 3224 2790 3269 ct
2828 3216 2877 3268 in
2913 3216 3167 3271 diaconos
3199 3230 3293 3286 per
3331 3217 3601 3285 presulem
3629 3220 3771 3271 Are-

2189 3309 2310 3357 tinue
2345 3305 2597 3359 Ecclesia:
2627 3346 2642 3371 ,
2692 3307 2781 3374 qui
2833 3321 2972 3360 nunc
3018 3316 3101 3361 est
3126 3348 3141 3375 ,
3190 3317 3284 3360 aut
3316 3305 3506 3375 fuerit,
3540 3309 3688 3362 omni
3720 3309 3768 3361 in

2188 3412 2423 3469 tempore
2454 3403 2504 3454 in
2534 3417 2627 3455 eos‘
2651 3401 2949 3468 perveniat,
2982 3404 3120 3456 sicut
3147 3412 3197 3456 et
3228 3402 3418 3471 prolati
3447 3404 3769 3457 sanctissimi

2189 3494 2372 3549 Patres
2398 3494 2562 3547 nostri
2594 3493 2861 3559 Teudald,
2895 3491 3157 3547 Maximus
3180 3536 3194 3560 ,
3226 3494 3516 3562 Speciosus
3556 3506 3611 3548 et
3667 3492 3767 3546 Ta-

2188 3586 2519 3654 lespcrianus
2557 3585 2793 3654 episcopi
2828 3600 2920 3653 per
2951 3600 3103 3639 suum
3126 3585 3420 3657 judicatum
3446 3593 3767 3639 statuerunt.

2193 3681 2257 3732 Et
2286 3680 2427 3733 nulla
2455 3679 2647 3733 amodo
2680 3679 2762 3733 bis
2795 3680 2909 3748 ipse
2953 3681 3257 3734 Adeodatus
3294 3681 3553 3736 Senensis
3588 3681 3770 3735 Eccle-

2189 3775 2269 3829 sie
2301 3774 2582 3842 cpisc0pus
2605 3814 2619 3838 ,
2652 3772 2735 3826 vel
2762 3788 3103 3828 successores
3155 3754 3270 3843 ejus
3299 3775 3557 3828 adversus
3586 3784 3639 3829 te
3674 3774 3772 3827 Lu-

2193 3869 2492 3938 pcrtianum
2525 3869 2833 3936 episcopum
2861 3908 2878 3931 ,
2913 3867 2992 3921 vel
3020 3877 3138 3921 tuos
3166 3882 3512 3923 successores
3550 3867 3618 3922 de
3644 3869 3771 3934 ipsis

2192 3960 2405 4026 di0ciis,
2439 3959 2779 4017 monasteriis
2806 3970 2859 4013 et
2885 3958 3117 4013 oraculis
3146 3958 3438 4013 faciendam
3462 3959 3531 4013 ad
3552 3960 3772 4028 loquen-

2192 4054 2319 4107 dum
2352 4053 2568 4115 habere,
2604 4052 2707 4107 nisi
2740 4062 2914 4106 vestra
2950 4053 2998 4105 iu
3032 4051 3161 4120 ipsis
3189 4050 3435 4106 ecclesiis
3465 4063 3557 4105 aut
3581 4067 3771 4108 oracuo

2196 4145 2279 4210 lis,
2309 4146 2399 4215 qui
2431 4155 2593 4211 sunt,
2627 4155 2717 4199 aut
2746 4145 2799 4198 in
2834 4154 3071 4214 tempore
3103 4144 3332 4211 fuerint,
3377 4154 3600 4200 maneat
3626 4150 3770 4201 ordi-

2196 4242 2359 4303 natio,
2386 4238 2534 4293 nullo
2566 4238 2967 4292 contradicente
2987 4280 3002 4303 ,
3033 4237 3168 4292 sicut
3204 4246 3258 4291 et
3287 4239 3585 4307 antiquitus
3610 4254 3773 4307 usque

2194 4340 2415 4407 actenus
2447 4329 2562 4407 fuit,
2595 4329 2824 4400 qualiter
2855 4328 2969 4397 ipse
3000 4328 3305 4407 Adeodatus
3344 4330 3640 4398 episc0pus
3685 4332 3775 4386 Se-

2198 4402 2379 4477 nensis
2427 4402 2677 4474 Ecclesia:
2704 4460 2718 4485 ,
2767 4418 3094 4483 Warnefrit,
3140 4404 3195 4473 et
3238 4418 3489 4490 Agripert
3529 4420 3775 4476 Castaldu

510 4512 642 4563 tame
673 4509 927 4564 Ecclesiae
953 4549 968 4575 ,
1002 4508 1227 4563 Maximo
1260 4506 1463 4561 Pisana:
1487 4546 1503 4573 ,
1530 4505 1790 4577 Specioso
1826 4505 2082 4560 Florenti.
2119 4526 2170 4591 D
2199 4514 2437 4583 ejusdem
2466 4512 2696 4567 civitatis
2738 4510 2893 4565 nobis
2936 4509 3159 4580 professi
3199 4520 3361 4576 sunt,
3407 4511 3553 4580 quod
3605 4522 3776 4567 vestra

511 4618 615 4666 nae,
647 4614 808 4671 atque
829 4603 1213 4669 Talesperiano
1241 4600 1495 4656 Lucensis
1518 4602 1767 4656 Ecclesia:
1797 4600 2083 4671 episc0po;

512 4695 564 4745 in
598 4708 824 4759 quorum
858 4691 1144 4759 presentia.
1180 4704 1235 4745 ut
1259 4708 1438 4761 supra,
1470 4692 1873 4757 altercat-imus;
1912 4701 1963 4744 et
1989 4692 2087 4759 ipsi

509 4782 769 4837 canonico
803 4782 993 4835 ordine
1052 4784 1221 4836 relata
1274 4782 1651 4852 inquisitione,
1707 4800 1863 4852 quam
1897 4784 2089 4836 missus

513 4871 716 4927 domini
747 4871 916 4927 nostri
943 4873 1174 4941 fecerat,
1207 4875 1494 4929 terminum
1526 4882 1856 4942 posuerunt,
1885 4882 1938 4928 et
1964 4886 2083 4927 cum

510 4976 602 5017 sex
637 4959 961 5032 presbiteros
992 4978 1137 5017 meos
1163 4963 1254 5017 tibi
1286 4974 1675 5019 sacramentum
1710 4965 1916 5033 prebui,
1946 4964 2090 5034 quod

511 5055 626 5122 ipsa
658 5054 887 5110 diocesis
910 5055 1153 5111 ecclesiae
1175 5071 1296 5109 cum
1320 5058 1657 5113 monasteriis
1680 5068 1839 5127 atque
1862 5062 2092 5117 oraculis

511 5148 623 5202 suis
662 5160 876 5218 semper
920 5148 987 5202 ad
1037 5148 1178 5203 beati
1223 5149 1415 5204 Donati
1459 5153 1854 5219 pertenuissent
1883 5154 2090 5220 sedem,

515 5252 614 5293 nec
642 5253 738 5308 per
768 5241 940 5309 legem
972 5255 1065 5295 eas
1096 5241 1323 5312 perdere
1358 5244 1698 5299 deberemus.

586 5331 736 5386 Tunc
759 5344 937 5388 nostra
974 5335 1293 5389 excellentia
1336 5350 1438 5391 una
1470 5351 1588 5389 cum
1616 5337 1936 5394 venerandis
1969 5342 2097 5396 viris

514 5423 799 5480 Theodoro
827 5426 1083 5496 episcopo
1112 5429 1275 5481 castri
1305 5427 1494 5493 nostri,
1521 5438 1575 5482 et
1604 5430 1852 5487 Emulino
1880 5433 2093 5498 abbate,

513 5530 672 5589 atque
701 5521 949 5590 Seiguel,
1002 5521 1196 5575 Albino
1247 5522 1588 5590 presbiteris,
1628 5538 1835 5579 necnon
1868 5525 2096 5581 illustres

510 5609 721 5678 judices
753 5609 978 5674 nostris,
998 5610 1082 5677 qui
1108 5611 1380 5673 nobiscum
1410 5612 1652 5677 aderant,
1681 5612 1731 5667 id
1750 5623 1834 5669 est
1860 5616 2113 5669 Auduald-

516 5701 733 5765 ducem,
779 5698 1070 5767 Guiduald,
1115 5713 1169 5757 et
1210 5701 1542 5773 Gajuduald,
1593 5704 1879 5772 Latnloari,
1911 5706 2095 5773 Aulus,

524 5798 580 5844 et
602 5793 774 5848 Aufrit
801 5795 1089 5862 Stratorcs,
1124 5797 1415 5871 Senonem,
1452 5800 1672 5866 Rotfrit,
1706 5812 1756 5856 ct
1790 5802 2095 5856 Ratbertum

2196 4605 2481 4659 mansisset
2508 4618 2724 4673 semper
2757 4604 3043 4672 possessio.
3071 4602 3222 4658 Unde
3248 4614 3302 4658 et
3326 4604 3515 4658 damus
3544 4603 3601 4658 in
3633 4620 3780 4673 marg-

2195 4700 2329 4753 datis
2358 4699 2564 4754 cunctis
2602 4695 2869 4766 judicibus
2899 4706 2954 4750 et
2991 4696 3270 4766 gentibus,
3304 4704 3465 4764 atque
3497 4698 3601 4750 sub
3634 4697 3776 4766 regni

2198 4793 2364 4847 nostri
2397 4792 2630 4847 dictione
2661 4790 3086 4860 pertinentibus,
3128 4803 3183 4844 ut
3225 4792 3401 4845 nullus
3432 4805 3623 4846 eorum
3655 4808 3776 4846 con-

2202 4898 2282 4943 tra
2315 4889 2415 4944 hoc
2447 4900 2689 4942 nostrum
2719 4887 3080 4956 dejudiczttum
3114 4887 3306 4940 audeat
3347 4887 3425 4940 ire
3462 4888 3781 4955 quandoque

2197 4989 2521 5049 prteceptum
2553 4997 2564 5031 :
2597 4979 2691 5032 sed
2727 4980 2944 5041 nostris,
2977 4978 3270 5047 perpetuis,
3308 4989 3361 5032 et
3402 4979 3628 5032 infinitis
3668 4994 3779 5048 pre-

2197 5085 2322 5125 sens
2354 5081 2535 5124 noster
2560 5068 2831 5139 judicatus
2859 5069 3068 5129 stabilis
3102 5069 3357 5137 persistat
3389 5069 3747 5136 temporibus.

2270 5163 2350 5216 Ex
2396 5162 2538 5216 dicto
2584 5162 2763 5215 domni
2813 5159 2951 5229 regis
2997 5176 3091 5229 per
3112 5160 3380 5214 Senonem
3412 5160 3675 5215 illustrem
3708 5163 3781 5215 vi-

2200 5269 2319 5309 rum
2350 5254 2538 5321 scripsi
2572 5267 2670 5322 ego
2693 5251 2970 5306 Johannes
3002 5253 3261 5305 notarius.

2197 5434 2503 5488 Judicalnm
2534 5433 2732 5488 Ultiam'
2757 5434 2947 5485 notarii
2985 5449 3045 5485 ac
3082 5433 3222 5485 missi
3244 5432 3555 5498 Liutprnudi
3582 5430 3783 5498 Lango-

2275 5451 2503 5488 atcamm
2534 5451 2730 5488 Utuam
2757 5451 2944 5485 natam
2985 5451 3045 5485 ac
3082 5451 3221 5485 num
3244 5451 3359 5484 um
3405 5451 3553 5483 ramn
3582 5451 3783 5498 Lango-

2272 5506 2547 5558 bardorum
2573 5508 2727 5573 regis.
2761 5504 2987 5569 Spatiosi
3012 5504 3253 5570 episcom',
3282 5516 3329 5555 et
3360 5451 3613 5573 ὥαξρενιὶ
3645 5502 3783 5553 ducis

2274 5575 2518 5628 Lucensis
2541 5618 2555 5641 ,
2597 5571 2648 5627 in
2687 5574 3030 5627 corttrcversia
3069 5575 3264 5642 agitata
3305 5575 3440 5627 inter
3472 5571 3783 5640 Talisperia-

2274 5662 2395 5696 num
2425 5649 2717 5713 episcopum
2755 5644 3032 5697 Lucensem
3051 5686 3064 5706 ,
3096 5658 3141 5697 et
3168 5644 3463 5698 Jolumnem
3488 5645 3785 5711 episcopatu

2275 5715 2641 5769 Pistoriensem
2666 5720 2822 5784 (anno
2854 5717 2881 5767 7
2900 5717 3005 5781 Iti).

2281 5809 2410 5862 Dum
2460 5822 2525 5864 ex
2573 5807 2812 5877 jttssione
2846 5807 3026 5862 domni
3073 5803 3605 5877 preeccclletuissitni
3634 5803 3781 5857 Liut-
