4026 6352
249 359 387 419 4361

1325 354 1719 412 DlPLOMATA
1764 351 2049 425 EQCLES.
2091 350 2424 410 SELECTA.

3398 362 3535 420 i362

255 468 425 542 prand
467 469 609 537 regis
654 464 1000 537 c0njunxissc
1048 479 1150 536 ego
1199 462 1454 520 Ultianus
1508 464 1749 518 notarius
1792 472 1846 517 et
1875 463 1922 522 Α
1956 460 2346 532 fundamentis,
2392 463 2643 531 fabricis,
2693 466 3006 536 vestibolis,
3047 471 3438 531 constituemus
3476 475 3531 532 in

258 566 459 620 missus
500 561 684 615 domui
735 559 887 628 regi,
933 559 998 612 ad
1033 557 1269 614 ﬁaselica
1292 558 1462 611 sancti
1487 557 1635 612 Petri
1668 559 1844 621 locus,

256 656 348 711 ubi
382 652 579 707 dicitur
607 651 801 715 Neure,
836 651 901 705 ad
935 650 1307 717 intentionem,
1337 665 1502 718 quam
1536 649 1845 703 vertebatur

259 751 401 804 inter
429 748 498 802 ab
531 746 555 774 “
588 745 957 814 Talisperiano
992 745 1278 812 episcopo,
1322 758 1528 797 necnon
1563 751 1617 796 et
1646 741 1848 796 Johan-

256 857 327 895 ue
352 840 405 895 id
443 849 527 895 est
558 838 811 907 episcopo
859 835 1093 903 Pistori,
1131 843 1275 890 esset
1320 833 1725 888 delivcrandum
1754 849 1767 885 :
1793 839 1846 885 et

250 934 364 1003 jam
400 932 527 987 inibi
553 930 898 999 conjunxisse
946 944 1068 998 ego,
1110 927 1201 998 qui
1230 942 1388 993 supra
1413 966 1429 992 ,
1461 924 1708 980 Ultianns
1743 938 1847 976 una

259 1042 384 1083 cum
414 1024 663 1094 Spetioso
686 1023 963 1092 episcopo,
989 1031 1045 1077 et
1074 1019 1317 1090 Walpert
1342 1019 1486 1083 duci,
1518 1016 1708 1072 Alaliis
1735 1015 1842 1071 Ga-

255 1118 484 1183 staldio,
524 1126 578 1171 et
606 1116 727 1170 aliis
755 1112 947 1185 singoli
987 1115 1187 1168 circum
1217 1111 1502 1166 stantibus.
1562 1109 1714 1165 Unde
1746 1123 1845 1164 nos

257 1211 592 1279 inquirentes
637 1222 732 1278 per
767 1207 1034 1261 Vitaliano
1060 1204 1380 1275 presbitero,
1424 1218 1453 1256 a
1496 1202 1648 1272 cujus
1694 1202 1846 1271 ipsas

260 1304 493 1358 diocesis
524 1318 554 1356 a
585 1312 825 1370 tempore
861 1299 1222 1354 Romanorum
1265 1307 1319 1354 et
1358 1296 1842 1368 Langobardorum

261 1394 517 1459 fuissent,
561 1391 649 1463 qui
701 1390 853 1447 nobis
893 1392 1166 1459 professus
1204 1398 1318 1452 est,
1353 1387 1495 1456 quod
1527 1386 1668 1456 ipsas
1707 1385 1847 1440 Ado-

259 1486 375 1541 cias
395 1499 611 1551 semper
640 1482 704 1537 ad
737 1491 886 1550 parte
930 1481 1169 1535 Lucense
1214 1478 1487 1541 inessent,
1539 1487 1591 1533 et
1615 1477 1843 1547 qualiter

266 1576 361 1633 Dei
398 1591 495 1645 per
537 1574 886 1643 Euangelium
927 1571 1183 1626 ﬁrmavit.
1228 1570 1419 1625 Postea
1456 1584 1586 1624 vero
1614 1569 1760 1624 dicto
1792 1576 1847 1623 et

261 1665 663 1736 suprascriptus
693 1666 970 1721 Joltaunes
993 1666 1277 1735 episcopus
1301 1673 1357 1720 ct
1385 1663 1611 1718 Ansollo
1639 1661 1848 1732 presbi-

263 1768 346 1813 ter
378 1758 546 1825 ipsius
575 1755 846 1822 Jobanni,
896 1756 1071 1825 quoda
1106 1755 1344 1825 Eglesias
1392 1755 1561 1809 sancti
1600 1752 1842 1820 .Andrea,

261 1849 353 1904 ubi
382 1858 467 1904 est
489 1848 876 1914 baptesimum,
916 1862 1020 1901 una
1061 1861 1184 1902 cum
1219 1846 1418 1914 eglesia
1442 1846 1618 1900 sancti
1653 1843 1844 1899 llieru-
1878 1820 1926 1883 Β

260 1941 431 1995 salem
485 1949 665 1993 noStra
707 1937 1013 1993 devenisse.
1080 1936 1163 1991 Ad
1206 1937 1305 1991 hec
1338 1935 1700 2006 respondebat
1737 1934 1845 2003 jam

262 2028 441 2085 dictus
494 2027 789 2083 Vitalianus
840 2028 1141 2096 presbiter:
1191 2025 1306 2082 Non
1343 2033 1427 2080 est
1465 2035 1705 2092 veretas,
1749 2024 1848 2077 nisi

262 2121 389 2174 dum
424 2121 659 2173 mcnime
690 2128 871 2188 potera
901 2132 1224 2173 concurrere
1262 2117 1327 2171 ad
1376 2124 1547 2171 tantas
1594 2116 1848 2185 eglesiam

262 2214 591 2282 baptismum
617 2211 811 2268 facere.
854 2211 946 2268 Sic
991 2212 1135 2282 ipsas
1176 2211 1409 2282 eglesias
1438 2210 1610 2265 sancti
1637 2210 1851 2265 Andree

258 2318 385 2363 cum
416 2302 732 2374 baptisteria
761 2318 885 2369 suo,
932 2314 988 2359 et
1031 2303 1199 2358 sancti
1231 2301 1561 2357 Hierusalem
1595 2301 1686 2356 tibi
1731 2315 1852 2370 pre-

263 2406 563 2462 sentamus,
587 2405 645 2449 ut
665 2396 794 2450 inivi
816 2395 978 2450 missa
1002 2404 1057 2451 et
1079 2395 1401 2463 baptismum
1418 2394 1595 2449 facere
1617 2393 1850 2459 dever‘is,

268 2485 398 2540 dum
432 2501 599 2556 usque
623 2486 777 2541 nobis
805 2484 1051 2555 placitum
1078 2485 1266 2551 fuerit,
1312 2499 1411 2539 nec
1437 2498 1530 2553 per
1557 2483 1673 2553 lege
1701 2482 1853 2551 ipsas

261 2579 528 2649 aeglcsias
577 2579 729 2634 vobis
782 2579 1054 2633 dimittere
1100 2578 1291 2633 deveo.
1353 2577 1505 2632 Unde
1555 2591 1654 2631 nos
1690 2590 1851 2644 supra

260 2671 451 2740 scripti
494 2670 703 2741 judices
737 2672 1077 2742 degrevimus
1101 2711 1119 2737 ,
1163 2680 1221 2725 ut
1265 2670 1525 2741 presbiter
1559 2669 1853 2724 Vitalianus

259 2763 446 2818 dicere
469 2764 701 2832 juratus,
729 2764 874 2834 quod
922 2765 1067 2833 ipsas
1120 2763 1383 2834 aeglesias
1427 2762 1599 2817 sancti
1639 2762 1853 2816 Andrec

261 2868 389 2911 cum
420 2854 734 2923 baptisterio
764 2871 865 2910 suo
887 2864 941 2910 et
961 2857 1131 2909 sancti
1164 2854 1517 2919 Hierusalem,
1543 2868 1573 2907 a
1610 2862 1853 2921 tempore

269 2946 632 3001 Romanorum
664 2960 832 3016 usque
858 2955 911 3000 ct
938 2947 1096 3001 modo
1132 2961 1347 3015 semper
1388 2945 1489 2999 sub
1514 2944 1633 3013 jura
1666 2944 1847 3014 aegle-

267 3037 352 3092 sie
381 3038 550 3093 sancti
583 3036 726 3093 Petri
774 3038 1021 3105 fuerunt,
1070 3051 1169 3093 nec
1198 3053 1294 3106 per
1321 3037 1440 3107 lege
1473 3050 1564 3091 eas
1591 3035 1741 3090 vobis
1769 3033 1851 3088 di-

266 3131 489 3187 mittere
514 3131 705 3187 deveo.
744 3132 972 3198 Quidem
1018 3140 1073 3186 et
1114 3131 1232 3201 ipse
1271 3140 1640 3199 sagramentas
1671 3127 1724 3182 in
1750 3141 1848 3182 no-

270 3226 401 3281 stris
428 3226 698 3295 presentia
745 3225 1006 3280 deductus
1035 3233 1146 3287 est,
1192 3232 1249 3278 ut
1294 3223 1347 3277 in
1372 3222 1562 3278 eadem
1592 3220 1857 3276 delivera-

270 3318 475 3374 tionem
545 3317 775 3374 deveant
844 3331 1185 3387 permanere.
1264 3314 1419 3371 Unde
1476 3314 1615 3368 banc
1665 3311 1856 3365 notitia

267 3408 511 3479 judegati
541 3407 883 3481 Ebregausus
911 3408 1152 3464 notarius
1175 3411 1283 3479 regi
1317 3446 1333 3462 .
1363 3447 1379 3463 .
1411 3443 1429 3461 .
1463 3447 1475 3459 .
1512 3443 1526 3459 .
1562 3444 1577 3459 .
1606 3407 1851 3460 scrivere

264 3516 724 3557 conmonuemus.

341 3590 508 3648 Facta
540 3593 730 3647 notitia
757 3591 1021 3664 judegati,
1050 3605 1238 3647 mense
1268 3588 1569 3655 Februarii,
1602 3594 1858 3657 regnante

268 3684 477 3739 domno
499 3684 793 3754 Liutprand
844 3686 953 3753 regi
998 3699 1140 3744 anno
1181 3694 1393 3753 quarto,
1422 3680 1715 3736 iudieiione
1743 3693 1857 3734 xtttt

268 3775 519 3833 feliciter.
550 3773 823 3849 (Iudicum
848 3775 1246 3847 subscriptiones
1272 3773 1674 3841 desiderantur.)

1011 3891 1102 3948 ΙΧ.

267 4005 667 4076 Teuthpaldua,
719 4004 1025 4059 Dommulus
1072 4006 1263 4073 aliique
1313 4005 1387 4075 pii
1434 4007 1568 4059 cives
1606 4004 1857 4059 Luceuses

342 4075 548 4130 sacram
605 4078 766 4130 cedem
820 4078 911 4130 sub
972 4076 1139 4129 sancti
1197 4075 1434 4130 Silvestri
1490 4078 1693 4129 nomine
1752 4092 1858 4128 una

340 4163 461 4200 cum
508 4147 825 4201 zenodochio
870 4148 924 4200 in
966 4150 1087 4200 urbe
1127 4145 1344 4200 Lucensi
1372 4147 1632 4214 aediﬁcant
1676 4142 1858 4216 (circa

342 4234 536 4271 animm
566 4217 670 4274 718
694 4220 735 4287 ).

345 4329 403 4384 in
422 4330 637 4385 nomine
656 4329 869 4385 Domini
898 4329 988 4385 Dei
1017 4329 1185 4385 nostri
1213 4328 1337 4385 Jesu
1365 4329 1584 4386 Christi.
1612 4330 1858 4401 Congrue

277 4424 436 4478 nobis
466 4421 724 4477 auxilium
756 4431 870 4487 est,
913 4420 1041 4475 dum
1089 4422 1174 4475 llic
1214 4423 1616 4492 peregrinamur
1655 4421 1856 4476 carnali

276 4513 516 4569 ofﬁcium
562 4514 832 4583 gerimus,
879 4512 1209 4567 tesaurizare
1251 4513 1406 4568 nobis
1450 4527 1612 4584 super
1657 4523 1851 4566 terram

274 4608 423 4662 utilia
459 4616 619 4672 sunt,
653 4616 709 4659 ut
739 4620 866 4660 caro
896 4613 1079 4659 nostra
1108 4606 1346 4660 mortalis
1367 4646 1383 4671 ,
1411 4606 1587 4659 anima
1631 4605 1854 4659 immor-

274 4702 421 4757 talis.
453 4700 606 4756 Unde
635 4714 733 4754 nos
760 4698 1058 4767 Teuthpald
1099 4713 1221 4753 cum
1265 4698 1537 4767 germanis
1577 4712 1764 4764 meus,
1802 4707 1857 4753 et

276 4794 614 4849 Domuiulum
637 4838 650 4862 ,
682 4792 912 4848 Leonaci
945 4807 1064 4845 cum
1094 4805 1346 4862 germano
1373 4805 1513 4855 meo,
1544 4806 1638 4846 seo
1668 4800 1722 4845 et
1748 4793 1858 4846 Au-

278 4886 398 4955 pald
419 4926 436 4952 ,
466 4883 723 4948 Wilil’rit,
768 4883 1065 4938 Maurinom
1085 4925 1100 4949 ,
1146 4882 1468 4947 Teuderaci,
1512 4882 1816 4937 Nandulum
1837 4926 1856 4951 ,

279 4980 657 5037 Geminianum
687 4980 923 5035 cliricum
946 5022 959 5045 ,
986 4978 1329 5035 Gudiscalum
1349 5021 1363 5045 ,
1396 4988 1732 5033 recurrentes
1761 4992 1858 5035 nos

278 5075 455 5128 omnis
481 5074 546 5128 ad
572 5075 693 5128 aula
722 5074 1093 5128 misericordie
1122 5087 1249 5141 pro.
1271 5112 1283 5125 .
1304 5111 1317 5125 .
1339 5110 1355 5127 .
1375 5111 1389 5125 .
1411 5111 1427 5127 .
1452 5071 1669 5140 nostris,
1699 5088 1855 5141 quam

278 5166 333 5217 in
365 5164 463 5217 hoc
494 5165 676 5220 seculo
701 5165 963 5234 gessimus
986 5163 1156 5230 adque
1180 5164 1431 5234 gerimus,
1466 5177 1559 5229 pro
1584 5164 1856 5217 hamorem

281 5255 410 5321 Dei,
464 5265 517 5312 et
562 5256 899 5312 redemtione
947 5257 1124 5312 anime
1166 5265 1381 5323 nostre,
1430 5256 1745 5310 becclesiam
1792 5255 1857 5310 ba

352 5400 379 5428 α
420 5391 822 5461 Talisperianus
867 5392 1235 5462 episcOpatum
1275 5390 1574 5447 Lucenscm
1607 5391 1855 5461 regebat;

279 5464 589 5532 Spetiosus,
622 5463 773 5533 cnjns
802 5478 995 5533 nomen
1027 5462 1415 5533 b‘lorcutinius,
1454 5471 1508 5516 et
1536 5462 1762 5516 Cosmus
1793 5463 1861 5518 de

279 5538 455 5590 Arena
502 5532 912 5595 defertnarunt,
968 5532 1290 5587 Florentium
1346 5533 1550 5587 civitati
1611 5542 1855 5598 przrerat.

281 5603 382 5659 llic
405 5616 579 5658 autem
634 5605 780 5659 vides
828 5603 1063 5660 habitum
1120 5602 1287 5657 fuisse
1332 5604 1588 5672 judicium
1625 5603 1751 5655 illud
1795 5619 1860 5657 ex

280 5678 526 5755 jussione
559 5674 867 5755 Liutprandi
895 5676 1062 5755 regis,
1095 5675 1249 5755 eique
1278 5674 1555 5743 praefuisse
1583 5672 1858 5755 U‘ltiannm

286 5742 550 5815 notarium
582 5760 643 5800 ac
674 5747 895 5809 missum
932 5742 1291 5815 ipsius__r_egis,
1327 5758 1576 5815 unaAcum
1600 5742 1860 5815 Specioso
1896 5772 1907 5785 ς

284 5814 600 5874 Florentino
653 5811 1043 5887 episcopo,'ct
1094 5813 1371 5886 Walperto
1427 5813 1559 5871 duce
1614 5811 1857 5871 Luccnsi.

1951 554 2207 610 honorem
2262 556 2552 613 beatissimi
2618 557 2712 613 Dei
2765 560 3090 617 confessoris
3134 564 3304 620 sancti
3351 565 3527 623 Silve-

1949 646 2045 699 stri
2069 688 2081 708 ,
2102 686 2117 702 .
2137 686 2150 699 .
2173 683 2191 700 .
2215 686 2230 701 .
2252 685 2267 701 .
2294 686 2312 703 .
2338 648 2389 702 in
2423 657 2575 716 porta
2610 650 2747 705 beati
2777 649 2961 707 Sancti
2993 653 3173 721 Petri,
3203 655 3293 711 ubi
3325 671 3423 711 nos
3445 656 3532 714 vel

1946 739 1992 792 si
2023 738 2225 809 indigni
2268 740 2642 796 sinedocliium
2687 740 2864 799 facere
2894 744 2991 798 visi
3032 759 3217 800 sumus
3258 744 3313 800 in
3354 756 3526 813 terra,

1949 835 2038 903 qui
2090 835 2238 888 novis
2284 849 2352 889 ex
2406 843 2591 890 nostra
2645 836 2942 904 portionem
2992 852 3021 891 a
3073 837 3371 895 Teodoraci
3421 840 3531 896 ﬁlio

1950 929 2217 997 quendam
2250 928 2469 984 Leotari
2499 930 2716 985 advinet
2739 972 2753 997 ,
2787 931 2837 984 in
2883 946 2987 1000 qua
3031 932 3374 987 fundamento
3415 948 3535 1002 pre-

1951 1020 2056 1074 fata
2083 1020 2308 1075 ecclesia
2340 1021 2442 1075 sita
2478 1031 2591 1088 est,
2641 1020 2841 1076 idcirco
2879 1022 3143 1078 donamus
3173 1060 3189 1077 .
3214 1058 3232 1078 .
3256 1060 3275 1077 .
3306 1063 3319 1076 .
3344 1061 3361 1076 .
3388 1061 3406 1078 .
3446 1038 3534 1080 cc-

1949 1110 2113 1165 clesie
2159 1110 2297 1165 beati
2346 1111 2517 1165 sancti
2566 1111 2810 1167 Silvestri
2863 1112 3213 1169 fundamento
3260 1114 3379 1185 ipso
3430 1130 3532 1171 una

1947 1218 2070 1258 cum
2100 1216 2222 1258 casa
2252 1219 2357 1274 que
2384 1205 2677 1260 sinedoclio
2708 1207 3096 1261 constituemus
3119 1222 3245 1263 cum
3273 1219 3424 1266 corte
3448 1208 3533 1266 vel

1950 1304 2069 1349 orto
2098 1310 2191 1350 seo
2220 1310 2431 1350 omnem
2466 1297 2777 1352 intrinsicus
2803 1341 2816 1364 ,
2851 1299 2944 1353 sed
2975 1309 3027 1353 et
3057 1299 3279 1365 balneo,
3313 1301 3404 1370 qui
3437 1313 3532 1356 no-

1954 1386 2033 1438 vis
2076 1386 2276 1442 vicarie
2317 1398 2371 1442 et
2410 1401 2476 1443 ex
2517 1394 2975 1458 comparationem
3004 1389 3223 1446 advinet
3260 1404 3290 1446 a
3332 1391 3535 1448 domno

1950 1478 2238 1533 venerabili
2269 1477 2640 1546 TaliSperiano
2664 1518 2681 1534 .
2710 1519 2724 1534 .
2752 1520 2767 1534 .
2795 1521 2811 1536 .
2840 1520 2856 1534 .
2886 1521 2898 1535 .
2930 1497 3028 1537 nus
3055 1497 3158 1538 una
3186 1498 3308 1538 cum
3340 1482 3532 1540 funda-

1952 1580 2229 1634 mentum,
2278 1569 2367 1624 ubi
2409 1570 2524 1639 ipse
2569 1570 2820 1628 balneum
2866 1572 3002 1627 situs
3028 1582 3151 1640 est,
3184 1588 3452 1645 quamque
3480 1586 3534 1631 et

1952 1677 2050 1732 per
2082 1677 2353 1732 unumque
2385 1674 2632 1719 nostrum
2678 1674 2818 1721 terra
2863 1681 3028 1736 prope
3068 1667 3287 1722 civitate
3325 1682 3355 1722 a
3394 1667 3537 1723 desi-

1953 1763 2117 1824 gnato
2158 1757 2407 1823 nomine,
2451 1755 2588 1810 idest
2630 1770 2733 1826 ego
2775 1756 3037 1825 Teutlipal
3082 1773 3201 1811 cum
3248 1772 3536 1828 germanus

1953 1858 2107 1899 meus
2137 1844 2354 1899 oﬁerrni
2387 1845 2511 1899 inivi
2540 1854 2679 1901 terra
2709 1847 3043 1902 modiorum.
3066 1887 3081 1902 .
3110 1889 3124 1905 .
3152 1889 3165 1903 .
3198 1891 3211 1905 .
3241 1891 3256 1904 .
3284 1850 3537 1906 Donamu-

1924 1933 2063 1987 .|um
2121 1945 2263 1988 terra
2319 1935 2619 1989 modiorum
2674 1938 2768 1991 tris
2813 1938 2865 1992 in
2908 1938 3124 1993 Placule
3167 1940 3303 1995 inter
3345 1940 3539 1997 adﬁnis

1955 2035 2097 2080 terra
2126 2026 2257 2081 Duci
2283 2044 2299 2094 ;
2333 2028 2386 2081 in
2414 2027 2655 2082 Leonaci
2678 2044 2795 2083 cum
2827 2045 3082 2099 germano
3111 2045 3209 2084 suo
3252 2041 3392 2087 terra
3420 2048 3539 2087 mo-

1954 2116 2166 2172 diorum
2200 2128 2432 2187 quatuor
2463 2135 2625 2186 super
2653 2135 2776 2176 casa
2807 2123 3109 2178 Borunciuli
3143 2123 3195 2176 in
3227 2122 3533 2193 Macritula,

1958 2215 2014 2262 et
2058 2208 2190 2263 duas
2240 2211 2451 2266 modios
2498 2220 2636 2267 terra
2667 2210 2939 2267 Macrinus
2967 2212 3021 2267 in
3053 2214 3281 2284 Albiugo
3306 2252 3323 2268 .
3346 2253 3364 2270 .
3392 2255 3406 2270 .
3430 2251 3448 2269 .
3477 2257 3492 2270 .
3523 2255 3534 2266 .

1956 2300 2205 2355 Aunuald
2238 2310 2377 2356 terra
2409 2302 2707 2358 modiorum
2751 2304 2846 2359 tris
2888 2304 2941 2359 in
2988 2305 3108 2360 loco
3129 2306 3216 2361 ubi
3242 2306 3537 2376 Teutlipald

1959 2393 2119 2448 dedet
2167 2409 2328 2465 super
2372 2396 2565 2452 silice:
2614 2396 2849 2452 Wilifrid
2903 2407 3041 2453 terra
3092 2400 3393 2455 modiorum
3442 2401 3542 2455 tris

1960 2502 2124 2557 prope
2154 2501 2277 2542 casa
2312 2488 2531 2543 Waltari
2561 2504 2576 2554 ;
2610 2488 2859 2544 Nandulo
2905 2500 3044 2545 terra
3092 2490 3391 2548 modiorum
3429 2492 3540 2547 duo

1958 2578 2094 2635 infra
2139 2578 2357 2646 Lituro,
2388 2589 2443 2634 et
2488 2580 2647 2635 tertio
2691 2581 2834 2636 modi
2866 2582 3041 2636 locum
3085 2592 3206 2637 ante
3250 2598 3374 2639 casa
3415 2582 3542 2638 Buc-

1955 2668 2123 2723 ciuli:
2181 2668 2527 2724 Geminianus
2578 2680 2719 2727 terra
2767 2681 2823 2729 et
2869 2673 3022 2728 vinea
3072 2676 3287 2730 oﬁeruit
3339 2677 3545 2732 solidos

1956 2760 2316 2831 quadragenta
2345 2778 2361 2828 ;
2394 2762 2693 2818 Teudoraci
2724 2779 2818 2833 pro
2853 2774 2993 2821 terra
3038 2776 3092 2821 et
3137 2767 3294 2822 vinea
3342 2766 3544 2823 solidos

1955 2857 2314 2927 quadragenta
2333 2899 2348 2921 ,
2382 2868 2438 2911 ut
2466 2858 2660 2914 exinde
2694 2867 2834 2913 terra
2867 2869 2922 2914 et
2949 2861 3103 2915 vinea
3134 2874 3234 2915 con
3259 2900 3274 2915 .
3304 2897 3323 2915 .
3350 2899 3364 2914 .
3392 2897 3409 2916 .
3437 2900 3453 2917 .
3475 2898 3494 2918 .
3526 2878 3544 2928 ;

1954 2948 2272 3005 Gudiscalco
2294 2960 2433 3003 terra
2449 2951 2749 3005 modiorum
2774 2950 2900 3012 duo,
2926 2950 3021 3006 tris
3044 2951 3351 3007 scaﬁlorum
3375 2964 3542 3022 prope

1957 3048 2154 3095 terram
2186 3039 2369 3095 Trioni
2398 3049 2452 3095 et
2483 3042 2723 3096 scatilum
2750 3056 2917 3111 prope
2943 3042 3138 3096 terrula
3166 3043 3410 3099 Liutuald
3440 3059 3453 3108 ;
3487 3055 3543 3098 et

1960 3146 2057 3201 pro
2098 3131 2251 3187 vinea
2294 3146 2389 3202 per
2429 3147 2859 3202 unumquemque
2890 3141 3130 3187 nostrum
3165 3133 3412 3187 dedimus
3453 3147 3543 3189 so-

1962 3224 2099 3278 lidos
2128 3223 2312 3278 decem
2335 3263 2350 3291 ,
2380 3232 2610 3291 excepto
2642 3222 2913 3278 Mam-inus
2933 3265 2947 3289 ,
2983 3226 3070 3293 qui
3117 3223 3264 3280 dedit
3290 3224 3397 3279 duo
3428 3239 3540 3279 mo-

1960 3314 2048 3369 dia
2080 3315 2231 3370 vinea
2265 3314 2317 3369 in
2348 3314 2681 3383 Savelliano,
2725 3325 2779 3370 et
2823 3312 3179 3372 Geminianus
3230 3325 3286 3371 et
3333 3315 3547 3373 Teudo-

1963 3405 2110 3474 raci,
2159 3405 2251 3475 qui
2297 3406 2548 3461 dedirunt
2593 3407 2864 3475 predictos
2909 3407 3111 3462 solidos
3152 3422 3248 3476 pro
3290 3408 3445 3462 vinea
3488 3417 3545 3462 et

1963 3507 2106 3551 terra
2134 3505 2187 3552 ct
2216 3507 2532 3567 octnagenta
2566 3496 2771 3551 solidos
2803 3498 2857 3551 in
2898 3512 3030 3551 auro
3064 3512 3157 3565 pro
3196 3496 3338 3551 dotis
3368 3496 3538 3555 titulo.

1962 3591 2028 3646 Et
2060 3592 2129 3646 ita
2162 3590 2380 3647 addidet
2406 3591 2617 3646 animus
2649 3601 2865 3647 nostrus
2886 3633 2900 3657 ,
2934 3601 2996 3647 ut
3033 3592 3098 3645 ad
3136 3591 3538 3660 gubernandum

1963 3685 2014 3739 in
2066 3694 2384 3755 poteSIatem
2435 3685 2676 3741 custodis
2730 3686 2872 3740 illius
2921 3683 3168 3739 Gundoni
3221 3684 3538 3754 presbiteri,

1959 3794 2119 3849 quem
2150 3778 2278 3833 inivi
2312 3794 2433 3834 cum
2466 3794 2695 3835 comune
2724 3780 2951 3834 consilio
2996 3780 3345 3849 presbiterum
3392 3778 3541 3834 ordi-

1964 3872 2215 3926 navimus
2238 3912 2254 3938 ,
2290 3870 2589 3926 inveniatur
2618 3886 2740 3926 esse
2783 3871 3097 3940 peregrinus
3139 3869 3540 3939 recipiendum,

1963 3961 2239 4031 pauperis,
2269 3960 2453 4030 vidua,
2481 3969 2533 4015 et
2557 3958 2762 4015 orfanis
2785 3959 3168 4015 consolandum
3187 4000 3202 4026 .
3232 3960 3541 4016 mandatum

1959 4054 2111 4123 juxta
2144 4053 2333 4123 regule
2362 4053 2553 4109 ordine
2586 4053 2883 4108 faciendum
2908 4095 2922 4118 ,
2952 4062 3008 4110 et
3036 4068 3132 4121 pro
3171 4052 3374 4107 nostris
3409 4050 3543 4106 laci-

1962 4147 2183 4203 noribus
2212 4146 2501 4201 Dominum
2536 4147 2968 4217 deprecandum,
3001 4147 3053 4200 in
3083 4146 3331 4202 omnibus
3360 4153 3414 4200 et
3453 4158 3546 4214 per

1962 4240 2141 4294 omnia
2171 4255 2330 4308 opem
2363 4241 2553 4308 ujnsce
2584 4239 2822 4294 sinedoci
2847 4284 2861 4307 ,
2905 4239 3199 4294 secundum
3245 4238 3544 4306 priscorum

1964 4332 2181 4387 Patrum
2213 4330 2557 4385 traditionem
2584 4332 2736 4397 juxta
2768 4329 2889 4398 njus
2920 4327 3183 4382 sentcntie
3216 4326 3267 4378 in
3295 4324 3544 4379 omnibus

1962 4423 2256 4488 adimplere
2286 4419 2513 4474 diveas?
2545 4419 2611 4472 Et
2644 4421 2745 4471 hoc
2772 4418 3047 4482 addimus,
3078 4425 3133 4469 ut
3157 4415 3209 4470 si
3231 4414 3345 4482 ipse
3374 4413 3543 4467 abbas

1967 4522 2149 4566 custus
2180 4511 2247 4564 de
2278 4509 2374 4561 hac
2410 4510 2527 4561 luce
2554 4516 2768 4575 ereptus
2800 4515 2878 4561 est
2899 4543 2917 4569 ,
2948 4521 3106 4574 quem
3150 4506 3274 4559 inivi
3308 4505 3544 4573 priorem

1961 4609 2016 4655 et
2043 4601 2459 4668 gubernatorem
2492 4598 2597 4652 due
2629 4605 2807 4665 partes
2836 4610 2903 4651 ex
2932 4595 3082 4649 novis
3115 4611 3216 4649 una
3244 4610 3367 4649 cum
3418 4612 3544 4649 mo-

1961 4692 2082 4745 naci
2128 4690 2228 4760 ipsi
2270 4689 2531 4759 eligerent
2551 4729 2566 4749 .
2598 4688 2751 4745 tertia
2784 4700 2909 4757 pars
2937 4702 3003 4741 ex
3035 4684 3231 4740 nostris
3260 4687 3385 4741 inivi

1967 4784 2139 4853 ipsum
2169 4782 2419 4837 abbatem
2461 4779 2818 4834 ordinandum
2850 4779 3145 4847 predictum
3177 4778 3411 4834 ofﬁcium
3453 4778 3547 4834 Dei

1965 4874 2352 4945 peragendum.
2378 4873 2507 4929 Nam
2537 4873 2669 4928 nulli
2702 4882 3008 4928 nostrorum
3033 4873 3372 4929 olferentium
3400 4874 3549 4930 exin—

1964 4968 2033 5024 de
2056 4969 2109 5023 in
2137 4968 2314 5036 aliquo
2339 4966 2700 5034 subtragator,
2725 4974 2818 5019 aut
2845 4964 2914 5018 ha
2947 4965 3098 5020 novis
3132 4966 3423 5028 minuetur,
3452 4978 3549 5019 nec

1964 5060 2067 5114 ulla
2094 5060 2221 5113 inivi
2250 5065 2569 5129 potestatem
2596 5070 2849 5112 aveamus
2876 5072 3047 5127 neque
3075 5056 3127 5112 in
3156 5056 3269 5125 ipso
3298 5056 3544 5110 balneum

1965 5152 2292 5206 iuvasionetn
2327 5149 2627 5203 faciendam
2653 5190 2667 5215 ,
2702 5164 2801 5204 nec
2829 5149 2881 5203 in
2918 5149 3060 5203 nulla
3093 5162 3178 5202 res
3201 5188 3215 5212 ,
3240 5158 3373 5214 quas
3416 5143 3547 5199 inivi

1966 5250 2032 5305 ba
2065 5248 2218 5304 novis
2248 5244 2496 5303 oﬁ'ertum
2529 5254 2633 5313 cst,
2668 5244 2769 5299 nisi
2816 5245 2868 5299 in
2903 5243 3172 5308 omnibus,
3207 5248 3266 5294 ut
3309 5239 3545 5310 prodixi-

1963 5384 2175 5442 Nemini
2224 5380 2558 5435 eruditorum
2604 5379 2843 5449 ignotum
2895 5387 2977 5432 est
3017 5392 3136 5447 quae
3159 5376 3459 5449 simultates
3486 5392 3548 5432 ac

1966 5458 2105 5512 bella
2149 5453 2449 5507 diutissime
2492 5448 2754 5521 viguerint
2796 5451 2933 5503 inter
2978 5448 3359 5521 l.augobardos
3388 5456 3549 5515 atque

1967 5529 2262 5588 Romanos,
2285 5523 2410 5576 dum
2438 5519 2607 5575 Cra-ci
2640 5524 2991 5587 imperatores
3022 5519 3209 5572 Itonia:
3234 5562 3249 5585 ,
3276 5531 3545 5585 nunquam

1966 5612 1995 5650 a
2030 5593 2393 5662 Langobardis
2424 5592 2689 5662 subach,
2721 5591 3096 5662 imperarunt.
3126 5588 3412 5662 Propterea
3435 5588 3549 5662 opi-

1967 5669 2082 5721 nari
2114 5656 2449 5720 licetmultos
2471 5663 2652 5715 obices
2682 5661 2731 5710 in
2758 5658 3168 5725 Langobardico
3193 5669 3359 5727 regno
3385 5656 3551 5727 fuisse

1969 5738 2173 5807 positos
2204 5733 2449 5807 legitima:
2476 5731 2848 5807 _lt_omanorum
2883 5728 3216 5807 potitiftcum.
3251 5736 3305 5789 et
3332 5726 3548 5796 episcae-

1968 5798 2155 5880 porum
2186 5798 2489 5862 auctoritati
2520 5801 2573 5857 in
2602 5798 2992 5856 ecclesiasticis
3022 5798 3269 5870 negotiis.
