4026 6352
553 361 697 421 4563

1714 351 1754 409 L
1775 347 2324 408 \NCOBARDORUM
2371 351 2612 407 REGE.“

3636 355 3745 409 ηυξ

556 493 705 542 mus,
748 476 798 529 in
833 482 1147 543 potestatem
1177 471 1345 526 sancti
1399 469 1642 525 Silvestri
1687 468 1986 522 inveniatur
2042 479 2126 516 cs-
2160 463 2208 520 Δ
2235 466 2691 520 εκεοιιοιιιὶξεὶιιιο
2714 482 2835 536 rege
2858 483 2999 520 anno
3025 475 3232 530 octavo,
3258 478 3349 533 per
3376 463 3675 522 indictioncni
3702 484 3748 526 in

543 581 616 626 ’se
636 615 649 636 ,
683 580 735 623 et
762 569 962 636 absque
988 581 1231 620 onmem.
1262 605 1274 619 .
1297 603 1310 617 .
1335 604 1346 617 .
1369 603 1387 619 .
1407 602 1422 617 .
1445 570 1626 616 contra
1657 561 1822 628 ipsam
1852 557 2130 611 ecclesiam

556 678 712 729 agere
757 661 985 714 voluerit
1028 660 1162 710 hanc
1214 657 1295 709 vis
1343 664 1646 708 removator
1691 650 1883 704 eximie
1933 647 2131 700 violen-

557 752 683 803 tiam
705 793 718 816 ,
752 758 803 804 et
833 747 1125 803 defensitor
1155 761 1257 797 non
1287 743 1592 811 querentis,
1625 740 1766 808 quod
1807 739 1859 791 in
1891 738 2072 804 aliquo
2101 749 2132 788 a

561 856 658 894 nos
691 850 997 908 pertencat,
1030 845 1211 889 contra
1255 847 1411 901 quam
1457 829 1637 884 dotalii
1682 844 1775 882 seu
1821 826 2126 880 monusculi

560 944 738 985 imstre
768 930 1003 992 cortule,
1037 944 1193 998 quam
1231 941 1326 979 nus
1357 935 1409 978 et
1439 923 1614 978 credis
1647 920 1843 976 nostris
1871 920 2128 974 adversus

561 1025 726 1090 ipsam
755 1032 1017 1075 sanetam
1054 1010 1162 1071 'Dei
1214 1017 1503 1070 Ecclesiam
1529 1056 1541 1077 ,
1573 1013 1654 1067 vel
1704 1011 1842 1079 quod
1888 1011 2014 1064 inibi
2065 1010 2132 1062 ha

544 1113 709 1165 novis
736 1111 980 1166 otTertum
1028 1119 1144 1172 est,
1179 1107 1462 1175 aliquando
1501 1103 1812 1174 spondimus
1849 1115 1972 1155 esse
2001 1115 2130 1153 ven-

561 1204 661 1257 turi
697 1212 814 1271 post
848 1203 978 1255 facta
1022 1201 1134 1253 viro
1174 1199 1318 1254 dotis
1349 1197 1552 1251 cartula
1584 1195 1672 1249 Dei
1705 1192 2128 1262 compulsatione

557 1297 838 1347 COl'l‘lClllS.

634 1386 742 1452 Ego
772 1383 997 1437 Waltari
1029 1421 1042 1435 .
1070 1420 1083 1435 .
1112 1422 1126 1436 .
1156 1419 1168 1434 .
1200 1421 1213 1435 .
1242 1421 1254 1434 .
1281 1378 1446 1432 sancti
1477 1376 1716 1432 Silvestri
1748 1376 1914 1430 offero
1957 1376 2008 1427 in
2054 1375 2133 1426 in-

561 1486 762 1545 tegrum
791 1476 1170 1545 possidendum
1198 1474 1447 1526 clausura
1478 1471 1529 1523 in
1555 1468 1802 1523 Colliariu
1824 1481 1941 1520 cum
1969 1466 2131 1518 vinea

557 1579 609 1623 et
636 1568 806 1621 olivas
839 1582 930 1620 seu
962 1569 1259 1635 virgarinm
1292 1564 1410 1630 plus
1441 1563 1613 1614 minus
1645 1559 1942 1612 modiorum
1977 1557 2129 1622 dccc,

553 1676 673 1714 cum
724 1660 902 1713 Omnia
948 1656 1202 1726 quidquid
1254 1654 1388 1708 infra
1438 1653 1549 1721 ipsa
1596 1652 1837 1705 clausura
1887 1658 1976 1702 est
2010 1662 2129 1700 cum

550 1752 751 1804 cultum
785 1751 868 1804 vel
901 1749 1153 1803 incultum
1184 1749 1234 1800 in
1260 1747 1544 1814 integrum.
1568 1781 1581 1798 .
1607 1784 1619 1796 .
1644 1781 1657 1795 .
1685 1782 1699 1797 .
1730 1781 1742 1794 .
1771 1756 1866 1810 pro
1896 1739 2130 1810 peccatis

2237 554 2484 610 feliciter.
2515 558 2712 613 Consta
2733 601 2747 624 ,
2780 575 2864 614 me
2895 558 3079 613 Aufrid
3112 559 3173 611 ν.
3208 557 3268 610 D.
3314 557 3440 610 hanc
3475 558 3553 612 die
3585 565 3748 618 vende-

2235 645 2382 702 disse
2421 659 2472 704 et
2514 650 2772 712 vendedi.
2814 649 3113 705 tradedisse
3162 655 3214 701 et
3263 647 3454 700 tradedi
3491 647 3622 703 vobis
3657 653 3750 706 An-

2237 741 2432 807 nuald,
2489 742 2787 811 Teutpald,
2823 743 3091 806 Leonaci,
3145 740 3455 806 Petronaci,
3506 739 3748 811 Teutpert,

2237 833 2542 903 l)ommuli,
2580 837 2850 902 Wilifrid,
2895 836 3170 899 Nandulo,
3213 833 3512 889 Geminiano
3555 837 3749 904 clerico,

2235 926 2572 993 Tenderaci,
2623 937 2743 983 ortu
2797 944 3007 994 meum,
3061 943 3215 996 quem
3267 942 3419 982 avere
3462 928 3626 982 videor
3656 944 3753 987 ante

2234 1026 2419 1072 sancto
2467 1018 2772 1082 Silvestre.
2814 1020 2901 1088 qui
2953 1019 3121 1072 latere
3169 1027 3286 1071 tene
3333 1032 3487 1084 prope
3527 1030 3655 1073 curtc
3688 1024 3749 1075 vel

2235 1119 2352 1164 orte
2384 1110 2551 1165 sancti
2583 1110 2828 1165 Silvestri
2863 1120 3011 1165 rectu
3043 1125 3164 1164 casa
3199 1108 3430 1162 Domnici
3450 1149 3463 1172 ,
3491 1111 3562 1164 vel
3588 1111 3644 1164 de
3669 1112 3752 1164 filio

2234 1201 2462 1256 Jovanni
2484 1247 2497 1269 ,
2528 1213 2579 1256 et
2611 1203 2662 1257 in
2691 1203 2900 1272 integro
2931 1203 3048 1268 ipso
3077 1210 3195 1254 orto
3221 1199 3369 1253 vobis
3397 1201 3580 1254 tradedi
3608 1217 3751 1270 possc-

2235 1292 2465 1346 dendum
2491 1333 2504 1357 ,
2536 1304 2591 1347 ut
2621 1295 2688 1347 ab
2721 1294 2980 1348 hodierna
3011 1292 3097 1346 die
3127 1292 3351 1356 abeatis,
3383 1292 3617 1354 teneatis,
3646 1304 3688 1347 et
3713 1294 3751 1346 in

2235 1390 2409 1436 vestra
2449 1383 2516 1437 sit
2557 1393 2871 1452 potestatem
2911 1383 2978 1438 de
3017 1385 3133 1452 ipso
3171 1393 3289 1437 orto
3335 1382 3501 1436 facere
3527 1383 3646 1452 quod
3675 1400 3748 1436 vo-

2235 1471 2459 1526 lueritis.
2495 1471 2645 1528 Unde
2673 1476 2971 1544 accepisset
2997 1482 3051 1527 et
3075 1473 3286 1542 suscepi
3316 1488 3344 1526 a
3371 1473 3511 1526 vobis
3539 1473 3754 1536 Aunuald,

2233 1563 2514 1633 Teutpald,
2560 1565 2841 1634 Teutpert,
2878 1566 3182 1631 l‘etronaci,
3228 1565 3475 1628 Leonaci,
3517 1565 3755 1628 Dominuli,

2233 1654 2504 1722 Wilifrid,
2557 1656 2825 1725 Nanduli,
2877 1656 3195 1712 Geminiano
3242 1656 3466 1720 clerico,
3510 1665 3557 1709 et
3593 1655 3759 1710 Tende-

2233 1748 2342 1801 raci
2367 1789 2380 1812 ,
2416 1748 2645 1815 pretium
2683 1748 2933 1817 placitum
2967 1757 3022 1802 et
3053 1749 3289 1803 defenito
3319 1749 3540 1816 capitulo
3567 1748 3663 1799 auri
3689 1762 3757 1798 so-

553 1844 828 1906 sacerdos,
859 1844 945 1910 qui
980 1841 1106 1894 inivi
1137 1841 1413 1893 ordinatus
1440 1849 1556 1901 est,
1591 1846 1682 1889 aut
1714 1835 1921 1887 futurus
1951 1841 2129 1894 esset,

2240 1838 2386 1892 ledas
2414 1815 2839 1907 quinquagenta,
2873 1839 2938 1892 de
2970 1839 3164 1908 quibus
3197 1815 3398 1905 previdi
3430 1836 3569 1889 vobis
3596 1835 3760 1888 cartula

555 1937 744 1990 lmrare
774 1935 976 1988 diveas.

623 2026 842 2095 Signum
877 2037 1065 2077 manus
1097 2019 1358 2087 Teutpald
1393 2018 1454 2072 V.
1492 2018 1556 2071 D.
1591 2015 1894 2070 donatnris.

543 2153 546 2156 λ
633 2117 854 2184 Signum
885 2129 1074 2167 manus
1106 2112 1363 2179 Teutpert
1396 2109 1544 2162 fratri
1578 2107 1694 2175 ejus
1727 2103 2131 2160 consentientis.

622 2212 841 2282 Signum
877 2224 1066 2264 manus
1098 2205 1366 2260 Dommuli
1397 2201 1821 2258 conserbatoris.

622 2302 840 2372 Signum
867 2314 1052 2356 manus
1081 2300 1312 2354 Leonaci
1347 2297 1406 2351 ν.
1439 2297 1496 2350 D.
1534 2293 1739 2348 autoris
1768 2301 1822 2346 et
1845 2288 2133 2345 conserba-

553 2398 705 2449 turis.

627 2487 852 2555 Signum
887 2498 1077 2538 manus
1115 2480 1396 2536 Petronaci
1430 2521 1442 2530 .
1475 2520 1486 2531 .
1520 2518 1533 2531 .
1562 2518 1576 2532 .
1605 2517 1618 2532 .
1650 2517 1661 2530 .
1696 2474 2106 2530 consentientis.

622 2576 844 2646 Signum
876 2591 1061 2629 manus
1093 2572 1335 2628 Aunuald
1383 2568 1446 2622 ν.
1493 2569 1556 2622 D.
1602 2566 1740 2621 idem
1783 2573 2104 2619 conservato

552 2670 658 2736 ris,
687 2678 790 2724 etc.

626 2763 844 2833 Signum
877 2774 1068 2814 manus
1101 2756 1384 2813 Waltarini
1409 2796 1423 2817 ,
1459 2755 1547 2822 qni
1583 2752 1682 2806 hoc
1711 2747 1947 2805 offeruit.

638 2895 650 2907 .
687 2892 699 2905 .
725 2893 740 2908 .
855 2889 868 2906 .
896 2890 911 2905 .
940 2893 949 2902 .
980 2890 993 2904 .
1025 2850 1140 2904 dolf
1167 2851 1388 2917 exiguus
1421 2845 1664 2914 indignus
1692 2841 1955 2910 presbiter
1985 2849 2141 2906 roga-

557 2954 644 2999 tus
671 2945 734 2998 ad
759 2942 1068 2997 Waltarene
1101 2942 1222 2994 uhic
1247 2939 1491 2994 cliartnle
1518 2934 1821 2991 donationis
1843 2934 1893 2986 in
1916 2926 2139 2984 eccl-‘sia

572 3036 728 3089 :ancti
758 3032 1016 3087 Selvestri
1050 3031 1132 3084 vel
1161 3031 1383 3098 ejusque
1415 3027 1677 3083 Scuodoci
1708 3026 1842 3078 sicut
1886 3017 2134 3087 superius

579 3128 750 3194 pgitur
781 3124 901 3178 testi
933 3123 1250 3190 subscripsi.

634 3255 648 3270 .
675 3256 689 3271 .
719 3255 732 3270 .
761 3255 774 3270 .
809 3255 821 3268 .
851 3254 866 3272 .
895 3253 908 3269 .
934 3253 949 3270 .
983 3218 1150 3284 ripert
1193 3216 1252 3266 V.
1288 3214 1348 3268 L.
1382 3213 1505 3266 uhic
1553 3209 1796 3264 cliartule
1846 3213 2063 3275 rogatus
2109 3216 2136 3253 a

561 3309 865 3363 Waltarene
905 3322 934 3360 a
979 3307 1063 3360 hic
1093 3307 1336 3360 eliartule
1367 3302 1674 3357 donationis
1707 3298 1847 3354 facta
1881 3299 1935 3351 in
1971 3295 2145 3349 cccle-

561 3405 637 3454 sia
669 3400 838 3455 sancti
867 3400 1122 3454 Selvestri
1153 3399 1237 3452 vel
1269 3398 1490 3465 ejusque
1534 3391 1824 3450 Senodocii
1869 3391 2008 3444 sicut
2049 3405 2143 3443 suv

544 3491 739 3562 perius
773 3491 964 3561 legitur
995 3490 1117 3544 testi
1151 3488 1464 3557 subscripsi.

633 3584 1019 3654 Floriprandus
1055 3582 1295 3636 notarius
1336 3595 1400 3634 ex
1446 3579 1718 3633 autentico
1762 3584 2018 3645 quantum
2049 3588 2142 3626 co-

558 3691 818 3746 gnoscere
851 3675 1001 3744 potui
1037 3675 1262 3729 fideliter
1293 3673 1596 3741 exemplavi
1626 3672 1829 3736 absque
1862 3668 2070 3722 fraude.

628 3771 682 3824 In
715 3767 934 3824 nomine
964 3766 1173 3822 Domini
1203 3765 1328 3820 Jesu
1359 3763 1574 3818 Christi.
1612 3763 1742 3816 Dum
1778 3761 1886 3814 Deo
1922 3760 2140 3827 juvante

562 3863 789 3917 ecclesia
820 3862 962 3916 beati
994 3861 1165 3914 sancti
1195 3857 1439 3913 Silvestri
1490 3856 1589 3910 sita
1645 3855 1831 3908 fuisset
1875 3850 1942 3903 ad
1995 3859 2140 3919 porta

560 3954 699 4009 beati
730 3953 900 4007 sancti
931 3952 1109 4016 Petri,
1142 3960 1193 4005 et
1241 3965 1338 4019 per
1380 3948 1675 4003 Cristianus
1704 3945 1930 3999 hominis
1961 3941 2142 3996 condi-

555 4054 639 4111 ta,
671 4052 726 4098 et
755 4058 852 4113 per
891 4043 1032 4096 dotis
1075 4049 1130 4096 et
1173 4041 1326 4096 donis
1375 4040 1538 4095 tetulo
1584 4039 1947 4098 confermata,
1991 4047 2142 4086 amor

557 4151 792 4205 superne
823 4137 1048 4190 vcrtutis
1078 4151 1254 4190 meum
1301 4135 1536 4189 animum
1578 4130 2014 4186 adcummodavet
2047 4139 2142 4195 pro

555 4230 692 4282 meis
751 4226 1077 4281 facinoribus
1131 4225 1299 4279 oﬂ‘ero
1351 4239 1450 4293 ego
1521 4221 1864 4277 Geminianus
1923 4220 2031 4272 Deo
2087 4227 2141 4270 et

559 4320 652 4372 tibi
682 4333 812 4388 sepe
852 4317 993 4371 dicte
1021 4318 1250 4371 ecclesie
1284 4315 1421 4369 beati
1453 4313 1622 4367 sancti
1668 4309 1910 4365 Silvestri
1938 4348 1950 4372 ,
2002 4307 2140 4361 idest

555 4414 607 4465 in
638 4411 825 4480 primis
856 4418 1086 4479 quatuor
1117 4406 1415 4461 modiorum
1466 4413 1607 4457 terra
1656 4401 1721 4454 ad
1771 4398 2140 4468 Argili.snper

555 4504 636 4555 via
669 4503 734 4556 ad
765 4502 1076 4569 Aqualunga
1097 4540 1114 4566 ,
1144 4497 1446 4552 modiorum
1478 4495 1609 4548 duas
1637 4492 1701 4546 ad
1731 4489 2101 4559 Tempanianu
2121 4528 2134 4552 ,

559 4595 860 4649 modiorum
891 4593 996 4645 duo
1026 4591 1094 4646 de
1126 4599 1263 4643 terra
1297 4587 1364 4640 da
1395 4584 1647 4640 Cuniehis
1667 4624 1682 4650 ,
1733 4581 1800 4636 ad
1849 4581 1989 4634 Arcu
2021 4595 2138 4632 mo-

562 4688 768 4739 diorum
817 4683 922 4737 duo
969 4684 1037 4738 de
1082 4694 1292 4736 summo
1332 4692 1523 4747 campo
1549 4676 1613 4731 da
1644 4684 1829 4729 sancto
1877 4672 2139 4733 Martiuo,

557 4775 793 4830 caldaria
835 4789 936 4827 una
969 4773 1140 4828 ornile
1169 4787 1289 4826 cum
1332 4778 1518 4824 catena
1562 4766 1784 4820 fumaria
1808 4805 1822 4833 ,
1856 4763 1954 4817 hee
1985 4764 2140 4815 iStum

555 4867 798 4939 predicta
827 4866 1048 4921 ecclesia
1079 4865 1362 4934 quitejnre
1393 4861 1460 4915 ivi
1490 4859 1764 4924 defendas,
1796 4867 1848 4912 et
1873 4856 2046 4910 nullus
2073 4855 2141 4908 de

554 4961 768 5018 heredis
807 4973 960 5014 meus
1003 4958 1106 5010 hoc
1147 4956 1316 5024 ipsum
1363 4952 1730 5008 monusculum
1771 4948 1967 5004 exinde
2015 4947 2141 5000 sub-

554 5056 691 5123 tragi
730 5053 933 5124 possit,
965 5057 1020 5105 et
1047 5050 1301 5104 sacerdus
1329 5049 1456 5102 inivi
1484 5045 1831 5102 consistentis
1866 5057 1960 5111 pro
2007 5041 2142 5095 meis

553 5145 880 5202 facinoribus
907 5144 1178 5199 Christum
1208 5141 1487 5196 Dominum
1516 5139 1794 5210 deprecari
1825 5138 2030 5191 diveas.

630 5241 684 5297 In
725 5240 942 5294 nomine
977 5238 1190 5292 Domini
1231 5235 1329 5290 Dei
1366 5244 1420 5289 et
1461 5234 1756 5290 Salvatoris
1797 5231 1972 5286 nostri
2011 5229 2136 5284 Jesu

553 5335 787 5406 Christi,
837 5341 1093 5404 regnante
1142 5330 1339 5385 domno
1391 5339 1574 5381 nostro
1625 5325 1935 5394 Liutprandi
1969 5332 1992 5358 τι
2027 5323 2144 5377 viro

631 5521 656 5551 ⁸
707 5517 762 5572 Id
793 5526 873 5572 est
903 5528 1044 5569 anno
1072 5510 1270 5566 Christi
1301 5508 1426 5562 720.

627 5583 658 5625 δ
701 5586 1105 5654 Chronological
1147 5593 1286 5654 neue
1328 5581 1461 5654 bene
1497 5577 1682 5654 Iiic__se
1725 5575 1960 5654 habent;
1996 5590 2137 5654 anno

558 5661 754 5730 quippe
777 5659 881 5712 719
906 5646 1225 5710 decurrebat
1242 5652 1476 5730 _indic_tio
1502 5664 1564 5730 it.
1590 5647 1785 5730 Yerum
1811 5651 1936 5727 quis
1955 5646 2141 5730 credant

561 5716 804 5785 c'ha'r'tam
837 5736 915 5782 tot
944 5738 1067 5780 ante
1097 5724 1288 5779 saecula
1319 5721 1521 5793 vulgari
1554 5718 1808 5774 idiomate
1837 5716 2133 5793 scriptam?

558 5801 662 5858 Tot
690 5801 820 5855 alias
849 5813 917 5855 ex
950 5799 1098 5853 hisce
1129 5794 1325 5851 chartis
1358 5787 1583 5850 vidimus
1628 5803 1803 5845 seram
1849 5787 2124 5856 antiquitati

2238 1933 2559 1988 venditionis
2592 1933 2797 1999 facere,
2834 1943 2890 1985 ut
2920 1934 2984 1986 ab
3019 1932 3272 1984 hodierna
3307 1929 3390 1982 die
3420 1928 3632 1991 aveatis,
3662 1942 3762 1995 pos-

2241 2023 2507 2088 s'edeatis,
2541 2034 2594 2079 ct
2623 2026 2674 2078 in
2708 2037 2884 2078 veSira
2921 2033 3213 2091 potestate,
3247 2031 3302 2076 et
3341 2021 3472 2075 sicot
3502 2033 3596 2073 non
3624 2018 3761 2082 crido,

2234 2122 2295 2167 ut
2325 2115 2368 2167 si
2409 2127 2508 2180 ego
2547 2121 2638 2166 aut
2669 2111 2844 2167 credis
2875 2128 3023 2166 meus
3057 2127 3149 2165 vos
3191 2110 3663 2174 molestaverimus,
3697 2119 3766 2160 aut

2237 2204 2304 2258 da
2345 2204 2582 2272 qualivet
2624 2202 2843 2258 homine
2882 2202 3030 2257 vobis
3072 2203 3359 2256 defensare
3402 2217 3502 2256 non
3557 2208 3763 2269 potuero,

2237 2295 2478 2364 spondeo
2507 2295 2660 2348 vobis
2688 2294 3210 2363 componereudupla
3241 2293 3619 2355 conditionem;
3643 2304 3766 2359 quam

2240 2385 2353 2436 viro
2385 2383 2706 2438 venditionis
2742 2383 2980 2437 chartula
3013 2381 3338 2437 Gaircmund
3380 2381 3441 2436 V.
3484 2381 3542 2434 D.
3578 2379 3770 2434 scribere

2240 2477 2442 2544 rogavi.
2746 2482 2753 2489 '

2310 2566 2498 2619 Aetum
2533 2566 2669 2620 Luca
2690 2606 2704 2632 ,
2734 2579 2918 2620 mense
2945 2563 3156 2630 Martio,
3187 2579 3282 2634 per
3313 2562 3591 2618 indictione
3616 2573 3772 2629 supra-

2240 2657 2433 2722 scripta
2467 2652 2716 2708 feliciter.

2311 2744 2531 2814 Signum
2565 2760 2753 2798 manus
2782 2745 2967 2799 Anfrid
3004 2743 3269 2798 vendituri
3301 2751 3355 2798 et
3386 2739 3743 2797 reuromissuri.

3003 2855 3067 2910 Χ.

2246 2972 2570 3041 Querimonia
2599 2972 2730 3025 Julii
2761 2973 2954 3025 abbatis
2987 2972 3169 3023 insula:
3202 2970 3400 3041 Mentis
3435 2967 3612 3041 Christi
3638 2981 3778 3041 comat

2315 3044 2551 3097 liolando
2582 3044 2790 3106 comite,
2823 3045 2978 3094 totius
3009 3045 3195 3094 iusan
3227 3040 3455 3093 Corsica?
3485 3039 3672 3089 (lumina
3692 3079 3703 3101 ,
3728 3037 3778 3087 de

2314 3117 2470 3168 variis
2500 3114 2887 3182 usurpatoribus
2913 3113 3113 3182 jurium
3140 3113 3219 3164 sui
3248 3111 3468 3163 rceuobii
3497 3110 3544 3180 (δ
3574 3124 3708 3172 anno,
3737 3114 3779 3156 νι

2316 3186 2490 3238 charta
2521 3185 2725 3255 pra'fert
2752 3224 2766 3248 ,
2799 3185 2949 3250 719).

2319 3303 2474 3353 Anno
2503 3298 2785 3351 dominicze
2818 3295 3108 3348 nativitatis
3139 3304 3367 3362 septeno
3404 3290 3680 3346 centesimo
3713 3287 3783 3341 de-

2246 3392 2388 3446 cimo
2426 3407 2589 3454 nono,
2625 3389 2920 3442 indictione
2952 3402 2988 3441 ll
3018 3403 3030 3438 :
3063 3386 3351 3440 Manifesta
3382 3383 3457 3438 sia
3488 3399 3514 3435 a
3547 3389 3664 3435 tutte
3689 3392 3786 3447 per-

2246 3499 2414 3548 sone,
2475 3483 2573 3536 che
2634 3483 2923 3549 legez'anno
2977 3489 3031 3532 et
3075 3479 3357 3532 oderanno
3405 3484 3583 3546 questa
3627 3481 3785 3526 carla:

2247 3577 2469 3644 Quando
2498 3590 2669 3630 venne
2702 3589 2906 3627 messer
2939 3572 3127 3626 l‘abate
3160 3571 3339 3625 Giulio
3370 3573 3526 3623 abate
3559 3562 3789 3621 dell'isola

2245 3671 2294 3724 di
2349 3670 2526 3724 Monte
2571 3667 2772 3733 Crista,
2826 3675 2882 3721 et
2921 3669 3110 3720 misser
3145 3665 3356 3719 I’laclto
3385 3666 3536 3718 abate
3561 3664 3608 3716 di
3638 3666 3791 3714 sancta

2245 3764 2462 3816 Stefano
2487 3802 2501 3826 ,
2534 3770 2588 3816 et
2621 3770 2807 3814 sancto
2840 3759 3131 3814 Benedicto
3161 3758 3213 3811 di
3249 3758 3466 3811 Venaco
3493 3754 3610 3810 dell‘
3630 3752 3793 3807 ordine

2245 3855 2297 3908 di
2330 3855 2510 3908 Monte
2540 3852 2743 3918 Cristo,
2781 3868 2883 3906 con
2916 3852 2950 3904 li
2983 3866 3076 3906 sua
3111 3850 3264 3911 frati,
3303 3850 3522 3904 innanzi
3562 3864 3586 3898 a
3632 3846 3792 3897 inissct‘

2248 3945 2488 4001 ltolandu
2519 3957 2711 4009 conte,
2744 3959 2837 4010 per
2869 3944 2913 3998 la
2947 3944 3125 4012 grazia
3167 3941 3216 3994 di
3253 3941 3385 4005 Dio,
3432 3950 3479 3993 et
3522 3939 3722 4008 signore
3750 3930 3793 3984 di

2246 4048 2376 4092 tutla
2408 4036 2585 4092 l‘isola
2617 4037 2668 4089 di
2700 4035 2914 4089 Corsica
2937 4078 2950 4102 ,
2981 4044 3033 4088 et
3079 4032 3288 4085 iunauzi
3335 4047 3366 4084 a
3415 4044 3611 4084 messer
3651 4023 3795 4078 Giulin

2243 4129 2454 4198 giudice
2477 4173 2490 4196 ,
2523 4135 2578 4181 et
2607 4127 2817 4182 innanzi
2851 4143 2877 4178 a
2911 4138 3115 4178 messer
3158 4122 3351 4177 .loanni
3386 4123 3560 4188 legato
3599 4118 3646 4169 in
3683 4114 3795 4168 Cor-

2243 4225 2383 4286 sica,
2417 4230 2471 4275 et
2523 4220 2647 4273 altri
2698 4220 2819 4272 boni
2869 4217 3098 4278 homini,
3153 4215 3254 4268 che
3298 4215 3367 4266 ivi
3416 4224 3598 4265 erano.
3645 4207 3701 4259 Et
3737 4205 3794 4256 la-

2247 4312 2590 4367 mentandosi
2625 4311 2692 4366 de
2722 4325 2814 4364 sua
2861 4309 3236 4377 possessione,
3279 4304 3458 4358 ch‘elli
3503 4313 3720 4355 avevauo
3754 4296 3794 4346 in

2245 4404 2495 4466 Venaco,
2540 4404 2591 4458 le
2627 4403 2770 4471 quali
2816 4415 2951 4455 sono
2999 4398 3321 4460 terminate,
3353 4405 3408 4450 et
3453 4408 3544 4461 per
3589 4386 3794 4444 termini,

2172 4519 2222 4580 ι)
2247 4497 2347 4549 che
2380 4495 2631 4547 indieano
2661 4491 2694 4544 Ii
2726 4491 2886 4545 nobili
2919 4489 3116 4558 signori
3173 4488 3429 4549 Alberto,
3459 4499 3490 4538 e
3520 4482 3696 4535 misser
3718 4475 3796 4529 Do-

2250 4585 2462 4640 menico
2490 4583 2684 4638 fratelli
2713 4582 2947 4646 carnali,
2983 4590 3035 4636 et
3070 4580 3285 4649 figliuoii
3331 4578 3601 4647 quondam
3643 4571 3797 4624 misser

2247 4677 2494 4731 Guidone
2536 4675 2663 4728 delli
2705 4673 2905 4742 signari
2953 4671 3037 4726 de‘
3057 4669 3233 4726 Corsi.
3270 4671 3332 4723 Et
3367 4661 3735 4722 lainentarunsi
3761 4657 3800 4710 ili

2248 4767 2548 4824 Martinello
2577 4766 2660 4820 del
2697 4765 2988 4834 Lavatogio
3022 4764 3072 4817 di
3107 4761 3445 4816 llustichello
3471 4759 3607 4812 della
3630 4755 3796 4812 Selva.

2247 4869 2299 4912 et
2329 4858 2398 4912 de
2428 4855 2632 4910 Vollelo
2660 4853 2801 4908 delia
2834 4856 2986 4918 Basa,
3016 4865 3068 4907 et
3101 4853 3165 4906 de
3197 4852 3440 4904 Sumello
3472 4847 3608 4902 delle
3639 4847 3801 4899 Mustu

2249 4951 2380 5011 line,
2409 4949 2465 5002 di
2497 4946 2734 5002 V'intelln
2763 4947 2815 4999 di
2853 4946 3066 5008 Volivo,
3101 4953 3154 4996 ct
3186 4942 3236 4994 di
3272 4939 3634 4995 Volanduccio
3657 4931 3803 4988 (ι’οώ-

2248 5043 2371 5112 gia,
2401 5039 2792 5094 d'Andreuccio
2825 5037 2966 5089 dello
2996 5036 3264 5100 Merzeno,
3302 5033 3356 5086 di
3389 5029 3666 5087 Salvuccio
3691 5021 3804 5078 dello

2245 5135 2489 5198 Moienu,
2521 5133 2590 5186 de
2633 5130 2911 5187 Salvuccio
2955 5127 3096 5182 dello
3143 5124 3417 5186 Musuleu,
3461 5133 3516 5177 et
3557 5120 3622 5173 de
3652 5112 3804 5168 Vivolo

2248 5228 2387 5282 dello
2416 5227 2719 5294 Quarceto,
2752 5223 2820 5275 de.
2871 5219 3188 5274 Bertuccolo
3230 5217 3370 5272 dello
3405 5212 3656 5283 Vignale,
3683 5203 3806 5262 etde

2247 5319 2491 5373 Zaviccio
2522 5316 2662 5370 dello
2695 5313 2850 5368 Zoio.
2883 5311 2944 5364 Et
2972 5310 3149 5378 questi
3185 5306 3426 5362 huomini
3460 5305 3700 5366 diccano,
3729 5295 3806 5348 che

2249 5507 2354 5552 tem
2386 5492 2829 5564 przeseferentes,
2857 5495 2910 5542 et
2941 5486 3111 5540 nihilo
3141 5482 3313 5564 minus
3342 5489 3654 5564 corruptas,
3678 5468 3804 5564 et.

2249 5540 3206 5637 posteriora-tem-poraﬁispectantes.
3251 5555 3401 5619 Quod
3437 5540 3604 5606 unum
3629 5540 3804 5637 esscin:

2250 5624 2376 5706 pere
2427 5636 2549 5689 hinc
2589 5624 2778 5702 juvat,
2826 5624 3115 5706 Delenitus
3158 5628 3256 5681 i5te
3305 5637 3531 5690 comes,
3575 5624 3804 5676 universe!

2251 5699 2436 5765 insula:
2462 5699 2695 5763 Corsica:
2729 5699 2982 5759 deminus
3011 5699 3228 5753 dicitur.
