4026 6352
238 318 372 379 1566

1298 307 1684 365 DIPLOMATA
1724 302 1856 361 ECC
1868 303 2012 360 ωδ.
2055 305 2395 375 SELECT'A.

3368 301 3502 359 1566

237 431 616 489 non'duveano
642 428 738 484 dar
766 426 914 483 salvo
940 424 1144 481 decim
1175 424 1278 479 alla
1319 422 1476 477 badia
1512 421 1581 476 de
1622 424 1812 473 sancto
1841 418 1889 475 Δ
1923 417 2035 486 prio
2064 419 2211 485 loco,
2246 421 2334 488 qui
2360 420 2557 479 dicitur
2584 418 2861 477 Muriatico
2888 434 3048 489 super
3085 430 3279 477 sancto
3311 419 3498 491 Petro,

239 524 466 581 Steiauu
489 522 559 577 de
586 520 814 575 Venaco.
850 519 912 573 Et
939 516 1112 587 questi
1138 514 1265 570 dicti
1289 513 1429 589 abati
1453 512 1678 589 diceano
1707 510 1807 566 che

240 626 375 673 tutta
432 617 477 669 la
528 613 866 684 possessione
909 626 999 665 era
1049 610 1262 680 propria
1306 608 1446 663 della
1488 604 1697 662 abadia.
1743 604 1812 661 Et

245 707 425 776 questi
454 706 597 760 abati
623 712 1003 773 appresentaro
1025 716 1118 755 sua
1146 708 1292 755 certa
1318 696 1530 753 dinanzi
1562 713 1590 750 a
1621 695 1812 750 misser

244 797 586 861 liotando,et
609 810 639 850 a
669 794 859 849 misser
886 793 937 847 lu
962 790 1165 863 judice,
1190 800 1242 847 et
1269 806 1298 845 a
1325 790 1517 845 misser
1544 789 1597 843 lo
1628 788 1823 857 legato.

248 888 316 941 Et
360 901 456 955 per
497 893 686 954 questo
723 883 823 938 che
862 884 1048 938 videro
1085 892 1139 937 et
1173 882 1358 947 odim,
1408 879 1739 936 sententiaru
1787 893 1819 936 e

246 977 528 1047 Scapularu
554 976 729 1046 quella
761 972 1215 1049 possessiunealli
1244 971 1531 1040 supradicti
1565 967 1732 1027 abati.
1766 969 1830 1023 Et

250 1072 443 1124 fereno
467 1065 936 1129 comandamento,
964 1064 1065 1119 che
1090 1063 1263 1132 questi
1290 1059 1590 1132 supradecti
1622 1059 1827 1115 homini

250 1159 519 1229 deggjanu
549 1171 742 1226 pagare
773 1156 905 1210 libre
932 1140 1091 1210 centu
1120 1154 1188 1208 de
1220 1153 1343 1221 poni
1386 1152 1593 1207 danari.
1648 1152 1710 1205 Et
1760 1150 1836 1205 fe-

250 1265 381 1303 cero
427 1248 876 1302 cotaandatnento
923 1248 1023 1302 elte
1069 1246 1203 1301 infra
1254 1255 1332 1301 tre
1379 1244 1514 1300 mesi
1562 1244 1823 1314 dcggiano

249 1339 435 1395 useire
463 1338 573 1395 iura
605 1338 672 1392 de
701 1346 892 1407 questa
923 1339 1259 1404 possessione
1286 1346 1431 1390 sottu
1463 1350 1594 1405 pena
1636 1335 1690 1389 di
1739 1349 1836 1389 ccc

252 1432 439 1487 fruriui
474 1432 647 1498 d‘uro,
681 1442 733 1485 et
763 1430 826 1483 da
860 1439 1009 1498 parte
1047 1430 1099 1485 di
1141 1443 1347 1486 messer
1392 1429 1444 1482 lo
1485 1428 1657 1498 legato
1695 1435 1839 1481 sottu

260 1538 398 1592 vena
426 1523 493 1577 de
521 1520 889 1585 excutnnnica,
919 1521 1020 1575 che
1045 1520 1182 1576 infra
1215 1532 1294 1575 tre
1323 1521 1455 1574 mesi
1488 1535 1554 1574 ne
1582 1520 1841 1590 deggianu

238 1613 468 1667 tandare
495 1627 596 1665 con
624 1612 746 1666 tntti
780 1612 816 1666 li
844 1627 940 1666 sua
971 1612 1092 1667 beni
1112 1652 1127 1677 ,
1154 1621 1216 1667 et
1246 1614 1334 1682 piu
1365 1627 1469 1666 non
1497 1612 1547 1666 vi
1577 1611 1839 1681 deggiauu

254 1713 500 1768 entrare,
531 1703 682 1756 salvo
708 1702 772 1755 ad
802 1702 1073 1756 voluntate
1100 1702 1228 1757 detili
1256 1702 1381 1756 dicti
1414 1702 1556 1756 abati
1588 1702 1639 1757 di
1668 1702 1844 1756 Monte

267 1794 472 1861 Cristo,
502 1809 623 1850 cum
655 1809 758 1863 qna
800 1803 883 1848 est
922 1797 969 1847 la
1012 1795 1151 1849 dicta
1195 1795 1380 1849 abadia
1426 1795 1478 1850 di
1508 1794 1742 1851 Vcnacu.
1778 1795 1844 1851 Et

264 1886 455 1940 diseno
488 1887 586 1941 cite
615 1886 788 1957 questi
823 1886 985 1940 nobili
1017 1888 1217 1956 signari
1248 1889 1316 1943 de
1345 1888 1494 1945 Corsi
1526 1898 1582 1945 et
1608 1904 1703 1945 sue
1750 1889 1849 1946 he-

268 1977 384 2031 redi
416 1976 679 2047 deggianu
703 1992 886 2033 essere
912 1976 993 2033 sui
1020 1978 1275 2034 difensuri
1294 2019 1308 2047 ,
1337 1980 1439 2036 cbe
1465 1994 1600 2036 sonu
1627 1980 1848 2051 padruni

263 2068 415 2123 delia
446 2070 601 2124 decta
633 2069 811 2124 badia.

333 2164 534 2217 Actum
566 2178 595 2216 a
631 2162 867 2233 Fogata,
907 2163 995 2219 ubi
1032 2164 1230 2220 dicitur
1271 2166 1561 2233 Mar-corio,
1607 2178 1853 2235 presente

264 2267 358 2306 me
388 2254 620 2308 notario.
649 2255 839 2309 TeStes
859 2255 1117 2325 Giorgius
1142 2257 1211 2311 de
1238 2256 1439 2329 Campo
1466 2259 1643 2326 Merli,
1680 2261 1855 2316 Vival-

274 2345 403 2398 uiuo
431 2344 499 2398 de
531 2341 715 2410 Corsi,
746 2346 1097 2401 Albertinellu
1127 2347 1193 2402 de
1216 2347 1366 2403 Corsi
1391 2391 1405 2416 ,
1436 2349 1634 2407 Ficune
1662 2353 1727 2407 de
1755 2354 1855 2408 Bu-

268 2436 354 2499 si,
394 2435 666 2491 Ursaciolu
693 2437 763 2491 de
794 2437 944 2492 Petra
975 2438 1157 2507 juxta,
1190 2448 1244 2493 et
1272 2440 1391 2494 altri
1426 2441 1513 2510 piu
1547 2442 1712 2498 assai.

346 2525 412 2579 Et
457 2541 557 2595 ego
602 2527 852 2583 Nicolaus
896 2530 1166 2597 quondam
1214 2533 1404 2587 Arrico
1448 2533 1688 2588 notarius
1719 2536 1856 2588 sacri

268 2616 486 2685 imperii
521 2618 659 2672 hanc
688 2621 931 2675 chartam
978 2630 1194 2692 rogatus
1239 2622 1343 2689 l'ui,
1384 2630 1447 2680 et.
1490 2623 1721 2694 scripsi,
1768 2624 1857 2680 fir-

266 2708 456 2773 suavi,
491 2718 542 2762 et
570 2708 715 2764 dedi.

348 2797 417 2852 Et
466 2814 569 2868 ego
622 2800 931 2858 Leonardus
984 2803 1252 2871 quondam
1302 2805 1570 2862 Laurentii
1625 2808 1861 2862 notarius

248 2889 491 2944 Domini
522 2891 719 2961 legati,
750 2894 889 2949 sacri
922 2895 1129 2963 imperii
1175 2896 1246 2950 ibi
1278 2896 1384 2964 fui,
1422 2908 1476 2953 et
1518 2896 1662 2965 vidi,
1697 2907 1752 2953 et
1790 2900 1863 2957 si-

244 2998 441 3053 gnum
472 2997 650 3038 meum
682 2996 1003 3041 consuetum
1035 2987 1280 3057 apposui.

1030 3098 1123 3154 XI.

279 3210 600 3267 Pertualdus
638 3214 765 3269 civis
813 3214 1059 3270 Lucensis
1102 3217 1263 3271 tndem
1304 3220 1470 3273 sancti
1516 3218 1785 3273 Michaelis
1816 3228 1863 3275 et

356 3285 725 3360 monasterium
749 3290 1015 3360 constituit
1042 3303 1104 3360 ac
1126 3290 1265 3360 dolat
1284 3331 1298 3355 ,
1327 3292 1625 3360 prwscripta
1651 3291 1863 3345 eleemo-

346 3370 481 3423 syua
511 3356 568 3408 in
597 3372 846 3427 pauperes
874 3358 893 3425 (
919 3374 1055 3411 antro
1092 3358 1188 3413 Hi
1220 3360 1259 3427 ).

361 3446 416 3498 in
465 3448 683 3502 nomine
734 3446 946 3502 Domini
998 3449 1093 3504 Dei
1143 3450 1309 3506 nusui
1351 3450 1477 3506 Jesu
1508 3450 1727 3507 Christi.
1760 3452 1865 3508 Re-

275 3546 485 3604 gnante
516 3536 712 3592 domno
742 3547 925 3594 nostro
957 3539 1248 3609 Lintprand
1281 3543 1394 3598 viro
1422 3544 1869 3600 excellentissimo

279 3643 446 3696 rege,
477 3642 617 3683 anno
648 3630 939 3687 filicissimo
969 3633 1117 3703 regni
1138 3634 1261 3703 ejus
1292 3650 1432 3690 nono
1463 3652 1557 3706 per
1585 3638 1871 3694 indictione

287 3731 480 3787 quarta
510 3721 757 3779 feliciter.
785 3726 1037 3780 Omnium
1064 3728 1421 3785 Ecclesiarum
1448 3732 1694 3787 conditur
1715 3732 1870 3787 Chri-

290 3821 436 3881 stus,
467 3823 572 3867 etc.
625 3813 779 3869 Undo
825 3827 923 3887 ego
968 3818 1255 3876 Pertualdo
1302 3822 1649 3878 considerans
1696 3824 1870 3895 adque

292 3912 627 3970 pertractans
652 3905 889 3963 animum
919 3925 1093 3964 meum
1114 3950 1129 3975 ,
1160 3911 1285 3966 dum
1312 3927 1594 3982 erumpere
1620 3930 1724 3969 non
1755 3932 1870 3971 mea

283 3998 629 4063 necessitate,
648 4001 741 4053 sed
765 3999 1310 4070 Det'compulsatione
1333 4016 1609 4062 correctus
1637 4007 1726 4062 ubi
1755 4007 1870 4062 lon-

278 4090 486 4158 ginquu
517 4092 647 4144 urbe
675 4092 886 4146 viduam
908 4135 924 4161 ,
959 4097 1213 4165 pupillum
1243 4108 1294 4153 et
1321 4099 1566 4153 orlanum
1594 4111 1870 4171 protegere

294 4198 390 4248 pro
421 4183 515 4238 illo
542 4183 873 4239 desiderium
907 4188 1260 4256 complectar,
1303 4191 1575 4246 liminibus
1604 4191 1743 4246 beati
1776 4194 1872 4247 Pe-

291 4272 360 4325 tri
408 4274 777 4339 apostolorum
831 4277 1085 4344 principis
1131 4278 1377 4335 Romane
1424 4282 1572 4336 urbis
1621 4283 1870 4339 devotum

285 4363 440 4431 juxta
490 4365 740 4431 placitum
794 4367 902 4421 Deo
947 4367 1013 4421 ad
1066 4372 1277 4438 pmpria
1326 4383 1629 4442 retncatus,
1663 4390 1872 4446 queque

291 4454 421 4509 illuc
468 4453 575 4517 Deo
623 4456 852 4513 devotus
897 4472 1049 4527 sum,
1099 4461 1214 4530 ipso
1256 4462 1568 4531 juvantem,
1604 4476 1660 4519 ut
1706 4468 1953 4539 virtusp

286 4545 639 4614 permiserit,
674 4563 828 4616 Opem
866 4550 1067 4616 perlici.
1107 4551 1312 4607 Idcirco
1332 4568 1442 4622 ego
1488 4556 1764 4622 pertnaldo
1795 4556 1877 4608 of-

295 4640 411 4692 fero
442 4640 583 4705 Deo,
619 4647 672 4693 et
704 4639 796 4695 tibi
829 4642 1056 4696 ecclesie
1086 4642 1227 4697 beati
1258 4643 1563 4711 archangeli
1595 4644 1838 4700 Micltaeli
1859 4686 1874 4711 ,

286 4744 436 4799 quen
478 4746 507 4785 a
540 4730 900 4788 fundamentis
923 4775 937 4798 ,
973 4735 1217 4801 fabricis,
1253 4734 1526 4791 vestibulis
1574 4735 1628 4789 in
1671 4736 1876 4792 honore

283 4820 493 4877 Christi
539 4821 753 4877 Domini
796 4827 967 4880 nostri
1020 4826 1274 4881 constitui
1326 4842 1491 4894 prope
1536 4827 1877 4884 domicellula

292 4925 447 4977 mea,
482 4912 572 4967 ubi
603 4917 935 4970 cummanire
974 4916 1180 4983 videor,
1211 4932 1367 4986 quam
1406 4929 1462 4974 et
1502 4919 1568 4973 ad
1610 4919 1726 4988 ejus
1768 4935 1881 4975 mo-

296 5005 628 5066 nasterium,
661 5004 798 5061 idest
826 5020 974 5063 curte
1016 5024 1136 5063 cum
1187 5009 1566 5078 fundamento,
1618 5012 1709 5066 ubi
1763 5012 1880 5082 ipse

294 5095 530 5149 ecclesia
557 5096 641 5150 vel
670 5100 1000 5153 monasterio
1023 5101 1123 5153 sita
1150 5110 1306 5166 sunt,
1339 5117 1434 5170 per
1462 5102 1575 5156 loca
1600 5103 1880 5174 designata

294 5188 425 5243 linis
454 5187 697 5255 Fossato,
724 5202 855 5258 etc.,
889 5202 1029 5247 terra
1051 5202 1373 5262 .pertcnente
1402 5197 1667 5251 modiloco
1694 5213 1880 5264 unum,

294 5278 390 5334 ubi
421 5280 523 5335 sibi
551 5280 718 5337 abbas
755 5282 835 5336 vel
869 5285 1119 5340 monachi
1162 5285 1289 5340 inivi
1329 5286 1676 5342 consistentis
1705 5300 1878 5344 ortum

299 5374 386 5429 vel
416 5375 767 5445 pigmentariu
797 5375 982 5431 havire
1020 5375 1214 5432 debeat
1241 5392 1345 5433 una
1391 5393 1513 5433 cum
1550 5387 1690 5433 terra
1720 5394 1885 5451 prope

298 5466 517 5522 civitate
536 5466 606 5520 ad
627 5464 781 5522 Valle
805 5467 1104 5522 modiorum
1126 5478 1376 5538 quatuor,
1393 5484 1584 5540 campo
1604 5470 1669 5525 ad
1692 5470 1886 5538 Quinto

300 5560 603 5616 modiorum
652 5564 917 5633 quinque,
969 5562 1243 5627 decimas,
1299 5561 1517 5631 vlneas,
1575 5573 1629 5620 et
1679 5564 1883 5631 olivas,

301 5667 571 5721 quemque
606 5652 786 5707 liavire
815 5652 997 5707 videor
1018 5652 1086 5707 ad
1115 5662 1300 5708 sancto
1332 5652 1636 5722 Pancratiu,
1665 5662 1720 5709 et
1746 5654 1889 5711 deci-

296 5758 423 5800 mas
451 5743 518 5799 de
546 5743 732 5803 vineas
760 5752 816 5802 et
838 5744 1032 5815 olivas,
1060 5758 1220 5815 quam
1247 5743 1431 5801 havirc
1459 5744 1645 5803 videor
1672 5746 1737 5804 de
1760 5760 1889 5818 pro-

1924 510 2271 581 similiterqne
2291 510 2529 577 decimas
2551 511 2618 568 de
2640 526 2853 568 omnem
2888 512 3123 568 laborem
3149 526 3326 568 meum
3344 552 3361 578 ,
3386 520 3492 566 tam

1924 601 2106 665 vinum
2125 641 2140 666 ,
2169 616 2329 670 quam
2355 617 2578 672 granum
2610 603 2758 659 dedit
2785 603 2867 659 vel
2895 603 3021 659 mihi
3052 601 3309 659 Dominus
3333 604 3502 659 dede-

1928 695 2030 761 rit,
2071 692 2199 749 inivi
2246 709 2533 764 persovere
2578 694 2805 751 debeam
2851 695 2919 750 ad
2968 695 3087 751 illas
3132 709 3261 751 vero
3309 697 3513 766 vinea”

1919 801 2088 856 quam
2116 784 2430 842 nominatim
2458 786 2705 852 decrevi,
2738 786 3023 856 adimplire
3052 786 3255 843 debeas
3286 788 3351 843 ad
3381 802 3504 856 gre-

1931 881 2013 950 gis
2040 894 2330 950 equorum,
2378 889 2782 947 armentorum,
2809 880 2991 937 ovium
3037 894 3137 936 seu
3186 894 3507 949 porcorum,

1932 972 2110 1039 omnia
2141 970 2227 1040 qui
2260 970 2367 1025 nati
2406 970 2614 1039 fuerent
2653 987 2682 1025 a
2722 970 2985 1027 Kalendas
3025 969 3314 1027 Januarias
3360 971 3510 1027 iudi-

1935 1063 2117 1118 ctiune
2142 1078 2217 1129 tv,
2246 1060 2298 1117 in
2328 1061 2444 1131 ipso
2470 1070 2656 1117 sancto
2682 1061 2801 1117 loco
2829 1061 2967 1117 idem
2995 1061 3232 1119 decimas
3255 1064 3386 1118 dare
3414 1064 3509 1119 de-

1938 1153 2066 1209 beas
2085 1197 2100 1223 ,
2132 1164 2185 1209 et
2217 1162 2358 1209 terra
2388 1153 2453 1207 ad
2487 1153 2651 1209 Arina
2671 1191 2687 1216 ,
2718 1153 2810 1223 qui
2837 1152 2973 1208 mihi
3002 1168 3032 1208 a
3058 1154 3209 1225 regia
3254 1164 3515 1224 potestate

1936 1260 2194 1302 cotteessa
2216 1252 2306 1300 est
2334 1246 2387 1299 in
2418 1244 2715 1315 integrum.
2740 1242 2824 1299 De
2845 1243 2985 1300 casis
3009 1260 3135 1299 vero
3163 1245 3214 1299 in
3245 1247 3431 1314 primis
3462 1247 3517 1304 in

1943 1337 2297 1392 munaciaticu
2323 1337 2458 1392 Casa
2480 1379 2498 1404 ,
2529 1336 2618 1405 qui
2660 1336 2864 1405 regitur
2905 1349 2999 1405 per
3042 1334 3345 1400 Sintarine,
3374 1345 3515 1400 etc.,

1943 1442 2040 1497 pro
2084 1428 2264 1482 anime
2309 1442 2426 1482 mee
2472 1426 2765 1495 remedium
2807 1441 2900 1495 per
2942 1426 3087 1482 dotis
3131 1428 3292 1482 tctulo
3321 1426 3518 1484 ofierre

1930 1520 2091 1583 ‘visus
2118 1534 2266 1585 sunt,
2296 1519 2362 1572 ab
2389 1519 2489 1572 hoe
2515 1518 2600 1572 die
2643 1518 2794 1572 trado
2836 1520 2887 1573 in
2930 1518 3192 1588 integrum
3226 1520 3518 1589 possederi-

1940 1613 2111 1678 dum;
2142 1612 2213 1666 ita
2255 1620 2313 1667 ut
2339 1614 2590 1669 sacerdos
2615 1654 2630 1678 ,
2651 1615 2745 1683 qui
2779 1613 2903 1668 inivi
2933 1616 3218 1670 costitutus
3264 1624 3381 1682 est,
3431 1628 3521 1671 aut

1952 1704 2144 1770 fuerit,
2177 1720 2274 1771 pro
2304 1704 2436 1759 meis
2465 1704 2788 1759 facinoribus
2818 1705 3096 1759 Dominum
3124 1706 3401 1772 deprecari
3428 1708 3523 1765 dev

1950 1798 2101 1864 beat,
2147 1797 2380 1853 cilicium
2424 1797 2817 1867 peragendum,
2867 1797 3119 1863 viduam,
3170 1798 3414 1854 orianutu
3469 1812 3523 1854 et

1955 1904 2243 1959 pauperem
2273 1890 2656 1944 consolandum
2679 1934 2692 1956 ,
2714 1891 2937 1957 eginum
2976 1899 3033 1945 et
3077 1892 3411 1961 peregrinum
3443 1908 3525 1949 re-

1949 1981 2295 2050 cipiendum,
2343 1981 2495 2049 juxta
2549 1982 2642 2037 Dei
2692 1992 3032 2052 preceptum,
3084 1982 3323 2037 omnium
3368 1998 3525 2052 opera

1949 2073 2094 2133 ferre
2126 2089 2228 2129 non
2262 2073 2489 2137 desinat.
2541 2073 2603 2127 Et
2634 2073 2678 2126 si
2707 2072 2827 2144 quis
2857 2073 2924 2127 de
2967 2071 3088 2127 ﬁliis
3118 2074 3253 2128 meis
3309 2074 3363 2129 in
3411 2074 3529 2143 ipso

1952 2177 2136 2222 sancto
2168 2166 2287 2221 loco
2317 2166 2430 2221 Deo
2456 2168 2659 2222 servire
2690 2166 2931 2221 volneret
2972 2166 3285 2233 regulariter
3325 2181 3487 2236 agere
3512 2206 3529 2232 ,

1959 2256 2104 2311 nulla
2131 2257 2181 2311 ei
2211 2257 2281 2311 sit
2311 2256 2663 2310 contradictio
2683 2296 2701 2322 ,
2728 2255 2853 2325 quid
2881 2255 2926 2310 si
2953 2255 3171 2311 minime
3194 2271 3261 2311 ex
3291 2256 3530 2325 legitimo

1958 2348 2122 2418 prolis
2154 2361 2301 2403 meas
2330 2347 2460 2402 inivi
2491 2348 2733 2402 volneret
2764 2347 2875 2401 Deo
2903 2348 3136 2414 servire,
3166 2355 3219 2402 et
3247 2346 3411 2402 abbas
3440 2349 3530 2417 qui

1959 2440 2083 2494 inivi
2137 2439 2416 2494 eustitutns
2472 2439 2679 2501 ftteret,
2732 2438 2800 2492 de
2854 2437 2953 2491 hac
3003 2437 3123 2492 luce
3175 2438 3535 2507 migraveret,

1959 2546 2121 2599 quem
2153 2530 2328 2600 ipsum
2357 2529 2827 2599 congregationem
2867 2529 2981 2583 sive
3025 2529 3270 2584 abbatem
3303 2537 3358 2583 et
3387 2530 3541 2597 prio-

1964 2637 2077 2676 rem
2110 2622 2312 2689 eligere
2340 2620 2456 2689 ipse
2488 2619 2539 2673 in
2572 2620 2711 2684 loco,
2742 2627 2798 2672 et
2828 2619 2960 2672 nihil
2991 2617 3120 2673 inivi
3152 2618 3288 2673 meis
3325 2618 3540 2673 heredi-

1936 2714 2063 2768 .hus
2096 2719 2411 2779 potestatem
2440 2710 2644 2765 habeas
2674 2710 3007 2763 invasiunem
3052 2708 3321 2774 faciendi,
3369 2723 3543 2778 neque

1960 2801 2156 2857 exinde
2201 2799 2397 2869 aliquid
2449 2799 2831 2868 subtrageudi,
2882 2799 2985 2852 nisi
3035 2798 3139 2852 sia
3171 2797 3411 2864 qualibet.
3449 2797 3543 2851 ho-

1964 2894 2108 2949 mine
2156 2891 2277 2962 ipsa
2329 2890 2553 2945 ecclesia
2602 2891 2691 2944 vel
2744 2888 3072 2944 monasterio
3116 2899 3297 2943 contra
3337 2887 3542 2958 justitia

1967 2984 2203 3053 pulsatus
2234 2983 2404 3038 fueret
2433 2996 2463 3036 a
2489 2996 2646 3039 meus
2677 2982 2922 3051 proprius
2946 2980 3165 3036 heredis
3209 2980 3403 3035 habeas
3444 2980 3543 3034 de-

1971 3073 2265 3130 fensionem
2290 3114 2306 3139 ,
2339 3088 2461 3128 nam
2494 3088 2603 3128 non
2632 3082 2914 3127 menuctus
2953 3082 3140 3127 contra
3182 3086 3341 3137 quam
3381 3069 3546 3125 dotali

1974 3178 2067 3219 seu
2100 3164 2393 3220 munusculi
2423 3164 2531 3219 mei
2577 3164 2821 3235 paginam
2862 3175 3279 3232 numquamme
3320 3159 3546 3216 heredes

1969 3273 2121 3315 meus
2171 3260 2427 3314 adversus
2473 3259 2646 3327 ipsum
2702 3268 2945 3313 sanctum
3005 3259 3203 3312 virtute
3256 3254 3567 3324 aliquando.

1973 3353 2289 3422 spondimus
2334 3360 2478 3407 esset
2522 3361 2819 3416 venturus,
2868 3350 2961 3404 sed
2989 3350 3167 3404 omnia
3209 3348 3347 3403 sicut
3387 3360 3546 3417 supra

1972 3442 2167 3513 legitur
2218 3428 2598 3498 inviolabiliter
2650 3455 2994 3498 conservare.
3048 3442 3220 3508 Quam
3273 3438 3435 3495 dotali
3494 3450 3551 3494 et

1973 3535 2272 3589 munusculi
2304 3537 2405 3589 mei
2434 3535 2638 3589 cartnla
2665 3574 2677 3587 .
2707 3572 2720 3587 .
2751 3571 2764 3586 .
2795 3574 2809 3588 .
2833 3570 2850 3588 .
2878 3573 2894 3589 .
2916 3542 3039 3587 etro
3066 3533 3250 3601 nepoti
3296 3548 3418 3586 meo
3461 3531 3546 3586 di-

1972 3635 2151 3682 ctante
2180 3627 2424 3694 geniture
2452 3640 2550 3681 suo
2579 3625 2793 3680 Petroni
2823 3624 3060 3679 set-ivero
3089 3622 3419 3678 commonui.

2041 3716 2232 3771 Aetum
2267 3716 2426 3771 Luca.

2044 3808 2265 3879 Signum
2332 3824 2518 3864 manus
2583 3809 2920 3864 Pertualdutn
2985 3808 3157 3863 auturi
3208 3817 3272 3862 et
3326 3820 3556 3862 conser-

1975 3905 2162 3957 valuri.

2046 3993 2265 4063 Signum
2296 4006 2485 4047 manus
2516 3993 2741 4061 Ftiipert
2772 3995 2878 4046 ﬁlio
2908 3993 3022 4064 ejus
3052 3994 3473 4050 consentientis.

2046 4085 2265 4155 Signum
2301 4101 2490 4140 manus
2522 4086 2858 4141 Ansualdum
2894 4091 3067 4141 testis.

2047 4177 2267 4247 Signum
2299 4192 2484 4234 manus
2515 4177 2770 4249 Radipert
2801 4168 2866 4234 ν’.
2898 4179 2959 4233 D.
2993 4180 3164 4234 testis.

2051 4270 2163 4338 Ego
2220 4269 2629 4339 Racltiprandus
2684 4271 2914 4326 clericus
2982 4270 3256 4338 exemplar
3326 4267 3554 4324 fideliter

1977 4360 2295 4428 exemplari.

2052 4450 2165 4518 Ego
2199 4449 2480 4505 Ermimari
2510 4450 2736 4506 clericus
2775 4452 2914 4505 hunc
2954 4451 3225 4506 excrnular
3265 4452 3335 4507 de
3374 4468 3559 4515 exem-

1982 4539 2112 4607 plari
2138 4538 2376 4594 ﬁdeliter
2404 4542 2729 4607 exemplavi.

2720 4652 2832 4709 XII.

1976 4745 2248 4801 Fundatio
2275 4751 2564 4805 monasterii
2596 4749 3056 4803 sanctimonialium
3082 4758 3272 4805 sancite
3295 4749 3479 4805 Maria:
3508 4754 3560 4805 in

2058 4820 2255 4872 civitate
2275 4818 2511 4883 Lucensi,
2533 4836 2685 4890 quam
2704 4819 2867 4874 Ursus
2880 4821 3098 4875 clericus
3120 4822 3261 4890 facit,
3290 4823 3561 4878 constituta

2054 4892 2122 4949 ibi
2154 4890 2412 4944 abbatissa
2443 4890 2576 4945 Ursa
2604 4891 2715 4959 filia
2739 4907 2831 4945 sua
2863 4893 3022 4964 (anno
3047 4891 3200 4962 722).

2054 5014 2109 5069 In
2140 5014 2354 5069 nomine
2398 5012 2603 5066 Domini
2633 5009 2802 5066 nostri
2830 5008 2959 5066 Jcsu
2988 5009 3212 5066 Christi.
3290 5010 3564 5078 Itegnaute

1981 5106 2180 5160 domno
2228 5114 2413 5158 nostro
2442 5101 2732 5171 Liutprand
2762 5101 2877 5156 viro
2927 5099 3382 5156 excellentissimo
3412 5113 3559 5168 rege,

1983 5213 2123 5252 anno
2148 5195 2433 5251 filicissimi
2481 5196 2628 5264 regni
2655 5194 2770 5265 ejus
2817 5194 2868 5248 in
2919 5195 3008 5249 Dei
3041 5206 3233 5247 nomen
3283 5190 3564 5246 undecimo

1984 5305 2081 5359 per
2110 5288 2397 5343 indictione
2425 5286 2659 5355 quincta.
2708 5284 2843 5340 Dum
2872 5284 3132 5355 presentis
3156 5284 3260 5338 vite
3287 5292 3342 5339 et
3372 5283 3565 5338 transi-

1987 5390 2073 5435 tus
2103 5377 2256 5432 istins
2283 5376 2558 5446 temporis,
2608 5384 2714 5431 etc.
2775 5374 2910 5429 llinc
2938 5376 3118 5442 itaque
3143 5387 3243 5443 ego
3294 5373 3464 5429 Ursus
3493 5386 3563 5427 ex

1988 5484 2098 5530 tota
2130 5480 2310 5528 mente
2340 5469 2639 5526 devotionis
2668 5476 3016 5539 pertractans,
3047 5480 3150 5538 que
3175 5474 3565 5537 prememurata

1986 5576 2131 5627 sunt.
2163 5581 2257 5636 pro
2284 5565 2581 5621 mercedem
2604 5571 2659 5616 et
2688 5559 2981 5617 remedium
3008 5560 3183 5615 anime
3209 5573 3327 5614 mee
3348 5568 3400 5612 et
3420 5572 3567 5612 cum-

1991 5659 2327 5729 parationem
2355 5658 2464 5714 vite
2489 5665 2696 5721 eterne,
2730 5651 2972 5707 edificavi
3003 5651 3231 5707 ecclesia
3276 5650 3490 5719 proprio
3514 5651 3568 5705 in

1992 5750 2264 5810 territorio
2282 5764 2408 5809 meo
2432 5748 2486 5806 in
2512 5748 2717 5806 honore
2742 5752 2937 5802 sancte
2956 5742 3051 5801 Dei
3074 5742 3350 5815 genitricis
3378 5741 3563 5806 uarie,
