4026 6352
502 341 635 396 I367

1676 328 2288 388 LANCOBARDORUM
2334 330 2571 389 llEGUM

3644 323 3780 380 1568

497 460 548 511 in
589 470 689 527 qua
736 453 867 510 Ursa
900 449 1004 505 filia
1035 462 1147 503 mea
1174 446 1438 503 abbatissa
1480 458 1600 499 esse
1631 445 1926 512 constituo,
1982 460 2082 498 una
2117 449 2158 505 Α
2192 447 2455 502 tltematus
2484 446 2773 517 subjaccat.
2823 445 2991 513 Quam
3020 458 3150 499 vero
3176 441 3431 498 cartnlam
3463 441 3782 498 decretionis

493 565 613 603 cum
644 559 893 617 germana
945 557 1037 597 sua
1093 538 1329 594 Austnda
1365 578 1377 591 .
1416 577 1427 591 .
1465 576 1478 590 .
1511 573 1526 591 .
1567 575 1579 588 .
1615 572 1631 591 .
1661 574 1676 590 .
1708 536 1955 604 religiosa
1988 535 2088 592 hac

495 639 788 693 monastica
816 635 978 687 vitam
1018 637 1232 701 gerent,
1266 628 1317 681 in
1349 642 1448 697 qua
1477 626 1702 680 ecclesia
1739 628 1857 680 inea
1887 641 1984 696 pro
2012 627 2092 681 fa-

496 735 677 787 cinora
701 728 860 783 hodie
908 727 958 779 in
1005 724 1272 794 prescntia
1322 720 1513 773 civium
1558 718 1648 783 do,
1695 718 1858 781 dono,
1910 718 2087 783 trado,

497 822 799 888 donataque
830 830 950 871 esse
979 814 1123 867 volo.
1184 811 1236 864 In
1271 809 1453 879 primis
1500 807 1719 861 fundum
1764 823 1965 877 meum,
2000 806 2089 863 ubi

500 912 753 981 praedicta
778 906 1003 963 ecclesia
1025 902 1241 958 fundata
1266 910 1364 966 est,
1394 915 1511 954 cum
1535 908 1687 953 curte
1709 907 1762 953 et
1784 909 1945 968 puteo
1966 902 2087 966 Suo,

498 1014 638 1066 orto,
671 1003 836 1067 aditu,
882 1010 1125 1062 accessu,
1157 1003 1210 1050 et
1236 1033 1251 1047 .
1282 1032 1295 1046 .
1321 1030 1337 1049 .
1374 1034 1387 1047 .
1416 1029 1432 1046 .
1473 1007 1607 1047 suo:
1658 992 1759 1045 hoc
1816 1002 1899 1046 est
1948 1000 2089 1046 terra

497 1094 680 1149 modio
707 1092 891 1151 simis;
925 1101 1115 1155 campo
1148 1087 1197 1140 in
1232 1082 1533 1146 Fttssinulo,
1563 1083 1648 1152 qui
1681 1082 1835 1137 nobis
1863 1084 1915 1135 in
1944 1096 2092 1151 cam:

498 1186 589 1239 bio
636 1183 876 1246 advenit,
928 1178 1214 1233 medietate
1273 1177 1341 1230 de
1368 1175 1570 1239 vachis,
1621 1183 1676 1228 et
1705 1174 1995 1228 medietate
2022 1175 2089 1227 de

497 1276 687 1328 avibus
712 1274 765 1325 in
797 1271 1022 1338 integra.
1083 1268 1147 1321 Et
1176 1282 1296 1321 casa
1332 1266 1542 1318 Rnscnli
1574 1263 1625 1317 in
1656 1278 1828 1317 massa
1862 1263 2085 1331 Fagaui,

498 1365 588 1434 qni
619 1364 748 1417 mihi
780 1360 998 1415 advenit
1021 1373 1084 1412 ex
1117 1358 1257 1410 dono
1287 1355 1466 1409 domui
1497 1355 1710 1424 Aripert
1739 1368 1888 1423 rege.
1948 1353 2086 1405 Can-

498 1454 623 1508 dido
646 1452 892 1506 vaccario
922 1464 1040 1504 cum
1069 1458 1311 1502 armento
1342 1460 1440 1501 suo
1481 1484 1495 1500 .
1527 1483 1542 1500 .
1572 1483 1588 1500 .
1622 1486 1637 1501 .
1665 1484 1679 1497 .
1724 1452 1961 1497 mercato
1991 1456 2090 1495 suo

499 1548 552 1600 in
587 1545 707 1599 loco
740 1543 969 1597 Tuniolo
1003 1559 1015 1593 :
1062 1538 1185 1595 Sala
1218 1540 1270 1593 in
1302 1540 1418 1592 loco
1451 1538 1778 1593 Ferroniano
1806 1551 1928 1590 cum
1955 1536 2090 1590 duas

501 1650 656 1692 casas
686 1633 1009 1697 tributarias,
1045 1647 1146 1686 una
1176 1631 1263 1700 qui
1293 1629 1492 1699 regitur
1522 1644 1616 1698 per
1636 1629 1891 1693 Candido,
1921 1628 2089 1681 altera

501 1744 594 1796 per
639 1728 931 1794 Majorano,
988 1738 1109 1777 cum
1140 1721 1335 1775 familia
1361 1735 1568 1786 eorum,
1624 1721 1807 1785 vinea,
1859 1723 2080 1785 oliveto,

2196 551 2311 591 mee
2338 576 2351 589 .
2380 577 2396 591 .
2425 577 2437 589 .
2471 576 2485 591 .
2526 534 2848 589 .vcnerahili
2884 533 3180 601 presbitero
3211 531 3553 586 scribendum
3576 533 3780 603 rogavi,

2190 634 2247 680 et
2273 626 2456 682 subter
2481 643 2577 697 pro
2602 626 3062 682 confirmationem
3093 624 3325 693 propriis
3353 624 3604 678 manibus
3654 626 3785 677 meis

2191 718 2404 786 signum
2464 727 2647 771 sancte
2692 717 2864 771 crucis
2912 716 3037 779 feci,
3088 715 3420 783 testibusque
3468 712 3640 768 obtuli
3672 729 3785 767 eam

2193 807 2554 861 roborandam
2594 806 2697 861 sub
2724 805 3069 876 stipulatione
3097 814 3152 859 et
3176 805 3492 874 sponsione,
3533 803 3678 873 quod
3711 803 3788 857 in-

2192 900 2533 968 terpositum.

2268 995 2455 1046 Actum
2489 990 2662 1046 Luca:
2692 991 2836 1049 diem
2866 999 2921 1047 et
2945 1005 3169 1062 regnum
3199 999 3253 1046 et
3280 989 3575 1045 indictione
3602 1002 3789 1058 supra-

2194 1086 2388 1151 scripta
2422 1085 2665 1142 feliciter.

2272 1177 2490 1244 Signum
2525 1190 2714 1230 manus
2743 1174 2946 1231 Ursunl
3005 1172 3176 1229 autori
3220 1181 3272 1227 et
3302 1170 3568 1236 donatori,
3618 1185 3716 1226 seu
3739 1180 3790 1227 et

2192 1265 2583 1333 Conservatori,
2617 1267 2704 1336 qui
2740 1266 2872 1319 hanc
2900 1265 3158 1319 cartulam
3192 1262 3305 1317 fieri
3337 1264 3563 1333 rogavit.

2266 1358 2376 1428 Ego
2409 1362 2433 1391 ⁸
2478 1359 2889 1428 Talesperianus
2930 1358 3158 1413 eximius
3205 1356 3493 1427 episcopos
3540 1357 3635 1412 uie
3674 1372 3790 1414 car-

2196 1456 2304 1511 tule
2331 1452 2636 1508 donationis
2663 1462 2877 1522 rogatos
2908 1451 2971 1506 ad
3001 1451 3112 1505 lilio
3138 1465 3257 1505 meo
3282 1449 3485 1506 Ursone
3507 1448 3630 1505 testi
3662 1448 3787 1506 sob-

2194 1560 2509 1671 sc'i'tgiiuald
2535 1613 2781 1685 indignus
2800 1612 3075 1683 presbyter
3094 1621 3307 1683 rogatus
3328 1611 3393 1667 ad
3414 1610 3614 1668 Orsum
3637 1610 3789 1665 testis

2192 1708 2505 1776 subseripsi.

499 1820 632 1873 silva
662 1816 950 1887 peculiare,
976 1824 1132 1883 prato
1181 1813 1232 1868 in
1278 1815 1394 1883 ipso
1445 1813 1561 1867 loco
1588 1826 1749 1880 supra
1770 1821 2085 1867 memorato,
2123 1796 2169 1856 Β
2271 1800 2675 1871 Rachiprandus
2706 1800 2968 1870 presbiter
3014 1798 3185 1863 ipsum
3246 1798 3571 1853 autenticom
3603 1797 3713 1852 vidi
3737 1805 3789 1852 et

503 1910 571 1962 Et
625 1922 748 1962 casa
797 1905 994 1961 Aroald
1029 1942 1043 1957 .
1080 1940 1096 1958 .
1127 1943 1141 1957 .
1176 1942 1190 1957 .
1225 1941 1238 1955 .
1270 1940 1284 1955 .
1318 1917 1469 1957 casas
1522 1902 1654 1955 duas
1710 1904 1759 1954 in
1792 1901 1991 1956 Novale
2026 1904 2092 1958 de

504 1998 874 2067 morgincaput
900 1995 1106 2048 mulieri
1144 2007 1291 2047 meo:
1326 2008 1449 2055 una,
1502 1991 1592 2059 qui
1624 1992 1824 2060 regitur
1853 2006 1948 2060 per
1975 1991 2093 2045 Fri-

501 2089 698 2151 dichis,
724 2096 775 2141 et
799 2086 899 2140 alia
930 2101 1021 2153 per
1042 2084 1293 2148 Corbulo,
1350 2082 1614 2147 Godoara,
1648 2082 1837 2136 ancilla
1867 2120 1883 2137 .
1912 2123 1923 2135 .
1950 2121 1967 2136 .
1990 2121 2005 2137 .
2032 2121 2046 2137 .
2075 2123 2089 2136 .

499 2179 679 2247 gnnda
708 2191 801 2244 pro
822 2175 1005 2238 livera,
1036 2172 1366 2243 Wilpergnla
1399 2186 1494 2239 pro
1514 2172 1701 2236 livera,
1726 2170 1963 2226 Candida
1997 2186 2094 2240 pro

504 2268 721 2331 ancilla,
744 2266 986 2321 Tinctula
1018 2282 1112 2333 pro
1134 2264 1345 2319 ancilla.
1398 2264 1466 2319 Ut
1490 2263 1589 2318 hec
1616 2265 1792 2316 omnia
1811 2262 1920 2332 jam
1951 2264 2092 2317 dicta

506 2360 599 2414 Dei
630 2357 858 2413 ecclesia
906 2358 1027 2424 jure
1059 2355 1349 2421 possideat,
1400 2366 1454 2409 et
1508 2353 1651 2422 quod
1680 2353 1854 2408 adhuc
1896 2354 2093 2409 ibidem

503 2450 726 2518 largitus
754 2448 927 2513 fuero,
956 2447 1168 2500 ﬁrmum
1192 2456 1521 2515 permaneat,
1554 2454 1607 2499 ct
1627 2444 1941 2499 Christianis
1966 2455 2097 2501 tem-

509 2541 727 2609 poribus
756 2547 1064 2593 sanctarum
1092 2537 1403 2591 ancillarum
1436 2539 1763 2593 monasterio
1788 2554 2097 2608 nuncupen-

508 2642 612 2683 tur.
661 2630 728 2684 Et
750 2639 869 2699 post
889 2630 1112 2683 decessu
1138 2626 1270 2683 Urse
1295 2628 1399 2682 lilie
1427 2643 1564 2693 mee,
1594 2629 1828 2682 Austuda
1843 2645 2094 2697 germana

507 2722 646 2791 ejus,
676 2720 983 2775 monasterii
1014 2734 1141 2773 cura
1174 2719 1287 2787 ipsa
1318 2720 1592 2786 suscipiat.
1654 2719 1717 2772 Et
1747 2730 1866 2789 post
1908 2721 2095 2774 amba-

510 2831 629 2868 rum
658 2807 936 2869 decessum
969 2826 1107 2876 eam,
1131 2827 1234 2882 que
1271 2811 1371 2867 sibi
1403 2813 1744 2881 congregatio
1775 2814 1974 2882 eligere
2003 2827 2096 2868 vo-

514 2905 692 2970 luerit,
732 2903 842 2972 ipsa
874 2902 927 2957 in
958 2903 1225 2959 abbatissa
1264 2902 1397 2957 ordo
1446 2904 1719 2958 succedat.
1781 2904 1845 2957 Et
1877 2919 1974 2972 ego
2002 2904 2095 2973 qui

511 3011 669 3065 supra
710 2994 878 3050 Ursus
916 2995 1144 3049 clericus
1192 2994 1260 3048 ab
1289 3034 1303 3048 .
1338 3032 1354 3049 .
1391 3034 1403 3048 .
1442 3034 1455 3049 .
1489 3034 1503 3049 .
1539 3035 1554 3049 .
1582 2994 1733 3066 juxta
1785 2996 1879 3050 Dei
1913 2998 2097 3051 volun-

513 3096 623 3141 tate
670 3088 721 3140 in
753 3101 869 3140 mea
921 3086 1041 3141 volo
1070 3100 1191 3141 esse
1248 3095 1508 3154 potestate
1554 3087 1913 3157 gubernandi;
1974 3103 2093 3143 nam

516 3179 655 3233 filius
693 3194 864 3244 meus,
898 3179 980 3232 vel
1021 3178 1232 3233 heredis
1260 3193 1410 3231 meus
1441 3178 1637 3232 nullam
1670 3179 1863 3234 ibidem
1898 3179 2091 3234 trahere
2122 3147 2167 3208 Ο

515 3281 633 3341 part
667 3311 682 3325 .
716 3311 731 3327 .
762 3310 777 3325 .
811 3310 826 3325 .
861 3311 875 3326 .
906 3312 918 3323 .
953 3272 1281 3336 dominandi,
1342 3272 1440 3326 nisi
1471 3287 1625 3326 orare
1653 3281 1707 3327 et
1760 3272 2095 3327 benefacere.

516 3363 629 3419 Nee
656 3364 830 3418 nullus
861 3364 1110 3417 sacerdos
1138 3362 1335 3418 ibidem
1368 3362 1608 3416 habitare
1648 3373 1938 3433 presumat,
1996 3364 2096 3419 nisi

511 3468 669 3523 quem
697 3454 842 3523 ipSas
866 3453 1083 3508 ancillas
1116 3454 1210 3507 Dei
1240 3454 1465 3508 invitare
1499 3454 1781 3518 voluerint,
1816 3456 2097 3509 missarqu

519 3544 838 3614 sollempnia
891 3545 1236 3600 celebrando.
1295 3545 1349 3600 Si
1378 3546 1496 3614 quis
1525 3552 1712 3599 contra
1745 3547 1881 3601 hanc
1910 3547 2099 3603 decre-

520 3648 631 3690 tum
679 3650 856 3691 incum
912 3637 991 3691 ire
1036 3638 1354 3707 quandoque
1392 3639 1793 3706 prosumpserit,
1841 3640 2099 3708 judicium

516 3731 758 3784 incurrat
790 3729 903 3794 Dei,
946 3737 998 3783 et
1027 3729 1094 3783 de
1124 3730 1234 3799 ipsa
1258 3740 1440 3785 sancta
1478 3730 1567 3784 Dei
1597 3730 1729 3784 Geni
1758 3731 1942 3796 ricent,
1974 3747 2103 3785 aua-

597 3855 621 3884 ι
655 3842 789 3897 llnie
849 3843 1050 3896 charlte
1091 3844 1376 3898 subscribit
1422 3842 1831 3909 Talesperianus
1876 3843 2103 3897 eximius

520 3915 824 3981 episc0pns.
861 3914 963 3967 I’ro
982 3915 1198 3968 eximius
1217 3914 1489 3983 legendum
1519 3913 1827 3980 suspicabar
1855 3918 2102 3984 exiguus:

528 3985 766 4053 episcopi
797 3998 945 4053 certe
972 3995 1131 4053 atque
1171 3986 1388 4038 abbatcs
1432 3985 1725 4053 schissitre
1770 3988 2105 4053 reperiuntur

526 4052 738 4108 humilis
770 4064 821 4106 et
843 4052 1014 4121 exigui
1047 4052 1453 4122 appellationem
1482 4052 1591 4106 suis
1616 4052 1916 4108 unntinibus
1945 4070 2103 4121 appo-

522 4123 715 4175 suisse.
771 4124 944 4189 Quare
975 4126 1345 4191 subscripserit
1390 4122 1793 4192 'l‘alesperianus
1840 4126 1888 4177 id
1930 4140 2102 4179 causa:

529 4193 627 4245 l'uit
680 4197 819 4261 quod
868 4196 984 4246 sine
1031 4194 1265 4261 episCopi
1315 4210 1576 4249 coiisensu
1608 4195 1747 4246 nulla
1780 4200 2101 4247 monasteria

526 4264 809 4318 instituere
837 4264 903 4317 de
933 4279 1069 4317 novo
1094 4266 1307 4319 licebat.
1367 4264 1496 4317 Nam
1523 4276 1575 4318 et
1604 4265 1665 4317 iis
1693 4264 1820 4332 ipsis
1854 4266 2103 4332 tempori-

532 4335 631 4387 hus
659 4350 751 4387 sua
774 4334 1035 4402 episcopis
1060 4334 1177 4404 jura
1209 4336 1257 4388 in
1290 4336 1542 4397 virorum,
1569 4336 1660 4386 sed
1696 4336 1959 4402 principue
1988 4352 2103 4387 mu-

528 4403 713 4457 lierum
755 4406 1031 4470 coenobia,
1067 4403 1287 4458 intacta
1336 4406 1635 4469 restabant;
1688 4417 1846 4472 atque
1886 4408 1950 4458 ad
2009 4420 2102 4460 eos

526 4474 856 4542 potissimum
890 4478 1184 4543 pertinebat
1213 4476 1266 4530 in
1308 4474 1790 4529 sanctimonialium
1822 4491 1995 4529 mores
2021 4476 2104 4529 iii-

526 4544 762 4612 quirere,
794 4560 1081 4614 eaiumqne
1111 4546 1351 4613 regimini
1383 4546 1568 4599 sedulo
1596 4560 1807 4611 vacare,
1834 4547 2097 4614 simulque

527 4619 825 4683 regularem
879 4619 1269 4670 observantiam
1321 4618 1371 4669 in
1429 4616 1634 4668 illarum
1686 4616 1963 4670 asceteriis
2012 4629 2103 4671 aut

530 4684 795 4754 vigentem
852 4700 1179 4752 promovere,
1225 4696 1315 4740 aut
1344 4687 1673 4755 deperditam
1706 4694 2008 4741 restaurare
2041 4704 2102 4741 ac

529 4756 830 4809 restituere.
871 4756 1082 4810 MUIM'I‘.

599 4821 626 4859 ιι
659 4825 736 4875 Ad
790 4826 1090 4891 hnjusmodi
1137 4841 1268 4880 vero
1320 4841 1498 4881 sacras
1530 4826 1914 4879 monachorum
1958 4826 2102 4881 aedes

529 4893 809 4962 erigendas
838 4905 995 4963 atque
1031 4896 1187 4949 dotan
1212 4901 1287 4950 ias
1327 4907 1384 4950 ut
1412 4905 1468 4949 ut
1500 4896 1747 4963 proclivis
1785 4911 1849 4949 ex
1877 4911 1938 4950 se
1965 4896 2103 4950 Ioret

530 4978 593 5017 ac
621 4975 812 5031 sponte
840 4980 944 5018 non
980 4980 1098 5018 raro
1127 4966 1401 5020 festinaret
1451 4970 1617 5032 pietas
1661 4967 1931 5018 hominum
1978 4976 2102 5021 tunc

536 5035 701 5088 Deum
757 5037 1146 5101 qua'rentinm,
1228 5047 1459 5091 attamen
1517 5037 1664 5089 nefas
1716 5037 1930 5089 miniute
2000 5040 2103 5091 erit

528 5105 630 5158 sibi
668 5105 1009 5177 persuadere,
1038 5118 1364 5177 opportunas
1406 5118 1564 5177 atque
1614 5110 1943 5173 importunus
1972 5123 2103 5177 hmo-

532 5178 824 5229 nachorttnt
879 5176 1325 5243 sollicitationes,
1397 5175 1580 5243 preces
1633 5187 1790 5245 atque
1837 5175 2097 5240 consilia,

530 5245 794 5299 interdum
839 5247 1225 5311 intert'eSStsse,
1273 5249 1463 5316 quibus
1514 5248 1744 5301 inclinati
1778 5245 2101 5316 “(ICIBSAIIOII

530 5331 626 5368 sua
678 5326 883 5369 tantum
934 5318 1025 5371 sed
1081 5333 1139 5372 se
1189 5313 1567 5383 non-nunquam
1623 5316 1920 5368 offert-bunt
1970 5313 2098 5381 Deo,

535 5401 673 5440 novo
721 5388 1044 5441 monasterio
1090 5398 1401 5441 constructo
1434 5404 1446 5438 :
1481 5387 1595 5439 Non
1626 5395 1777 5439 erant
1818 5401 1851 5438 a
1908 5387 2103 5441 nostris

534 5457 743 5509 diversa
773 5458 984 5513 illorum
1029 5470 1323 5525 temporum
1350 5458 1583 5526 ingenia,
1628 5454 1849 5509 allectus
1876 5465 1929 5509 et
1961 5467 2099 5513 vota.

534 5526 834 5579 I’iissimum
860 5526 1151 5581 institutum
1182 5531 1402 5581 dilatare
1422 5525 1589 5594 supra
1624 5530 1783 5577 multa
1813 5525 1914 5577 alia
1948 5527 2100 5578 holo-

531 5604 714 5648 causta
744 5597 1099 5667 gratissimum
1125 5598 1235 5651 Deo
1280 5599 1579 5667 putabatur,
1630 5610 1800 5659 neque
1828 5596 2101 5649 desidera-

533 5674 728 5718 bantur
749 5667 799 5719 in
835 5666 1120 5736 Evangelio
1145 5666 1325 5735 aperta
1349 5670 1413 5720 ad
1442 5668 1579 5719 hanc
1603 5680 1714 5718 rem
1732 5669 2096 5736 hortamenta:

538 5744 807 5807 etprwter
840 5735 1082 5790 meritum
1119 5739 1187 5805 pii
1218 5741 1418 5807 operis,
1458 5738 1537 5789 vel
1569 5744 1691 5789 tunc
1737 5736 1910 5807 aliqua
1933 5735 2100 5791 latens

542 5805 854 5872 IllIlIIlllt'quC
884 5806 1157 5861 observata
1191 5805 1430 5862 humana:
1469 5807 1646 5877 gloria:
1686 5805 1873 5875 cupido
1905 5809 2095 5874 πυροει-

2196 1896 2319 1965 legi,
2357 1893 2498 1948 unde
2526 1892 2631 1947 hoc
2665 1892 2941 1961 exemplar
2968 1892 3260 1945 relevatum
3285 1898 3385 1948 est.
3415 1891 3467 1944 in
3493 1904 3598 1960 qua
3630 1904 3785 1955 manu

2194 2003 2314 2045 mea
2334 1986 2651 2057 subscripsi,
2679 1997 2785 2041 etc.

2920 2075 3058 2131 XIII.

2200 2190 2529 2259 Auri/tandus
2560 2198 2605 2241 et
2633 2185 2947 2259 Godrfridus
2976 2186 3227 2259 Luc-enses
3258 2186 3388 2239 cives
3416 2184 3789 2259 monasterium

2267 2262 2433 2315 sancti
2486 2258 2627 2313 Petri
2675 2261 2728 2311 in
2780 2256 2892 2310 loco
2960 2257 3275 2312 Costeflioiie
3332 2272 3427 2327 pro
3494 2256 3625 2324 [iliis
3688 2256 3794 2309 suis

2270 2332 2494 2402 fundant
2538 2328 2564 2367 δ
2592 2331 2753 2398 (anno
2782 2327 2933 2398 7‘25).

2270 2442 2326 2496 In
2363 2441 2578 2495 nomine
2605 2440 2814 2495 Domini
2856 2441 2949 2495 Dei
2998 2449 3054 2495 et
3103 2440 3407 2496 Salvatoris
3453 2440 3628 2494 nostri
3662 2439 3793 2496 Iesu

2198 2534 2421 2598 Christi,
2448 2542 2702 2603 regnante
2727 2532 2923 2587 domno
2956 2541 3138 2587 nostro
3180 2532 3474 2600 Liutprand
3516 2534 3640 2585 viro
3693 2548 3793 2587 es-

2200 2626 2583 2681 cellentissimo
2613 2638 2761 2694 rege,
2793 2638 2934 2677 anno
3147 2625 3296 2693 regni
3330 2623 3447 2692 ejus
3478 2623 3794 2688 undecimo,

2202 2734 2296 2787 per
2325 2718 2616 2772 indictione
2648 2723 2819 2784 sexta,
2847 2730 3032 2772 mense
3059 2715 3336 2779 Januario,
3368 2713 3619 2771 feliciter.
3658 2715 3795 2770 Dum

2200 2813 2342 2868 Deus
2387 2813 2728 2879 omnipotens
2964 2809 3149 2863 ditium
3199 2809 3489 2863 inlustrare
3539 2808 3798 2877 dignatus

2198 2915 2305 2969 est,
2352 2904 2601 2972 expansis
2648 2902 2900 2957 manibus
2942 2902 3007 2955 sd
3056 2902 3177 2971 ejus
3204 2901 3381 2954 aulam
3412 2902 3797 2956 concorrentis

2199 2996 2307 3049 divi
2513 2994 2741 3049 mistirio
2770 2993 3110 3056 confortitor,
3144 3000 3201 3045 ut
3241 2991 3306 3045 ad
3340 2992 3484 3047 illam
3516 2991 3800 3049 desidera-

2200 3086 2363 3139 vilem
2394 3084 2552 3139 fontis
2600 3084 2883 3148 satientur,
2923 3084 3063 3138 sicut
3108 3082 3484 3154 Euangelicam
3536 3097 3641 3140 vos
3679 3101 3796 3141 am-

2204 3185 2385 3232 monet
2415 3176 2595 3230 dicens
2622 3192 2635 3227 :
2666 3174 2879 3230 Fratres
2919 3178 3045 3241 mei,
3075 3186 3130 3231 et
3154 3177 3310 3231 amici
3343 3177 3470 3239 mei,
3498 3176 3688 3232 venite
3726 3178 3792 3233 ad

2202 3285 2427 3339 regnum
2458 3269 2630 3323 Patris
2872 3268 3162 3338 possedite,
3221 3269 3361 3338 quod
3415 3279 3667 3338 paratum
3714 3280 3795 3325 est

2203 3363 2375 3428 vovis,
2407 3372 2460 3415 et
2519 3360 2691 3415 alivi:
2744 3360 2991 3425 Vendite,
3040 3375 3143 3431 que
3193 3361 3500 3430 posseditis,
3568 3370 3626 3418 et
3674 3362 3798 3417 date

2203 3453 2514 3517 elimosinis,
2550 3462 2604 3506 et
2631 3453 2854 3506 avevitis
2885 3462 3189 3507 tensaurum
3220 3454 3273 3507 in
3316 3453 3432 3507 celo
3465 3470 3477 3505 ε
3510 3464 3567 3508 et
3614 3454 3796 3523 sequi-

2204 3545 2335 3599 mini
2366 3560 2473 3611 me,
2501 3552 2558 3597 ut
2583 3554 2765 3599 sancta
2791 3542 3083 3599 Jerusalem
3130 3559 3159 3597 a
3188 3545 3299 3599 Deo
3328 3545 3651 3599 transmissa
3684 3546 3790 3600 de-

2208 3636 2559 3691 scendentem
2576 3635 2643 3689 de
2657 3637 2793 3701 celo,
2826 3636 2910 3689 ubi
2928 3636 3014 3690 lux
3040 3636 3350 3690 indeficiens
3362 3643 3461 3702 est,
3486 3650 3796 3691 mereamor

2203 3728 2496 3795 conlocari,
2549 3736 2605 3783 et
2661 3743 2911 3782 mannam
2968 3728 3115 3783 illam
3178 3728 3429 3783 celestem
3480 3728 3786 3799 angelicam

2206 3842 2317 3896 lere
2341 3841 2537 3895 adhoc
2580 3840 2823 3895 homines
2850 3852 3075 3910 peterat.
3122 3840 3323 3895 Addam
3364 3858 3577 3911 quoque
3615 3859 3631 3897 :
3681 3861 3787 3898 non

2203 3927 2394 3966 omnes
2422 3914 2591 3965 sancti
2642 3923 2794 3965 erant
2844 3914 2894 3967 in
2926 3914 3227 3966 sanctitatis
3265 3913 3555 3975 domicilio,
3621 3931 3795 3984 neque

2207 3991 2351 4035 tanta
2393 3984 2493 4036 sub
2524 3984 2813 4036 monastica
2847 3993 2993 4037 veste
3024 3984 3296 4037 humilitas
3340 3992 3393 4037 et
3426 3986 3610 4036 mundi
3660 4001 3794 4039 enu-

2206 4060 2437 4119 temptus
2486 4055 2716 4121 vigebat,
2774 4052 2897 4119 quin
2950 4056 3101 4107 multi
3164 4054 3434 4108 inhiareut
3484 4056 3553 4107 ad
3608 4071 3795 4111 sacras

2208 4123 2574 4188 praifectttras,
2612 4138 2744 4189 quas
2776 4123 2988 4191 quando
3033 4125 3081 4177 in
3118 4125 3343 4193 propriis
3372 4125 3630 4180 claustris
3660 4141 3790 4179 enn-

2204 4194 2464 4259 seqnendi
2498 4193 2706 4246 sublata
2739 4208 2860 4261 spes
2891 4204 3022 4259 erat,
3056 4196 3107 4247 in
3134 4196 3283 4248 novis
3308 4197 3603 4250 enndendis
3634 4198 3790 4253 anxie

2204 4264 2725 4336 e_xquireli:itit._lluc
2755 4266 3090 4336 referendum
3132 4276 3216 4320 est
3264 4266 3558 4336 capitulare
3606 4282 3789 4336 regum

2206 4332 2533 4387 Francorum
2580 4333 2674 4387 lib.
2709 4350 2781 4398 vt,
2827 4350 2944 4401 cap.
2990 4335 3132 4387 HO:
3189 4355 3205 4386 ι
3266 4332 3343 4389 Uti
3378 4337 3557 4390 nullus
3607 4332 3791 4392 mona-

2205 4408 2359 4469 cbus,
2392 4407 2803 4472 congregatione
2853 4406 3161 4459 monasterii
3192 4407 3447 4460 derelicta
3476 4408 3788 4462 ambitionis

2205 4486 2294 4525 aut
2321 4476 2562 4527 vanitatis
2590 4476 2818 4547 impulsu
2847 4476 3031 4547 cellam
3063 4486 3372 4529 construere
3405 4478 3520 4530 sine
3543 4479 3785 4547 episcopi

2209 4546 2577 4611 permissioue,
2624 4548 2707 4598 vel
2753 4546 2959 4599 abbatis
3007 4548 3085 4597 siti
3136 4549 3410 4599 voluntate
3468 4546 3779 4612 praesumat.

2206 4615 2448 4685 Monacbi
2473 4614 2641 4677 enim,
2684 4627 2741 4667 ut
2786 4619 2896 4681 ipse
2941 4616 3173 4685 Angelus
3218 4616 3427 4669 Nocens
3475 4618 3784 4682 Casinensis

2204 4686 2370 4739 abbas
2428 4684 2622 4738 fatetur
2681 4686 2729 4737 in
2785 4684 3042 4757 notis'ad
3084 4686 3779 4757 chrontconrCa~ineuse,

2208 4772 2228 4806 ι
2293 4765 2540 4820 tanquam
2595 4770 2722 4823 apes
2770 4771 2841 4809 ex
2886 4756 3165 4810 emnobiali
3227 4756 3464 4809 alveario
3512 4756 3581 4811 de
3639 4774 3781 4813 more

2201 4826 2425 4893 egressi,
2479 4839 2609 4877 nova
2662 4828 3010 4891 monasteria,
3062 4825 3174 4879 sive
3224 4826 3372 4879 dicas
3417 4828 3606 4891 cellas,
3658 4843 3781 4883 cou-

2200 4907 2405 4948 struere
2452 4897 2721 4948 amabant.
2776 4915 2796 4948 ›
2831 4898 2963 4951 Aliis
3001 4897 3261 4962 exemplis
3311 4912 3494 4963 parco,
3540 4898 3681 4951 hanc
3727 4900 3776 4954 in

2204 4980 2317 5019 rem
2349 4967 2675 5033 prolaturus,
2707 4970 2847 5035 quod
2884 4969 3096 5019 Mutinae
3136 4968 3259 5019 olim
3289 4968 3511 5033 conligit
3536 4972 3776 5022 animad«

2203 5039 2449 5088 versione
2479 5038 2716 5103 dignum.
2752 5038 3149 5104 AmpliSsimum
3193 5037 3621 5091 Nonautulanum
3666 5056 3776 5093 mo-

2206 5116 2515 5169 nasterium,
2565 5108 2799 5173 quinque
2854 5118 3053 5159 tantum
3110 5122 3361 5174 passuum
3426 5110 3662 5163 millibus
3713 5108 3775 5162 ab

2204 5175 2705 5247 urberdissitunidiu
2736 5176 2979 5247 itrcattsa
3013 5177 3126 5238 fuit,
3159 5192 3224 5230 ne
3256 5177 3581 5232 Mutinenses
3614 5194 3775 5247 prope

2205 5255 2300 5297 aut
2344 5246 2479 5298 intra
2531 5245 2715 5298 urbem
2748 5246 2959 5313 aliquod
2997 5249 3136 5299 aliud
3180 5250 3562 5301 monachorum
3614 5245 3774 5304 colle-

2204 5316 2345 5384 giom
2380 5316 2710 5379 inducerent,
2766 5319 2998 5369 contenti
3050 5318 3270 5385 antiquo
3320 5318 3414 5371 illo
3467 5334 3529 5372 ac
3577 5320 3776 5374 celebri

2207 5390 2341 5439 loco.
2378 5391 2443 5439 At
2471 5386 2859 5453 llildeprandus
2900 5386 3209 5438 Mutinensis
3239 5390 3478 5450 antistes,
3514 5390 3775 5443 monasti-

2204 5470 2323 5510 Cum
2348 5468 2539 5511 cretum
2574 5459 2874 5523 propiorem
2903 5455 3100 5510 habere
3125 5460 3363 5523 cupiens,
3388 5474 3528 5511 anno
3556 5460 3665 5515 985
3694 5475 3777 5514 ec-

2204 5528 2419 5579 clesiam
2450 5528 2619 5579 saneti
2650 5526 2789 5581 Petri
2808 5528 3081 5591 Stephano
3108 5528 3418 5597 presbytero
3436 5543 3489 5581 et
3516 5532 3776 5583 monacho

2208 5598 2530 5659 concedens,
2583 5611 2719 5648 uovo
2774 5597 3100 5650 monasterio
3169 5612 3333 5665 prope
3388 5603 3582 5654 iiiaznia
3634 5602 3776 5653 urbis

2206 5666 2543 5720 fundamenta
2575 5669 2910 5736 praaparavil,
2951 5668 3090 5735 quod
3127 5678 3307 5736 postea
3336 5681 3548 5724 auctum
3582 5680 3637 5727 et
3678 5688 3767 5726 no-

2207 5738 2465 5811 bilitatum
2496 5738 2549 5792 in
2586 5738 2720 5792 hanc
2753 5752 2919 5807 usque
2951 5741 3091 5801 diem
3123 5740 3392 5806 perdurat.
3748 5768 3751 5773 -
