4026 6352
276 345 411 404 1569

269 558 445 623 itaque
466 568 566 623 ego
594 551 829 607 Auriand
867 549 931 605 ν.
963 550 1028 605 D.
1061 565 1162 603 una
1205 564 1322 603 cum
1363 549 1604 603 Gudifrid
1658 548 1716 602 ν.
1772 550 1841 604 Ι).

267 659 552 715 germanus
582 657 753 706 meus,
785 640 1146 705 tractavimus,
1178 649 1234 693 ut
1271 640 1340 694 de
1371 640 1653 709 parvitatis
1682 640 1846 694 rebus

269 741 467 791 nostris
496 738 644 791 novis
685 734 969 789 mercidem
1008 734 1292 799 adcriscat,
1326 743 1377 785 et
1407 735 1732 787 accessimus
1778 734 1842 787 ad

268 831 334 885 ν.
361 832 425 885 D.
451 830 868 898 Thalesperiano
897 826 1004 879 Deo
1030 827 1199 896 gratia
1229 827 1504 892 episcopo,
1546 827 1596 877 in
1627 826 1845 879 Christo

269 923 425 977 Pater
457 928 657 983 nostro,
690 928 747 971 ut
773 932 893 972 cum
924 918 1041 986 ejus
1069 916 1314 980 consilio,
1346 931 1440 968 seo
1472 916 1687 969 licentia
1721 931 1849 970 ora-

268 1012 465 1066 cullum
508 1018 696 1065 sancte
744 1007 838 1062 Dei
889 1006 1105 1060 Virtutis
1146 1014 1461 1062 construere
1510 1004 1844 1070 deverimus,

268 1115 321 1159 et
350 1103 592 1174 quamvis
615 1100 817 1155 brevite
847 1098 911 1151 ad
943 1096 1297 1152 fundamentis
1327 1094 1539 1149 fabricis
1561 1093 1846 1174 ecclesiam

266 1168 638 1248 constituimus
665 1191 716 1245 in
762 1190 964 1243 honore
1011 1188 1148 1243 beati
1194 1190 1362 1241 sancti
1418 1185 1561 1239 Petri
1600 1168 1840 1251 apostoli

265 1285 316 1337 in
344 1283 464 1336 loco
492 1282 579 1349 qui
611 1281 869 1333 vocitatur
902 1278 1243 1342 Castellione,
1288 1286 1341 1331 et
1384 1278 1666 1346 parbulum
1718 1290 1843 1327 mu-

264 1376 546 1427 nusculum
598 1371 796 1423 ividem
846 1368 1171 1424 offerimus:
1225 1368 1275 1421 id
1324 1377 1407 1422 est
1450 1368 1642 1421 Ierrola
1700 1367 1842 1419 circa

266 1464 379 1530 ipsa
413 1460 638 1516 ecclesia
676 1459 971 1513 modiorum
1013 1474 1127 1523 sex,
1160 1468 1215 1513 et
1245 1458 1296 1512 in
1327 1458 1433 1511 alio
1479 1459 1598 1511 loco
1648 1458 1717 1511 de
1760 1457 1850 1510 illo

264 1554 428 1607 latere
452 1550 698 1607 Biumodi
728 1552 846 1603 loco
876 1550 1061 1614 vinea;
1092 1560 1141 1603 et
1173 1549 1238 1603 ad
1271 1549 1373 1602 hoc
1403 1559 1636 1602 nostram
1660 1549 1850 1601 decre-

263 1645 436 1698 vimus
461 1644 784 1697 volontatem
809 1656 908 1694 nus
942 1640 1200 1705 Auriand,
1233 1638 1487 1693 Gndifrid.
1530 1647 1590 1692 ut
1625 1638 1701 1690 fili
1736 1653 1839 1689 no-

262 1736 360 1789 stri
391 1733 586 1787 ibidem
619 1735 669 1786 in
702 1730 817 1800 ipso
847 1731 1171 1785 monasterio
1214 1729 1419 1784 servire
1469 1728 1668 1782 deveas
1708 1743 1847 1781 una.

1361 339 1742 397 Dli’l.0.\lAT;\
1788 340 2065 397 ECCLES.
2109 335 2445 394 SELECTA.

267 476 390 516 cum
416 468 589 514 sancti
624 466 677 513 et
701 464 825 526 ιιιειι
857 456 1137 525 participes
1166 469 1286 509 esse
1315 458 1667 509 inveniamur.
1703 454 1835 509 llinc
1878 468 1926 525 Α

3398 342 3532 403 1370

2681 454 2813 511 XIV.

1953 570 2162 643 Litterae
2186 567 2523 643 Tulesperiani
2566 568 2805 643 Lucemia
2840 571 3094 643 episcopi,
3139 586 3226 643 per
3255 591 3383 643 quas
3418 576 3520 631 Ilo-

2021 640 2229 691 nmalrla
2271 640 2558 706 presbytero
2595 642 2820 692 concedit
2854 643 2904 693 in
2935 640 3230 710 lieneﬁcium
3266 640 3518 701 monaste-

2021 711 2205 762 riolum
2234 726 2345 762 cum
2374 715 2538 762 xenud
2560 712 2687 763 ιεΙιὸυ
2719 716 2874 775 (anno
2907 710 3058 781 7‘23).

2022 825 2075 877 In
2120 824 2331 877 nomine
2378 824 2583 877 Domini
2632 826 2722 879 Dei
2772 828 2935 878 nostri
2984 827 3108 879 Jesu
3140 827 3355 879 Christi.
3390 827 3515 891 Re-

1951 928 2146 988 gnante
2168 918 2364 970 domno
2386 926 2573 985 nostro
2600 917 2919 984 Lintprando
2943 917 3055 971 viro
3076 915 3521 971 excellentissimo

1950 1021 2094 1075 rege.
2124 1022 2263 1061 anno
2290 1006 2608 1061 felicissimo
2638 1008 2784 1076 regni
2829 1006 2947 1074 ejus
2982 1008 3139 1060 tertio
3165 1007 3393 1072 decimo,
3441 1007 3527 1061 in-

1950 1095 2181 1151 dictione
2212 1096 2402 1150 octaba
2447 1096 2691 1151 feliciter.
2745 1096 2969 1150 Constat
3015 1110 3100 1148 me
3132 1095 3528 1164 Talisperianus

1951 1186 2271 1240 venerabilis
2299 1187 2603 1255 episcopus,
2633 1186 2753 1255 quia
2783 1186 3045 1255 suggessit
3076 1187 3226 1239 nobis
3255 1188 3339 1240 vir
3368 1201 3528 1241 vene-

1951 1280 2130 1332 rabilis
2181 1278 2440 1331 llornnald
2497 1279 2813 1347 presbyter,
2870 1286 2925 1331 et
2978 1278 3204 1329 innotuit
3257 1277 3411 1330 nobis
3460 1292 3529 1331 eo

1949 1369 2090 1437 quod
2121 1380 2243 1423 ante
2275 1369 2369 1422 hos
2398 1383 2569 1422 annus
2609 1369 2810 1421 exisset
2852 1366 2920 1420 de
2967 1377 3106 1421 terra
3153 1382 3246 1419 sua
3294 1366 3531 1434 partibus

1950 1460 2345 1528 Transpadanis
2378 1474 2478 1512 una
2509 1461 2533 1488 ³
2560 1474 2680 1512 cum
2713 1458 2939 1512 muliere
2967 1473 3101 1523 sua,
3149 1456 3249 1512 sibi
3294 1459 3531 1526 peregri-

1950 1552 2111 1606 nandi
2144 1568 2237 1617 pro
2270 1553 2445 1605 anima
2476 1566 2570 1605 sua
2597 1592 2614 1615 ,
2666 1560 2719 1604 et
2749 1549 3084 1603 conlocasset
3131 1548 3187 1601 in
3236 1548 3353 1602 loco
3375 1586 3391 1610 ,
3441 1547 3533 1615 qui

1949 1645 2143 1700 dicitur
2171 1644 2506 1712 Capannule,
2538 1644 2591 1697 in
2621 1642 2934 1697 monastirio
2960 1642 3190 1696 ccclesie
3218 1642 3356 1695 santi
3391 1640 3533 1695 Petri

1950 1747 2005 1791 et
2035 1737 2206 1790 sancti
2239 1737 2451 1789 Martini
2486 1736 2569 1788 vel
2614 1735 2785 1788 sancti
2812 1733 3034 1799 Qnirici.
3083 1733 3147 1785 Et
3173 1733 3300 1785 dum
3334 1730 3527 1785 ibidem

263 1842 386 1881 cum
422 1825 531 1879 lilio
556 1840 676 1878 meo
704 1823 966 1879 Galduald
1003 1822 1252 1891 religioso
1273 1821 1474 1885 clirico,
1504 1835 1599 1874 seo
1630 1819 1716 1871 alii
1754 1820 1845 1873 filii

1955 1829 2007 1883 in
2042 1831 2219 1898 parvis
2249 1830 2566 1884 substantiis
2595 1829 2886 1883 habitasset
2912 1867 2929 1891 ,
2976 1836 3100 1879 tunc
3127 1825 3269 1893 cepit
3295 1826 3394 1879 sibi
3422 1826 3530 1879 ibi.

265 1917 456 1982 nostri,
488 1916 577 1984 qui
616 1916 722 1968 Deo
746 1914 949 1968 servire
970 1913 1217 1977 voluerit,
1252 1920 1306 1966 et
1347 1911 1540 1965 ividem
1573 1908 1847 1963 monacale

264 2011 370 2059 vita
398 2006 577 2059 vivere
602 2004 819 2057 deveas.
854 2003 919 2056 Et
955 2000 1055 2054 huc
1088 2001 1330 2054 volumus
1360 2014 1460 2053 nus
1492 1997 1840 2065 suprascripti

265 2096 565 2161 Aurinaud,
597 2094 860 2158 Gudifrid,
884 2102 940 2147 ut
962 2093 1014 2147 in
1043 2102 1248 2155 nostra,
1274 2090 1359 2145 vel
1373 2090 1439 2145 de
1465 2090 1556 2143 filii
1580 2089 1747 2143 nostri
1779 2089 1850 2144 sit

268 2199 586 2260 poteStatem
606 2186 798 2242 ividetu
830 2192 1149 2239 sacertotem
1177 2182 1496 2246 ordinando,
1531 2189 1587 2236 et
1615 2190 1731 2250 post
1754 2194 1849 2234 no-

264 2295 375 2337 stro
389 2282 632 2345 decessu,
664 2294 820 2349 quem
842 2278 911 2331 ivi
943 2278 1045 2346 ipsi
1069 2276 1279 2330 monaci
1304 2275 1373 2330 de
1394 2290 1455 2330 ca
1486 2276 1850 2330 consecratio-

268 2392 389 2431 nem
411 2375 610 2445 eligere
629 2374 799 2442 ipsum
818 2381 978 2425 aveat
999 2370 1337 2434 ordinatum;
1367 2380 1421 2424 et
1448 2367 1585 2436 quod
1604 2366 1850 2434 superius

265 2467 501 2522 menime
518 2463 931 2519 memoravimus
955 2460 1178 2516 duodeci
1196 2462 1364 2513 forma
1388 2460 1548 2523 olive,
1581 2457 1850 2527 quenuvis

263 2574 327 2614 ex
343 2557 798 2625 comparationem
816 2554 881 2607 da
897 2552 1191 2607 Gualistolo
1210 2552 1447 2615 advinet,
1482 2550 1554 2603 ita
1583 2560 1632 2602 ut
1655 2549 1722 2603 ab
1751 2552 1851 2602 hoc

265 2648 354 2703 die
383 2650 533 2702 firma
562 2648 625 2700 ad
669 2647 779 2715 ipsa
821 2653 1005 2699 sancta
1039 2644 1258 2698 Vertute
1310 2642 1361 2695 in
1409 2642 1621 2711 integro
1667 2655 1851 2708 posse-

263 2746 415 2806 deat,
465 2751 520 2795 et
551 2756 797 2809 umquam
822 2740 929 2793 ullo
952 2748 1191 2807 tempore
1218 2734 1284 2790 ad
1317 2735 1473 2789 novis
1507 2732 1848 2789 retraeudum

262 2845 350 2890 est
376 2832 444 2887 ad
465 2832 568 2887 alia
602 2832 851 2895 ecclesia,
880 2842 971 2884 aut
1000 2828 1065 2884 ad
1091 2829 1253 2882 alium
1298 2826 1661 2891 sacerdotem,
1708 2825 1850 2892 quod

261 2925 333 2979 ad
362 2924 517 2978 novis
548 2922 795 2977 offertum
828 2930 935 2988 est,
966 2920 1067 2974 nisi
1108 2920 1200 2989 qui
1248 2918 1374 2973 inivi
1405 2918 1571 2972 abbas
1600 2917 1769 2981 fuere,
1800 2927 1853 2972 et.

261 3033 427 3087 quem
479 3016 662 3070 volere
710 3024 911 3068 rectum
946 3014 1096 3067 abire
1152 3013 1253 3082 ipsi
1301 3010 1510 3065 fruatur
1550 3010 1603 3063 in
1651 3009 1853 3061 honore

265 3107 504 3162 Domini.
537 3106 602 3159 Et
628 3104 769 3175 quod
806 3104 874 3157 ab
902 3117 981 3169 se,
1011 3102 1057 3157 si
1088 3104 1212 3171 quis
1241 3102 1309 3156 de
1336 3101 1490 3154 novis
1535 3107 1852 3168 suptragere

1952 1924 2075 1978 dem
2126 1924 2427 1992 conquisitu
2481 1923 2658 1976 facere
2710 1938 2812 1975 una
2863 1937 2985 1975 cum
3038 1920 3351 1987 presbiteria
3400 1933 3532 2001 sua,

1952 2014 2149 2069 casella
2195 2016 2247 2068 in
2292 2013 2472 2068 ofticio
2513 2014 2773 2081 ospitalis.
2828 2013 2899 2066 Et
2944 2010 3222 2079 conquiret
3272 2010 3341 2063 ibi
3394 2018 3532 2062 terra

1950 2107 2111 2160 vinea
2146 2120 2265 2161 cum
2302 2107 2475 2173 pretio
2503 2121 2621 2160 suo.
2678 2105 2743 2159 Et
2790 2104 2979 2173 petivit
3023 2117 3153 2167 nos,
3203 2110 3261 2155 ut
3306 2116 3402 2168 pro
3443 2100 3536 2154 Dei

1952 2210 2161 2261 amore,
2195 2205 2250 2249 et.
2279 2196 2452 2249 fidelia
2484 2195 2701 2250 servitia
2731 2196 2920 2263 ipsius,
2953 2209 3111 2261 quam
3165 2193 3215 2245 in
3266 2192 3381 2260 ipso
3414 2205 3536 2243 san-

1952 2296 2040 2342 cto
2072 2288 2187 2339 loco
2214 2301 2535 2341 concurrere
2566 2287 2710 2339 visus
2739 2294 2822 2339 est
2844 2325 2860 2349 ,
2912 2298 3036 2337 eum
3069 2282 3197 2337 inibi
3247 2283 3298 2335 in
3345 2280 3528 2334 ofﬁcio

1956 2376 2323 2432 monasti‘riale
2351 2374 2673 2430 conformari
2702 2375 3037 2429 deberemus.
3070 2373 3222 2439 Quod
3254 2381 3309 2425 et
3339 2370 3537 2424 factum

1953 2481 2074 2526 est:
2107 2471 2185 2525 sic
2215 2470 2284 2523 ita
2317 2480 2372 2524 et
2401 2470 2451 2523 in
2483 2485 2544 2524 ea
2580 2466 2787 2521 ratione
2811 2505 2827 2530 ,
2880 2476 2938 2519 ut
2983 2466 3108 2518 dum
3140 2464 3391 2517 advivere
3422 2477 3538 2516 inc-

1954 2562 2147 2627 rueris,
2182 2571 2235 2614 tu
2266 2560 2583 2625 Romualdc,
2635 2562 2687 2613 in
2737 2560 2854 2627 ipso
2898 2568 3084 2611 sancto
3136 2557 3277 2618 loco,
3320 2566 3426 2607 tam
3460 2564 3539 2619 tu,

1953 2670 2111 2725 quam
2140 2656 2299 2708 etiam
2331 2665 2382 2708 et
2407 2654 2724 2722 presbiteria
2755 2663 2866 2711 tua.
2892 2651 2982 2717 qui
3009 2659 3091 2704 est
3126 2651 3175 2702 in
3208 2650 3321 2715 ipso
3350 2655 3540 2701 sancto

1957 2746 2139 2811 Petro,
2167 2758 2468 2811 remanent,
2498 2754 2551 2799 et
2583 2746 2671 2812 qui
2703 2743 2988 2812 presetlere
3019 2741 3283 2802 debeatis,
3308 2748 3364 2793 et
3391 2740 3537 2792 nulla

1956 2836 2169 2907 patiatis
2200 2834 2469 2889 taxatione
2498 2835 2565 2887 ab
2595 2834 2701 2888 alio
2734 2833 3052 2901 presbitero,
3083 2830 3171 2899 qui
3205 2830 3413 2898 plevem
3463 2837 3539 2882 te-

1958 2932 2133 2983 nuerit
2182 2929 2234 2981 in
2284 2927 2652 2996 suprascripto
2701 2925 2819 2978 loco
2865 2923 3176 2992 Capannule
3218 2923 3270 2975 in
3312 2920 3539 2974 ecclesia

1955 3030 2139 3076 sancte
2168 3020 2351 3075 Marie.
2408 3016 2515 3074 Sed
2550 3018 2671 3070 volo
2700 3016 2876 3085 adque
2907 3015 3139 3068 decerno
3160 3055 3175 3079 ,
3223 3023 3277 3067 ut
3306 3012 3374 3066 ab
3403 3013 3539 3066 hanc

1958 3113 2073 3168 dies
2104 3112 2215 3181 ipsa
2243 3109 2468 3165 ecclesia
2499 3110 2551 3162 in
2584 3110 2762 3162 officio
2795 3106 3157 3161 monastirlale
3185 3120 3399 3173 semper
3428 3119 3540 3157 ma-

264 3202 507 3264 νυΙυθτθν
550 3200 634 3252 νει
685 3198 901 3267 proprio
952 3196 1262 3261 defendere.
1321 3209 1524 3249 Vacuus
1574 3203 1629 3248 el
1677 3192 1852 3247 ίιιδυίε
1880 3186 1926 3247 C
1960 3212 2120 3258 neat:
2152 3213 2207 3257 et
2236 3217 2329 3270 per
2356 3202 2640 3255 festivitate
2663 3199 2887 3268 predicti
2920 3197 3089 3253 sancti
3123 3197 3263 3253 Petri
3292 3206 3344 3251 et
3372 3198 3539 3250 sancti

263 3293 462 3349 exinde
490 3300 669 3357 exeat,
702 3300 756 3344 et
786 3290 928 3344 dona
966 3299 1150 3343 nostra
1189 3290 1239 3342 in
1272 3290 1484 3357 integro
1517 3287 1627 3341 Deo
1649 3295 1705 3341 et
1730 3301 1855 3341 san-

260 3400 355 3439 cto
384 3385 543 3439 Petro
598 3392 903 3453 permaneat
946 3382 1307 3446 confermata;
1357 3390 1414 3435 et
1454 3396 1573 3435 cum
1621 3395 1834 3434 summa

264 3477 625 3533 delectatione
664 3474 923 3532 Sicberad
957 3474 1224 3542 presbiter
1270 3472 1447 3526 amico
1497 3480 1681 3525 nostro
1713 3470 1849 3523 hanc

266 3571 532 3626 cartulam
561 3569 819 3621 dotalium
846 3566 1090 3620 scrivere
1120 3568 1447 3634 rogavimus,
1494 3572 1546 3617 et
1580 3562 1847 3630 perpetuis

268 3662 597 3732 temporibus
632 3668 968 3730 permaneat.

343 3755 535 3807 Actum
562 3752 726 3819 Luca,
757 3766 980 3819 regnum
1029 3759 1082 3805 et
1129 3749 1424 3804 indictione
1480 3747 1847 3817 suprascripta

270 3844 525 3901 feliciter.

339 3936 380 4005 ἰ’
418 3936 637 4005 Srgnum
683 3948 871 3989 manus
909 3930 1185 3989 Aurinand
1221 3930 1279 3985 V.
1319 3930 1384 3984 D.
1430 3928 1757 3985 benefactori
1800 3938 1854 3983 et

264 4028 662 4087 conserbaturi.

342 4125 384 4192 ’ὶ-
420 4122 640 4192 Signum
698 4133 889 4174 manus
922 4116 1192 4173 .Gudofrid
1239 4114 1301 4170 ν.
1338 4115 1377 4169 D
1417 4111 1742 4169 benefactori
1797 4122 1854 4167 et

268 4211 663 4269 conserbatori.

342 4306 386 4375 οἱ·
421 4303 638 4373 Signum
671 4316 859 4357 manus
905 4301 1157 4356 Galsuald
1210 4301 1322 4354 lilio
1362 4299 1480 4369 ejus
1525 4307 1580 4353 et
1631 4297 1854 4363 Clirico,

275 4394 604 4450 benefactori
635 4402 691 4447 et
722 4392 1110 4448 conservatori.

346 4491 387 4558 ’ξ-
426 4487 647 4555 Signum
675 4500 863 4538 manus
888 4483 1075 4538 Gairto
1107 4483 1168 4538 V.
1203 4482 1263 4537 D.
1294 4485 1469 4539 testis.

348 4581 389 4650 -ι-
429 4580 647 4648 Signum
679 4592 890 4641 manus,
932 4586 1039 4630 etc.

350 4697 372 4722 ⁸
403 4686 551 4754 Quod
592 4686 708 4739 sine
750 4685 1212 4739 animadversione
1252 4684 1594 4753 praetermitti
1627 4688 1806 4754 nequit
1838 4728 1851 4749 ,

276 4758 608 4815 nomnaldus
639 4761 735 4810 iste
768 4758 1044 4826 presbyter
1073 4770 1175 4808 una
1206 4771 1330 4809 cum
1363 4756 1586 4809 muliere
1616 4770 1707 4808 sua
1736 4795 1750 4817 ,
1804 4758 1850 4809 id

274 4839 361 4882 est
389 4844 508 4880 cum
542 4841 708 4879 uxore
736 4841 853 4891 sua,
887 4838 1002 4893 post
1032 4828 1517 4895 peregrinationem
1550 4838 1852 4891 susceptam

278 4912 378 4968 pro
408 4898 583 4949 anima
613 4911 707 4968 sua
741 4898 792 4948 in
826 4906 1003 4963 partes
1031 4896 1466 4968 'l'ranspadanas,
1497 4896 1857 4968 collocaverat

276 4962 335 5020 Eae
372 4968 422 5019 in
456 4969 571 5019 loco
599 4962 923 5031 Capannulre
956 4970 1009 5019 in
1050 4967 1432 5019 monasteriolo
1465 4965 1634 5019 sancti
1670 4968 1811 5019 Petri
1841 5009 1855 5031 ,

275 5040 458 5106 ibique
503 5038 746 5103 exiguam
799 5046 1045 5089 erexerat
1076 5036 1391 5102 hospitalem
1425 5038 1662 5089 domum.
1711 5038 1854 5091 (Jon-

275 5109 421 5185 cedit
445 5121 574 5185 ergo
601 5107 1013 5185 'l‘alesperianns
1037 5108 1356 5173 episcopus,
1396 5108 1487 5185 qui
1528 5122 1588 5160 se
1630 5108 1681 5159 in
1725 5108 1855 5161 sub-

277 5178 568 5243 scriptione
593 5179 845 5230 eximium
878 5178 1146 5239 nominat,
1189 5192 1292 5228 non
1326 5178 1573 5244 exiguum
1594 5216 1607 5233 .
1638 5185 1695 5229 ut
1729 5192 1856 5231 usus

282 5248 523 5309 ferebat;
576 5247 858 5311 concedit,
913 5247 1162 5313 inquam,
1214 5256 1269 5299 ut
1314 5247 1487 5300 cidem
1523 5255 1708 5301 sancto
1742 5247 1858 5302 loco

283 5318 549 5387 president
579 5328 682 5369 tam
715 5317 828 5383 ipse
858 5317 1186 5369 Romualdus
1216 5331 1373 5384 quam
1401 5318 1559 5369 etiam
1603 5328 1658 5371 et
1702 5316 1855 5383 pres?-

281 5388 488 5458 byteria
526 5387 702 5458 illius,
747 5388 848 5441 hoc
876 5400 955 5440 est
978 5427 991 5448 ,
1032 5388 1217 5458 eadem
1247 5402 1363 5453 qua!
1392 5402 1555 5455 supra
1592 5388 1858 5442 nominata

282 5457 365 5513 est
406 5460 545 5513 illius
572 5457 789 5525 eonjux.
835 5458 935 5524 Qui
969 5458 1080 5509 lieri
1123 5457 1173 5509 id
1216 5458 1481 5525 potuerit,
1519 5466 1861 5522 percontetur

283 5528 495 5595 aliquis,
522 5530 785 5596 simulque
812 5529 1057 5591 miretur,
1082 5543 1200 5579 cum
1229 5528 1572 5580 cnntinctttiu:
1600 5538 1780 5581 votum
1810 5528 1859 5582 in

286 5599 471 5653 Latina
500 5600 689 5651 saltem
725 5600 985 5662 Ecclesia,
1015 5598 1097 5651 vel
1128 5613 1155 5649 a
1191 5598 1375 5662 primis
1411 5598 1663 5652 Ecclesia:
1694 5614 1863 5652 saecu-

286 5669 379 5734 lis,
429 5667 796 5724 sacerdotibus
838 5668 1296 5739 prmscriberetur.
1351 5666 1404 5739 ld
1437 5668 1647 5735 quidem
1678 5684 1860 5723 verum

287 5750 404 5804 cst;
457 5748 511 5793 at
555 5741 761 5808 quoties
809 5737 920 5794 viro
970 5738 1256 5808 conjugato
1303 5737 1369 5791 ad
1420 5754 1603 5795 sacros
1647 5738 1863 5793 ordines

290 5811 415 5867 olim
448 5822 559 5866 erat
593 5812 799 5879 aditus,
841 5820 949 5866 tum
981 5809 1127 5879 ipse,
1171 5818 1278 5863 tum
1308 5812 1421 5878 eius
1452 5824 1584 5865 uxor
1617 5808 1858 5866 caslibent

1956 3292 2166 3349 Martini
2199 3292 2282 3345 vcl
2320 3293 2491 3345 sancti
2521 3291 2720 3355 Quirici
2762 3290 2827 3343 ad
2866 3289 3093 3343 ecclesia
3126 3289 3295 3341 sancti
3327 3287 3539 3342 Martini

1953 3387 2009 3441 in
2039 3388 2314 3455 episcopio
2344 3386 2623 3440 luminaria
2644 3426 2657 3449 ,
2692 3385 2781 3440 vel
2811 3386 2951 3454 quod
2987 3384 3246 3437 Dominus
3272 3382 3543 3437 condona-

1954 3480 2085 3532 verit
2106 3517 2121 3541 ,
2156 3478 2184 3518 δ
2209 3480 2436 3532 salutem
2468 3477 2732 3531 adducere
2776 3477 2973 3530 debeas
3004 3486 3110 3527 tam
3159 3480 3214 3526 tu
3269 3488 3426 3542 quam
3456 3472 3540 3525 vel

1952 3571 2071 3639 quis
2108 3580 2289 3637 postea
2319 3569 2597 3623 ordinatus
2628 3566 2829 3620 fuerit:
2878 3577 2932 3619 et
2963 3578 3251 3632 numquam
3304 3577 3401 3615 tios
3449 3564 3531 3616 vel
3586 3634 3591 3639 ι

1955 3670 2200 3730 posteros
2231 3671 2415 3716 noster
2442 3668 2496 3716 et
2523 3660 2589 3713 de
2615 3659 2754 3712 hanc
2778 3658 2923 3711 dicto
2953 3656 3069 3709 loco
3100 3654 3373 3708 molestari
3402 3667 3529 3721 pre-

1953 3762 2155 3818 sumat,
2206 3753 2298 3807 sed
2328 3753 2455 3807 volo
2500 3761 2557 3805 ut
2601 3750 2807 3805 cunctis
2837 3748 3026 3802 diebus
3058 3745 3272 3815 quietus
3320 3745 3371 3797 in
3420 3743 3537 3810 ipso

1954 3857 2141 3899 sancto
2171 3844 2292 3898 loco
2322 3842 2562 3897 residere
2593 3841 2792 3895 valeas.
2824 3840 2992 3906 Quam
3026 3834 3300 3891 beneficiis
3328 3834 3536 3897 cartula

1954 3939 2124 3995 Sicori
2151 3936 2360 3991 notario
2382 3936 2618 3989 scribere
2635 3932 2914 4002 jnssimus,
2931 3939 2986 3983 et
3007 3944 3103 3983 nos
3123 3928 3308 3983 subter
3328 3927 3537 3995 signum

1954 4038 2135 4084 sancte
2178 4026 2353 4082 crucis
2391 4026 2600 4080 iicimus
2625 4064 2640 4090 ,
2690 4032 2746 4079 et
2791 4020 3160 4078 sacerdotibus
3207 4016 3540 4075 tradedimus

1955 4117 2337 4175 roborandam.

1964 4254 1967 4257 λ
2025 4210 2217 4263 Actum
2252 4206 2416 4269 Luca,
2464 4204 2552 4260 die
2598 4213 2654 4260 et
2695 4217 2918 4274 regnum
2948 4210 3005 4256 et
3033 4200 3322 4256 indictione
3351 4210 3540 4266 supra-

1956 4301 2150 4367 scripta
2178 4297 2428 4353 feliciter.

2028 4396 2069 4465 -ι-
2099 4396 2211 4462 Ego
2242 4394 2653 4461 Talesperianus
2681 4392 2910 4445 eximius
2939 4389 3221 4455 cpiscopus
3252 4385 3375 4438 huic
3404 4398 3527 4438 car-

1961 4488 2069 4540 tule
2100 4484 2341 4539 beneficii
2373 4483 2498 4538 facti
2541 4484 2594 4537 in
2638 4481 2902 4535 Romuald
2949 4477 3249 4547 presbitero
3285 4473 3534 4530 consensi

1959 4588 2011 4631 ct
2040 4577 2268 4644 iscripsi.

1956 4689 2154 4744 exinde
2182 4688 2345 4741 vitam
2380 4685 2789 4757 profitebantur,
2822 4685 3019 4753 illaque
3050 4698 3153 4737 non
3185 4682 3382 4757 coniux
3414 4695 3535 4757 am:-

1957 4761 2114 4829 plius,
2140 4760 2232 4813 sed
2257 4754 2411 4813 soror
2430 4758 2820 4829 appellabatur,
2845 4759 3096 4829 utetiam
3117 4769 3235 4829 pag.
3260 4755 3329 4829 il?)
3352 4762 3407 4807 et

1960 4823 2083 4884 inmi
2109 4831 2124 4883 l
2148 4831 2406 4884 Anecdot.
2425 4823 2596 4883 Latin.
2615 4831 2858 4891 exemplo
2880 4825 3049 4880 sancti
3072 4826 3272 4879 Paulini
3296 4823 3526 4880 ostendi.

1960 4900 2246 4967 Disciplina
2280 4911 2424 4953 certe
2454 4897 2814 4952 ecclesiastica
2843 4896 3025 4951 multis
3055 4898 3406 4967 conciliorum
3436 4896 3532 4967 de-

1958 4965 2120 5024 cretis
2159 4972 2297 5024 inter
2328 4973 2484 5021 hosce
2526 4968 2933 5020 contubernium
2977 4983 3191 5036 quoque
3240 4965 3531 5036 interdixit.

1964 5041 2159 5095 Verum
2193 5052 2247 5092 nt
2276 5040 2327 5092 in
2360 5038 2742 5093 Dissertatioue
2771 5039 2838 5092 de
2866 5035 3120 5105 Agapetis
3152 5045 3205 5089 et
3237 5035 3533 5105 Synisactis

1961 5112 2013 5165 in
2046 5111 2332 5165 Auecdotis
2359 5108 2563 5163 Graecis
2584 5148 2599 5172 ,
2649 5117 2760 5163 tum
2804 5125 2870 5162 ex
2907 5109 3100 5163 Codice
3134 5106 3530 5168 Theodosiano,

1963 5191 2071 5233 tum
2119 5197 2183 5235 ex
2230 5180 2351 5232 aliis
2380 5180 2717 5244 antiquorum
2769 5180 2959 5233 edictis
2990 5176 3239 5239 ostendi,
3290 5185 3532 5244 tempora

1964 5251 2144 5313 fuere,
2188 5250 2380 5319 quibus
2409 5243 2557 5302 licuit
2586 5249 2914 5318 presbyteris
2954 5263 3074 5319 cum
3122 5245 3376 5319 uxoribus
3419 5243 3532 5297 suis

1959 5316 2246 5375 commune
2275 5321 2447 5373 adhuc
2480 5328 2677 5373 tectum
2709 5316 2927 5380 habere,
2958 5318 3081 5369 dum
3115 5317 3182 5368 ab
3211 5316 3352 5368 omni
3384 5329 3531 5366 cont-

1964 5392 2165 5445 mercio
2185 5392 2360 5443 carnis
2387 5390 2735 5444 abstinerent.
2770 5387 3092 5455 ltigidiurcm
3120 5400 3179 5439 se
3208 5386 3405 5452 prmbet
3436 5384 3533 5455 hac

1963 5461 2014 5514 in
2049 5478 2105 5515 rc
2138 5469 2434 5528 temporum
2471 5470 2773 5513 nostrorum
2807 5454 3117 5528 disciplina,
3156 5464 3209 5509 ct
3236 5454 3533 5528 sapientius

1962 5533 2174 5597 quidem
2216 5524 2268 5585 et
2298 5533 2519 5597 sequius.
2574 5530 2675 5583 Sed
2710 5542 2848 5580 nunc
2877 5527 3164 5596 qumrimns
3187 5563 3204 5589 ,
3254 5541 3357 5597 non
3408 5524 3532 5597 quid

1966 5594 2259 5656 faciendum
2290 5640 2304 5665 ,
2364 5594 2461 5653 sed
2515 5598 2640 5669 quid
2696 5594 2905 5657 factum
2943 5596 3100 5652 fuerit
3154 5612 3184 5649 a
3240 5594 3531 5664 majoribus

1965 5672 2181 5726 nostris.
2226 5672 2438 5724 Mean.

2036 5741 2060 5779 ι)
2104 5741 2333 5797 Salutem
2361 5740 2611 5793 adducere
2643 5737 2841 5801 debeas,
2879 5735 2930 5791 id
2961 5748 3043 5793 est
3072 5738 3291 5799 donum,
3319 5748 3529 5801 munus,

1966 5813 2314 5869 oblationem.
2350 5811 2479 5866 Vide
2508 5825 2646 5865 nunc
2675 5808 2837 5869 moris
2869 5810 3022 5865 istius
3052 5806 3439 5879 antiquitatem.
