  <div class='ocr_page' id='page_1' title='image "/cluster/home/n/w/nwhite01/storage/ocr_20150623/87/hvd.32044015469471/703.png"; bbox 0 0 4026 6352; ppageno 0'>
   <div class='ocr_carea' id='block_1_1' title="bbox 493 310 630 374">
    <p class='ocr_par' dir='ltr' id='par_1_1' title="bbox 493 310 630 374">
     <span class='ocr_line' id='line_1_1' title="bbox 493 310 630 374; baseline -0.036 0"><span class='ocrx_word' id='word_1_1' title='bbox 493 310 630 374; x_wconf 65' lang='grc' dir='ltr'><strong>ίδῗί</strong></span> 
     </span>
    </p>
   </div>
   <div class='ocr_carea' id='block_1_2' title="bbox 564 419 1037 485">
    <p class='ocr_par' dir='ltr' id='par_1_2' title="bbox 564 419 1037 485">
     <span class='ocr_line' id='line_1_2' title="bbox 564 419 1037 485; baseline -0.021 -4"><span class='ocrx_word' id='word_1_2' title='bbox 564 419 901 485; x_wconf 84' lang='lat' dir='ltr'><strong>Sichintund,</strong></span> <span class='ocrx_word' id='word_1_3' title='bbox 933 426 1037 472; x_wconf 88' lang='lat' dir='ltr'><strong>etc.</strong></span> 
     </span>
    </p>
   </div>
   <div class='ocr_carea' id='block_1_3' title="bbox 570 496 2066 583">
    <p class='ocr_par' dir='ltr' id='par_1_3' title="bbox 570 496 2066 583">
     <span class='ocr_line' id='line_1_3' title="bbox 570 496 2066 583; baseline -0.012 -13"><span class='ocrx_word' id='word_1_4' title='bbox 570 518 680 583; x_wconf 80' lang='lat' dir='ltr'><strong>Ego</strong></span> <span class='ocrx_word' id='word_1_5' title='bbox 725 509 1008 565; x_wconf 78' lang='lat' dir='ltr'><strong>Deusdedit</strong></span> <span class='ocrx_word' id='word_1_6' title='bbox 1055 505 1315 576; x_wconf 88' lang='lat' dir='ltr'><strong>presbiter</strong></span> <span class='ocrx_word' id='word_1_7' title='bbox 1355 503 1475 556; x_wconf 91' lang='lat' dir='ltr'><strong>huic</strong></span> <span class='ocrx_word' id='word_1_8' title='bbox 1518 498 1731 555; x_wconf 90' lang='lat' dir='ltr'><strong>cartula</strong></span> <span class='ocrx_word' id='word_1_9' title='bbox 1763 496 2066 555; x_wconf 69' lang='lat' dir='ltr'><strong>donationis</strong></span> 
     </span>
    </p>
   </div>
   <div class='ocr_carea' id='block_1_4' title="bbox 497 590 2069 661">
    <p class='ocr_par' dir='ltr' id='par_1_4' title="bbox 497 590 2069 661">
     <span class='ocr_line' id='line_1_4' title="bbox 497 590 2069 661; baseline -0.012 -1"><span class='ocrx_word' id='word_1_10' title='bbox 497 608 632 661; x_wconf 87' lang='lat' dir='ltr'><strong>facta</strong></span> <span class='ocrx_word' id='word_1_11' title='bbox 684 605 734 657; x_wconf 90' lang='lat' dir='ltr'><strong>in</strong></span> <span class='ocrx_word' id='word_1_12' title='bbox 782 601 1006 657; x_wconf 77' lang='lat' dir='ltr'><strong>ecclesia</strong></span> <span class='ocrx_word' id='word_1_13' title='bbox 1052 598 1220 652; x_wconf 93' lang='lat' dir='ltr'><strong>sancti</strong></span> <span class='ocrx_word' id='word_1_14' title='bbox 1271 593 1419 649; x_wconf 85' lang='lat' dir='ltr'><strong>Petri</strong></span> <span class='ocrx_word' id='word_1_15' title='bbox 1472 592 1719 646; x_wconf 86' lang='lat' dir='ltr'><strong>manibus</strong></span> <span class='ocrx_word' id='word_1_16' title='bbox 1765 591 1897 645; x_wconf 89' lang='lat' dir='ltr'><strong>meis</strong></span> <span class='ocrx_word' id='word_1_17' title='bbox 1937 590 2069 644; x_wconf 90' lang='lat' dir='ltr'><strong>sub-</strong></span> 
     </span>
    </p>
   </div>
   <div class='ocr_carea' id='block_1_5' title="bbox 495 696 1309 811">
    <p class='ocr_par' dir='ltr' id='par_1_5' title="bbox 495 696 1309 811">
     <span class='ocr_line' id='line_1_5' title="bbox 495 696 1309 811; baseline -0.01 -59"><span class='ocrx_word' id='word_1_18' title='bbox 495 696 706 767; x_wconf 84' lang='lat' dir='ltr'><strong>scripsi.</strong></span> <span class='ocrx_word' id='word_1_19' title='bbox 1216 756 1309 811; x_wconf 71' lang='lat' dir='ltr'><strong>xv</strong></span> 
     </span>
    </p>
   </div>
   <div class='ocr_carea' id='block_1_6' title="bbox 497 844 2060 917">
    <p class='ocr_par' dir='ltr' id='par_1_6' title="bbox 497 844 2060 917">
     <span class='ocr_line' id='line_1_6' title="bbox 497 844 2060 917; baseline -0.013 0"><span class='ocrx_word' id='word_1_20' title='bbox 497 862 723 917; x_wconf 81' lang='lat' dir='ltr'><strong>Radcltis</strong></span> <span class='ocrx_word' id='word_1_21' title='bbox 752 861 905 913; x_wconf 81' lang='lat' dir='ltr'><strong>abbas</strong></span> <span class='ocrx_word' id='word_1_22' title='bbox 941 852 1231 909; x_wconf 75' lang='lat' dir='ltr'><strong>monasterii</strong></span> <span class='ocrx_word' id='word_1_23' title='bbox 1271 850 1429 903; x_wconf 79' lang='lat' dir='ltr'><strong>sancti</strong></span> <span class='ocrx_word' id='word_1_24' title='bbox 1460 846 1723 902; x_wconf 70' lang='lat' dir='ltr'><strong>Michaelis</strong></span> <span class='ocrx_word' id='word_1_25' title='bbox 1754 846 1805 899; x_wconf 82' lang='lat' dir='ltr'><strong>in</strong></span> <span class='ocrx_word' id='word_1_26' title='bbox 1842 844 2060 917; x_wconf 77' lang='lat' dir='ltr'><strong>Lucensi</strong></span> 
     </span>
    </p>
   </div>
   <div class='ocr_carea' id='block_1_7' title="bbox 566 916 2066 999">
    <p class='ocr_par' dir='ltr' id='par_1_7' title="bbox 566 916 2066 999">
     <span class='ocr_line' id='line_1_7' title="bbox 566 916 2066 999; baseline -0.012 -14"><span class='ocrx_word' id='word_1_27' title='bbox 566 949 690 999; x_wconf 81' lang='lat' dir='ltr'><strong>agro</strong></span> <span class='ocrx_word' id='word_1_28' title='bbox 730 932 815 981; x_wconf 74' lang='lat' dir='ltr'><strong>siti</strong></span> <span class='ocrx_word' id='word_1_29' title='bbox 854 940 1186 999; x_wconf 60' lang='lat' dir='ltr'><strong>successorem</strong></span> <span class='ocrx_word' id='word_1_30' title='bbox 1215 922 1306 999; x_wconf 71' lang='lat' dir='ltr'><strong>sibi</strong></span> <span class='ocrx_word' id='word_1_31' title='bbox 1336 923 1388 974; x_wconf 83' lang='lat' dir='ltr'><strong>in</strong></span> <span class='ocrx_word' id='word_1_32' title='bbox 1420 921 1590 999; x_wconf 54' lang='lat' dir='ltr'><strong>eodem</strong></span> <span class='ocrx_word' id='word_1_33' title='bbox 1615 931 1835 999; x_wconf 49' lang='lat' dir='ltr'><strong>munere</strong></span> <span class='ocrx_word' id='word_1_34' title='bbox 1855 916 2066 999; x_wconf 44' lang='lat' dir='ltr'><strong>euasti.-</strong></span> 
     </span>
    </p>
   </div>
   <div class='ocr_carea' id='block_1_8' title="bbox 566 988 2059 1065">
    <p class='ocr_par' dir='ltr' id='par_1_8' title="bbox 566 988 2059 1065">
     <span class='ocr_line' id='line_1_8' title="bbox 566 988 2059 1065; baseline -0.011 -9"><span class='ocrx_word' id='word_1_35' title='bbox 566 988 661 1056; x_wconf 61' lang='grc' dir='ltr'><strong>ιιῖἱι</strong></span> <span class='ocrx_word' id='word_1_36' title='bbox 694 997 1091 1065; x_wconf 81' lang='lat' dir='ltr'><strong>Waltprandum</strong></span> <span class='ocrx_word' id='word_1_37' title='bbox 1137 994 1375 1047; x_wconf 77' lang='lat' dir='ltr'><strong>clericum</strong></span> <span class='ocrx_word' id='word_1_38' title='bbox 1416 991 1579 1059; x_wconf 76' lang='lat' dir='ltr'><strong>ﬁlium</strong></span> <span class='ocrx_word' id='word_1_39' title='bbox 1615 988 1867 1058; x_wconf 77' lang='lat' dir='ltr'><strong>Walperti</strong></span> <span class='ocrx_word' id='word_1_40' title='bbox 1906 988 2059 1039; x_wconf 73' lang='lat' dir='ltr'><strong>ducis</strong></span> 
     </span>
    </p>
   </div>
   <div class='ocr_carea' id='block_1_9' title="bbox 565 1071 901 1142">
    <p class='ocr_par' dir='ltr' id='par_1_9' title="bbox 565 1071 901 1142">
     <span class='ocr_line' id='line_1_9' title="bbox 565 1071 901 1142; baseline -0.012 -14"><span class='ocrx_word' id='word_1_41' title='bbox 565 1077 723 1142; x_wconf 87' lang='lat' dir='ltr'><strong>(anno</strong></span> <span class='ocrx_word' id='word_1_42' title='bbox 754 1071 901 1138; x_wconf 64' lang='lat'><strong>728).</strong></span> 
     </span>
    </p>
   </div>
   <div class='ocr_carea' id='block_1_10' title="bbox 564 1148 2075 1218">
    <p class='ocr_par' dir='ltr' id='par_1_10' title="bbox 564 1148 2075 1218">
     <span class='ocr_line' id='line_1_10' title="bbox 564 1148 2075 1218; baseline -0.011 -1"><span class='ocrx_word' id='word_1_43' title='bbox 564 1162 624 1218; x_wconf 78' lang='lat' dir='ltr'><strong>In</strong></span> <span class='ocrx_word' id='word_1_44' title='bbox 662 1164 871 1216; x_wconf 84' lang='lat' dir='ltr'><strong>nomine</strong></span> <span class='ocrx_word' id='word_1_45' title='bbox 908 1156 1117 1212; x_wconf 87' lang='lat' dir='ltr'><strong>Domini</strong></span> <span class='ocrx_word' id='word_1_46' title='bbox 1156 1153 1323 1209; x_wconf 81' lang='lat' dir='ltr'><strong>nostri</strong></span> <span class='ocrx_word' id='word_1_47' title='bbox 1362 1151 1491 1205; x_wconf 81' lang='lat' dir='ltr'><strong>Jesu</strong></span> <span class='ocrx_word' id='word_1_48' title='bbox 1517 1149 1738 1204; x_wconf 84' lang='lat' dir='ltr'><strong>Christi.</strong></span> <span class='ocrx_word' id='word_1_49' title='bbox 1788 1148 2075 1218; x_wconf 76' lang='lat' dir='ltr'><strong>Regnante</strong></span> 
     </span>
    </p>
   </div>
   <div class='ocr_carea' id='block_1_11' title="bbox 491 1239 2065 1317">
    <p class='ocr_par' dir='ltr' id='par_1_11' title="bbox 491 1239 2065 1317">
     <span class='ocr_line' id='line_1_11' title="bbox 491 1239 2065 1317; baseline -0.01 -7"><span class='ocrx_word' id='word_1_50' title='bbox 491 1255 689 1311; x_wconf 89' lang='lat' dir='ltr'><strong>domno</strong></span> <span class='ocrx_word' id='word_1_51' title='bbox 719 1260 902 1307; x_wconf 91' lang='lat' dir='ltr'><strong>nostro</strong></span> <span class='ocrx_word' id='word_1_52' title='bbox 924 1246 1236 1317; x_wconf 79' lang='lat' dir='ltr'><strong>Liutprand,</strong></span> <span class='ocrx_word' id='word_1_53' title='bbox 1266 1258 1406 1297; x_wconf 88' lang='lat' dir='ltr'><strong>anno</strong></span> <span class='ocrx_word' id='word_1_54' title='bbox 1436 1242 1724 1297; x_wconf 79' lang='lat' dir='ltr'><strong>felicissimi</strong></span> <span class='ocrx_word' id='word_1_55' title='bbox 1756 1240 1905 1309; x_wconf 84' lang='lat' dir='ltr'><strong>regni</strong></span> <span class='ocrx_word' id='word_1_56' title='bbox 1937 1239 2065 1310; x_wconf 77' lang='lat' dir='ltr'><strong>eius</strong></span> 
     </span>
    </p>
   </div>
   <div class='ocr_carea' id='block_1_12' title="bbox 500 1331 2074 1411">
    <p class='ocr_par' dir='ltr' id='par_1_12' title="bbox 500 1331 2074 1411">
     <span class='ocr_line' id='line_1_12' title="bbox 500 1331 2074 1411; baseline -0.01 -11"><span class='ocrx_word' id='word_1_57' title='bbox 500 1344 885 1407; x_wconf 78' lang='lat' dir='ltr'><strong>scstodecimo,</strong></span> <span class='ocrx_word' id='word_1_58' title='bbox 911 1358 1003 1411; x_wconf 88' lang='lat' dir='ltr'><strong>per</strong></span> <span class='ocrx_word' id='word_1_59' title='bbox 1030 1338 1319 1395; x_wconf 45' lang='lat' dir='ltr'><strong>indictione</strong></span> <span class='ocrx_word' id='word_1_60' title='bbox 1345 1335 1623 1391; x_wconf 87' lang='lat' dir='ltr'><strong>undecima</strong></span> <span class='ocrx_word' id='word_1_61' title='bbox 1651 1333 1895 1388; x_wconf 77' lang='lat' dir='ltr'><strong>feliciter.</strong></span> <span class='ocrx_word' id='word_1_62' title='bbox 1928 1331 2074 1386; x_wconf 84' lang='lat' dir='ltr'><strong>Rad—</strong></span> 
     </span>
    </p>
   </div>
   <div class='ocr_carea' id='block_1_13' title="bbox 491 1424 2073 1500">
    <p class='ocr_par' dir='ltr' id='par_1_13' title="bbox 491 1424 2073 1500">
     <span class='ocr_line' id='line_1_13' title="bbox 491 1424 2073 1500; baseline -0.01 -6"><span class='ocrx_word' id='word_1_63' title='bbox 491 1438 609 1494; x_wconf 87' lang='lat' dir='ltr'><strong>cbis</strong></span> <span class='ocrx_word' id='word_1_64' title='bbox 632 1435 955 1492; x_wconf 84' lang='lat' dir='ltr'><strong>venerabilis</strong></span> <span class='ocrx_word' id='word_1_65' title='bbox 984 1432 1148 1486; x_wconf 87' lang='lat' dir='ltr'><strong>abbas</strong></span> <span class='ocrx_word' id='word_1_66' title='bbox 1179 1428 1442 1500; x_wconf 84' lang='lat' dir='ltr'><strong>presbiter</strong></span> <span class='ocrx_word' id='word_1_67' title='bbox 1471 1426 1562 1481; x_wconf 89' lang='lat' dir='ltr'><strong>tibi</strong></span> <span class='ocrx_word' id='word_1_68' title='bbox 1594 1424 1903 1480; x_wconf 82' lang='lat' dir='ltr'><strong>dulcissimo</strong></span> <span class='ocrx_word' id='word_1_69' title='bbox 1933 1431 1988 1478; x_wconf 89' lang='lat' dir='ltr'><strong>et</strong></span> <span class='ocrx_word' id='word_1_70' title='bbox 2022 1424 2073 1478; x_wconf 90' lang='lat' dir='ltr'><strong>in</strong></span> 
     </span>
    </p>
   </div>
   <div class='ocr_carea' id='block_1_14' title="bbox 490 1519 2072 1595">
    <p class='ocr_par' dir='ltr' id='par_1_14' title="bbox 490 1519 2072 1595">
     <span class='ocr_line' id='line_1_14' title="bbox 490 1519 2072 1595; baseline -0.008 -11"><span class='ocrx_word' id='word_1_71' title='bbox 490 1530 706 1585; x_wconf 87' lang='lat' dir='ltr'><strong>Christo</strong></span> <span class='ocrx_word' id='word_1_72' title='bbox 734 1528 845 1583; x_wconf 87' lang='lat' dir='ltr'><strong>filio</strong></span> <span class='ocrx_word' id='word_1_73' title='bbox 867 1523 1176 1595; x_wconf 85' lang='lat' dir='ltr'><strong>Waltprand</strong></span> <span class='ocrx_word' id='word_1_74' title='bbox 1203 1524 1431 1578; x_wconf 87' lang='lat' dir='ltr'><strong>clericus</strong></span> <span class='ocrx_word' id='word_1_75' title='bbox 1458 1520 1565 1574; x_wconf 90' lang='lat' dir='ltr'><strong>filio</strong></span> <span class='ocrx_word' id='word_1_76' title='bbox 1591 1519 1773 1574; x_wconf 88' lang='lat' dir='ltr'><strong>domui</strong></span> <span class='ocrx_word' id='word_1_77' title='bbox 1796 1519 2072 1587; x_wconf 87' lang='lat' dir='ltr'><strong>Waltpert</strong></span> 
     </span>
    </p>
   </div>
   <div class='ocr_carea' id='block_1_15' title="bbox 489 1612 2074 1690">
    <p class='ocr_par' dir='ltr' id='par_1_15' title="bbox 489 1612 2074 1690">
     <span class='ocr_line' id='line_1_15' title="bbox 489 1612 2074 1690; baseline -0.006 -15"><span class='ocrx_word' id='word_1_78' title='bbox 489 1622 721 1690; x_wconf 63' lang='lat' dir='ltr'><strong>glorioso</strong></span> <span class='ocrx_word' id='word_1_79' title='bbox 752 1620 871 1674; x_wconf 88' lang='lat' dir='ltr'><strong>duci</strong></span> <span class='ocrx_word' id='word_1_80' title='bbox 903 1619 1151 1673; x_wconf 82' lang='lat' dir='ltr'><strong>salutem.</strong></span> <span class='ocrx_word' id='word_1_81' title='bbox 1191 1615 1528 1671; x_wconf 79' lang='lat' dir='ltr'><strong>Manifestum</strong></span> <span class='ocrx_word' id='word_1_82' title='bbox 1559 1615 1689 1668; x_wconf 88' lang='lat' dir='ltr'><strong>mihi</strong></span> <span class='ocrx_word' id='word_1_83' title='bbox 1717 1623 1819 1679; x_wconf 90' lang='lat' dir='ltr'><strong>est,</strong></span> <span class='ocrx_word' id='word_1_84' title='bbox 1849 1622 1905 1667; x_wconf 89' lang='lat' dir='ltr'><strong>et</strong></span> <span class='ocrx_word' id='word_1_85' title='bbox 1935 1612 2074 1666; x_wconf 82' lang='lat' dir='ltr'><strong>mul-</strong></span> 
     </span>
    </p>
   </div>
   <div class='ocr_carea' id='block_1_16' title="bbox 490 1704 2073 1779">
    <p class='ocr_par' dir='ltr' id='par_1_16' title="bbox 490 1704 2073 1779">
     <span class='ocr_line' id='line_1_16' title="bbox 490 1704 2073 1779; baseline -0.007 -12"><span class='ocrx_word' id='word_1_86' title='bbox 490 1724 662 1767; x_wconf 80' lang='lat' dir='ltr'><strong>torum</strong></span> <span class='ocrx_word' id='word_1_87' title='bbox 705 1712 946 1774; x_wconf 85' lang='lat' dir='ltr'><strong>claruet,</strong></span> <span class='ocrx_word' id='word_1_88' title='bbox 996 1713 1139 1779; x_wconf 79' lang='lat' dir='ltr'><strong>quin</strong></span> <span class='ocrx_word' id='word_1_89' title='bbox 1187 1724 1287 1779; x_wconf 81' lang='lat' dir='ltr'><strong>ego</strong></span> <span class='ocrx_word' id='word_1_90' title='bbox 1338 1706 1570 1761; x_wconf 76' lang='lat' dir='ltr'><strong>[tadehis</strong></span> <span class='ocrx_word' id='word_1_91' title='bbox 1616 1720 1721 1759; x_wconf 83' lang='lat' dir='ltr'><strong>una</strong></span> <span class='ocrx_word' id='word_1_92' title='bbox 1764 1720 1883 1759; x_wconf 90' lang='lat' dir='ltr'><strong>cum</strong></span> <span class='ocrx_word' id='word_1_93' title='bbox 1934 1704 2073 1757; x_wconf 78' lang='lat' dir='ltr'><strong>bona</strong></span> 
     </span>
    </p>
   </div>
   <div class='ocr_carea' id='block_1_17' title="bbox 490 1796 2072 1870">
    <p class='ocr_par' dir='ltr' id='par_1_17' title="bbox 490 1796 2072 1870">
     <span class='ocr_line' id='line_1_17' title="bbox 490 1796 2072 1870; baseline -0.007 -10"><span class='ocrx_word' id='word_1_94' title='bbox 490 1805 749 1860; x_wconf 73' lang='lat' dir='ltr'><strong>memorie</strong></span> <span class='ocrx_word' id='word_1_95' title='bbox 774 1802 1033 1857; x_wconf 82' lang='lat' dir='ltr'><strong>Ansefred</strong></span> <span class='ocrx_word' id='word_1_96' title='bbox 1060 1816 1347 1870; x_wconf 84' lang='lat' dir='ltr'><strong>germanus</strong></span> <span class='ocrx_word' id='word_1_97' title='bbox 1374 1814 1525 1853; x_wconf 87' lang='lat' dir='ltr'><strong>meus</strong></span> <span class='ocrx_word' id='word_1_98' title='bbox 1557 1798 1880 1852; x_wconf 85' lang='lat' dir='ltr'><strong>monasterio</strong></span> <span class='ocrx_word' id='word_1_99' title='bbox 1903 1796 2072 1849; x_wconf 83' lang='lat' dir='ltr'><strong>sancti</strong></span> 
     </span>
    </p>
   </div>
   <div class='ocr_carea' id='block_1_18' title="bbox 490 1887 2073 1975">
    <p class='ocr_par' dir='ltr' id='par_1_18' title="bbox 490 1887 2073 1975">
     <span class='ocr_line' id='line_1_18' title="bbox 490 1887 2073 1975; baseline -0.008 -22"><span class='ocrx_word' id='word_1_100' title='bbox 490 1899 761 1975; x_wconf 77' lang='lat' dir='ltr'><strong>Michaelis</strong></span> <span class='ocrx_word' id='word_1_101' title='bbox 788 1912 816 1949; x_wconf 94' lang='lat' dir='ltr'><strong>a</strong></span> <span class='ocrx_word' id='word_1_102' title='bbox 847 1895 1193 1950; x_wconf 85' lang='lat' dir='ltr'><strong>fundamenta</strong></span> <span class='ocrx_word' id='word_1_103' title='bbox 1228 1893 1480 1947; x_wconf 79' lang='lat' dir='ltr'><strong>ediﬁcare</strong></span> <span class='ocrx_word' id='word_1_104' title='bbox 1507 1891 1605 1944; x_wconf 82' lang='lat' dir='ltr'><strong>visi</strong></span> <span class='ocrx_word' id='word_1_105' title='bbox 1651 1904 1835 1944; x_wconf 88' lang='lat' dir='ltr'><strong>sumus</strong></span> <span class='ocrx_word' id='word_1_106' title='bbox 1884 1888 1972 1942; x_wconf 78' lang='lat' dir='ltr'><strong>hic</strong></span> <span class='ocrx_word' id='word_1_107' title='bbox 2022 1887 2073 1940; x_wconf 89' lang='lat' dir='ltr'><strong>in</strong></span> 
     </span>
    </p>
   </div>
   <div class='ocr_carea' id='block_1_19' title="bbox 492 1983 2073 2058">
    <p class='ocr_par' dir='ltr' id='par_1_19' title="bbox 492 1983 2073 2058">
     <span class='ocr_line' id='line_1_19' title="bbox 492 1983 2073 2058; baseline -0.008 -15"><span class='ocrx_word' id='word_1_108' title='bbox 492 1992 631 2058; x_wconf 91' lang='lat' dir='ltr'><strong>loco,</strong></span> <span class='ocrx_word' id='word_1_109' title='bbox 654 1990 737 2043; x_wconf 91' lang='lat' dir='ltr'><strong>cni</strong></span> <span class='ocrx_word' id='word_1_110' title='bbox 763 1989 1074 2042; x_wconf 82' lang='lat' dir='ltr'><strong>vocabulum</strong></span> <span class='ocrx_word' id='word_1_111' title='bbox 1101 1998 1187 2041; x_wconf 83' lang='lat' dir='ltr'><strong>est</strong></span> <span class='ocrx_word' id='word_1_112' title='bbox 1209 1987 1523 2054; x_wconf 74' lang='lat' dir='ltr'><strong>Apuniauo;</strong></span> <span class='ocrx_word' id='word_1_113' title='bbox 1556 1991 1609 2038; x_wconf 90' lang='lat' dir='ltr'><strong>et</strong></span> <span class='ocrx_word' id='word_1_114' title='bbox 1634 1983 1861 2052; x_wconf 78' lang='lat' dir='ltr'><strong>qualiter</strong></span> <span class='ocrx_word' id='word_1_115' title='bbox 1884 1994 2073 2047; x_wconf 82' lang='lat' dir='ltr'><strong>supra-</strong></span> 
     </span>
    </p>
   </div>
   <div class='ocr_carea' id='block_1_20' title="bbox 487 2070 2074 2149">
    <p class='ocr_par' dir='ltr' id='par_1_20' title="bbox 487 2070 2074 2149">
     <span class='ocr_line' id='line_1_20' title="bbox 487 2070 2074 2149; baseline -0.008 -14"><span class='ocrx_word' id='word_1_116' title='bbox 487 2083 717 2149; x_wconf 89' lang='lat' dir='ltr'><strong>scriptus</strong></span> <span class='ocrx_word' id='word_1_117' title='bbox 747 2079 970 2133; x_wconf 85' lang='lat' dir='ltr'><strong>Ansfred</strong></span> <span class='ocrx_word' id='word_1_118' title='bbox 1016 2092 1307 2146; x_wconf 84' lang='lat' dir='ltr'><strong>germanus</strong></span> <span class='ocrx_word' id='word_1_119' title='bbox 1343 2091 1493 2130; x_wconf 89' lang='lat' dir='ltr'><strong>mens</strong></span> <span class='ocrx_word' id='word_1_120' title='bbox 1524 2074 1869 2128; x_wconf 88' lang='lat' dir='ltr'><strong>medietatem</strong></span> <span class='ocrx_word' id='word_1_121' title='bbox 1902 2070 2074 2123; x_wconf 47' lang='lat' dir='ltr'><strong>omni‘</strong></span> 
     </span>
    </p>
   </div>
   <div class='ocr_carea' id='block_1_21' title="bbox 489 2160 2072 2232">
    <p class='ocr_par' dir='ltr' id='par_1_21' title="bbox 489 2160 2072 2232">
     <span class='ocr_line' id='line_1_21' title="bbox 489 2160 2072 2232; baseline -0.008 -7"><span class='ocrx_word' id='word_1_122' title='bbox 489 2174 591 2225; x_wconf 89' lang='lat' dir='ltr'><strong>hus</strong></span> <span class='ocrx_word' id='word_1_123' title='bbox 630 2169 789 2224; x_wconf 89' lang='lat' dir='ltr'><strong>rebus</strong></span> <span class='ocrx_word' id='word_1_124' title='bbox 832 2168 1130 2223; x_wconf 85' lang='lat' dir='ltr'><strong>substantie</strong></span> <span class='ocrx_word' id='word_1_125' title='bbox 1170 2182 1265 2221; x_wconf 90' lang='lat' dir='ltr'><strong>sue</strong></span> <span class='ocrx_word' id='word_1_126' title='bbox 1319 2166 1513 2219; x_wconf 86' lang='lat' dir='ltr'><strong>ividem</strong></span> <span class='ocrx_word' id='word_1_127' title='bbox 1566 2179 1659 2232; x_wconf 81' lang='lat' dir='ltr'><strong>per</strong></span> <span class='ocrx_word' id='word_1_128' title='bbox 1701 2163 1841 2215; x_wconf 89' lang='lat' dir='ltr'><strong>dotis</strong></span> <span class='ocrx_word' id='word_1_129' title='bbox 1884 2160 2072 2229; x_wconf 80' lang='lat' dir='ltr'><strong>pagina</strong></span> 
     </span>
    </p>
   </div>
   <div class='ocr_carea' id='block_1_22' title="bbox 487 2252 2073 2325">
    <p class='ocr_par' dir='ltr' id='par_1_22' title="bbox 487 2252 2073 2325">
     <span class='ocr_line' id='line_1_22' title="bbox 487 2252 2073 2325; baseline -0.009 -9"><span class='ocrx_word' id='word_1_130' title='bbox 487 2261 747 2325; x_wconf 89' lang='lat' dir='ltr'><strong>euntulit,</strong></span> <span class='ocrx_word' id='word_1_131' title='bbox 801 2260 955 2314; x_wconf 89' lang='lat' dir='ltr'><strong>simol</strong></span> <span class='ocrx_word' id='word_1_132' title='bbox 999 2267 1055 2313; x_wconf 88' lang='lat' dir='ltr'><strong>et</strong></span> <span class='ocrx_word' id='word_1_133' title='bbox 1100 2274 1199 2325; x_wconf 85' lang='lat' dir='ltr'><strong>ego</strong></span> <span class='ocrx_word' id='word_1_134' title='bbox 1246 2264 1577 2311; x_wconf 87' lang='lat' dir='ltr'><strong>memoratus</strong></span> <span class='ocrx_word' id='word_1_135' title='bbox 1620 2252 1854 2306; x_wconf 81' lang='lat' dir='ltr'><strong>Radchis</strong></span> <span class='ocrx_word' id='word_1_136' title='bbox 1899 2265 2073 2303; x_wconf 88' lang='lat' dir='ltr'><strong>meam</strong></span> 
     </span>
    </p>
   </div>
   <div class='ocr_carea' id='block_1_23' title="bbox 487 2341 2071 2423">
    <p class='ocr_par' dir='ltr' id='par_1_23' title="bbox 487 2341 2071 2423">
     <span class='ocr_line' id='line_1_23' title="bbox 487 2341 2071 2423; baseline -0.01 -14"><span class='ocrx_word' id='word_1_137' title='bbox 487 2364 637 2423; x_wconf 87' lang='lat' dir='ltr'><strong>parte</strong></span> <span class='ocrx_word' id='word_1_138' title='bbox 679 2354 728 2407; x_wconf 93' lang='lat' dir='ltr'><strong>in</strong></span> <span class='ocrx_word' id='word_1_139' title='bbox 772 2354 979 2421; x_wconf 83' lang='lat' dir='ltr'><strong>integro</strong></span> <span class='ocrx_word' id='word_1_140' title='bbox 1024 2350 1161 2404; x_wconf 90' lang='lat' dir='ltr'><strong>idem</strong></span> <span class='ocrx_word' id='word_1_141' title='bbox 1215 2365 1309 2417; x_wconf 89' lang='lat' dir='ltr'><strong>per</strong></span> <span class='ocrx_word' id='word_1_142' title='bbox 1341 2347 1611 2415; x_wconf 87' lang='lat' dir='ltr'><strong>predictas</strong></span> <span class='ocrx_word' id='word_1_143' title='bbox 1641 2344 1782 2398; x_wconf 88' lang='lat' dir='ltr'><strong>dotis</strong></span> <span class='ocrx_word' id='word_1_144' title='bbox 1827 2341 2071 2396; x_wconf 85' lang='lat' dir='ltr'><strong>fermavi.</strong></span> 
     </span>
    </p>
   </div>
   <div class='ocr_carea' id='block_1_24' title="bbox 488 2430 2073 2509">
    <p class='ocr_par' dir='ltr' id='par_1_24' title="bbox 488 2430 2073 2509">
     <span class='ocr_line' id='line_1_24' title="bbox 488 2430 2073 2509; baseline -0.009 -9"><span class='ocrx_word' id='word_1_145' title='bbox 488 2446 635 2500; x_wconf 83' lang='lat' dir='ltr'><strong>Nunc</strong></span> <span class='ocrx_word' id='word_1_146' title='bbox 659 2459 788 2499; x_wconf 90' lang='lat' dir='ltr'><strong>vero</strong></span> <span class='ocrx_word' id='word_1_147' title='bbox 815 2444 1021 2497; x_wconf 88' lang='lat' dir='ltr'><strong>recolor</strong></span> <span class='ocrx_word' id='word_1_148' title='bbox 1047 2457 1147 2509; x_wconf 87' lang='lat' dir='ltr'><strong>ego</strong></span> <span class='ocrx_word' id='word_1_149' title='bbox 1180 2440 1317 2492; x_wconf 89' lang='lat' dir='ltr'><strong>hanc</strong></span> <span class='ocrx_word' id='word_1_150' title='bbox 1348 2437 1584 2490; x_wconf 76' lang='lat' dir='ltr'><strong>ltadchis</strong></span> <span class='ocrx_word' id='word_1_151' title='bbox 1612 2434 1872 2505; x_wconf 79' lang='lat' dir='ltr'><strong>fragilitas</strong></span> <span class='ocrx_word' id='word_1_152' title='bbox 1904 2430 2073 2486; x_wconf 89' lang='lat' dir='ltr'><strong>seculi</strong></span> 
     </span>
    </p>
   </div>
   <div class='ocr_carea' id='block_1_25' title="bbox 488 2526 2072 2599">
    <p class='ocr_par' dir='ltr' id='par_1_25' title="bbox 488 2526 2072 2599">
     <span class='ocr_line' id='line_1_25' title="bbox 488 2526 2072 2599; baseline -0.01 -6"><span class='ocrx_word' id='word_1_153' title='bbox 488 2541 643 2594; x_wconf 86' lang='lat' dir='ltr'><strong>istius</strong></span> <span class='ocrx_word' id='word_1_154' title='bbox 671 2554 683 2590; x_wconf 93' lang='lat'><strong>:</strong></span> <span class='ocrx_word' id='word_1_155' title='bbox 727 2537 847 2591; x_wconf 89' lang='lat' dir='ltr'><strong>ideo</strong></span> <span class='ocrx_word' id='word_1_156' title='bbox 879 2537 1013 2588; x_wconf 84' lang='lat' dir='ltr'><strong>bona</strong></span> <span class='ocrx_word' id='word_1_157' title='bbox 1047 2542 1277 2587; x_wconf 90' lang='lat' dir='ltr'><strong>mentem</strong></span> <span class='ocrx_word' id='word_1_158' title='bbox 1322 2542 1378 2585; x_wconf 89' lang='lat' dir='ltr'><strong>et</strong></span> <span class='ocrx_word' id='word_1_159' title='bbox 1418 2541 1712 2599; x_wconf 74' lang='lat' dir='ltr'><strong>spontaneo</strong></span> <span class='ocrx_word' id='word_1_160' title='bbox 1743 2526 2072 2579; x_wconf 83' lang='lat' dir='ltr'><strong>voluntatem</strong></span> 
     </span>
    </p>
   </div>
   <div class='ocr_carea' id='block_1_26' title="bbox 487 2613 2074 2697">
    <p class='ocr_par' dir='ltr' id='par_1_26' title="bbox 487 2613 2074 2697">
     <span class='ocr_line' id='line_1_26' title="bbox 487 2613 2074 2697; baseline -0.009 -16"><span class='ocrx_word' id='word_1_161' title='bbox 487 2629 610 2681; x_wconf 60' lang='lat' dir='ltr'><strong>vnio</strong></span> <span class='ocrx_word' id='word_1_162' title='bbox 656 2628 827 2697; x_wconf 86' lang='lat' dir='ltr'><strong>adque</strong></span> <span class='ocrx_word' id='word_1_163' title='bbox 871 2627 1148 2690; x_wconf 84' lang='lat' dir='ltr'><strong>decerno,</strong></span> <span class='ocrx_word' id='word_1_164' title='bbox 1204 2631 1261 2675; x_wconf 89' lang='lat' dir='ltr'><strong>ut</strong></span> <span class='ocrx_word' id='word_1_165' title='bbox 1308 2632 1362 2675; x_wconf 92' lang='lat' dir='ltr'><strong>tu</strong></span> <span class='ocrx_word' id='word_1_166' title='bbox 1417 2620 1719 2673; x_wconf 54' lang='lat' dir='ltr'><strong>numinatus</strong></span> <span class='ocrx_word' id='word_1_167' title='bbox 1751 2613 2074 2682; x_wconf 87' lang='lat' dir='ltr'><strong>Waltprand</strong></span> 
     </span>
    </p>
   </div>
   <div class='ocr_carea' id='block_1_27' title="bbox 491 2704 2073 2788">
    <p class='ocr_par' dir='ltr' id='par_1_27' title="bbox 491 2704 2073 2788">
     <span class='ocr_line' id='line_1_27' title="bbox 491 2704 2073 2788; baseline -0.01 -14"><span class='ocrx_word' id='word_1_168' title='bbox 491 2722 609 2788; x_wconf 86' lang='lat' dir='ltr'><strong>ipso</strong></span> <span class='ocrx_word' id='word_1_169' title='bbox 631 2732 816 2772; x_wconf 81' lang='lat' dir='ltr'><strong>saneto</strong></span> <span class='ocrx_word' id='word_1_170' title='bbox 843 2719 934 2771; x_wconf 85' lang='lat' dir='ltr'><strong>Dei</strong></span> <span class='ocrx_word' id='word_1_171' title='bbox 962 2713 1288 2769; x_wconf 83' lang='lat' dir='ltr'><strong>monasterio</strong></span> <span class='ocrx_word' id='word_1_172' title='bbox 1313 2713 1450 2767; x_wconf 87' lang='lat' dir='ltr'><strong>beati</strong></span> <span class='ocrx_word' id='word_1_173' title='bbox 1477 2708 1721 2766; x_wconf 77' lang='lat' dir='ltr'><strong>Michaeli</strong></span> <span class='ocrx_word' id='word_1_174' title='bbox 1749 2722 1869 2762; x_wconf 88' lang='lat' dir='ltr'><strong>cum</strong></span> <span class='ocrx_word' id='word_1_175' title='bbox 1896 2704 2073 2758; x_wconf 78' lang='lat' dir='ltr'><strong>ntttnia</strong></span> 
     </span>
    </p>
   </div>
   <div class='ocr_carea' id='block_1_28' title="bbox 493 2798 2072 2876">
    <p class='ocr_par' dir='ltr' id='par_1_28' title="bbox 493 2798 2072 2876">
     <span class='ocr_line' id='line_1_28' title="bbox 493 2798 2072 2876; baseline -0.012 -10"><span class='ocrx_word' id='word_1_176' title='bbox 493 2821 545 2866; x_wconf 81' lang='lat' dir='ltr'><strong>ei</strong></span> <span class='ocrx_word' id='word_1_177' title='bbox 578 2813 629 2865; x_wconf 87' lang='lat' dir='ltr'><strong>in</strong></span> <span class='ocrx_word' id='word_1_178' title='bbox 654 2810 903 2865; x_wconf 87' lang='lat' dir='ltr'><strong>omnibus</strong></span> <span class='ocrx_word' id='word_1_179' title='bbox 931 2809 1121 2862; x_wconf 90' lang='lat' dir='ltr'><strong>ividetn</strong></span> <span class='ocrx_word' id='word_1_180' title='bbox 1150 2814 1520 2876; x_wconf 84' lang='lat' dir='ltr'><strong>pertencntcnt</strong></span> <span class='ocrx_word' id='word_1_181' title='bbox 1551 2804 1614 2855; x_wconf 88' lang='lat' dir='ltr'><strong>ad</strong></span> <span class='ocrx_word' id='word_1_182' title='bbox 1640 2798 2072 2870; x_wconf 87' lang='lat' dir='ltr'><strong>gubernandum,</strong></span> 
     </span>
    </p>
   </div>
   <div class='ocr_carea' id='block_1_29' title="bbox 491 2891 2076 2974">
    <p class='ocr_par' dir='ltr' id='par_1_29' title="bbox 491 2891 2076 2974">
     <span class='ocr_line' id='line_1_29' title="bbox 491 2891 2076 2974; baseline -0.011 -17"><span class='ocrx_word' id='word_1_183' title='bbox 491 2916 544 2958; x_wconf 74' lang='grc' dir='ltr'><strong>στι</strong></span> <span class='ocrx_word' id='word_1_184' title='bbox 576 2906 807 2974; x_wconf 82' lang='lat' dir='ltr'><strong>regendo</strong></span> <span class='ocrx_word' id='word_1_185' title='bbox 843 2904 893 2954; x_wconf 88' lang='lat' dir='ltr'><strong>in</strong></span> <span class='ocrx_word' id='word_1_186' title='bbox 924 2910 1012 2953; x_wconf 89' lang='lat' dir='ltr'><strong>tua</strong></span> <span class='ocrx_word' id='word_1_187' title='bbox 1042 2899 1124 2953; x_wconf 86' lang='lat' dir='ltr'><strong>sid</strong></span> <span class='ocrx_word' id='word_1_188' title='bbox 1160 2906 1500 2966; x_wconf 87' lang='lat' dir='ltr'><strong>potestatem,</strong></span> <span class='ocrx_word' id='word_1_189' title='bbox 1534 2901 1796 2961; x_wconf 83' lang='lat' dir='ltr'><strong>quatenus</strong></span> <span class='ocrx_word' id='word_1_190' title='bbox 1822 2891 1885 2943; x_wconf 85' lang='lat' dir='ltr'><strong>ad</strong></span> <span class='ocrx_word' id='word_1_191' title='bbox 1920 2898 1994 2952; x_wconf 88' lang='lat' dir='ltr'><strong>te,</strong></span> <span class='ocrx_word' id='word_1_192' title='bbox 2018 2895 2076 2940; x_wconf 83' lang='lat' dir='ltr'><strong>et</strong></span> 
     </span>
    </p>
   </div>
   <div class='ocr_carea' id='block_1_30' title="bbox 494 2978 2074 3065">
    <p class='ocr_par' dir='ltr' id='par_1_30' title="bbox 494 2978 2074 3065">
     <span class='ocr_line' id='line_1_30' title="bbox 494 2978 2074 3065; baseline -0.011 -16"><span class='ocrx_word' id='word_1_193' title='bbox 494 2997 806 3065; x_wconf 83' lang='lat' dir='ltr'><strong>parentibus</strong></span> <span class='ocrx_word' id='word_1_194' title='bbox 851 2995 954 3046; x_wconf 91' lang='lat' dir='ltr'><strong>tuis</strong></span> <span class='ocrx_word' id='word_1_195' title='bbox 992 2984 1137 3045; x_wconf 69' lang='lat' dir='ltr'><strong>omni</strong></span> <span class='ocrx_word' id='word_1_196' title='bbox 1181 3002 1421 3057; x_wconf 88' lang='lat' dir='ltr'><strong>tempore</strong></span> <span class='ocrx_word' id='word_1_197' title='bbox 1462 2989 1573 3055; x_wconf 82' lang='lat' dir='ltr'><strong>ipse</strong></span> <span class='ocrx_word' id='word_1_198' title='bbox 1605 2982 1927 3038; x_wconf 82' lang='lat' dir='ltr'><strong>venerabilis</strong></span> <span class='ocrx_word' id='word_1_199' title='bbox 1978 2978 2074 3033; x_wconf 78' lang='lat' dir='ltr'><strong>Dei</strong></span> 
     </span>
    </p>
   </div>
   <div class='ocr_carea' id='block_1_31' title="bbox 1666 290 2547 355">
    <p class='ocr_par' dir='ltr' id='par_1_31' title="bbox 1666 290 2547 355">
     <span class='ocr_line' id='line_1_31' title="bbox 1666 290 2547 355; baseline -0.005 0"><span class='ocrx_word' id='word_1_200' title='bbox 1666 290 2271 354; x_wconf 70' lang='lat' dir='ltr'><strong>LANCOBARDORUM</strong></span> <span class='ocrx_word' id='word_1_201' title='bbox 2313 295 2547 355; x_wconf 73' lang='lat' dir='ltr'><strong>REGUM</strong></span> 
     </span>
    </p>
   </div>
   <div class='ocr_carea' id='block_1_32' title="bbox 3616 303 3748 360">
    <p class='ocr_par' dir='ltr' id='par_1_32' title="bbox 3616 303 3748 360">
     <span class='ocr_line' id='line_1_32' title="bbox 3616 303 3748 360; baseline -0.023 0"><span class='ocrx_word' id='word_1_202' title='bbox 3616 303 3748 360; x_wconf 67' lang='lat' dir='ltr'><strong>i372</strong></span> 
     </span>
    </p>
   </div>
   <div class='ocr_carea' id='block_1_33' title="bbox 2100 406 3743 486">
    <p class='ocr_par' dir='ltr' id='par_1_33' title="bbox 2100 406 3743 486">
     <span class='ocr_line' id='line_1_33' title="bbox 2100 406 3743 486; baseline 0.007 -21"><span class='ocrx_word' id='word_1_203' title='bbox 2100 406 2152 465; x_wconf 79' lang='grc' dir='ltr'><strong>Δ</strong></span> <span class='ocrx_word' id='word_1_204' title='bbox 2249 410 2436 464; x_wconf 80' lang='lat' dir='ltr'><strong>Actum</strong></span> <span class='ocrx_word' id='word_1_205' title='bbox 2476 409 2529 466; x_wconf 87' lang='lat' dir='ltr'><strong>in</strong></span> <span class='ocrx_word' id='word_1_206' title='bbox 2567 410 2933 480; x_wconf 86' lang='lat' dir='ltr'><strong>suprascripto</strong></span> <span class='ocrx_word' id='word_1_207' title='bbox 2962 411 3080 468; x_wconf 88' lang='lat' dir='ltr'><strong>loco</strong></span> <span class='ocrx_word' id='word_1_208' title='bbox 3108 412 3412 484; x_wconf 80' lang='lat' dir='ltr'><strong>Aponiano,</strong></span> <span class='ocrx_word' id='word_1_209' title='bbox 3442 429 3660 486; x_wconf 81' lang='lat' dir='ltr'><strong>regnum</strong></span> <span class='ocrx_word' id='word_1_210' title='bbox 3686 432 3743 476; x_wconf 86' lang='lat' dir='ltr'><strong>et</strong></span> 
     </span>
    </p>
   </div>
   <div class='ocr_carea' id='block_1_34' title="bbox 2180 500 3126 574">
    <p class='ocr_par' dir='ltr' id='par_1_34' title="bbox 2180 500 3126 574">
     <span class='ocr_line' id='line_1_34' title="bbox 2180 500 3126 574; baseline 0.008 -20"><span class='ocrx_word' id='word_1_211' title='bbox 2180 500 2468 557; x_wconf 77' lang='lat' dir='ltr'><strong>indictione</strong></span> <span class='ocrx_word' id='word_1_212' title='bbox 2490 505 2851 574; x_wconf 88' lang='lat' dir='ltr'><strong>suprascripta</strong></span> <span class='ocrx_word' id='word_1_213' title='bbox 2880 505 3126 563; x_wconf 81' lang='lat' dir='ltr'><strong>feliciter.</strong></span> 
     </span>
    </p>
   </div>
   <div class='ocr_carea' id='block_1_35' title="bbox 2249 592 3747 675">
    <p class='ocr_par' dir='ltr' id='par_1_35' title="bbox 2249 592 3747 675">
     <span class='ocr_line' id='line_1_35' title="bbox 2249 592 3747 675; baseline 0.011 -29"><span class='ocrx_word' id='word_1_214' title='bbox 2249 592 2292 664; x_wconf 61' lang='grc' dir='ltr'><strong><em>τ</em></strong></span> <span class='ocrx_word' id='word_1_215' title='bbox 2315 594 2535 663; x_wconf 80' lang='lat' dir='ltr'><strong>Signum</strong></span> <span class='ocrx_word' id='word_1_216' title='bbox 2568 612 2757 653; x_wconf 87' lang='lat' dir='ltr'><strong>manus</strong></span> <span class='ocrx_word' id='word_1_217' title='bbox 2789 597 3023 656; x_wconf 81' lang='lat' dir='ltr'><strong>Radchis</strong></span> <span class='ocrx_word' id='word_1_218' title='bbox 3050 602 3371 656; x_wconf 86' lang='lat' dir='ltr'><strong>veneravilis</strong></span> <span class='ocrx_word' id='word_1_219' title='bbox 3406 604 3573 660; x_wconf 86' lang='lat' dir='ltr'><strong>abbas</strong></span> <span class='ocrx_word' id='word_1_220' title='bbox 3602 622 3747 675; x_wconf 82' lang='lat' dir='ltr'><strong>pres-</strong></span> 
     </span>
    </p>
   </div>
   <div class='ocr_carea' id='block_1_36' title="bbox 2178 684 3575 765">
    <p class='ocr_par' dir='ltr' id='par_1_36' title="bbox 2178 684 3575 765">
     <span class='ocr_line' id='line_1_36' title="bbox 2178 684 3575 765; baseline 0.006 -24"><span class='ocrx_word' id='word_1_221' title='bbox 2178 684 2314 741; x_wconf 88' lang='lat' dir='ltr'><strong>biter</strong></span> <span class='ocrx_word' id='word_1_222' title='bbox 2338 688 2425 755; x_wconf 83' lang='lat' dir='ltr'><strong>qui</strong></span> <span class='ocrx_word' id='word_1_223' title='bbox 2456 687 2571 755; x_wconf 89' lang='lat' dir='ltr'><strong>ipso</strong></span> <span class='ocrx_word' id='word_1_224' title='bbox 2597 688 2873 745; x_wconf 83' lang='lat' dir='ltr'><strong>firmitatis</strong></span> <span class='ocrx_word' id='word_1_225' title='bbox 2903 693 3171 746; x_wconf 90' lang='lat' dir='ltr'><strong>monimen</strong></span> <span class='ocrx_word' id='word_1_226' title='bbox 3204 693 3321 748; x_wconf 84' lang='lat' dir='ltr'><strong>fieri</strong></span> <span class='ocrx_word' id='word_1_227' title='bbox 3353 696 3575 765; x_wconf 86' lang='lat' dir='ltr'><strong>rogavit.</strong></span> 
     </span>
    </p>
   </div>
   <div class='ocr_carea' id='block_1_37' title="bbox 2250 777 3749 851">
    <p class='ocr_par' dir='ltr' id='par_1_37' title="bbox 2250 777 3749 851">
     <span class='ocr_line' id='line_1_37' title="bbox 2250 777 3749 851; baseline 0.007 -20"><span class='ocrx_word' id='word_1_228' title='bbox 2250 777 2363 847; x_wconf 81' lang='lat' dir='ltr'><strong>Ego</strong></span> <span class='ocrx_word' id='word_1_229' title='bbox 2400 778 2815 846; x_wconf 82' lang='lat' dir='ltr'><strong>Talesperianus</strong></span> <span class='ocrx_word' id='word_1_230' title='bbox 2843 782 3075 836; x_wconf 80' lang='lat' dir='ltr'><strong>eximius</strong></span> <span class='ocrx_word' id='word_1_231' title='bbox 3103 784 3419 851; x_wconf 86' lang='lat' dir='ltr'><strong>episcopus,</strong></span> <span class='ocrx_word' id='word_1_232' title='bbox 3468 786 3591 840; x_wconf 88' lang='lat' dir='ltr'><strong>huic</strong></span> <span class='ocrx_word' id='word_1_233' title='bbox 3631 802 3749 841; x_wconf 79' lang='lat' dir='ltr'><strong>car-</strong></span> 
     </span>
    </p>
   </div>
   <div class='ocr_carea' id='block_1_38' title="bbox 2178 874 3744 946">
    <p class='ocr_par' dir='ltr' id='par_1_38' title="bbox 2178 874 3744 946">
     <span class='ocr_line' id='line_1_38' title="bbox 2178 874 3744 946; baseline 0.005 -19"><span class='ocrx_word' id='word_1_234' title='bbox 2178 874 2288 928; x_wconf 90' lang='lat' dir='ltr'><strong>tule</strong></span> <span class='ocrx_word' id='word_1_235' title='bbox 2315 874 2619 929; x_wconf 82' lang='lat' dir='ltr'><strong>donationis</strong></span> <span class='ocrx_word' id='word_1_236' title='bbox 2651 875 2786 930; x_wconf 82' lang='lat' dir='ltr'><strong>facta</strong></span> <span class='ocrx_word' id='word_1_237' title='bbox 2816 877 2882 931; x_wconf 87' lang='lat' dir='ltr'><strong>ad</strong></span> <span class='ocrx_word' id='word_1_238' title='bbox 2916 876 3147 931; x_wconf 78' lang='lat' dir='ltr'><strong>Radchis</strong></span> <span class='ocrx_word' id='word_1_239' title='bbox 3175 879 3443 946; x_wconf 83' lang='lat' dir='ltr'><strong>presbiter</strong></span> <span class='ocrx_word' id='word_1_240' title='bbox 3467 880 3529 934; x_wconf 83' lang='lat' dir='ltr'><strong>in</strong></span> <span class='ocrx_word' id='word_1_241' title='bbox 3555 881 3744 935; x_wconf 80' lang='lat' dir='ltr'><strong>Walti-</strong></span> 
     </span>
    </p>
   </div>
   <div class='ocr_carea' id='block_1_39' title="bbox 2180 964 3752 1037">
    <p class='ocr_par' dir='ltr' id='par_1_39' title="bbox 2180 964 3752 1037">
     <span class='ocr_line' id='line_1_39' title="bbox 2180 964 3752 1037; baseline 0.008 -22"><span class='ocrx_word' id='word_1_242' title='bbox 2180 964 2344 1032; x_wconf 86' lang='lat' dir='ltr'><strong>prand</strong></span> <span class='ocrx_word' id='word_1_243' title='bbox 2377 964 2595 1030; x_wconf 83' lang='lat' dir='ltr'><strong>clerico,</strong></span> <span class='ocrx_word' id='word_1_244' title='bbox 2623 964 2762 1021; x_wconf 85' lang='lat' dir='ltr'><strong>sicut</strong></span> <span class='ocrx_word' id='word_1_245' title='bbox 2789 967 3038 1035; x_wconf 84' lang='lat' dir='ltr'><strong>superius</strong></span> <span class='ocrx_word' id='word_1_246' title='bbox 3071 967 3263 1037; x_wconf 87' lang='lat' dir='ltr'><strong>legitur</strong></span> <span class='ocrx_word' id='word_1_247' title='bbox 3290 970 3357 1023; x_wconf 87' lang='lat' dir='ltr'><strong>ad</strong></span> <span class='ocrx_word' id='word_1_248' title='bbox 3386 970 3752 1027; x_wconf 85' lang='lat' dir='ltr'><strong>confirmando</strong></span> 
     </span>
    </p>
   </div>
   <div class='ocr_carea' id='block_1_40' title="bbox 2176 1056 2450 1110">
    <p class='ocr_par' dir='ltr' id='par_1_40' title="bbox 2176 1056 2450 1110">
     <span class='ocr_line' id='line_1_40' title="bbox 2176 1056 2450 1110; baseline -0.004 0"><span class='ocrx_word' id='word_1_249' title='bbox 2176 1056 2450 1110; x_wconf 86' lang='lat' dir='ltr'><strong>suscrihsi.</strong></span> 
     </span>
    </p>
   </div>
   <div class='ocr_carea' id='block_1_41' title="bbox 2253 1146 3750 1221">
    <p class='ocr_par' dir='ltr' id='par_1_41' title="bbox 2253 1146 3750 1221">
     <span class='ocr_line' id='line_1_41' title="bbox 2253 1146 3750 1221; baseline 0.005 -22"><span class='ocrx_word' id='word_1_250' title='bbox 2253 1146 2364 1214; x_wconf 86' lang='lat' dir='ltr'><strong>Ego</strong></span> <span class='ocrx_word' id='word_1_251' title='bbox 2386 1146 2767 1202; x_wconf 89' lang='lat' dir='ltr'><strong>Sichimundus</strong></span> <span class='ocrx_word' id='word_1_252' title='bbox 2797 1148 3116 1203; x_wconf 72' lang='lat' dir='ltr'><strong>veneraviiis</strong></span> <span class='ocrx_word' id='word_1_253' title='bbox 3147 1151 3412 1218; x_wconf 88' lang='lat' dir='ltr'><strong>presbiter</strong></span> <span class='ocrx_word' id='word_1_254' title='bbox 3440 1162 3657 1221; x_wconf 81' lang='lat' dir='ltr'><strong>rogatus</strong></span> <span class='ocrx_word' id='word_1_255' title='bbox 3683 1153 3750 1207; x_wconf 88' lang='lat' dir='ltr'><strong>ad</strong></span> 
     </span>
    </p>
   </div>
   <div class='ocr_carea' id='block_1_42' title="bbox 2178 1237 3755 1303">
    <p class='ocr_par' dir='ltr' id='par_1_42' title="bbox 2178 1237 3755 1303">
     <span class='ocr_line' id='line_1_42' title="bbox 2178 1237 3755 1303; baseline 0.005 -12"><span class='ocrx_word' id='word_1_256' title='bbox 2178 1237 2370 1291; x_wconf 81' lang='lat' dir='ltr'><strong>Raetiis</strong></span> <span class='ocrx_word' id='word_1_257' title='bbox 2396 1239 2737 1303; x_wconf 84' lang='lat' dir='ltr'><strong>veneravilis,</strong></span> <span class='ocrx_word' id='word_1_258' title='bbox 2770 1238 2821 1292; x_wconf 86' lang='lat' dir='ltr'><strong>iu</strong></span> <span class='ocrx_word' id='word_1_259' title='bbox 2871 1238 3024 1294; x_wconf 89' lang='lat' dir='ltr'><strong>hanc</strong></span> <span class='ocrx_word' id='word_1_260' title='bbox 3052 1240 3357 1295; x_wconf 87' lang='lat' dir='ltr'><strong>donationis</strong></span> <span class='ocrx_word' id='word_1_261' title='bbox 3390 1246 3593 1297; x_wconf 85' lang='lat' dir='ltr'><strong>cartula</strong></span> <span class='ocrx_word' id='word_1_262' title='bbox 3620 1243 3755 1299; x_wconf 76' lang='lat' dir='ltr'><strong>facta</strong></span> 
     </span>
    </p>
   </div>
   <div class='ocr_carea' id='block_1_43' title="bbox 2179 1329 3756 1403">
    <p class='ocr_par' dir='ltr' id='par_1_43' title="bbox 2179 1329 3756 1403">
     <span class='ocr_line' id='line_1_43' title="bbox 2179 1329 3756 1403; baseline 0.003 -20"><span class='ocrx_word' id='word_1_263' title='bbox 2179 1329 2230 1384; x_wconf 90' lang='lat' dir='ltr'><strong>in</strong></span> <span class='ocrx_word' id='word_1_264' title='bbox 2261 1329 2572 1399; x_wconf 78' lang='lat' dir='ltr'><strong>Waltprand</strong></span> <span class='ocrx_word' id='word_1_265' title='bbox 2619 1330 2892 1396; x_wconf 86' lang='lat' dir='ltr'><strong>clericus,</strong></span> <span class='ocrx_word' id='word_1_266' title='bbox 2950 1331 3089 1385; x_wconf 83' lang='lat' dir='ltr'><strong>sicut</strong></span> <span class='ocrx_word' id='word_1_267' title='bbox 3135 1335 3381 1399; x_wconf 87' lang='lat' dir='ltr'><strong>superius</strong></span> <span class='ocrx_word' id='word_1_268' title='bbox 3434 1333 3644 1403; x_wconf 75' lang='lat' dir='ltr'><strong>legitur,</strong></span> <span class='ocrx_word' id='word_1_269' title='bbox 3692 1334 3756 1388; x_wconf 87' lang='lat' dir='ltr'><strong>ad</strong></span> 
     </span>
    </p>
   </div>
   <div class='ocr_carea' id='block_1_44' title="bbox 2177 1422 2890 1477">
    <p class='ocr_par' dir='ltr' id='par_1_44' title="bbox 2177 1422 2890 1477">
     <span class='ocr_line' id='line_1_44' title="bbox 2177 1422 2890 1477; baseline 0.001 -1"><span class='ocrx_word' id='word_1_270' title='bbox 2177 1422 2544 1477; x_wconf 80' lang='lat' dir='ltr'><strong>eonfirtnando</strong></span> <span class='ocrx_word' id='word_1_271' title='bbox 2571 1423 2890 1477; x_wconf 85' lang='lat' dir='ltr'><strong>subscribsi.</strong></span> 
     </span>
    </p>
   </div>
   <div class='ocr_carea' id='block_1_45' title="bbox 2250 1512 3644 1582">
    <p class='ocr_par' dir='ltr' id='par_1_45' title="bbox 2250 1512 3644 1582">
     <span class='ocr_line' id='line_1_45' title="bbox 2250 1512 3644 1582; baseline 0.004 -16"><span class='ocrx_word' id='word_1_272' title='bbox 2250 1512 2468 1580; x_wconf 90' lang='lat' dir='ltr'><strong>Signum</strong></span> <span class='ocrx_word' id='word_1_273' title='bbox 2502 1528 2690 1567; x_wconf 88' lang='lat' dir='ltr'><strong>manus</strong></span> <span class='ocrx_word' id='word_1_274' title='bbox 2720 1514 2977 1582; x_wconf 85' lang='lat' dir='ltr'><strong>Teutpald</strong></span> <span class='ocrx_word' id='word_1_275' title='bbox 3009 1514 3072 1568; x_wconf 85' lang='lat' dir='ltr'><strong>V.</strong></span> <span class='ocrx_word' id='word_1_276' title='bbox 3103 1514 3164 1569; x_wconf 91' lang='lat' dir='ltr'><strong>D.</strong></span> <span class='ocrx_word' id='word_1_277' title='bbox 3194 1515 3446 1581; x_wconf 83' lang='lat' dir='ltr'><strong>Scavino,</strong></span> <span class='ocrx_word' id='word_1_278' title='bbox 3473 1516 3644 1572; x_wconf 79' lang='lat' dir='ltr'><strong>testis.</strong></span> 
     </span>
    </p>
   </div>
   <div class='ocr_carea' id='block_1_46' title="bbox 2255 1602 3757 1674">
    <p class='ocr_par' dir='ltr' id='par_1_46' title="bbox 2255 1602 3757 1674">
     <span class='ocr_line' id='line_1_46' title="bbox 2255 1602 3757 1674; baseline 0.003 -17"><span class='ocrx_word' id='word_1_279' title='bbox 2255 1602 2365 1672; x_wconf 81' lang='lat' dir='ltr'><strong>Ego</strong></span> <span class='ocrx_word' id='word_1_280' title='bbox 2398 1604 2611 1658; x_wconf 87' lang='lat' dir='ltr'><strong>Taifred</strong></span> <span class='ocrx_word' id='word_1_281' title='bbox 2645 1605 2910 1673; x_wconf 89' lang='lat' dir='ltr'><strong>presbiter</strong></span> <span class='ocrx_word' id='word_1_282' title='bbox 2940 1616 3155 1674; x_wconf 82' lang='lat' dir='ltr'><strong>rogatus</strong></span> <span class='ocrx_word' id='word_1_283' title='bbox 3196 1607 3265 1660; x_wconf 85' lang='lat' dir='ltr'><strong>ad</strong></span> <span class='ocrx_word' id='word_1_284' title='bbox 3295 1606 3527 1661; x_wconf 83' lang='lat' dir='ltr'><strong>Radchis</strong></span> <span class='ocrx_word' id='word_1_285' title='bbox 3555 1608 3757 1671; x_wconf 84' lang='lat' dir='ltr'><strong>presbi-</strong></span> 
     </span>
    </p>
   </div>
   <div class='ocr_carea' id='block_1_47' title="bbox 2181 1696 3754 1767">
    <p class='ocr_par' dir='ltr' id='par_1_47' title="bbox 2181 1696 3754 1767">
     <span class='ocr_line' id='line_1_47' title="bbox 2181 1696 3754 1767; baseline 0.001 -17"><span class='ocrx_word' id='word_1_286' title='bbox 2181 1706 2297 1750; x_wconf 89' lang='lat' dir='ltr'><strong>tero</strong></span> <span class='ocrx_word' id='word_1_287' title='bbox 2345 1696 2399 1749; x_wconf 92' lang='lat' dir='ltr'><strong>in</strong></span> <span class='ocrx_word' id='word_1_288' title='bbox 2452 1697 2586 1749; x_wconf 88' lang='lat' dir='ltr'><strong>hanc</strong></span> <span class='ocrx_word' id='word_1_289' title='bbox 2614 1697 2816 1750; x_wconf 77' lang='lat' dir='ltr'><strong>cartula</strong></span> <span class='ocrx_word' id='word_1_290' title='bbox 2847 1697 3148 1751; x_wconf 87' lang='lat' dir='ltr'><strong>donationis</strong></span> <span class='ocrx_word' id='word_1_291' title='bbox 3176 1698 3317 1752; x_wconf 76' lang='lat' dir='ltr'><strong>fat-to</strong></span> <span class='ocrx_word' id='word_1_292' title='bbox 3360 1698 3412 1751; x_wconf 91' lang='lat' dir='ltr'><strong>in</strong></span> <span class='ocrx_word' id='word_1_293' title='bbox 3442 1697 3754 1767; x_wconf 81' lang='lat' dir='ltr'><strong>Waltprand</strong></span> 
     </span>
    </p>
   </div>
   <div class='ocr_carea' id='block_1_48' title="bbox 2178 1791 3412 1859">
    <p class='ocr_par' dir='ltr' id='par_1_48' title="bbox 2178 1791 3412 1859">
     <span class='ocr_line' id='line_1_48' title="bbox 2178 1791 3412 1859; baseline -0.002 -14"><span class='ocrx_word' id='word_1_294' title='bbox 2178 1791 2393 1855; x_wconf 82' lang='lat' dir='ltr'><strong>abbate,</strong></span> <span class='ocrx_word' id='word_1_295' title='bbox 2426 1792 2673 1858; x_wconf 89' lang='lat' dir='ltr'><strong>proprias</strong></span> <span class='ocrx_word' id='word_1_296' title='bbox 2703 1805 2892 1844; x_wconf 89' lang='lat' dir='ltr'><strong>manus</strong></span> <span class='ocrx_word' id='word_1_297' title='bbox 2921 1806 3068 1846; x_wconf 89' lang='lat' dir='ltr'><strong>meas</strong></span> <span class='ocrx_word' id='word_1_298' title='bbox 3097 1792 3412 1859; x_wconf 89' lang='lat' dir='ltr'><strong>subscripsi.</strong></span> 
     </span>
    </p>
   </div>
   <div class='ocr_carea' id='block_1_49' title="bbox 2250 1883 3758 1956">
    <p class='ocr_par' dir='ltr' id='par_1_49' title="bbox 2250 1883 3758 1956">
     <span class='ocr_line' id='line_1_49' title="bbox 2250 1883 3758 1956; baseline 0.001 -19"><span class='ocrx_word' id='word_1_299' title='bbox 2250 1883 2472 1951; x_wconf 84' lang='lat' dir='ltr'><strong>Signum</strong></span> <span class='ocrx_word' id='word_1_300' title='bbox 2506 1897 2695 1935; x_wconf 87' lang='lat' dir='ltr'><strong>manus</strong></span> <span class='ocrx_word' id='word_1_301' title='bbox 2725 1883 2964 1936; x_wconf 70' lang='lat' dir='ltr'><strong>ltaduald</strong></span> <span class='ocrx_word' id='word_1_302' title='bbox 3000 1883 3108 1937; x_wconf 89' lang='lat' dir='ltr'><strong>filio</strong></span> <span class='ocrx_word' id='word_1_303' title='bbox 3127 1883 3426 1945; x_wconf 81' lang='lat' dir='ltr'><strong>Guntifred,</strong></span> <span class='ocrx_word' id='word_1_304' title='bbox 3455 1883 3628 1945; x_wconf 87' lang='lat' dir='ltr'><strong>testis,</strong></span> <span class='ocrx_word' id='word_1_305' title='bbox 3650 1896 3758 1956; x_wconf 73' lang='lat' dir='ltr'><strong>etc.</strong></span> 
     </span>
    </p>
   </div>
   <div class='ocr_carea' id='block_1_50' title="bbox 2254 1974 3763 2044">
    <p class='ocr_par' dir='ltr' id='par_1_50' title="bbox 2254 1974 3763 2044">
     <span class='ocr_line' id='line_1_50' title="bbox 2254 1974 3763 2044; baseline 0 -16"><span class='ocrx_word' id='word_1_306' title='bbox 2254 1976 2365 2044; x_wconf 83' lang='lat' dir='ltr'><strong>Ego</strong></span> <span class='ocrx_word' id='word_1_307' title='bbox 2386 1974 2720 2028; x_wconf 80' lang='lat' dir='ltr'><strong>Gaudentius</strong></span> <span class='ocrx_word' id='word_1_308' title='bbox 2742 1974 2988 2043; x_wconf 89' lang='lat' dir='ltr'><strong>indignus</strong></span> <span class='ocrx_word' id='word_1_309' title='bbox 3011 1976 3295 2043; x_wconf 79' lang='lat' dir='ltr'><strong>presbiter,</strong></span> <span class='ocrx_word' id='word_1_310' title='bbox 3321 1975 3557 2027; x_wconf 88' lang='lat' dir='ltr'><strong>notarius</strong></span> <span class='ocrx_word' id='word_1_311' title='bbox 3581 1986 3763 2028; x_wconf 89' lang='lat' dir='ltr'><strong>sanete</strong></span> 
     </span>
    </p>
   </div>
   <div class='ocr_carea' id='block_1_51' title="bbox 2184 2065 3763 2135">
    <p class='ocr_par' dir='ltr' id='par_1_51' title="bbox 2184 2065 3763 2135">
     <span class='ocr_line' id='line_1_51' title="bbox 2184 2065 3763 2135; baseline -0.001 -15"><span class='ocrx_word' id='word_1_312' title='bbox 2184 2066 2424 2120; x_wconf 85' lang='lat' dir='ltr'><strong>Ecclesie</strong></span> <span class='ocrx_word' id='word_1_313' title='bbox 2450 2065 2707 2119; x_wconf 83' lang='lat' dir='ltr'><strong>Lucensis</strong></span> <span class='ocrx_word' id='word_1_314' title='bbox 2733 2065 2990 2131; x_wconf 80' lang='lat' dir='ltr'><strong>civitatis,</strong></span> <span class='ocrx_word' id='word_1_315' title='bbox 3019 2077 3273 2135; x_wconf 83' lang='lat' dir='ltr'><strong>quantum</strong></span> <span class='ocrx_word' id='word_1_316' title='bbox 3303 2068 3354 2120; x_wconf 91' lang='lat' dir='ltr'><strong>in</strong></span> <span class='ocrx_word' id='word_1_317' title='bbox 3384 2067 3657 2120; x_wconf 89' lang='lat' dir='ltr'><strong>autentico</strong></span> <span class='ocrx_word' id='word_1_318' title='bbox 3686 2068 3763 2119; x_wconf 87' lang='lat' dir='ltr'><strong>in-</strong></span> 
     </span>
    </p>
   </div>
   <div class='ocr_carea' id='block_1_52' title="bbox 2180 2156 3760 2229">
    <p class='ocr_par' dir='ltr' id='par_1_52' title="bbox 2180 2156 3760 2229">
     <span class='ocr_line' id='line_1_52' title="bbox 2180 2156 3760 2229; baseline 0.001 -20"><span class='ocrx_word' id='word_1_319' title='bbox 2180 2157 2366 2212; x_wconf 78' lang='lat' dir='ltr'><strong>venire</strong></span> <span class='ocrx_word' id='word_1_320' title='bbox 2400 2158 2543 2226; x_wconf 89' lang='lat' dir='ltr'><strong>p0tui</strong></span> <span class='ocrx_word' id='word_1_321' title='bbox 2564 2198 2578 2220; x_wconf 91' lang='lat'><strong>,</strong></span> <span class='ocrx_word' id='word_1_322' title='bbox 2611 2158 2726 2211; x_wconf 88' lang='lat' dir='ltr'><strong>sine</strong></span> <span class='ocrx_word' id='word_1_323' title='bbox 2755 2156 2941 2212; x_wconf 87' lang='lat' dir='ltr'><strong>fraude</strong></span> <span class='ocrx_word' id='word_1_324' title='bbox 2972 2160 3057 2213; x_wconf 87' lang='lat' dir='ltr'><strong>vel</strong></span> <span class='ocrx_word' id='word_1_325' title='bbox 3089 2158 3211 2211; x_wconf 87' lang='lat' dir='ltr'><strong>dolo</strong></span> <span class='ocrx_word' id='word_1_326' title='bbox 3240 2158 3578 2229; x_wconf 80' lang='lat' dir='ltr'><strong>exemplavi,</strong></span> <span class='ocrx_word' id='word_1_327' title='bbox 3610 2172 3760 2213; x_wconf 77' lang='lat' dir='ltr'><strong>cutu-</strong></span> 
     </span>
    </p>
   </div>
   <div class='ocr_carea' id='block_1_53' title="bbox 2180 2246 3226 2316">
    <p class='ocr_par' dir='ltr' id='par_1_53' title="bbox 2180 2246 3226 2316">
     <span class='ocr_line' id='line_1_53' title="bbox 2180 2246 3226 2316; baseline 0 -16"><span class='ocrx_word' id='word_1_328' title='bbox 2180 2250 2340 2316; x_wconf 84' lang='lat' dir='ltr'><strong>ptevi,</strong></span> <span class='ocrx_word' id='word_1_329' title='bbox 2374 2256 2427 2302; x_wconf 89' lang='lat' dir='ltr'><strong>et</strong></span> <span class='ocrx_word' id='word_1_330' title='bbox 2454 2246 2596 2312; x_wconf 89' lang='lat' dir='ltr'><strong>dedi,</strong></span> <span class='ocrx_word' id='word_1_331' title='bbox 2631 2262 2728 2302; x_wconf 90' lang='lat' dir='ltr'><strong>nec</strong></span> <span class='ocrx_word' id='word_1_332' title='bbox 2757 2250 2988 2302; x_wconf 87' lang='lat' dir='ltr'><strong>menime</strong></span> <span class='ocrx_word' id='word_1_333' title='bbox 3012 2247 3226 2302; x_wconf 86' lang='lat' dir='ltr'><strong>scribsi.</strong></span> 
     </span>
    </p>
   </div>
   <div class='ocr_carea' id='block_1_54' title="bbox 2906 2360 3043 2415">
    <p class='ocr_par' dir='ltr' id='par_1_54' title="bbox 2906 2360 3043 2415">
     <span class='ocr_line' id='line_1_54' title="bbox 2906 2360 3043 2415; baseline -0.015 0"><span class='ocrx_word' id='word_1_334' title='bbox 2906 2360 3043 2415; x_wconf 81' lang='lat' dir='ltr'><strong>XVI.</strong></span> 
     </span>
    </p>
   </div>
   <div class='ocr_carea' id='block_1_55' title="bbox 2178 2451 3766 2517">
    <p class='ocr_par' dir='ltr' id='par_1_55' title="bbox 2178 2451 3766 2517">
     <span class='ocr_line' id='line_1_55' title="bbox 2178 2451 3766 2517; baseline -0.003 -10"><span class='ocrx_word' id='word_1_335' title='bbox 2178 2453 2443 2507; x_wconf 85' lang='lat' dir='ltr'><strong>Fundatio</strong></span> <span class='ocrx_word' id='word_1_336' title='bbox 2470 2454 2777 2507; x_wconf 67' lang='lat' dir='ltr'><strong>acnudachii</strong></span> <span class='ocrx_word' id='word_1_337' title='bbox 2805 2455 2857 2507; x_wconf 84' lang='lat' dir='ltr'><strong>in</strong></span> <span class='ocrx_word' id='word_1_338' title='bbox 2899 2453 3144 2517; x_wconf 73' lang='lat' dir='ltr'><strong>pomario</strong></span> <span class='ocrx_word' id='word_1_339' title='bbox 3185 2452 3427 2506; x_wconf 80' lang='lat' dir='ltr'><strong>Lucensis</strong></span> <span class='ocrx_word' id='word_1_340' title='bbox 3460 2451 3602 2504; x_wconf 80' lang='lat' dir='ltr'><strong>urbis</strong></span> <span class='ocrx_word' id='word_1_341' title='bbox 3634 2452 3766 2517; x_wconf 77' lang='lat' dir='ltr'><strong>facta</strong></span> 
     </span>
    </p>
   </div>
   <div class='ocr_carea' id='block_1_56' title="bbox 2248 2522 3767 2591">
    <p class='ocr_par' dir='ltr' id='par_1_56' title="bbox 2248 2522 3767 2591">
     <span class='ocr_line' id='line_1_56' title="bbox 2248 2522 3767 2591; baseline -0.001 -14"><span class='ocrx_word' id='word_1_342' title='bbox 2248 2543 2277 2577; x_wconf 85' lang='grc' dir='ltr'><em>α</em></span> <span class='ocrx_word' id='word_1_343' title='bbox 2307 2526 2650 2579; x_wconf 75' lang='lat' dir='ltr'><strong>Sic/rimando</strong></span> <span class='ocrx_word' id='word_1_344' title='bbox 2675 2525 3112 2591; x_wconf 67' lang='lat' dir='ltr'><strong>arcltipresbylero</strong></span> <span class='ocrx_word' id='word_1_345' title='bbox 3141 2522 3384 2576; x_wconf 74' lang='lat' dir='ltr'><strong>Lucensis</strong></span> <span class='ocrx_word' id='word_1_346' title='bbox 3415 2522 3679 2581; x_wconf 60' lang='lat' dir='ltr'><strong>Ecclesia).</strong></span> <span class='ocrx_word' id='word_1_347' title='bbox 3711 2538 3767 2575; x_wconf 79' lang='lat' dir='ltr'><strong>ac</strong></span> 
     </span>
    </p>
   </div>
   <div class='ocr_carea' id='block_1_57' title="bbox 2247 2592 3765 2665">
    <p class='ocr_par' dir='ltr' id='par_1_57' title="bbox 2247 2592 3765 2665">
     <span class='ocr_line' id='line_1_57' title="bbox 2247 2592 3765 2665; baseline -0.002 -16"><span class='ocrx_word' id='word_1_348' title='bbox 2247 2596 2403 2649; x_wconf 81' lang='lat' dir='ltr'><strong>tribus</strong></span> <span class='ocrx_word' id='word_1_349' title='bbox 2424 2606 2444 2630; x_wconf 69' lang='grc'><strong>³</strong></span> <span class='ocrx_word' id='word_1_350' title='bbox 2463 2597 2711 2665; x_wconf 76' lang='lat' dir='ltr'><strong>gasimliis</strong></span> <span class='ocrx_word' id='word_1_351' title='bbox 2737 2595 3046 2665; x_wconf 80' lang='lat' dir='ltr'><strong>Liutprattdi</strong></span> <span class='ocrx_word' id='word_1_352' title='bbox 3069 2596 3222 2663; x_wconf 70' lang='lat' dir='ltr'><strong>regis,</strong></span> <span class='ocrx_word' id='word_1_353' title='bbox 3249 2594 3413 2647; x_wconf 79' lang='lat' dir='ltr'><strong>Ticini</strong></span> <span class='ocrx_word' id='word_1_354' title='bbox 3434 2594 3606 2662; x_wconf 77' lang='lat' dir='ltr'><strong>(Anno</strong></span> <span class='ocrx_word' id='word_1_355' title='bbox 3622 2592 3765 2661; x_wconf 72' lang='lat'><strong>729).</strong></span> 
     </span>
    </p>
   </div>
   <div class='ocr_carea' id='block_1_58' title="bbox 2252 2705 3769 2779">
    <p class='ocr_par' dir='ltr' id='par_1_58' title="bbox 2252 2705 3769 2779">
     <span class='ocr_line' id='line_1_58' title="bbox 2252 2705 3769 2779; baseline -0.001 -18"><span class='ocrx_word' id='word_1_356' title='bbox 2252 2708 2525 2779; x_wconf 75' lang='lat' dir='ltr'><strong>liegnante</strong></span> <span class='ocrx_word' id='word_1_357' title='bbox 2562 2708 2761 2761; x_wconf 85' lang='lat' dir='ltr'><strong>domno</strong></span> <span class='ocrx_word' id='word_1_358' title='bbox 2790 2719 2976 2762; x_wconf 88' lang='lat' dir='ltr'><strong>nostro</strong></span> <span class='ocrx_word' id='word_1_359' title='bbox 3008 2708 3322 2776; x_wconf 86' lang='lat' dir='ltr'><strong>Liutprand,</strong></span> <span class='ocrx_word' id='word_1_360' title='bbox 3353 2707 3467 2761; x_wconf 91' lang='lat' dir='ltr'><strong>viro</strong></span> <span class='ocrx_word' id='word_1_361' title='bbox 3497 2705 3769 2760; x_wconf 74' lang='lat' dir='ltr'><strong>excelle:-</strong></span> 
     </span>
    </p>
   </div>
   <div class='ocr_carea' id='block_1_59' title="bbox 2179 2798 3771 2869">
    <p class='ocr_par' dir='ltr' id='par_1_59' title="bbox 2179 2798 3771 2869">
     <span class='ocr_line' id='line_1_59' title="bbox 2179 2798 3771 2869; baseline -0.001 -16"><span class='ocrx_word' id='word_1_362' title='bbox 2179 2801 2387 2854; x_wconf 76' lang='lat' dir='ltr'><strong>tissimo</strong></span> <span class='ocrx_word' id='word_1_363' title='bbox 2424 2814 2583 2869; x_wconf 86' lang='lat' dir='ltr'><strong>rege,</strong></span> <span class='ocrx_word' id='word_1_364' title='bbox 2613 2813 2752 2853; x_wconf 90' lang='lat' dir='ltr'><strong>anno</strong></span> <span class='ocrx_word' id='word_1_365' title='bbox 2782 2800 2992 2868; x_wconf 82' lang='lat' dir='ltr'><strong>pietatis</strong></span> <span class='ocrx_word' id='word_1_366' title='bbox 3020 2798 3137 2869; x_wconf 82' lang='lat' dir='ltr'><strong>ejus</strong></span> <span class='ocrx_word' id='word_1_367' title='bbox 3168 2806 3360 2854; x_wconf 86' lang='lat' dir='ltr'><strong>octavo</strong></span> <span class='ocrx_word' id='word_1_368' title='bbox 3394 2798 3631 2861; x_wconf 88' lang='lat' dir='ltr'><strong>decimo,</strong></span> <span class='ocrx_word' id='word_1_369' title='bbox 3675 2798 3771 2852; x_wconf 87' lang='lat' dir='ltr'><strong>sub</strong></span> 
     </span>
    </p>
   </div>
   <div class='ocr_carea' id='block_1_60' title="bbox 2177 2890 3768 2956">
    <p class='ocr_par' dir='ltr' id='par_1_60' title="bbox 2177 2890 3768 2956">
     <span class='ocr_line' id='line_1_60' title="bbox 2177 2890 3768 2956; baseline -0.001 -11"><span class='ocrx_word' id='word_1_370' title='bbox 2177 2893 2268 2945; x_wconf 91' lang='lat' dir='ltr'><strong>die</strong></span> <span class='ocrx_word' id='word_1_371' title='bbox 2312 2907 2377 2944; x_wconf 79' lang='lat' dir='ltr'><strong>xv</strong></span> <span class='ocrx_word' id='word_1_372' title='bbox 2422 2891 2650 2947; x_wconf 85' lang='lat' dir='ltr'><strong>Kalend.</strong></span> <span class='ocrx_word' id='word_1_373' title='bbox 2702 2891 2946 2956; x_wconf 85' lang='lat' dir='ltr'><strong>Januar.,</strong></span> <span class='ocrx_word' id='word_1_374' title='bbox 2998 2891 3285 2945; x_wconf 88' lang='lat' dir='ltr'><strong>indictione</strong></span> <span class='ocrx_word' id='word_1_375' title='bbox 3328 2892 3483 2944; x_wconf 87' lang='lat' dir='ltr'><strong>tertia</strong></span> <span class='ocrx_word' id='word_1_376' title='bbox 3533 2890 3768 2944; x_wconf 83' lang='lat' dir='ltr'><strong>decima.</strong></span> 
     </span>
    </p>
   </div>
   <div class='ocr_carea' id='block_1_61' title="bbox 2176 2980 3768 3045">
    <p class='ocr_par' dir='ltr' id='par_1_61' title="bbox 2176 2980 3768 3045">
     <span class='ocr_line' id='line_1_61' title="bbox 2176 2980 3768 3045; baseline -0.001 -9"><span class='ocrx_word' id='word_1_377' title='bbox 2176 2984 2402 3037; x_wconf 86' lang='lat' dir='ltr'><strong>Oraculo</strong></span> <span class='ocrx_word' id='word_1_378' title='bbox 2456 2992 2762 3037; x_wconf 86' lang='lat' dir='ltr'><strong>sanctorum</strong></span> <span class='ocrx_word' id='word_1_379' title='bbox 2817 2982 3014 3037; x_wconf 86' lang='lat' dir='ltr'><strong>Christi</strong></span> <span class='ocrx_word' id='word_1_380' title='bbox 3079 2980 3444 3035; x_wconf 81' lang='lat' dir='ltr'><strong>confessorum</strong></span> <span class='ocrx_word' id='word_1_381' title='bbox 3497 2980 3768 3045; x_wconf 87' lang='lat' dir='ltr'><strong>Secundi,</strong></span> 
     </span>
    </p>
   </div>
   <div class='ocr_carea' id='block_1_62' title="bbox 494 3071 3771 3175">
    <p class='ocr_par' dir='ltr' id='par_1_62' title="bbox 494 3071 3771 3175">
     <span class='ocr_line' id='line_1_62' title="bbox 494 3071 3771 3175; baseline -0.005 -37"><span class='ocrx_word' id='word_1_382' title='bbox 494 3086 820 3140; x_wconf 84' lang='lat' dir='ltr'><strong>monasterio</strong></span> <span class='ocrx_word' id='word_1_383' title='bbox 848 3084 914 3136; x_wconf 85' lang='lat' dir='ltr'><strong>ab</strong></span> <span class='ocrx_word' id='word_1_384' title='bbox 940 3083 1083 3136; x_wconf 91' lang='lat' dir='ltr'><strong>omni</strong></span> <span class='ocrx_word' id='word_1_385' title='bbox 1117 3079 1479 3134; x_wconf 84' lang='lat' dir='ltr'><strong>controversia</strong></span> <span class='ocrx_word' id='word_1_386' title='bbox 1510 3073 1735 3129; x_wconf 88' lang='lat' dir='ltr'><strong>seculari</strong></span> <span class='ocrx_word' id='word_1_387' title='bbox 1763 3071 2072 3125; x_wconf 85' lang='lat' dir='ltr'><strong>defcnsatus</strong></span> <span class='ocrx_word' id='word_1_388' title='bbox 2104 3112 2151 3175; x_wconf 61' lang='grc' dir='ltr'>ρ</span> <span class='ocrx_word' id='word_1_389' title='bbox 2182 3072 2465 3127; x_wconf 82' lang='lat' dir='ltr'><strong>Gaudentii</strong></span> <span class='ocrx_word' id='word_1_390' title='bbox 2497 3084 2655 3140; x_wconf 73' lang='lat' dir='ltr'><strong>atque</strong></span> <span class='ocrx_word' id='word_1_391' title='bbox 2684 3072 3028 3137; x_wconf 87' lang='lat' dir='ltr'><strong>Columbani,</strong></span> <span class='ocrx_word' id='word_1_392' title='bbox 3061 3073 3202 3138; x_wconf 84' lang='lat' dir='ltr'><strong>quod</strong></span> <span class='ocrx_word' id='word_1_393' title='bbox 3235 3071 3344 3123; x_wconf 82' lang='lat' dir='ltr'><strong>Deo</strong></span> <span class='ocrx_word' id='word_1_394' title='bbox 3372 3072 3597 3138; x_wconf 81' lang='lat' dir='ltr'><strong>juvante</strong></span> <span class='ocrx_word' id='word_1_395' title='bbox 3624 3080 3771 3124; x_wconf 80' lang='lat' dir='ltr'><strong>extra</strong></span> 
     </span>
    </p>
   </div>
   <div class='ocr_carea' id='block_1_63' title="bbox 496 3162 2073 3237">
    <p class='ocr_par' dir='ltr' id='par_1_63' title="bbox 496 3162 2073 3237">
     <span class='ocr_line' id='line_1_63' title="bbox 496 3162 2073 3237; baseline -0.012 -5"><span class='ocrx_word' id='word_1_396' title='bbox 496 3187 641 3232; x_wconf 84' lang='lat' dir='ltr'><strong>esset</strong></span> <span class='ocrx_word' id='word_1_397' title='bbox 671 3177 999 3237; x_wconf 82' lang='lat' dir='ltr'><strong>inveniatur;</strong></span> <span class='ocrx_word' id='word_1_398' title='bbox 1033 3184 1087 3228; x_wconf 86' lang='lat' dir='ltr'><strong>et</strong></span> <span class='ocrx_word' id='word_1_399' title='bbox 1118 3184 1170 3227; x_wconf 91' lang='lat' dir='ltr'><strong>tu</strong></span> <span class='ocrx_word' id='word_1_400' title='bbox 1196 3172 1526 3233; x_wconf 76' lang='lat' dir='ltr'><strong>dulcissime,</strong></span> <span class='ocrx_word' id='word_1_401' title='bbox 1549 3179 1602 3223; x_wconf 90' lang='lat' dir='ltr'><strong>et</strong></span> <span class='ocrx_word' id='word_1_402' title='bbox 1630 3167 1682 3221; x_wconf 89' lang='lat' dir='ltr'><strong>in</strong></span> <span class='ocrx_word' id='word_1_403' title='bbox 1703 3166 1918 3220; x_wconf 89' lang='lat' dir='ltr'><strong>Christo</strong></span> <span class='ocrx_word' id='word_1_404' title='bbox 1944 3162 2073 3227; x_wconf 88' lang='lat' dir='ltr'><strong>filio,</strong></span> 
     </span>
    </p>
   </div>
   <div class='ocr_carea' id='block_1_64' title="bbox 494 3264 2076 3338">
    <p class='ocr_par' dir='ltr' id='par_1_64' title="bbox 494 3264 2076 3338">
     <span class='ocr_line' id='line_1_64' title="bbox 494 3264 2076 3338; baseline -0.008 -15"><span class='ocrx_word' id='word_1_405' title='bbox 494 3268 813 3338; x_wconf 81' lang='lat' dir='ltr'><strong>Waltprand</strong></span> <span class='ocrx_word' id='word_1_406' title='bbox 854 3269 933 3321; x_wconf 88' lang='lat' dir='ltr'><strong>sic</strong></span> <span class='ocrx_word' id='word_1_407' title='bbox 976 3267 1027 3321; x_wconf 88' lang='lat' dir='ltr'><strong>in</strong></span> <span class='ocrx_word' id='word_1_408' title='bbox 1073 3268 1185 3335; x_wconf 87' lang='lat' dir='ltr'><strong>ipso</strong></span> <span class='ocrx_word' id='word_1_409' title='bbox 1218 3264 1547 3319; x_wconf 76' lang='lat' dir='ltr'><strong>monasterio</strong></span> <span class='ocrx_word' id='word_1_410' title='bbox 1577 3273 1878 3329; x_wconf 85' lang='lat' dir='ltr'><strong>guvernare</strong></span> <span class='ocrx_word' id='word_1_411' title='bbox 1908 3266 1961 3311; x_wconf 89' lang='lat' dir='ltr'><strong>et</strong></span> <span class='ocrx_word' id='word_1_412' title='bbox 1992 3270 2076 3311; x_wconf 77' lang='lat' dir='ltr'><strong>re-</strong></span> 
     </span>
    </p>
   </div>
   <div class='ocr_carea' id='block_1_65' title="bbox 494 3352 2075 3432">
    <p class='ocr_par' dir='ltr' id='par_1_65' title="bbox 494 3352 2075 3432">
     <span class='ocr_line' id='line_1_65' title="bbox 494 3352 2075 3432; baseline -0.011 -13"><span class='ocrx_word' id='word_1_413' title='bbox 494 3379 621 3432; x_wconf 78' lang='lat' dir='ltr'><strong>gere</strong></span> <span class='ocrx_word' id='word_1_414' title='bbox 644 3363 844 3427; x_wconf 81' lang='lat' dir='ltr'><strong>dtveas,</strong></span> <span class='ocrx_word' id='word_1_415' title='bbox 870 3370 927 3414; x_wconf 90' lang='lat' dir='ltr'><strong>ut</strong></span> <span class='ocrx_word' id='word_1_416' title='bbox 954 3361 1099 3413; x_wconf 87' lang='lat' dir='ltr'><strong>omni</strong></span> <span class='ocrx_word' id='word_1_417' title='bbox 1127 3369 1364 3427; x_wconf 88' lang='lat' dir='ltr'><strong>tempore</strong></span> <span class='ocrx_word' id='word_1_418' title='bbox 1394 3358 1445 3409; x_wconf 92' lang='lat' dir='ltr'><strong>in</strong></span> <span class='ocrx_word' id='word_1_419' title='bbox 1472 3355 1722 3409; x_wconf 90' lang='lat' dir='ltr'><strong>omnibus</strong></span> <span class='ocrx_word' id='word_1_420' title='bbox 1746 3352 2075 3413; x_wconf 87' lang='lat' dir='ltr'><strong>melioratas,</strong></span> 
     </span>
    </p>
   </div>
   <div class='ocr_carea' id='block_1_66' title="bbox 490 3446 2077 3513">
    <p class='ocr_par' dir='ltr' id='par_1_66' title="bbox 490 3446 2077 3513">
     <span class='ocr_line' id='line_1_66' title="bbox 490 3446 2077 3513; baseline -0.01 -5"><span class='ocrx_word' id='word_1_421' title='bbox 490 3464 543 3508; x_wconf 92' lang='lat' dir='ltr'><strong>et</strong></span> <span class='ocrx_word' id='word_1_422' title='bbox 592 3470 695 3506; x_wconf 89' lang='lat' dir='ltr'><strong>non</strong></span> <span class='ocrx_word' id='word_1_423' title='bbox 745 3454 797 3505; x_wconf 91' lang='lat' dir='ltr'><strong>in</strong></span> <span class='ocrx_word' id='word_1_424' title='bbox 844 3450 1143 3504; x_wconf 89' lang='lat' dir='ltr'><strong>luminariis</strong></span> <span class='ocrx_word' id='word_1_425' title='bbox 1173 3449 1256 3503; x_wconf 85' lang='lat' dir='ltr'><strong>vel</strong></span> <span class='ocrx_word' id='word_1_426' title='bbox 1297 3447 1473 3502; x_wconf 90' lang='lat' dir='ltr'><strong>officio</strong></span> <span class='ocrx_word' id='word_1_427' title='bbox 1517 3446 1811 3513; x_wconf 83' lang='lat' dir='ltr'><strong>depereat;</strong></span> <span class='ocrx_word' id='word_1_428' title='bbox 1859 3452 1913 3495; x_wconf 91' lang='lat' dir='ltr'><strong>et</strong></span> <span class='ocrx_word' id='word_1_429' title='bbox 1959 3448 2077 3508; x_wconf 85' lang='lat' dir='ltr'><strong>post</strong></span> 
     </span>
    </p>
   </div>
   <div class='ocr_carea' id='block_1_67' title="bbox 491 3534 2079 3610">
    <p class='ocr_par' dir='ltr' id='par_1_67' title="bbox 491 3534 2079 3610">
     <span class='ocr_line' id='line_1_67' title="bbox 491 3534 2079 3610; baseline -0.008 -11"><span class='ocrx_word' id='word_1_430' title='bbox 491 3549 640 3601; x_wconf 86' lang='lat' dir='ltr'><strong>obito</strong></span> <span class='ocrx_word' id='word_1_431' title='bbox 667 3561 786 3599; x_wconf 90' lang='lat' dir='ltr'><strong>meo</strong></span> <span class='ocrx_word' id='word_1_432' title='bbox 815 3544 1031 3610; x_wconf 87' lang='lat' dir='ltr'><strong>omnia,</strong></span> <span class='ocrx_word' id='word_1_433' title='bbox 1082 3554 1135 3597; x_wconf 90' lang='lat' dir='ltr'><strong>et</strong></span> <span class='ocrx_word' id='word_1_434' title='bbox 1182 3544 1231 3595; x_wconf 90' lang='lat' dir='ltr'><strong>in</strong></span> <span class='ocrx_word' id='word_1_435' title='bbox 1281 3541 1563 3603; x_wconf 85' lang='lat' dir='ltr'><strong>omnibus,</strong></span> <span class='ocrx_word' id='word_1_436' title='bbox 1608 3536 1746 3591; x_wconf 80' lang='lat' dir='ltr'><strong>sicut</strong></span> <span class='ocrx_word' id='word_1_437' title='bbox 1776 3534 1921 3600; x_wconf 83' lang='lat' dir='ltr'><strong>disi,</strong></span> <span class='ocrx_word' id='word_1_438' title='bbox 1968 3536 2079 3601; x_wconf 85' lang='lat' dir='ltr'><strong>ipse</strong></span> 
     </span>
    </p>
   </div>
   <div class='ocr_carea' id='block_1_68' title="bbox 506 3628 2077 3699">
    <p class='ocr_par' dir='ltr' id='par_1_68' title="bbox 506 3628 2077 3699">
     <span class='ocr_line' id='line_1_68' title="bbox 506 3628 2077 3699; baseline -0.009 -8"><span class='ocrx_word' id='word_1_439' title='bbox 506 3647 691 3691; x_wconf 81' lang='lat' dir='ltr'><strong>sancto</strong></span> <span class='ocrx_word' id='word_1_440' title='bbox 718 3631 1067 3699; x_wconf 79' lang='lat' dir='ltr'><strong>monasterio,</strong></span> <span class='ocrx_word' id='word_1_441' title='bbox 1100 3642 1154 3687; x_wconf 88' lang='lat' dir='ltr'><strong>et</strong></span> <span class='ocrx_word' id='word_1_442' title='bbox 1189 3648 1375 3685; x_wconf 87' lang='lat' dir='ltr'><strong>omnes</strong></span> <span class='ocrx_word' id='word_1_443' title='bbox 1408 3644 1499 3697; x_wconf 84' lang='lat' dir='ltr'><strong>per</strong></span> <span class='ocrx_word' id='word_1_444' title='bbox 1529 3628 1725 3681; x_wconf 84' lang='lat' dir='ltr'><strong>ividctn</strong></span> <span class='ocrx_word' id='word_1_445' title='bbox 1761 3632 2077 3693; x_wconf 77' lang='lat' dir='ltr'><strong>perterrente</strong></span> 
     </span>
    </p>
   </div>
   <div class='ocr_carea' id='block_1_69' title="bbox 496 3719 2077 3782">
    <p class='ocr_par' dir='ltr' id='par_1_69' title="bbox 496 3719 2077 3782">
     <span class='ocr_line' id='line_1_69' title="bbox 496 3719 2077 3782; baseline -0.009 0"><span class='ocrx_word' id='word_1_446' title='bbox 496 3730 549 3782; x_wconf 87' lang='lat' dir='ltr'><strong>in</strong></span> <span class='ocrx_word' id='word_1_447' title='bbox 600 3741 685 3780; x_wconf 89' lang='lat' dir='ltr'><strong>tua</strong></span> <span class='ocrx_word' id='word_1_448' title='bbox 734 3725 1101 3780; x_wconf 72' lang='lat' dir='ltr'><strong>defensionem</strong></span> <span class='ocrx_word' id='word_1_449' title='bbox 1148 3736 1202 3778; x_wconf 89' lang='lat' dir='ltr'><strong>et</strong></span> <span class='ocrx_word' id='word_1_450' title='bbox 1247 3723 1485 3775; x_wconf 81' lang='lat' dir='ltr'><strong>dominio</strong></span> <span class='ocrx_word' id='word_1_451' title='bbox 1526 3719 1703 3772; x_wconf 88' lang='lat' dir='ltr'><strong>valeat</strong></span> <span class='ocrx_word' id='word_1_452' title='bbox 1738 3730 2077 3782; x_wconf 80' lang='lat' dir='ltr'><strong>pertimuere.</strong></span> 
     </span>
    </p>
   </div>
   <div class='ocr_carea' id='block_1_70' title="bbox 494 3806 2074 3888">
    <p class='ocr_par' dir='ltr' id='par_1_70' title="bbox 494 3806 2074 3888">
     <span class='ocr_line' id='line_1_70' title="bbox 494 3806 2074 3888; baseline -0.009 -13"><span class='ocrx_word' id='word_1_453' title='bbox 494 3822 561 3875; x_wconf 73' lang='lat' dir='ltr'><strong>Et</strong></span> <span class='ocrx_word' id='word_1_454' title='bbox 587 3820 712 3874; x_wconf 90' lang='lat' dir='ltr'><strong>dum</strong></span> <span class='ocrx_word' id='word_1_455' title='bbox 763 3834 862 3888; x_wconf 83' lang='lat' dir='ltr'><strong>ego</strong></span> <span class='ocrx_word' id='word_1_456' title='bbox 910 3819 1156 3887; x_wconf 89' lang='lat' dir='ltr'><strong>superius</strong></span> <span class='ocrx_word' id='word_1_457' title='bbox 1203 3816 1503 3869; x_wconf 86' lang='lat' dir='ltr'><strong>nominatus</strong></span> <span class='ocrx_word' id='word_1_458' title='bbox 1550 3809 1768 3863; x_wconf 73' lang='lat' dir='ltr'><strong>ltatchis</strong></span> <span class='ocrx_word' id='word_1_459' title='bbox 1820 3806 2074 3861; x_wconf 82' lang='lat' dir='ltr'><strong>advivere</strong></span> 
     </span>
    </p>
   </div>
   <div class='ocr_carea' id='block_1_71' title="bbox 492 3899 2077 3977">
    <p class='ocr_par' dir='ltr' id='par_1_71' title="bbox 492 3899 2077 3977">
     <span class='ocr_line' id='line_1_71' title="bbox 492 3899 2077 3977; baseline -0.008 -10"><span class='ocrx_word' id='word_1_460' title='bbox 492 3927 762 3976; x_wconf 83' lang='lat' dir='ltr'><strong>meruero,</strong></span> <span class='ocrx_word' id='word_1_461' title='bbox 802 3913 985 3965; x_wconf 86' lang='lat' dir='ltr'><strong>omnia</strong></span> <span class='ocrx_word' id='word_1_462' title='bbox 1036 3926 1124 3964; x_wconf 89' lang='lat' dir='ltr'><strong>res</strong></span> <span class='ocrx_word' id='word_1_463' title='bbox 1166 3911 1274 3977; x_wconf 89' lang='lat' dir='ltr'><strong>ipsa</strong></span> <span class='ocrx_word' id='word_1_464' title='bbox 1306 3922 1425 3961; x_wconf 89' lang='lat' dir='ltr'><strong>cum</strong></span> <span class='ocrx_word' id='word_1_465' title='bbox 1475 3903 1712 3974; x_wconf 89' lang='lat' dir='ltr'><strong>predicto</strong></span> <span class='ocrx_word' id='word_1_466' title='bbox 1744 3899 2077 3955; x_wconf 89' lang='lat' dir='ltr'><strong>monasterio</strong></span> 
     </span>
    </p>
   </div>
   <div class='ocr_carea' id='block_1_72' title="bbox 490 3998 2076 4075">
    <p class='ocr_par' dir='ltr' id='par_1_72' title="bbox 490 3998 2076 4075">
     <span class='ocr_line' id='line_1_72' title="bbox 490 3998 2076 4075; baseline -0.006 -17"><span class='ocrx_word' id='word_1_467' title='bbox 490 4005 841 4075; x_wconf 66' lang='lat' dir='ltr'><strong>gurernando</strong></span> <span class='ocrx_word' id='word_1_468' title='bbox 895 4014 954 4058; x_wconf 90' lang='lat' dir='ltr'><strong>et</strong></span> <span class='ocrx_word' id='word_1_469' title='bbox 1005 4003 1278 4072; x_wconf 85' lang='lat' dir='ltr'><strong>regendo,</strong></span> <span class='ocrx_word' id='word_1_470' title='bbox 1330 4001 1380 4053; x_wconf 87' lang='lat' dir='ltr'><strong>in</strong></span> <span class='ocrx_word' id='word_1_471' title='bbox 1432 4015 1551 4053; x_wconf 89' lang='lat' dir='ltr'><strong>mea</strong></span> <span class='ocrx_word' id='word_1_472' title='bbox 1597 3998 1677 4051; x_wconf 77' lang='lat' dir='ltr'><strong>sid</strong></span> <span class='ocrx_word' id='word_1_473' title='bbox 1731 4004 2076 4066; x_wconf 87' lang='lat' dir='ltr'><strong>potestatem.</strong></span> 
     </span>
    </p>
   </div>
   <div class='ocr_carea' id='block_1_73' title="bbox 498 4089 2077 4158">
    <p class='ocr_par' dir='ltr' id='par_1_73' title="bbox 498 4089 2077 4158">
     <span class='ocr_line' id='line_1_73' title="bbox 498 4089 2077 4158; baseline -0.007 -7"><span class='ocrx_word' id='word_1_474' title='bbox 498 4098 630 4152; x_wconf 72' lang='lat' dir='ltr'><strong>Post</strong></span> <span class='ocrx_word' id='word_1_475' title='bbox 673 4099 818 4151; x_wconf 90' lang='lat' dir='ltr'><strong>obito</strong></span> <span class='ocrx_word' id='word_1_476' title='bbox 852 4112 978 4153; x_wconf 88' lang='lat' dir='ltr'><strong>vero</strong></span> <span class='ocrx_word' id='word_1_477' title='bbox 1028 4112 1146 4149; x_wconf 89' lang='lat' dir='ltr'><strong>meo</strong></span> <span class='ocrx_word' id='word_1_478' title='bbox 1197 4104 1249 4147; x_wconf 91' lang='lat' dir='ltr'><strong>tu</strong></span> <span class='ocrx_word' id='word_1_479' title='bbox 1298 4093 1490 4147; x_wconf 86' lang='lat' dir='ltr'><strong>ividem</strong></span> <span class='ocrx_word' id='word_1_480' title='bbox 1523 4092 1773 4146; x_wconf 86' lang='lat' dir='ltr'><strong>dominus</strong></span> <span class='ocrx_word' id='word_1_481' title='bbox 1802 4101 1854 4144; x_wconf 88' lang='lat' dir='ltr'><strong>et</strong></span> <span class='ocrx_word' id='word_1_482' title='bbox 1880 4089 2077 4158; x_wconf 82' lang='lat' dir='ltr'><strong>guber-</strong></span> 
     </span>
    </p>
   </div>
   <div class='ocr_carea' id='block_1_74' title="bbox 494 4180 2080 4249">
    <p class='ocr_par' dir='ltr' id='par_1_74' title="bbox 494 4180 2080 4249">
     <span class='ocr_line' id='line_1_74' title="bbox 494 4180 2080 4249; baseline -0.009 -5"><span class='ocrx_word' id='word_1_483' title='bbox 494 4200 655 4244; x_wconf 83' lang='lat' dir='ltr'><strong>nator</strong></span> <span class='ocrx_word' id='word_1_484' title='bbox 681 4204 803 4244; x_wconf 87' lang='lat' dir='ltr'><strong>esse</strong></span> <span class='ocrx_word' id='word_1_485' title='bbox 834 4187 1143 4249; x_wconf 85' lang='lat' dir='ltr'><strong>inveniaris,</strong></span> <span class='ocrx_word' id='word_1_486' title='bbox 1196 4194 1249 4239; x_wconf 91' lang='lat' dir='ltr'><strong>et</strong></span> <span class='ocrx_word' id='word_1_487' title='bbox 1295 4184 1551 4237; x_wconf 86' lang='lat' dir='ltr'><strong>familiola</strong></span> <span class='ocrx_word' id='word_1_488' title='bbox 1591 4183 1759 4235; x_wconf 89' lang='lat' dir='ltr'><strong>sancti</strong></span> <span class='ocrx_word' id='word_1_489' title='bbox 1806 4180 2035 4234; x_wconf 85' lang='lat' dir='ltr'><strong>Michaili</strong></span> <span class='ocrx_word' id='word_1_490' title='bbox 2064 4217 2080 4244; x_wconf 96' lang='lat'><strong>,</strong></span> 
     </span>
    </p>
   </div>
   <div class='ocr_carea' id='block_1_75' title="bbox 492 4279 2082 4354">
    <p class='ocr_par' dir='ltr' id='par_1_75' title="bbox 492 4279 2082 4354">
     <span class='ocr_line' id='line_1_75' title="bbox 492 4279 2082 4354; baseline -0.006 -20"><span class='ocrx_word' id='word_1_491' title='bbox 492 4284 587 4354; x_wconf 85' lang='lat' dir='ltr'><strong>qui</strong></span> <span class='ocrx_word' id='word_1_492' title='bbox 619 4293 734 4352; x_wconf 90' lang='lat' dir='ltr'><strong>post</strong></span> <span class='ocrx_word' id='word_1_493' title='bbox 775 4296 860 4336; x_wconf 90' lang='lat' dir='ltr'><strong>me</strong></span> <span class='ocrx_word' id='word_1_494' title='bbox 895 4279 1249 4343; x_wconf 82' lang='lat' dir='ltr'><strong>remanserit,</strong></span> <span class='ocrx_word' id='word_1_495' title='bbox 1301 4286 1357 4330; x_wconf 92' lang='lat' dir='ltr'><strong>tu</strong></span> <span class='ocrx_word' id='word_1_496' title='bbox 1404 4290 1498 4331; x_wconf 88' lang='lat' dir='ltr'><strong>eos</strong></span> <span class='ocrx_word' id='word_1_497' title='bbox 1544 4288 1735 4344; x_wconf 87' lang='lat' dir='ltr'><strong>regere</strong></span> <span class='ocrx_word' id='word_1_498' title='bbox 1784 4287 2082 4343; x_wconf 85' lang='lat' dir='ltr'><strong>guvernare</strong></span> 
     </span>
    </p>
   </div>
   <div class='ocr_carea' id='block_1_76' title="bbox 496 4352 2080 4440">
    <p class='ocr_par' dir='ltr' id='par_1_76' title="bbox 496 4352 2080 4440">
     <span class='ocr_line' id='line_1_76' title="bbox 496 4352 2080 4440; baseline -0.008 -12"><span class='ocrx_word' id='word_1_499' title='bbox 496 4375 681 4429; x_wconf 79' lang='lat' dir='ltr'><strong>diveas</strong></span> <span class='ocrx_word' id='word_1_500' title='bbox 714 4375 799 4428; x_wconf 90' lang='lat' dir='ltr'><strong>hic</strong></span> <span class='ocrx_word' id='word_1_501' title='bbox 840 4373 892 4427; x_wconf 91' lang='lat' dir='ltr'><strong>in</strong></span> <span class='ocrx_word' id='word_1_502' title='bbox 931 4373 1049 4440; x_wconf 87' lang='lat' dir='ltr'><strong>ipso</strong></span> <span class='ocrx_word' id='word_1_503' title='bbox 1076 4369 1171 4423; x_wconf 88' lang='lat' dir='ltr'><strong>Dei</strong></span> <span class='ocrx_word' id='word_1_504' title='bbox 1206 4367 1556 4431; x_wconf 87' lang='lat' dir='ltr'><strong>monasterio,</strong></span> <span class='ocrx_word' id='word_1_505' title='bbox 1590 4375 1646 4419; x_wconf 89' lang='lat' dir='ltr'><strong>ut</strong></span> <span class='ocrx_word' id='word_1_506' title='bbox 1674 4381 1779 4418; x_wconf 88' lang='lat' dir='ltr'><strong>non</strong></span> <span class='ocrx_word' id='word_1_507' title='bbox 1814 4365 1865 4417; x_wconf 91' lang='lat' dir='ltr'><strong>in</strong></span> <span class='ocrx_word' id='word_1_508' title='bbox 1899 4352 2080 4417; x_wconf 83' lang='lat' dir='ltr'><strong>errore</strong></span> 
     </span>
    </p>
   </div>
   <div class='ocr_carea' id='block_1_77' title="bbox 2185 3160 3771 3228">
    <p class='ocr_par' dir='ltr' id='par_1_77' title="bbox 2185 3160 3771 3228">
     <span class='ocr_line' id='line_1_77' title="bbox 2185 3160 3771 3228; baseline -0.004 -9"><span class='ocrx_word' id='word_1_509' title='bbox 2185 3180 2367 3219; x_wconf 85' lang='lat' dir='ltr'><strong>muros</strong></span> <span class='ocrx_word' id='word_1_510' title='bbox 2411 3164 2640 3219; x_wconf 80' lang='lat' dir='ltr'><strong>civitatis</strong></span> <span class='ocrx_word' id='word_1_511' title='bbox 2692 3164 2969 3227; x_wconf 83' lang='lat' dir='ltr'><strong>Lucensis,</strong></span> <span class='ocrx_word' id='word_1_512' title='bbox 3020 3162 3140 3215; x_wconf 87' lang='lat' dir='ltr'><strong>loco</strong></span> <span class='ocrx_word' id='word_1_513' title='bbox 3184 3160 3272 3215; x_wconf 86' lang='lat' dir='ltr'><strong>ubi</strong></span> <span class='ocrx_word' id='word_1_514' title='bbox 3320 3161 3513 3215; x_wconf 87' lang='lat' dir='ltr'><strong>dicitur</strong></span> <span class='ocrx_word' id='word_1_515' title='bbox 3559 3162 3771 3228; x_wconf 77' lang='lat' dir='ltr'><strong>Apulia,</strong></span> 
     </span>
    </p>
   </div>
   <div class='ocr_carea' id='block_1_78' title="bbox 2182 3254 3775 3327">
    <p class='ocr_par' dir='ltr' id='par_1_78' title="bbox 2182 3254 3775 3327">
     <span class='ocr_line' id='line_1_78' title="bbox 2182 3254 3775 3327; baseline -0.004 -13"><span class='ocrx_word' id='word_1_516' title='bbox 2182 3260 2435 3314; x_wconf 82' lang='lat' dir='ltr'><strong>ediﬁcare</strong></span> <span class='ocrx_word' id='word_1_517' title='bbox 2465 3259 2782 3327; x_wconf 90' lang='lat' dir='ltr'><strong>disponent,</strong></span> <span class='ocrx_word' id='word_1_518' title='bbox 2824 3256 2913 3311; x_wconf 89' lang='lat' dir='ltr'><strong>ubi</strong></span> <span class='ocrx_word' id='word_1_519' title='bbox 2961 3264 3016 3310; x_wconf 82' lang='lat' dir='ltr'><strong>et</strong></span> <span class='ocrx_word' id='word_1_520' title='bbox 3054 3254 3299 3308; x_wconf 89' lang='lat' dir='ltr'><strong>diacouia</strong></span> <span class='ocrx_word' id='word_1_521' title='bbox 3338 3255 3392 3307; x_wconf 90' lang='lat' dir='ltr'><strong>in</strong></span> <span class='ocrx_word' id='word_1_522' title='bbox 3432 3255 3775 3321; x_wconf 81' lang='lat' dir='ltr'><strong>susceptione</strong></span> 
     </span>
    </p>
   </div>
   <div class='ocr_carea' id='block_1_79' title="bbox 2184 3347 3778 3422">
    <p class='ocr_par' dir='ltr' id='par_1_79' title="bbox 2184 3347 3778 3422">
     <span class='ocr_line' id='line_1_79' title="bbox 2184 3347 3778 3422; baseline -0.003 -16"><span class='ocrx_word' id='word_1_523' title='bbox 2184 3355 2589 3422; x_wconf 89' lang='lat' dir='ltr'><strong>peregrinorum</strong></span> <span class='ocrx_word' id='word_1_524' title='bbox 2628 3350 2742 3405; x_wconf 86' lang='lat' dir='ltr'><strong>fieri</strong></span> <span class='ocrx_word' id='word_1_525' title='bbox 2785 3358 3077 3416; x_wconf 77' lang='lat' dir='ltr'><strong>exoptant,</strong></span> <span class='ocrx_word' id='word_1_526' title='bbox 3126 3347 3415 3417; x_wconf 88' lang='lat' dir='ltr'><strong>Sigemund</strong></span> <span class='ocrx_word' id='word_1_527' title='bbox 3455 3347 3778 3401; x_wconf 74' lang='lat' dir='ltr'><strong>venerabilis</strong></span> 
     </span>
    </p>
   </div>
   <div class='ocr_carea' id='block_1_80' title="bbox 2183 3440 3775 3515">
    <p class='ocr_par' dir='ltr' id='par_1_80' title="bbox 2183 3440 3775 3515">
     <span class='ocr_line' id='line_1_80' title="bbox 2183 3440 3775 3515; baseline -0.005 -15"><span class='ocrx_word' id='word_1_528' title='bbox 2183 3447 2598 3515; x_wconf 88' lang='lat' dir='ltr'><strong>archiprcshiter</strong></span> <span class='ocrx_word' id='word_1_529' title='bbox 2622 3445 2859 3512; x_wconf 84' lang='lat' dir='ltr'><strong>ejusdem</strong></span> <span class='ocrx_word' id='word_1_530' title='bbox 2885 3441 3137 3497; x_wconf 78' lang='lat' dir='ltr'><strong>Ecclesiae</strong></span> <span class='ocrx_word' id='word_1_531' title='bbox 3160 3440 3435 3504; x_wconf 86' lang='lat' dir='ltr'><strong>Lucensis.</strong></span> <span class='ocrx_word' id='word_1_532' title='bbox 3461 3456 3555 3495; x_wconf 84' lang='lat' dir='ltr'><strong>seu</strong></span> <span class='ocrx_word' id='word_1_533' title='bbox 3580 3440 3775 3493; x_wconf 81' lang='lat' dir='ltr'><strong>Theot-</strong></span> 
     </span>
    </p>
   </div>
   <div class='ocr_carea' id='block_1_81' title="bbox 2184 3528 3775 3609">
    <p class='ocr_par' dir='ltr' id='par_1_81' title="bbox 2184 3528 3775 3609">
     <span class='ocr_line' id='line_1_81' title="bbox 2184 3528 3775 3609; baseline -0.007 -15"><span class='ocrx_word' id='word_1_534' title='bbox 2184 3551 2322 3609; x_wconf 90' lang='lat' dir='ltr'><strong>pert,</strong></span> <span class='ocrx_word' id='word_1_535' title='bbox 2368 3550 2421 3592; x_wconf 90' lang='lat' dir='ltr'><strong>et</strong></span> <span class='ocrx_word' id='word_1_536' title='bbox 2468 3538 2709 3605; x_wconf 75' lang='lat' dir='ltr'><strong>Hatpert,</strong></span> <span class='ocrx_word' id='word_1_537' title='bbox 2756 3547 2914 3604; x_wconf 84' lang='lat' dir='ltr'><strong>atque</strong></span> <span class='ocrx_word' id='word_1_538' title='bbox 2956 3543 3011 3587; x_wconf 89' lang='lat' dir='ltr'><strong>et</strong></span> <span class='ocrx_word' id='word_1_539' title='bbox 3048 3531 3319 3599; x_wconf 89' lang='lat' dir='ltr'><strong>Godepert</strong></span> <span class='ocrx_word' id='word_1_540' title='bbox 3352 3531 3457 3583; x_wconf 73' lang='lat' dir='ltr'><strong>VV.</strong></span> <span class='ocrx_word' id='word_1_541' title='bbox 3499 3528 3629 3585; x_wconf 70' lang='lat' dir='ltr'><strong>MM.</strong></span> <span class='ocrx_word' id='word_1_542' title='bbox 3672 3530 3775 3584; x_wconf 84' lang='lat' dir='ltr'><strong>Ga-</strong></span> 
     </span>
    </p>
   </div>
   <div class='ocr_carea' id='block_1_82' title="bbox 2183 3623 3779 3699">
    <p class='ocr_par' dir='ltr' id='par_1_82' title="bbox 2183 3623 3779 3699">
     <span class='ocr_line' id='line_1_82' title="bbox 2183 3623 3779 3699; baseline -0.008 -13"><span class='ocrx_word' id='word_1_543' title='bbox 2183 3634 2321 3687; x_wconf 88' lang='lat' dir='ltr'><strong>siudi</strong></span> <span class='ocrx_word' id='word_1_544' title='bbox 2356 3633 2531 3699; x_wconf 75' lang='lat' dir='ltr'><strong>regis,</strong></span> <span class='ocrx_word' id='word_1_545' title='bbox 2565 3630 2656 3682; x_wconf 87' lang='lat' dir='ltr'><strong>filii</strong></span> <span class='ocrx_word' id='word_1_546' title='bbox 2694 3627 2961 3697; x_wconf 89' lang='lat' dir='ltr'><strong>quondam</strong></span> <span class='ocrx_word' id='word_1_547' title='bbox 2995 3623 3313 3687; x_wconf 87' lang='lat' dir='ltr'><strong>Gundttald,</strong></span> <span class='ocrx_word' id='word_1_548' title='bbox 3347 3632 3627 3689; x_wconf 85' lang='lat' dir='ltr'><strong>presentes</strong></span> <span class='ocrx_word' id='word_1_549' title='bbox 3658 3638 3779 3689; x_wconf 80' lang='lat' dir='ltr'><strong>pre-</strong></span> 
     </span>
    </p>
   </div>
   <div class='ocr_carea' id='block_1_83' title="bbox 2185 3713 3779 3786">
    <p class='ocr_par' dir='ltr' id='par_1_83' title="bbox 2185 3713 3779 3786">
     <span class='ocr_line' id='line_1_83' title="bbox 2185 3713 3779 3786; baseline -0.007 -9"><span class='ocrx_word' id='word_1_550' title='bbox 2185 3724 2427 3781; x_wconf 72' lang='lat' dir='ltr'><strong>sentibus</strong></span> <span class='ocrx_word' id='word_1_551' title='bbox 2466 3723 2717 3776; x_wconf 77' lang='lat' dir='ltr'><strong>dixerunt</strong></span> <span class='ocrx_word' id='word_1_552' title='bbox 2759 3738 2771 3772; x_wconf 94' lang='lat'>:</span> <span class='ocrx_word' id='word_1_553' title='bbox 2816 3716 2871 3771; x_wconf 86' lang='lat' dir='ltr'><strong>in</strong></span> <span class='ocrx_word' id='word_1_554' title='bbox 2918 3717 3210 3786; x_wconf 84' lang='lat' dir='ltr'><strong>Evangelio</strong></span> <span class='ocrx_word' id='word_1_555' title='bbox 3252 3715 3520 3771; x_wconf 85' lang='lat' dir='ltr'><strong>ltedentor</strong></span> <span class='ocrx_word' id='word_1_556' title='bbox 3560 3713 3779 3768; x_wconf 85' lang='lat' dir='ltr'><strong>humani</strong></span> 
     </span>
    </p>
   </div>
   <div class='ocr_carea' id='block_1_84' title="bbox 2183 3808 3783 3886">
    <p class='ocr_par' dir='ltr' id='par_1_84' title="bbox 2183 3808 3783 3886">
     <span class='ocr_line' id='line_1_84' title="bbox 2183 3808 3783 3886; baseline -0.006 -15"><span class='ocrx_word' id='word_1_557' title='bbox 2183 3820 2415 3886; x_wconf 76' lang='lat' dir='ltr'><strong>generis,</strong></span> <span class='ocrx_word' id='word_1_558' title='bbox 2464 3824 2569 3868; x_wconf 92' lang='lat' dir='ltr'><strong>etc.</strong></span> <span class='ocrx_word' id='word_1_559' title='bbox 2615 3814 2952 3881; x_wconf 75' lang='lat' dir='ltr'><strong>Quapropter</strong></span> <span class='ocrx_word' id='word_1_560' title='bbox 2996 3824 3093 3863; x_wconf 89' lang='lat' dir='ltr'><strong>nos</strong></span> <span class='ocrx_word' id='word_1_561' title='bbox 3139 3808 3253 3862; x_wconf 87' lang='lat' dir='ltr'><strong>Deo</strong></span> <span class='ocrx_word' id='word_1_562' title='bbox 3297 3808 3593 3873; x_wconf 83' lang='lat' dir='ltr'><strong>inspirante</strong></span> <span class='ocrx_word' id='word_1_563' title='bbox 3632 3809 3783 3874; x_wconf 79' lang='lat' dir='ltr'><strong>juxta</strong></span> 
     </span>
    </p>
   </div>
   <div class='ocr_carea' id='block_1_85' title="bbox 2188 3900 3786 3975">
    <p class='ocr_par' dir='ltr' id='par_1_85' title="bbox 2188 3900 3786 3975">
     <span class='ocr_line' id='line_1_85' title="bbox 2188 3900 3786 3975; baseline -0.003 -18"><span class='ocrx_word' id='word_1_564' title='bbox 2188 3910 2455 3975; x_wconf 75' lang='lat' dir='ltr'><strong>propriam</strong></span> <span class='ocrx_word' id='word_1_565' title='bbox 2487 3906 2820 3959; x_wconf 89' lang='lat' dir='ltr'><strong>voluntatem</strong></span> <span class='ocrx_word' id='word_1_566' title='bbox 2861 3909 2915 3955; x_wconf 86' lang='lat' dir='ltr'><strong>et</strong></span> <span class='ocrx_word' id='word_1_567' title='bbox 2950 3912 3073 3954; x_wconf 86' lang='lat' dir='ltr'><strong>vota</strong></span> <span class='ocrx_word' id='word_1_568' title='bbox 3108 3900 3279 3967; x_wconf 90' lang='lat' dir='ltr'><strong>ipsum</strong></span> <span class='ocrx_word' id='word_1_569' title='bbox 3316 3910 3561 3952; x_wconf 79' lang='lat' dir='ltr'><strong>sanctum</strong></span> <span class='ocrx_word' id='word_1_570' title='bbox 3592 3914 3786 3952; x_wconf 56' lang='lat' dir='ltr'><strong>oracuo</strong></span> 
     </span>
    </p>
   </div>
   <div class='ocr_carea' id='block_1_86' title="bbox 2183 3990 3784 4063">
    <p class='ocr_par' dir='ltr' id='par_1_86' title="bbox 2183 3990 3784 4063">
     <span class='ocr_line' id='line_1_86' title="bbox 2183 3990 3784 4063; baseline -0.008 -8"><span class='ocrx_word' id='word_1_571' title='bbox 2183 4002 2292 4055; x_wconf 82' lang='lat' dir='ltr'><strong>lum</strong></span> <span class='ocrx_word' id='word_1_572' title='bbox 2326 3999 2574 4052; x_wconf 88' lang='lat' dir='ltr'><strong>edificare</strong></span> <span class='ocrx_word' id='word_1_573' title='bbox 2595 3994 2929 4063; x_wconf 85' lang='lat' dir='ltr'><strong>disponimus</strong></span> <span class='ocrx_word' id='word_1_574' title='bbox 2957 3994 3008 4045; x_wconf 90' lang='lat' dir='ltr'><strong>in</strong></span> <span class='ocrx_word' id='word_1_575' title='bbox 3036 3991 3402 4058; x_wconf 75' lang='lat' dir='ltr'><strong>suprascripto</strong></span> <span class='ocrx_word' id='word_1_576' title='bbox 3435 3990 3553 4043; x_wconf 88' lang='lat' dir='ltr'><strong>loco</strong></span> <span class='ocrx_word' id='word_1_577' title='bbox 3584 4000 3643 4043; x_wconf 89' lang='lat' dir='ltr'><strong>et</strong></span> <span class='ocrx_word' id='word_1_578' title='bbox 3672 3990 3784 4043; x_wconf 83' lang='lat' dir='ltr'><strong>dia-</strong></span> 
     </span>
    </p>
   </div>
   <div class='ocr_carea' id='block_1_87' title="bbox 2183 4081 3779 4154">
    <p class='ocr_par' dir='ltr' id='par_1_87' title="bbox 2183 4081 3779 4154">
     <span class='ocr_line' id='line_1_87' title="bbox 2183 4081 3779 4154; baseline -0.008 -9"><span class='ocrx_word' id='word_1_579' title='bbox 2183 4093 2335 4146; x_wconf 86' lang='lat' dir='ltr'><strong>conia</strong></span> <span class='ocrx_word' id='word_1_580' title='bbox 2369 4094 2421 4144; x_wconf 86' lang='lat' dir='ltr'><strong>in</strong></span> <span class='ocrx_word' id='word_1_581' title='bbox 2452 4090 2789 4154; x_wconf 67' lang='lat' dir='ltr'><strong>susceptione</strong></span> <span class='ocrx_word' id='word_1_582' title='bbox 2822 4084 3223 4153; x_wconf 79' lang='lat' dir='ltr'><strong>peregrinorum</strong></span> <span class='ocrx_word' id='word_1_583' title='bbox 3246 4121 3265 4144; x_wconf 86' lang='lat'><strong>,</strong></span> <span class='ocrx_word' id='word_1_584' title='bbox 3300 4097 3397 4134; x_wconf 82' lang='lat' dir='ltr'><strong>nos</strong></span> <span class='ocrx_word' id='word_1_585' title='bbox 3430 4081 3779 4147; x_wconf 85' lang='lat' dir='ltr'><strong>suprascripli</strong></span> 
     </span>
    </p>
   </div>
   <div class='ocr_carea' id='block_1_88' title="bbox 2182 4170 3785 4252">
    <p class='ocr_par' dir='ltr' id='par_1_88' title="bbox 2182 4170 3785 4252">
     <span class='ocr_line' id='line_1_88' title="bbox 2182 4170 3785 4252; baseline -0.008 -15"><span class='ocrx_word' id='word_1_586' title='bbox 2182 4183 2418 4252; x_wconf 78' lang='lat' dir='ltr'><strong>germani</strong></span> <span class='ocrx_word' id='word_1_587' title='bbox 2447 4180 2764 4246; x_wconf 85' lang='lat' dir='ltr'><strong>Tehutpert,</strong></span> <span class='ocrx_word' id='word_1_588' title='bbox 2798 4176 3035 4243; x_wconf 79' lang='lat' dir='ltr'><strong>ltatpert,</strong></span> <span class='ocrx_word' id='word_1_589' title='bbox 3075 4181 3130 4227; x_wconf 89' lang='lat' dir='ltr'><strong>et</strong></span> <span class='ocrx_word' id='word_1_590' title='bbox 3159 4170 3448 4240; x_wconf 81' lang='lat' dir='ltr'><strong>Godepert,</strong></span> <span class='ocrx_word' id='word_1_591' title='bbox 3479 4185 3578 4239; x_wconf 88' lang='lat' dir='ltr'><strong>pro</strong></span> <span class='ocrx_word' id='word_1_592' title='bbox 3610 4186 3785 4227; x_wconf 79' lang='lat' dir='ltr'><strong>reme-</strong></span> 
     </span>
    </p>
   </div>
   <div class='ocr_carea' id='block_1_89' title="bbox 2184 4262 3782 4339">
    <p class='ocr_par' dir='ltr' id='par_1_89' title="bbox 2184 4262 3782 4339">
     <span class='ocr_line' id='line_1_89' title="bbox 2184 4262 3782 4339; baseline -0.009 -11"><span class='ocrx_word' id='word_1_593' title='bbox 2184 4275 2273 4328; x_wconf 88' lang='lat' dir='ltr'><strong>dio</strong></span> <span class='ocrx_word' id='word_1_594' title='bbox 2317 4284 2663 4339; x_wconf 88' lang='lat' dir='ltr'><strong>parentorum</strong></span> <span class='ocrx_word' id='word_1_595' title='bbox 2707 4275 3031 4329; x_wconf 75' lang='lat' dir='ltr'><strong>nostrorum,</strong></span> <span class='ocrx_word' id='word_1_596' title='bbox 3082 4272 3240 4331; x_wconf 73' lang='lat' dir='ltr'><strong>atque</strong></span> <span class='ocrx_word' id='word_1_597' title='bbox 3286 4272 3466 4317; x_wconf 87' lang='lat' dir='ltr'><strong>nostra</strong></span> <span class='ocrx_word' id='word_1_598' title='bbox 3509 4262 3782 4330; x_wconf 78' lang='lat' dir='ltr'><strong>mercede,</strong></span> 
     </span>
    </p>
   </div>
   <div class='ocr_carea' id='block_1_90' title="bbox 2184 4353 3781 4428">
    <p class='ocr_par' dir='ltr' id='par_1_90' title="bbox 2184 4353 3781 4428">
     <span class='ocr_line' id='line_1_90' title="bbox 2184 4353 3781 4428; baseline -0.008 -10"><span class='ocrx_word' id='word_1_599' title='bbox 2184 4379 2251 4418; x_wconf 84' lang='lat' dir='ltr'><strong>ex</strong></span> <span class='ocrx_word' id='word_1_600' title='bbox 2287 4375 2430 4415; x_wconf 88' lang='lat' dir='ltr'><strong>terra</strong></span> <span class='ocrx_word' id='word_1_601' title='bbox 2464 4372 2672 4428; x_wconf 78' lang='lat' dir='ltr'><strong>nostra,</strong></span> <span class='ocrx_word' id='word_1_602' title='bbox 2702 4373 2856 4427; x_wconf 80' lang='lat' dir='ltr'><strong>quam</strong></span> <span class='ocrx_word' id='word_1_603' title='bbox 2887 4359 2940 4409; x_wconf 89' lang='lat' dir='ltr'><strong>in</strong></span> <span class='ocrx_word' id='word_1_604' title='bbox 2970 4357 3085 4423; x_wconf 76' lang='lat' dir='ltr'><strong>ipso</strong></span> <span class='ocrx_word' id='word_1_605' title='bbox 3124 4356 3241 4408; x_wconf 86' lang='lat' dir='ltr'><strong>loco</strong></span> <span class='ocrx_word' id='word_1_606' title='bbox 3275 4354 3465 4421; x_wconf 80' lang='lat' dir='ltr'><strong>Apulia</strong></span> <span class='ocrx_word' id='word_1_607' title='bbox 3499 4353 3781 4419; x_wconf 80' lang='lat' dir='ltr'><strong>habemus,</strong></span> 
     </span>
    </p>
   </div>
   <div class='ocr_carea' id='block_1_91' title="bbox 426 4446 3784 4535">
    <p class='ocr_par' dir='ltr' id='par_1_91' title="bbox 426 4446 3784 4535">
     <span class='ocr_line' id='line_1_91' title="bbox 426 4446 3784 4535; baseline -0.007 -13"><span class='ocrx_word' id='word_1_608' title='bbox 426 4490 431 4495; x_wconf 82' lang='grc'><strong>-</strong></span> <span class='ocrx_word' id='word_1_609' title='bbox 496 4456 583 4522; x_wconf 76' lang='lat' dir='ltr'><strong>vel</strong></span> <span class='ocrx_word' id='word_1_610' title='bbox 634 4470 809 4535; x_wconf 77' lang='lat' dir='ltr'><strong>aliqua</strong></span> <span class='ocrx_word' id='word_1_611' title='bbox 861 4464 1234 4532; x_wconf 89' lang='lat' dir='ltr'><strong>deceptionem</strong></span> <span class='ocrx_word' id='word_1_612' title='bbox 1293 4468 1413 4527; x_wconf 91' lang='lat' dir='ltr'><strong>post</strong></span> <span class='ocrx_word' id='word_1_613' title='bbox 1465 4474 1551 4513; x_wconf 86' lang='lat' dir='ltr'><strong>me</strong></span> <span class='ocrx_word' id='word_1_614' title='bbox 1609 4466 1921 4512; x_wconf 88' lang='lat' dir='ltr'><strong>remaneant</strong></span> <span class='ocrx_word' id='word_1_615' title='bbox 1962 4472 1977 4509; x_wconf 87' lang='lat'><strong>:</strong></span> <span class='ocrx_word' id='word_1_616' title='bbox 2034 4466 2086 4511; x_wconf 88' lang='lat' dir='ltr'><strong>et</strong></span> <span class='ocrx_word' id='word_1_617' title='bbox 2118 4471 2169 4533; x_wconf 68' lang='grc' dir='ltr'>ῃ</span> <span class='ocrx_word' id='word_1_618' title='bbox 2196 4458 2245 4509; x_wconf 91' lang='lat' dir='ltr'><strong>in</strong></span> <span class='ocrx_word' id='word_1_619' title='bbox 2283 4456 2457 4509; x_wconf 89' lang='lat' dir='ltr'><strong>tabula</strong></span> <span class='ocrx_word' id='word_1_620' title='bbox 2492 4470 2591 4507; x_wconf 85' lang='lat' dir='ltr'><strong>una</strong></span> <span class='ocrx_word' id='word_1_621' title='bbox 2622 4449 2909 4520; x_wconf 86' lang='lat' dir='ltr'><strong>recipiente</strong></span> <span class='ocrx_word' id='word_1_622' title='bbox 2941 4448 3202 4502; x_wconf 81' lang='lat' dir='ltr'><strong>modiolos</strong></span> <span class='ocrx_word' id='word_1_623' title='bbox 3230 4446 3547 4509; x_wconf 82' lang='lat' dir='ltr'><strong>duodecim,</strong></span> <span class='ocrx_word' id='word_1_624' title='bbox 3589 4446 3644 4498; x_wconf 91' lang='lat' dir='ltr'><strong>in</strong></span> <span class='ocrx_word' id='word_1_625' title='bbox 3685 4460 3784 4513; x_wconf 83' lang='lat' dir='ltr'><strong>qua</strong></span> 
     </span>
    </p>
   </div>
   <div class='ocr_carea' id='block_1_92' title="bbox 498 4550 2081 4627">
    <p class='ocr_par' dir='ltr' id='par_1_92' title="bbox 498 4550 2081 4627">
     <span class='ocr_line' id='line_1_92' title="bbox 498 4550 2081 4627; baseline -0.006 -11"><span class='ocrx_word' id='word_1_626' title='bbox 498 4561 752 4627; x_wconf 77' lang='lat' dir='ltr'><strong>deinceps</strong></span> <span class='ocrx_word' id='word_1_627' title='bbox 789 4559 926 4612; x_wconf 90' lang='lat' dir='ltr'><strong>sicut</strong></span> <span class='ocrx_word' id='word_1_628' title='bbox 965 4557 1015 4609; x_wconf 91' lang='lat' dir='ltr'><strong>in</strong></span> <span class='ocrx_word' id='word_1_629' title='bbox 1055 4556 1417 4624; x_wconf 81' lang='lat' dir='ltr'><strong>suprascripta</strong></span> <span class='ocrx_word' id='word_1_630' title='bbox 1450 4552 1591 4607; x_wconf 90' lang='lat' dir='ltr'><strong>dotis</strong></span> <span class='ocrx_word' id='word_1_631' title='bbox 1631 4567 1660 4606; x_wconf 93' lang='lat' dir='ltr'><strong>a</strong></span> <span class='ocrx_word' id='word_1_632' title='bbox 1693 4568 1779 4607; x_wconf 90' lang='lat' dir='ltr'><strong>me</strong></span> <span class='ocrx_word' id='word_1_633' title='bbox 1808 4550 2042 4606; x_wconf 86' lang='lat' dir='ltr'><strong>Radchis</strong></span> <span class='ocrx_word' id='word_1_634' title='bbox 2065 4591 2081 4617; x_wconf 85' lang='lat'><strong>,</strong></span> 
     </span>
    </p>
   </div>
   <div class='ocr_carea' id='block_1_93' title="bbox 499 4642 2083 4711">
    <p class='ocr_par' dir='ltr' id='par_1_93' title="bbox 499 4642 2083 4711">
     <span class='ocr_line' id='line_1_93' title="bbox 499 4642 2083 4711; baseline -0.006 -4"><span class='ocrx_word' id='word_1_635' title='bbox 499 4664 558 4706; x_wconf 88' lang='lat' dir='ltr'><strong>et</strong></span> <span class='ocrx_word' id='word_1_636' title='bbox 601 4652 740 4706; x_wconf 88' lang='lat' dir='ltr'><strong>bone</strong></span> <span class='ocrx_word' id='word_1_637' title='bbox 784 4647 1041 4701; x_wconf 85' lang='lat' dir='ltr'><strong>memorie</strong></span> <span class='ocrx_word' id='word_1_638' title='bbox 1093 4644 1321 4700; x_wconf 79' lang='lat' dir='ltr'><strong>Ansfred</strong></span> <span class='ocrx_word' id='word_1_639' title='bbox 1384 4658 1639 4711; x_wconf 82' lang='lat' dir='ltr'><strong>germano</strong></span> <span class='ocrx_word' id='word_1_640' title='bbox 1705 4642 2083 4697; x_wconf 85' lang='lat' dir='ltr'><strong>confirmatum</strong></span> 
     </span>
    </p>
   </div>
   <div class='ocr_carea' id='block_1_94' title="bbox 500 4733 2085 4809">
    <p class='ocr_par' dir='ltr' id='par_1_94' title="bbox 500 4733 2085 4809">
     <span class='ocr_line' id='line_1_94' title="bbox 500 4733 2085 4809; baseline -0.006 -13"><span class='ocrx_word' id='word_1_641' title='bbox 500 4741 712 4809; x_wconf 63' lang='lat' dir='ltr'><strong>legitur,</strong></span> <span class='ocrx_word' id='word_1_642' title='bbox 745 4740 795 4793; x_wconf 90' lang='lat' dir='ltr'><strong>in</strong></span> <span class='ocrx_word' id='word_1_643' title='bbox 829 4749 916 4791; x_wconf 86' lang='lat' dir='ltr'><strong>tua</strong></span> <span class='ocrx_word' id='word_1_644' title='bbox 942 4736 1261 4806; x_wconf 87' lang='lat' dir='ltr'><strong>Waltprand</strong></span> <span class='ocrx_word' id='word_1_645' title='bbox 1298 4743 1617 4805; x_wconf 75' lang='lat' dir='ltr'><strong>poteSIatem</strong></span> <span class='ocrx_word' id='word_1_646' title='bbox 1653 4742 1985 4802; x_wconf 85' lang='lat' dir='ltr'><strong>permaneat.</strong></span> <span class='ocrx_word' id='word_1_647' title='bbox 2023 4733 2085 4787; x_wconf 84' lang='lat' dir='ltr'><strong>Et</strong></span> 
     </span>
    </p>
   </div>
   <div class='ocr_carea' id='block_1_95' title="bbox 500 4831 2088 4908">
    <p class='ocr_par' dir='ltr' id='par_1_95' title="bbox 500 4831 2088 4908">
     <span class='ocr_line' id='line_1_95' title="bbox 500 4831 2088 4908; baseline -0.008 -14"><span class='ocrx_word' id='word_1_648' title='bbox 500 4840 651 4896; x_wconf 84' lang='lat' dir='ltr'><strong>nullo</strong></span> <span class='ocrx_word' id='word_1_649' title='bbox 681 4850 922 4908; x_wconf 87' lang='lat' dir='ltr'><strong>tempore</strong></span> <span class='ocrx_word' id='word_1_650' title='bbox 972 4853 1000 4889; x_wconf 92' lang='lat' dir='ltr'><strong>a</strong></span> <span class='ocrx_word' id='word_1_651' title='bbox 1051 4837 1199 4889; x_wconf 88' lang='lat' dir='ltr'><strong>novis</strong></span> <span class='ocrx_word' id='word_1_652' title='bbox 1244 4845 1490 4903; x_wconf 80' lang='lat' dir='ltr'><strong>pesterus</strong></span> <span class='ocrx_word' id='word_1_653' title='bbox 1541 4844 1755 4886; x_wconf 86' lang='lat' dir='ltr'><strong>nostros</strong></span> <span class='ocrx_word' id='word_1_654' title='bbox 1807 4832 1906 4885; x_wconf 89' lang='lat' dir='ltr'><strong>hec</strong></span> <span class='ocrx_word' id='word_1_655' title='bbox 1952 4831 2088 4883; x_wconf 87' lang='lat' dir='ltr'><strong>sicut</strong></span> 
     </span>
    </p>
   </div>
   <div class='ocr_carea' id='block_1_96' title="bbox 502 4921 2085 5000">
    <p class='ocr_par' dir='ltr' id='par_1_96' title="bbox 502 4921 2085 5000">
     <span class='ocr_line' id='line_1_96' title="bbox 502 4921 2085 5000; baseline -0.011 -12"><span class='ocrx_word' id='word_1_656' title='bbox 502 4932 753 5000; x_wconf 76' lang='lat' dir='ltr'><strong>Superius</strong></span> <span class='ocrx_word' id='word_1_657' title='bbox 801 4929 976 4983; x_wconf 85' lang='lat' dir='ltr'><strong>valeat</strong></span> <span class='ocrx_word' id='word_1_658' title='bbox 1025 4931 1333 4983; x_wconf 88' lang='lat' dir='ltr'><strong>molestare.</strong></span> <span class='ocrx_word' id='word_1_659' title='bbox 1386 4928 1455 4982; x_wconf 86' lang='lat' dir='ltr'><strong>Et</strong></span> <span class='ocrx_word' id='word_1_660' title='bbox 1500 4940 1686 4979; x_wconf 89' lang='lat' dir='ltr'><strong>servos</strong></span> <span class='ocrx_word' id='word_1_661' title='bbox 1732 4923 1812 4978; x_wconf 89' lang='lat' dir='ltr'><strong>vel</strong></span> <span class='ocrx_word' id='word_1_662' title='bbox 1859 4921 2085 4985; x_wconf 76' lang='lat' dir='ltr'><strong>ant-illa,</strong></span> 
     </span>
    </p>
   </div>
   <div class='ocr_carea' id='block_1_97' title="bbox 502 5014 2089 5093">
    <p class='ocr_par' dir='ltr' id='par_1_97' title="bbox 502 5014 2089 5093">
     <span class='ocr_line' id='line_1_97' title="bbox 502 5014 2089 5093; baseline -0.006 -16"><span class='ocrx_word' id='word_1_663' title='bbox 502 5024 642 5093; x_wconf 79' lang='lat' dir='ltr'><strong>quod</strong></span> <span class='ocrx_word' id='word_1_664' title='bbox 674 5038 772 5093; x_wconf 88' lang='lat' dir='ltr'><strong>pro</strong></span> <span class='ocrx_word' id='word_1_665' title='bbox 800 5022 979 5075; x_wconf 91' lang='lat' dir='ltr'><strong>anima</strong></span> <span class='ocrx_word' id='word_1_666' title='bbox 1011 5035 1129 5075; x_wconf 87' lang='lat' dir='ltr'><strong>mea</strong></span> <span class='ocrx_word' id='word_1_667' title='bbox 1167 5021 1407 5074; x_wconf 90' lang='lat' dir='ltr'><strong>livertari</strong></span> <span class='ocrx_word' id='word_1_668' title='bbox 1438 5019 1678 5084; x_wconf 86' lang='lat' dir='ltr'><strong>voluero,</strong></span> <span class='ocrx_word' id='word_1_669' title='bbox 1718 5017 1842 5071; x_wconf 90' lang='lat' dir='ltr'><strong>volo</strong></span> <span class='ocrx_word' id='word_1_670' title='bbox 1873 5024 1929 5068; x_wconf 92' lang='lat' dir='ltr'><strong>ut</strong></span> <span class='ocrx_word' id='word_1_671' title='bbox 1958 5014 2089 5068; x_wconf 80' lang='lat' dir='ltr'><strong>live-</strong></span> 
     </span>
    </p>
   </div>
   <div class='ocr_carea' id='block_1_98' title="bbox 507 5108 2089 5185">
    <p class='ocr_par' dir='ltr' id='par_1_98' title="bbox 507 5108 2089 5185">
     <span class='ocr_line' id='line_1_98' title="bbox 507 5108 2089 5185; baseline -0.008 -14"><span class='ocrx_word' id='word_1_672' title='bbox 507 5134 617 5171; x_wconf 83' lang='lat' dir='ltr'><strong>tam</strong></span> <span class='ocrx_word' id='word_1_673' title='bbox 650 5125 802 5171; x_wconf 88' lang='lat' dir='ltr'><strong>aveat</strong></span> <span class='ocrx_word' id='word_1_674' title='bbox 832 5122 1185 5185; x_wconf 86' lang='lat' dir='ltr'><strong>potestatem,</strong></span> <span class='ocrx_word' id='word_1_675' title='bbox 1234 5121 1288 5166; x_wconf 89' lang='lat' dir='ltr'><strong>et</strong></span> <span class='ocrx_word' id='word_1_676' title='bbox 1329 5111 1593 5165; x_wconf 89' lang='lat' dir='ltr'><strong>firmando</strong></span> <span class='ocrx_word' id='word_1_677' title='bbox 1618 5108 1938 5165; x_wconf 82' lang='lat' dir='ltr'><strong>iivertadetn</strong></span> <span class='ocrx_word' id='word_1_678' title='bbox 1965 5148 1981 5173; x_wconf 93' lang='lat'><strong>,</strong></span> <span class='ocrx_word' id='word_1_679' title='bbox 2033 5116 2089 5161; x_wconf 87' lang='lat' dir='ltr'><strong>et</strong></span> 
     </span>
    </p>
   </div>
   <div class='ocr_carea' id='block_1_99' title="bbox 500 5198 2088 5279">
    <p class='ocr_par' dir='ltr' id='par_1_99' title="bbox 500 5198 2088 5279">
     <span class='ocr_line' id='line_1_99' title="bbox 500 5198 2088 5279; baseline -0.006 -15"><span class='ocrx_word' id='word_1_680' title='bbox 500 5225 665 5279; x_wconf 68' lang='grc' dir='ltr'><strong>(ίυιιιι</strong></span> <span class='ocrx_word' id='word_1_681' title='bbox 708 5224 801 5277; x_wconf 89' lang='lat' dir='ltr'><strong>per</strong></span> <span class='ocrx_word' id='word_1_682' title='bbox 826 5208 1028 5264; x_wconf 85' lang='lat' dir='ltr'><strong>cartula</strong></span> <span class='ocrx_word' id='word_1_683' title='bbox 1059 5221 1216 5277; x_wconf 89' lang='lat' dir='ltr'><strong>quam</strong></span> <span class='ocrx_word' id='word_1_684' title='bbox 1247 5204 1518 5261; x_wconf 85' lang='lat' dir='ltr'><strong>firmitatis</strong></span> <span class='ocrx_word' id='word_1_685' title='bbox 1565 5206 1669 5259; x_wconf 91' lang='lat' dir='ltr'><strong>mei</strong></span> <span class='ocrx_word' id='word_1_686' title='bbox 1712 5201 1917 5258; x_wconf 91' lang='lat' dir='ltr'><strong>cartula</strong></span> <span class='ocrx_word' id='word_1_687' title='bbox 1957 5198 2088 5279; x_wconf 76' lang='lat' dir='ltr'><strong>Eoin</strong></span> 
     </span>
    </p>
   </div>
   <div class='ocr_carea' id='block_1_100' title="bbox 502 5276 2089 5361">
    <p class='ocr_par' dir='ltr' id='par_1_100' title="bbox 502 5276 2089 5361">
     <span class='ocr_line' id='line_1_100' title="bbox 502 5276 2089 5361; baseline -0.006 -6"><span class='ocrx_word' id='word_1_688' title='bbox 502 5301 714 5355; x_wconf 78' lang='lat' dir='ltr'><strong>notario</strong></span> <span class='ocrx_word' id='word_1_689' title='bbox 743 5312 798 5355; x_wconf 90' lang='lat' dir='ltr'><strong>et</strong></span> <span class='ocrx_word' id='word_1_690' title='bbox 828 5301 880 5355; x_wconf 91' lang='lat' dir='ltr'><strong>in</strong></span> <span class='ocrx_word' id='word_1_691' title='bbox 911 5299 1123 5355; x_wconf 83' lang='lat' dir='ltr'><strong>Christo</strong></span> <span class='ocrx_word' id='word_1_692' title='bbox 1154 5298 1263 5355; x_wconf 82' lang='lat' dir='ltr'><strong>filio</strong></span> <span class='ocrx_word' id='word_1_693' title='bbox 1305 5314 1426 5354; x_wconf 89' lang='lat' dir='ltr'><strong>meo</strong></span> <span class='ocrx_word' id='word_1_694' title='bbox 1455 5296 1740 5351; x_wconf 81' lang='lat' dir='ltr'><strong>scrivendo</strong></span> <span class='ocrx_word' id='word_1_695' title='bbox 1770 5276 1988 5361; x_wconf 62' lang='lat' dir='ltr'><strong>rogavi,</strong></span> <span class='ocrx_word' id='word_1_696' title='bbox 2038 5293 2089 5346; x_wconf 88' lang='lat' dir='ltr'><strong>itt</strong></span> 
     </span>
    </p>
   </div>
   <div class='ocr_carea' id='block_1_101' title="bbox 506 5386 2093 5463">
    <p class='ocr_par' dir='ltr' id='par_1_101' title="bbox 506 5386 2093 5463">
     <span class='ocr_line' id='line_1_101' title="bbox 506 5386 2093 5463; baseline -0.004 -19"><span class='ocrx_word' id='word_1_697' title='bbox 506 5407 607 5458; x_wconf 85' lang='lat' dir='ltr'><strong>qua</strong></span> <span class='ocrx_word' id='word_1_698' title='bbox 629 5407 728 5461; x_wconf 90' lang='lat' dir='ltr'><strong>ego</strong></span> <span class='ocrx_word' id='word_1_699' title='bbox 748 5390 933 5447; x_wconf 83' lang='lat' dir='ltr'><strong>subter</strong></span> <span class='ocrx_word' id='word_1_700' title='bbox 955 5393 1167 5463; x_wconf 91' lang='lat' dir='ltr'><strong>signum</strong></span> <span class='ocrx_word' id='word_1_701' title='bbox 1192 5399 1374 5446; x_wconf 89' lang='lat' dir='ltr'><strong>sancte</strong></span> <span class='ocrx_word' id='word_1_702' title='bbox 1390 5388 1567 5444; x_wconf 85' lang='lat' dir='ltr'><strong>crocis</strong></span> <span class='ocrx_word' id='word_1_703' title='bbox 1591 5388 1831 5455; x_wconf 77' lang='lat' dir='ltr'><strong>firmans,</strong></span> <span class='ocrx_word' id='word_1_704' title='bbox 1858 5397 1911 5441; x_wconf 90' lang='lat' dir='ltr'><strong>et</strong></span> <span class='ocrx_word' id='word_1_705' title='bbox 1944 5386 2093 5440; x_wconf 83' lang='lat' dir='ltr'><strong>testi-</strong></span> 
     </span>
    </p>
   </div>
   <div class='ocr_carea' id='block_1_102' title="bbox 503 5479 1591 5550">
    <p class='ocr_par' dir='ltr' id='par_1_102' title="bbox 503 5479 1591 5550">
     <span class='ocr_line' id='line_1_102' title="bbox 503 5479 1591 5550; baseline -0.002 -13"><span class='ocrx_word' id='word_1_706' title='bbox 503 5481 607 5538; x_wconf 84' lang='lat' dir='ltr'><strong>bus</strong></span> <span class='ocrx_word' id='word_1_707' title='bbox 632 5482 801 5539; x_wconf 89' lang='lat' dir='ltr'><strong>obtuli</strong></span> <span class='ocrx_word' id='word_1_708' title='bbox 830 5482 1129 5549; x_wconf 82' lang='lat' dir='ltr'><strong>rovorando</strong></span> <span class='ocrx_word' id='word_1_709' title='bbox 1153 5479 1591 5550; x_wconf 86' lang='lat' dir='ltr'><strong>subscriptionis.</strong></span> 
     </span>
    </p>
   </div>
   <div class='ocr_carea' id='block_1_103' title="bbox 580 5606 2093 5679">
    <p class='ocr_par' dir='ltr' id='par_1_103' title="bbox 580 5606 2093 5679">
     <span class='ocr_line' id='line_1_103' title="bbox 580 5606 2093 5679; baseline -0.006 -11"><span class='ocrx_word' id='word_1_710' title='bbox 580 5622 606 5649; x_wconf 68' lang='grc' dir='ltr'><strong>ιι</strong></span> <span class='ocrx_word' id='word_1_711' title='bbox 651 5613 887 5668; x_wconf 78' lang='lat' dir='ltr'><strong>Casindii</strong></span> <span class='ocrx_word' id='word_1_712' title='bbox 931 5615 1089 5669; x_wconf 88' lang='lat' dir='ltr'><strong>iidem</strong></span> <span class='ocrx_word' id='word_1_713' title='bbox 1135 5614 1298 5668; x_wconf 91' lang='lat' dir='ltr'><strong>fuisse</strong></span> <span class='ocrx_word' id='word_1_714' title='bbox 1337 5611 1587 5667; x_wconf 85' lang='lat' dir='ltr'><strong>videntur</strong></span> <span class='ocrx_word' id='word_1_715' title='bbox 1627 5617 1786 5679; x_wconf 83' lang='lat' dir='ltr'><strong>atque</strong></span> <span class='ocrx_word' id='word_1_716' title='bbox 1836 5606 2093 5675; x_wconf 71' lang='lat' dir='ltr'><strong>Gai-dirigi</strong></span> 
     </span>
    </p>
   </div>
   <div class='ocr_carea' id='block_1_104' title="bbox 508 5679 2092 5753">
    <p class='ocr_par' dir='ltr' id='par_1_104' title="bbox 508 5679 2092 5753">
     <span class='ocr_line' id='line_1_104' title="bbox 508 5679 2092 5753; baseline -0.004 -16"><span class='ocrx_word' id='word_1_717' title='bbox 508 5685 650 5753; x_wconf 74' lang='lat' dir='ltr'><strong>apud</strong></span> <span class='ocrx_word' id='word_1_718' title='bbox 680 5684 881 5739; x_wconf 85' lang='lat' dir='ltr'><strong>Gothos</strong></span> <span class='ocrx_word' id='word_1_719' title='bbox 911 5684 1178 5750; x_wconf 73' lang='lat' dir='ltr'><strong>Hispania:</strong></span> <span class='ocrx_word' id='word_1_720' title='bbox 1219 5684 1576 5753; x_wconf 86' lang='lat' dir='ltr'><strong>dominantes,</strong></span> <span class='ocrx_word' id='word_1_721' title='bbox 1618 5693 1866 5753; x_wconf 79' lang='lat' dir='ltr'><strong>quorum_</strong></span> <span class='ocrx_word' id='word_1_722' title='bbox 1888 5679 2092 5753; x_wconf 85' lang='lat' dir='ltr'><strong>mentio</strong></span> 
     </span>
    </p>
   </div>
   <div class='ocr_carea' id='block_1_105' title="bbox 508 5748 2090 5827">
    <p class='ocr_par' dir='ltr' id='par_1_105' title="bbox 508 5748 2090 5827">
     <span class='ocr_line' id='line_1_105' title="bbox 508 5748 2090 5827; baseline -0.002 -18"><span class='ocrx_word' id='word_1_723' title='bbox 508 5748 596 5810; x_wconf 77' lang='lat' dir='ltr'><strong>est</strong></span> <span class='ocrx_word' id='word_1_724' title='bbox 622 5756 673 5811; x_wconf 89' lang='lat' dir='ltr'><strong>in</strong></span> <span class='ocrx_word' id='word_1_725' title='bbox 704 5754 930 5827; x_wconf 81' lang='lat' dir='ltr'><strong>Legibus</strong></span> <span class='ocrx_word' id='word_1_726' title='bbox 950 5748 1394 5823; x_wconf 81' lang='lat' dir='ltr'><strong>Wisigothorutn,</strong></span> <span class='ocrx_word' id='word_1_727' title='bbox 1421 5764 1472 5811; x_wconf 89' lang='lat' dir='ltr'><strong>et</strong></span> <span class='ocrx_word' id='word_1_728' title='bbox 1500 5751 1553 5808; x_wconf 82' lang='lat' dir='ltr'><strong>in</strong></span> <span class='ocrx_word' id='word_1_729' title='bbox 1578 5749 1804 5810; x_wconf 85' lang='lat' dir='ltr'><strong>concilio</strong></span> <span class='ocrx_word' id='word_1_730' title='bbox 1826 5748 2090 5807; x_wconf 80' lang='lat' dir='ltr'><strong>Toletano</strong></span> 
     </span>
    </p>
   </div>
   <div class='ocr_carea' id='block_1_106' title="bbox 2189 4537 3782 4613">
    <p class='ocr_par' dir='ltr' id='par_1_106' title="bbox 2189 4537 3782 4613">
     <span class='ocr_line' id='line_1_106' title="bbox 2189 4537 3782 4613; baseline -0.011 -12"><span class='ocrx_word' id='word_1_731' title='bbox 2189 4557 2352 4611; x_wconf 90' lang='lat' dir='ltr'><strong>terra,</strong></span> <span class='ocrx_word' id='word_1_732' title='bbox 2389 4554 2493 4599; x_wconf 84' lang='lat' dir='ltr'><strong>etc.</strong></span> <span class='ocrx_word' id='word_1_733' title='bbox 2532 4544 2639 4613; x_wconf 72' lang='lat' dir='ltr'><strong>ligo</strong></span> <span class='ocrx_word' id='word_1_734' title='bbox 2670 4551 2847 4594; x_wconf 87' lang='lat' dir='ltr'><strong>autem</strong></span> <span class='ocrx_word' id='word_1_735' title='bbox 2895 4538 3186 4608; x_wconf 84' lang='lat' dir='ltr'><strong>Sigcntund</strong></span> <span class='ocrx_word' id='word_1_736' title='bbox 3230 4537 3655 4604; x_wconf 82' lang='lat' dir='ltr'><strong>archipresbiter</strong></span> <span class='ocrx_word' id='word_1_737' title='bbox 3683 4551 3782 4588; x_wconf 70' lang='lat' dir='ltr'><strong>una</strong></span> 
     </span>
    </p>
   </div>
   <div class='ocr_carea' id='block_1_107' title="bbox 2181 4626 3784 4698">
    <p class='ocr_par' dir='ltr' id='par_1_107' title="bbox 2181 4626 3784 4698">
     <span class='ocr_line' id='line_1_107' title="bbox 2181 4626 3784 4698; baseline -0.009 -5"><span class='ocrx_word' id='word_1_738' title='bbox 2181 4648 2304 4693; x_wconf 77' lang='lat' dir='ltr'><strong>cant</strong></span> <span class='ocrx_word' id='word_1_739' title='bbox 2342 4638 2661 4693; x_wconf 86' lang='lat' dir='ltr'><strong>auctoritate</strong></span> <span class='ocrx_word' id='word_1_740' title='bbox 2693 4642 2747 4686; x_wconf 89' lang='lat' dir='ltr'><strong>et</strong></span> <span class='ocrx_word' id='word_1_741' title='bbox 2781 4646 3045 4685; x_wconf 90' lang='lat' dir='ltr'><strong>consensu</strong></span> <span class='ocrx_word' id='word_1_742' title='bbox 3085 4629 3323 4698; x_wconf 85' lang='lat' dir='ltr'><strong>germani</strong></span> <span class='ocrx_word' id='word_1_743' title='bbox 3355 4638 3407 4681; x_wconf 89' lang='lat' dir='ltr'><strong>et</strong></span> <span class='ocrx_word' id='word_1_744' title='bbox 3437 4627 3643 4679; x_wconf 87' lang='lat' dir='ltr'><strong>domini</strong></span> <span class='ocrx_word' id='word_1_745' title='bbox 3686 4626 3784 4679; x_wconf 89' lang='lat' dir='ltr'><strong>mei</strong></span> 
     </span>
    </p>
   </div>
   <div class='ocr_carea' id='block_1_108' title="bbox 2187 4717 3782 4797">
    <p class='ocr_par' dir='ltr' id='par_1_108' title="bbox 2187 4717 3782 4797">
     <span class='ocr_line' id='line_1_108' title="bbox 2187 4717 3782 4797; baseline -0.008 -14"><span class='ocrx_word' id='word_1_746' title='bbox 2187 4727 2551 4797; x_wconf 84' lang='lat' dir='ltr'><strong>&#39;falesperiani</strong></span> <span class='ocrx_word' id='word_1_747' title='bbox 2584 4725 2842 4795; x_wconf 75' lang='lat' dir='ltr'><strong>episcopi,</strong></span> <span class='ocrx_word' id='word_1_748' title='bbox 2875 4734 2928 4777; x_wconf 88' lang='lat' dir='ltr'><strong>et</strong></span> <span class='ocrx_word' id='word_1_749' title='bbox 2959 4731 3138 4775; x_wconf 86' lang='lat' dir='ltr'><strong>nostra</strong></span> <span class='ocrx_word' id='word_1_750' title='bbox 3171 4718 3384 4788; x_wconf 82' lang='lat' dir='ltr'><strong>prepria</strong></span> <span class='ocrx_word' id='word_1_751' title='bbox 3420 4717 3656 4787; x_wconf 83' lang='lat' dir='ltr'><strong>pecunia</strong></span> <span class='ocrx_word' id='word_1_752' title='bbox 3690 4730 3782 4784; x_wconf 88' lang='lat' dir='ltr'><strong>pro</strong></span> 
     </span>
    </p>
   </div>
   <div class='ocr_carea' id='block_1_109' title="bbox 2188 4810 3781 4882">
    <p class='ocr_par' dir='ltr' id='par_1_109' title="bbox 2188 4810 3781 4882">
     <span class='ocr_line' id='line_1_109' title="bbox 2188 4810 3781 4882; baseline -0.009 -5"><span class='ocrx_word' id='word_1_753' title='bbox 2188 4830 2372 4877; x_wconf 89' lang='lat' dir='ltr'><strong>nostro</strong></span> <span class='ocrx_word' id='word_1_754' title='bbox 2397 4819 2656 4882; x_wconf 89' lang='lat' dir='ltr'><strong>remedio,</strong></span> <span class='ocrx_word' id='word_1_755' title='bbox 2686 4818 2853 4871; x_wconf 81' lang='lat' dir='ltr'><strong>offero</strong></span> <span class='ocrx_word' id='word_1_756' title='bbox 2875 4823 2929 4869; x_wconf 88' lang='lat' dir='ltr'><strong>et</strong></span> <span class='ocrx_word' id='word_1_757' title='bbox 2952 4818 3094 4868; x_wconf 88' lang='lat' dir='ltr'><strong>dono</strong></span> <span class='ocrx_word' id='word_1_758' title='bbox 3118 4814 3173 4866; x_wconf 88' lang='lat' dir='ltr'><strong>in</strong></span> <span class='ocrx_word' id='word_1_759' title='bbox 3199 4810 3406 4879; x_wconf 86' lang='lat' dir='ltr'><strong>prefato</strong></span> <span class='ocrx_word' id='word_1_760' title='bbox 3427 4820 3619 4864; x_wconf 92' lang='lat' dir='ltr'><strong>sancto</strong></span> <span class='ocrx_word' id='word_1_761' title='bbox 3646 4810 3781 4873; x_wconf 80' lang='lat' dir='ltr'><strong>loco,</strong></span> 
     </span>
    </p>
   </div>
   <div class='ocr_carea' id='block_1_110' title="bbox 2184 4900 3783 4973">
    <p class='ocr_par' dir='ltr' id='par_1_110' title="bbox 2184 4900 3783 4973">
     <span class='ocr_line' id='line_1_110' title="bbox 2184 4900 3783 4973; baseline -0.011 -2"><span class='ocrx_word' id='word_1_762' title='bbox 2184 4927 2243 4971; x_wconf 88' lang='lat' dir='ltr'><strong>et</strong></span> <span class='ocrx_word' id='word_1_763' title='bbox 2283 4924 2420 4967; x_wconf 87' lang='lat' dir='ltr'><strong>terra</strong></span> <span class='ocrx_word' id='word_1_764' title='bbox 2466 4918 2647 4966; x_wconf 88' lang='lat' dir='ltr'><strong>nostra</strong></span> <span class='ocrx_word' id='word_1_765' title='bbox 2692 4911 2755 4963; x_wconf 88' lang='lat' dir='ltr'><strong>ad</strong></span> <span class='ocrx_word' id='word_1_766' title='bbox 2801 4908 2986 4962; x_wconf 67' lang='lat' dir='ltr'><strong>[iunco</strong></span> <span class='ocrx_word' id='word_1_767' title='bbox 3033 4906 3100 4961; x_wconf 91' lang='lat' dir='ltr'><strong>de</strong></span> <span class='ocrx_word' id='word_1_768' title='bbox 3140 4903 3351 4970; x_wconf 84' lang='lat' dir='ltr'><strong>Casale,</strong></span> <span class='ocrx_word' id='word_1_769' title='bbox 3402 4900 3543 4973; x_wconf 80' lang='lat' dir='ltr'><strong>quod</strong></span> <span class='ocrx_word' id='word_1_770' title='bbox 3591 4902 3783 4955; x_wconf 82' lang='lat' dir='ltr'><strong>dicitur</strong></span> 
     </span>
    </p>
   </div>
   <div class='ocr_carea' id='block_1_111' title="bbox 2189 4995 3787 5072">
    <p class='ocr_par' dir='ltr' id='par_1_111' title="bbox 2189 4995 3787 5072">
     <span class='ocr_line' id='line_1_111' title="bbox 2189 4995 3787 5072; baseline -0.012 -9"><span class='ocrx_word' id='word_1_771' title='bbox 2189 5007 2412 5064; x_wconf 88' lang='lat' dir='ltr'><strong>Sindoni</strong></span> <span class='ocrx_word' id='word_1_772' title='bbox 2442 5005 2495 5058; x_wconf 92' lang='lat' dir='ltr'><strong>in</strong></span> <span class='ocrx_word' id='word_1_773' title='bbox 2529 5019 2684 5072; x_wconf 69' lang='lat' dir='ltr'><strong>pi-zza</strong></span> <span class='ocrx_word' id='word_1_774' title='bbox 2718 5017 2821 5055; x_wconf 79' lang='lat' dir='ltr'><strong>una</strong></span> <span class='ocrx_word' id='word_1_775' title='bbox 2859 5000 3151 5067; x_wconf 89' lang='lat' dir='ltr'><strong>recipiente</strong></span> <span class='ocrx_word' id='word_1_776' title='bbox 3177 4997 3456 5059; x_wconf 81' lang='lat' dir='ltr'><strong>modiolas,</strong></span> <span class='ocrx_word' id='word_1_777' title='bbox 3489 5006 3593 5048; x_wconf 86' lang='lat' dir='ltr'><strong>etc.</strong></span> <span class='ocrx_word' id='word_1_778' title='bbox 3631 4995 3705 5047; x_wconf 79' lang='lat' dir='ltr'><strong>ita</strong></span> <span class='ocrx_word' id='word_1_779' title='bbox 3733 5001 3787 5044; x_wconf 78' lang='lat' dir='ltr'><strong>ut</strong></span> 
     </span>
    </p>
   </div>
   <div class='ocr_carea' id='block_1_112' title="bbox 2191 5084 3785 5161">
    <p class='ocr_par' dir='ltr' id='par_1_112' title="bbox 2191 5084 3785 5161">
     <span class='ocr_line' id='line_1_112' title="bbox 2191 5084 3785 5161; baseline -0.013 -7"><span class='ocrx_word' id='word_1_780' title='bbox 2191 5116 2310 5155; x_wconf 88' lang='lat' dir='ltr'><strong>cum</strong></span> <span class='ocrx_word' id='word_1_781' title='bbox 2356 5099 2550 5153; x_wconf 80' lang='lat' dir='ltr'><strong>eximie</strong></span> <span class='ocrx_word' id='word_1_782' title='bbox 2596 5095 2793 5150; x_wconf 88' lang='lat' dir='ltr'><strong>Christi</strong></span> <span class='ocrx_word' id='word_1_783' title='bbox 2842 5090 3170 5161; x_wconf 82' lang='lat' dir='ltr'><strong>perciperint</strong></span> <span class='ocrx_word' id='word_1_784' title='bbox 3221 5102 3515 5157; x_wconf 80' lang='lat' dir='ltr'><strong>pauperes,</strong></span> <span class='ocrx_word' id='word_1_785' title='bbox 3565 5084 3785 5137; x_wconf 73' lang='lat' dir='ltr'><strong>Domina</strong></span> 
     </span>
    </p>
   </div>
   <div class='ocr_carea' id='block_1_113' title="bbox 2191 5176 3785 5264">
    <p class='ocr_par' dir='ltr' id='par_1_113' title="bbox 2191 5176 3785 5264">
     <span class='ocr_line' id='line_1_113' title="bbox 2191 5176 3785 5264; baseline -0.016 -16"><span class='ocrx_word' id='word_1_786' title='bbox 2191 5197 2391 5264; x_wconf 84' lang='lat' dir='ltr'><strong>gratias</strong></span> <span class='ocrx_word' id='word_1_787' title='bbox 2434 5190 2694 5253; x_wconf 80' lang='lat' dir='ltr'><strong>referant,</strong></span> <span class='ocrx_word' id='word_1_788' title='bbox 2740 5196 2793 5239; x_wconf 90' lang='lat' dir='ltr'><strong>et</strong></span> <span class='ocrx_word' id='word_1_789' title='bbox 2836 5182 2991 5237; x_wconf 88' lang='lat' dir='ltr'><strong>nobis</strong></span> <span class='ocrx_word' id='word_1_790' title='bbox 3038 5183 3313 5250; x_wconf 83' lang='lat' dir='ltr'><strong>proveniat</strong></span> <span class='ocrx_word' id='word_1_791' title='bbox 3356 5178 3420 5229; x_wconf 89' lang='lat' dir='ltr'><strong>ad</strong></span> <span class='ocrx_word' id='word_1_792' title='bbox 3468 5176 3785 5228; x_wconf 87' lang='lat' dir='ltr'><strong>remedium.</strong></span> 
     </span>
    </p>
   </div>
   <div class='ocr_carea' id='block_1_114' title="bbox 2192 5267 3786 5354">
    <p class='ocr_par' dir='ltr' id='par_1_114' title="bbox 2192 5267 3786 5354">
     <span class='ocr_line' id='line_1_114' title="bbox 2192 5267 3786 5354; baseline -0.014 -13"><span class='ocrx_word' id='word_1_793' title='bbox 2192 5287 2370 5354; x_wconf 85' lang='lat' dir='ltr'><strong>Ipsum</strong></span> <span class='ocrx_word' id='word_1_794' title='bbox 2415 5296 2544 5337; x_wconf 90' lang='lat' dir='ltr'><strong>vero</strong></span> <span class='ocrx_word' id='word_1_795' title='bbox 2577 5276 2964 5333; x_wconf 81' lang='lat' dir='ltr'><strong>zenodocltium</strong></span> <span class='ocrx_word' id='word_1_796' title='bbox 3004 5274 3130 5327; x_wconf 79' lang='lat' dir='ltr'><strong>dum</strong></span> <span class='ocrx_word' id='word_1_797' title='bbox 3171 5285 3268 5340; x_wconf 87' lang='lat' dir='ltr'><strong>ego</strong></span> <span class='ocrx_word' id='word_1_798' title='bbox 3306 5268 3395 5338; x_wconf 79' lang='lat' dir='ltr'><strong>qui</strong></span> <span class='ocrx_word' id='word_1_799' title='bbox 3434 5284 3596 5336; x_wconf 87' lang='lat' dir='ltr'><strong>supra</strong></span> <span class='ocrx_word' id='word_1_800' title='bbox 3637 5267 3786 5333; x_wconf 80' lang='lat' dir='ltr'><strong>Sige-</strong></span> 
     </span>
    </p>
   </div>
   <div class='ocr_carea' id='block_1_115' title="bbox 2192 5361 3784 5442">
    <p class='ocr_par' dir='ltr' id='par_1_115' title="bbox 2192 5361 3784 5442">
     <span class='ocr_line' id='line_1_115' title="bbox 2192 5361 3784 5442; baseline -0.016 -9"><span class='ocrx_word' id='word_1_801' title='bbox 2192 5376 2355 5432; x_wconf 77' lang='lat' dir='ltr'><strong>snund</strong></span> <span class='ocrx_word' id='word_1_802' title='bbox 2400 5372 2666 5442; x_wconf 90' lang='lat' dir='ltr'><strong>presbiter</strong></span> <span class='ocrx_word' id='word_1_803' title='bbox 2697 5366 2976 5433; x_wconf 85' lang='lat' dir='ltr'><strong>advisero,</strong></span> <span class='ocrx_word' id='word_1_804' title='bbox 3012 5365 3063 5418; x_wconf 93' lang='lat' dir='ltr'><strong>in</strong></span> <span class='ocrx_word' id='word_1_805' title='bbox 3107 5376 3223 5417; x_wconf 89' lang='lat' dir='ltr'><strong>mea</strong></span> <span class='ocrx_word' id='word_1_806' title='bbox 3261 5361 3330 5415; x_wconf 89' lang='lat' dir='ltr'><strong>sit</strong></span> <span class='ocrx_word' id='word_1_807' title='bbox 3368 5368 3656 5427; x_wconf 84' lang='lat' dir='ltr'><strong>potestate,</strong></span> <span class='ocrx_word' id='word_1_808' title='bbox 3687 5369 3784 5411; x_wconf 81' lang='lat' dir='ltr'><strong>etc.</strong></span> 
     </span>
    </p>
   </div>
   <div class='ocr_carea' id='block_1_116' title="bbox 2196 5450 3787 5526">
    <p class='ocr_par' dir='ltr' id='par_1_116' title="bbox 2196 5450 3787 5526">
     <span class='ocr_line' id='line_1_116' title="bbox 2196 5450 3787 5526; baseline -0.016 -1"><span class='ocrx_word' id='word_1_809' title='bbox 2196 5470 2265 5525; x_wconf 80' lang='lat' dir='ltr'><strong>Et</strong></span> <span class='ocrx_word' id='word_1_810' title='bbox 2314 5462 2734 5523; x_wconf 83' lang='lat' dir='ltr'><strong>confirmationis</strong></span> <span class='ocrx_word' id='word_1_811' title='bbox 2789 5467 2977 5514; x_wconf 88' lang='lat' dir='ltr'><strong>nostre</strong></span> <span class='ocrx_word' id='word_1_812' title='bbox 3027 5456 3269 5526; x_wconf 82' lang='lat' dir='ltr'><strong>paginam</strong></span> <span class='ocrx_word' id='word_1_813' title='bbox 3332 5451 3522 5521; x_wconf 77' lang='lat' dir='ltr'><strong>Magno</strong></span> <span class='ocrx_word' id='word_1_814' title='bbox 3586 5450 3787 5503; x_wconf 84' lang='lat' dir='ltr'><strong>nutario</strong></span> 
     </span>
    </p>
   </div>
   <div class='ocr_carea' id='block_1_117' title="bbox 2198 5580 3780 5662">
    <p class='ocr_par' dir='ltr' id='par_1_117' title="bbox 2198 5580 3780 5662">
     <span class='ocr_line' id='line_1_117' title="bbox 2198 5580 3780 5662; baseline -0.018 -6"><span class='ocrx_word' id='word_1_815' title='bbox 2198 5616 2316 5656; x_wconf 74' lang='lat' dir='ltr'><strong>xm.</strong></span> <span class='ocrx_word' id='word_1_816' title='bbox 2351 5598 2430 5652; x_wconf 82' lang='lat' dir='ltr'><strong>Eo</strong></span> <span class='ocrx_word' id='word_1_817' title='bbox 2460 5596 2677 5652; x_wconf 87' lang='lat' dir='ltr'><strong>nomine</strong></span> <span class='ocrx_word' id='word_1_818' title='bbox 2718 5593 3003 5662; x_wconf 89' lang='lat' dir='ltr'><strong>optimates</strong></span> <span class='ocrx_word' id='word_1_819' title='bbox 3047 5602 3143 5641; x_wconf 89' lang='lat' dir='ltr'><strong>seu</strong></span> <span class='ocrx_word' id='word_1_820' title='bbox 3187 5584 3400 5652; x_wconf 85' lang='lat' dir='ltr'><strong>palatini</strong></span> <span class='ocrx_word' id='word_1_821' title='bbox 3424 5583 3570 5662; x_wconf 59' lang='lat' dir='ltr'><strong>viri,</strong></span> <span class='ocrx_word' id='word_1_822' title='bbox 3608 5580 3780 5662; x_wconf 69' lang='lat' dir='ltr'><strong>_(_I_om&#39;-</strong></span> 
     </span>
    </p>
   </div>
   <div class='ocr_carea' id='block_1_118' title="bbox 2199 5654 3779 5744">
    <p class='ocr_par' dir='ltr' id='par_1_118' title="bbox 2199 5654 3779 5744">
     <span class='ocr_line' id='line_1_118' title="bbox 2199 5654 3779 5744; baseline -0.013 -21"><span class='ocrx_word' id='word_1_823' title='bbox 2199 5654 2371 5744; x_wconf 54' lang='lat' dir='ltr'><strong>iiiaui,</strong></span> <span class='ocrx_word' id='word_1_824' title='bbox 2417 5654 2884 5738; x_wconf 69' lang='lat' dir='ltr'><strong>significabantur;</strong></span> <span class='ocrx_word' id='word_1_825' title='bbox 2929 5673 3099 5730; x_wconf 88' lang='lat' dir='ltr'><strong>eoque</strong></span> <span class='ocrx_word' id='word_1_826' title='bbox 3130 5671 3290 5713; x_wconf 86' lang='lat' dir='ltr'><strong>sensu</strong></span> <span class='ocrx_word' id='word_1_827' title='bbox 3323 5666 3376 5713; x_wconf 88' lang='lat' dir='ltr'><strong>et</strong></span> <span class='ocrx_word' id='word_1_828' title='bbox 3413 5654 3655 5711; x_wconf 76' lang='lat' dir='ltr'><strong>Gnsindis&#39;</strong></span> <span class='ocrx_word' id='word_1_829' title='bbox 3688 5666 3779 5705; x_wconf 76' lang='lat' dir='ltr'><strong>vos</strong></span> 
     </span>
    </p>
   </div>
   <div class='ocr_carea' id='block_1_119' title="bbox 2198 5749 2504 5814">
    <p class='ocr_par' dir='ltr' id='par_1_119' title="bbox 2198 5749 2504 5814">
     <span class='ocr_line' id='line_1_119' title="bbox 2198 5749 2504 5814; baseline -0.036 -11"><span class='ocrx_word' id='word_1_830' title='bbox 2198 5749 2504 5814; x_wconf 74' lang='lat' dir='ltr'><strong>usurpatur.</strong></span> 
     </span>
    </p>
   </div>
  </div>
