4026 6352
241 340 375 401 ηπ

1242 416 1247 419 _
1337 352 1739 410 DIPLDMATA
1785 345 2064 405 Εαιιεε.
2104 342 2439 404 ΞΕΗΞΟΤΑ.

3370 348 3505 404 157⁷4

237 477 423 523 sancte
452 466 746 524 Ticinensis
778 467 1028 523 Ecclesia:
1054 483 1118 523 es
1157 470 1308 538 jussu
1350 469 1620 524 Benedicti
1649 482 1811 523 vene-
1844 465 1896 524 Α
1923 464 2144 518 minaria
2190 475 2495 520 sanctorum
2541 465 2630 520 Dei
2664 460 2841 531 faciat,
2890 475 2941 520 et
2972 466 3272 531 missarum,
3303 474 3407 522 etc.
3451 480 3508 525 et

239 558 421 611 rabilis
447 558 790 622 subdiaconi,
819 570 871 613 et
906 560 1095 631 Exopt.
1124 560 1297 616 Ticiu.
1340 560 1685 615 scribendum
1730 575 1822 613 ro-

238 648 501 719 gavimus,
531 659 586 704 et
613 652 799 706 subter
824 653 1264 707 conﬁrmantibus
1294 654 1632 723 testibusque
1659 651 1825 707 obtu-

242 742 401 799 limus
425 744 807 803 roborandum.

314 836 505 889 Actum
535 835 729 893 Ticini.

316 924 428 992 Ego
464 925 773 1011 Sicbimund
813 924 900 984 W.
941 928 1207 997 presbiter
1245 929 1369 985 huic
1405 930 1608 986 cartula
1650 930 1823 985 dona-

247 1014 404 1069 tionis
432 1031 462 1068 a
494 1016 648 1070 nobis
671 1017 807 1071 facta
834 1021 1146 1088 subscripsi,
1174 1033 1230 1076 et
1263 1022 1487 1076 testibus
1511 1021 1821 1089 optulimus.

318 1109 427 1176 Ego
457 1107 749 1176 Theutpert
775 1108 833 1164 ν.
868 1110 937 1165 Μ.
968 1112 1090 1166 huic
1119 1113 1321 1166 rartula
1350 1112 1655 1167 donationis
1683 1128 1712 1165 a
1739 1128 1823 1167 me

244 1207 298 1252 et
324 1199 591 1267 germanis
617 1198 751 1253 meis
782 1200 914 1258 facta
942 1203 1103 1273 relegi
1136 1212 1189 1258 et
1217 1205 1494 1272 suscripsi,
1523 1212 1576 1258 et
1602 1204 1827 1257 testibus

245 1289 535 1343 obtulimus
566 1291 886 1348 roboranda.

316 1377 431 1448 Ego
459 1379 762 1451 Gudepert,
794 1383 882 1451 qui
912 1398 1103 1439 nomen
1134 1399 1289 1439 suum
1320 1384 1571 1455 scripsit,
1604 1395 1659 1440 et
1692 1385 1827 1441 banc

245 1474 503 1528 cartulam
536 1475 649 1529 fieri
681 1476 907 1545 rogavit.

318 1564 540 1633 Signum
570 1581 757 1619 manus
789 1566 1028 1623 Reduald
1066 1567 1274 1637 gasindi
1313 1568 1457 1639 regi,
1502 1569 1613 1623 filio
1652 1584 1827 1637 quon-

247 1655 367 1711 dam
402 1656 675 1724 Rodpald,
710 1658 877 1712 testis.

320 1748 433 1819 Ego
455 1749 546 1817 qui
584 1764 743 1817 supra
785 1750 1001 1821 Magnus
1041 1752 1279 1806 notarius
1316 1760 1500 1806 sancte
1529 1751 1832 1806 Ticinensis

1931 554 2261 612 Gaudentius
2289 557 2532 625 quamvis
2560 558 2806 627 indignus
2847 558 3121 627 presbyter
3149 559 3381 614 scrivere
3414 570 3505 613 ro-

1928 650 2072 715 gavi,
2120 659 2173 703 et
2218 650 2400 705 eubter
2428 650 2579 718 signa
2627 662 2808 704 sancte
2837 651 2979 706 croci
3013 652 3133 717 feci,
3165 661 3268 706 etc.
3324 654 3509 706 Actum

1930 738 2093 805 Luca,
2129 754 2370 809 regnum,
2401 750 2452 795 et
2483 740 2775 796 indictione
2804 743 3163 812 suprascripta
3192 743 3437 799 feliciter.

2007 830 2118 903 Ego
2157 832 2471 887 Sieltimund
2518 833 2844 887 venerabilis
2891 833 3270 900 arcipresbiter
3317 834 3369 887 iu
3415 834 3516 889 bac

1932 922 2067 977 facta
2100 923 2324 977 Domino
2351 935 2403 978 et
2443 934 2629 979 sancto
2662 926 2819 979 Petro
2858 926 2998 980 sicut
3037 926 3285 993 superius
3325 926 3517 996 legitur

1932 1016 2145 1084 propria
2174 1030 2363 1069 manus
2392 1030 2506 1071 mea
2536 1015 2826 1086 subscripsi
2856 1028 2909 1071 et
2940 1017 3167 1071 firmavi.

2668 1129 2788 1184 XX.

1936 1218 2200 1273 Autconda
2239 1230 2285 1273 et
2322 1218 2533 1273 Natai'ia
2577 1238 2776 1273 sorores
2816 1222 3175 1274 monasterium
3218 1220 3518 1273 mania/ium

2004 1290 2057 1342 in
2089 1292 2285 1343 civitate
2326 1289 2595 1343 Veronensi
2625 1294 2861 1356 (tardant,
2906 1302 3054 1351 atque
3078 1292 3211 1345 illud
3249 1293 3340 1343 sub
3382 1291 3519 1359 ret/i-

2008 1362 2142 1414 mine
2168 1361 2361 1413 abbatis
2390 1374 2581 1416 sancta:
2612 1361 2795 1415 Maria:
2818 1365 2885 1415 ad
2916 1364 3180 1431 ()rganum
3205 1362 3523 1414 constituunt

2009 1432 2167 1503 (anno
2199 1431 2348 1501 744).

2008 1548 2065 1602 lu
2109 1547 2326 1601 nomine
2371 1547 2576 1603 Domini
2621 1548 2786 1602 nostri
2832 1546 2959 1602 Jesu
2987 1545 3207 1601 Christi.
3252 1546 3525 1615 Reguante

1940 1641 2392 1697 excellentissimo
2422 1642 2537 1694 viro
2564 1640 2736 1710 adque
2779 1638 3016 1710 piissimo
3045 1641 3243 1693 domno
3276 1636 3528 1692 Batecbis

1942 1748 2095 1803 rege.
2127 1746 2268 1786 anno
2296 1732 2442 1801 regni
2476 1732 2590 1799 ejus
2622 1733 2793 1800 primo
2823 1748 2916 1797 per
2945 1732 3235 1784 indictione
3262 1745 3331 1784 xit
3365 1729 3527 1783 felici-

251 1816 510 1905 Eccl'csie,
539 1816 767 1909 scribta,
796 1816 952 1912 huius
982 1846 1189 1899 canum
1219 1844 1540 1911 domum“,
1573 1854 1690 1914 post
1723 1855 1830 1899 ιη,
1870 1816 1913 1874 Β
1946 1837 2044 1879 ter.
2083 1824 2328 1879 Oratorio
2366 1838 2579 1892 semper
2609 1824 2830 1891 virginis
2861 1833 2915 1876 et
2958 1822 3047 1875 [)ei
3080 1821 3381 1875 Genetricis
3421 1820 3529 1872 Ma-

249 1930 360 1986 dita
391 1934 649 2002 complevi
683 1944 735 1987 ct
762 1936 911 1989 dedi.

321 2022 437 2091 Ego
461 2024 705 2092 Ospraud
733 2025 1121 2093 subdiaconus,
1154 2026 1393 2082 notarius
1425 2038 1606 2081 sancte
1639 2027 1837 2081 Lacon-

252 2116 325 2169 sis
353 2115 612 2184 Ecclesie,
635 2126 892 2183 quantum
925 2120 973 2171 in
1002 2119 1333 2176 autenticum
1365 2120 1563 2188 iuveni,
1596 2136 1694 2174 nec
1724 2122 1843 2190 plus

251 2205 451 2271 addidi,
486 2221 584 2261 nec
615 2209 846 2262 meuime
871 2209 1084 2277 scripsi.

888 2319 1201 2376 XVII—XIX.

254 2407 465 2463 Oblatio
486 2408 682 2480 aliquot
722 2411 1001 2479 fundorum
1042 2415 1181 2480 facta
1221 2430 1251 2465 a
1293 2414 1631 2467 Sir/rimando
1674 2415 1847 2467 archi—

358 2480 613 2618 ξῖῗςιυιειο
636 2478 879 2535 Ecclesia:
907 2478 1120 2536 Lucensi
1149 2486 1315 2537 sancti
1350 2484 1489 2537 Petri
1533 2496 1691 2555 (anno
1718 2485 1841 2537 Chr.

372 2571 419 2603 In
476 2586 489 2603 ο

372 2571 429 2603 l-U
452 2571 489 2603 1ο

326 2640 380 2694 lu
416 2641 504 2696 Dei
535 2643 750 2697 nomine
778 2653 1033 2713 regnante
1059 2643 1283 2700 domnos
1314 2657 1495 2699 nostro
1521 2645 1844 2714 Liutprand,

253 2740 309 2786 et
340 2731 609 2802 llelprand
650 2733 762 2788 Deo
798 2735 1019 2804 juvante
1066 2739 1277 2806 regibus
1309 2753 1450 2793 anno
1480 2739 1625 2807 regni
1657 2754 1843 2792 eorum

257 2823 368 2879 Deo
403 2826 782 2894 prepitiantem
815 2843 983 2882 sunt
1020 2838 1074 2883 ct
1103 2830 1298 2895 Quinto
1332 2830 1529 2884 mensis
1571 2828 1847 2883 Februarii

257 2930 355 2984 per
384 2916 670 2971 indictione
700 2933 883 2972 oetava
920 2918 1169 2973 feliciter.
1210 2920 1591 2977 Sicliimundus
1622 2934 1845 2973 venera-

256 3007 381 3062 bilis
434 3008 828 3079 arcipresbyter
884 3012 976 3065 tibi
1030 3011 1268 3066 Ecclesia
1324 3013 1415 3067 Dei
1468 3012 1641 3081 adque
1692 3013 1848 3066 beato

256 3107 446 3154 sancto
488 3100 648 3155 Petro
692 3111 916 3170 patrono
948 3118 1067 3158 meo
1114 3120 1165 3170 p.
1198 3120 1246 3168 p.
1276 3106 1376 3158 sal.
1408 3105 1481 3158 di.
1531 3105 1662 3158 Dum
1704 3107 1844 3159 enim

259 3191 341 3245 vel
374 3193 417 3246 si
452 3166 725 3262 indignum
754 3194 1072 3248 Sicbimund
1103 3166 1164 3249 ex
1200 3166 1421 3249 infantia
1454 3195 1679 3253 devotus
1708 3197 1849 3251 desi-
1876 3166 1923 3229 Ο

257 3284 455 3339 derans
502 3284 726 3340 Domino
771 3285 897 3340 Jesu
939 3287 1152 3341 Christo
1184 3290 1265 3342 vel
1313 3287 1535 3357 ejusque
1580 3291 1850 3345 liminibus

259 3379 488 3446 prumtis
531 3393 721 3446 queam
772 3381 930 3431 modo
979 3380 1255 3436 deserbire
1308 3396 1532 3435 unacum
1578 3386 1693 3452 ejus
1738 3386 1850 3439 cle-

262 3472 460 3524 mentia
494 3471 712 3525 tractavi
746 3480 802 3525 ut
830 3472 898 3527 de
927 3474 1116 3541 parvis
1159 3476 1319 3529 rebus
1351 3476 1700 3529 substantiola
1734 3492 1850 3531 mea

263 3561 345 3614 vel
378 3562 705 3628 adquisitnlo
736 3578 823 3617 me
853 3566 1094 3632 quamvis
1125 3566 1176 3620 in
1212 3566 1425 3621 modico
1456 3583 1577 3621 meo
1605 3578 1730 3623 ante
1760 3569 1852 3622 tri-

263 3654 425 3707 bunal
453 3655 625 3709 eterni
656 3653 860 3707 Judicis
885 3658 1095 3711 salvare
1126 3659 1344 3724 possim.
1380 3660 1510 3713 0die
1541 3660 1594 3712 iu
1623 3660 1713 3712 Dei
1758 3674 1853 3713 nov

265 3746 411 3797 mine
459 3759 557 3813 ego
603 3746 693 3813 qui
744 3760 902 3813 supra
960 3746 1274 3803 Sicbimnnd
1329 3750 1708 3820 arcipresbiter
1758 3766 1854 3818 per

267 3834 402 3887 banc
432 3834 573 3890 dotis
619 3838 774 3891 titulo
804 3838 970 3893 oﬂero
1004 3839 1113 3893 Deo
1141 3840 1316 3911 adque
1356 3844 1650 3899 beatissimi
1682 3846 1851 3899 sancti

267 3925 443 3990 Petti,
478 3928 564 3980 ubi
593 3943 694 3997 ego
737 3931 983 3998 quamvis
1016 3932 1264 4001 indignus
1298 3949 1365 3988 ex
1406 3934 1629 3990 infantia
1668 3936 1851 3990 deser-

269 4020 384 4073 bire
422 4020 567 4074 visus
605 4022 710 4086 fui,
750 4025 885 4078 idest
918 4034 1066 4091 parte
1098 4041 1269 4080 meam
1300 4026 1369 4081 de
1396 4042 1519 4082 casa
1564 4028 1649 4083 hic
1691 4044 1854 4097 prope

267 4109 429 4163 Silice
482 4110 569 4164 ubi
614 4116 944 4169 cummanire
992 4115 1202 4181 videor,
1254 4132 1375 4171 cum
1425 4119 1721 4173 solarnento
1772 4124 1853 4175 vel

267 4214 389 4255 Cum
421 4200 595 4255 omnia
627 4204 927 4271 adjaceutia
965 4221 1059 4259 sua
1082 4246 1097 4270 ,
1145 4222 1266 4260 cum
1301 4210 1494 4262 movile
1538 4211 1619 4264 vel
1662 4212 1857 4266 immo-

267 4295 399 4360 vile,
430 4309 557 4350 seeo
586 4300 1007 4366 semoventibus,
1038 4304 1217 4355 omnia
1250 4302 1443 4355 usitilia
1470 4304 1597 4371 alia,
1631 4304 1854 4374 sciterpa

269 4401 445 4441 meam
487 4394 593 4440 tam
636 4389 847 4456 pannis,
889 4405 1132 4459 eramcn,
1176 4394 1260 4448 vel
1304 4396 1590 4462 auricalco,
1634 4397 1854 4465 codicis,

272 4479 351 4531 vel
382 4480 561 4532 omnia
583 4479 841 4549 quidquid
871 4486 921 4535 in
948 4497 1068 4536 meo
1090 4484 1331 4539 dominio
1353 4501 1471 4541 esse
1494 4489 1719 4554 videtur,
1749 4503 1853 4543 tam

272 4569 449 4635 ltorto,
499 4570 678 4635 feuile,
725 4588 879 4626 casas
928 4576 1266 4631 massaricias
1307 4593 1425 4631 cum
1468 4581 1645 4632 omnia
1689 4582 1752 4632 ad
1798 4595 1857 4634 se

270 4672 653 4731 pertinentem,
684 4679 804 4717 cum
837 4666 1064 4719 familias
1090 4681 1236 4734 suas,
1268 4683 1389 4721 cum
1424 4669 1711 4722 territuriis
1742 4671 1860 4724 cul-

273 4756 343 4811 tis
370 4763 427 4809 et
457 4756 692 4823 incultis,
725 4758 866 4825 quod
907 4773 935 4809 a
967 4772 1053 4812 me
1080 4759 1276 4827 ubique
1315 4763 1584 4828 pertinere
1627 4762 1857 4829 videtur,

272 4847 428 4903 simul
448 4855 504 4900 et
525 4856 662 4902 terra
687 4864 879 4902 vaccua
909 4850 995 4903 bic
1026 4865 1192 4920 prepe
1220 4851 1453 4915 civitate,
1485 4866 1656 4906 meam
1683 4852 1857 4921 vinea,

272 4954 395 4992 cum
423 4940 578 4993 silvis
608 4943 887 5010 vergariis,
919 4944 1209 4998 castanetis
1239 4944 1395 4998 cultis
1419 4956 1473 4999 et
1504 4946 1721 5003 incultis
1748 4963 1863 5001 tnu-

274 5034 397 5085 v'ilia
431 5035 511 5086 vel
555 5033 847 5101 inmovilta,
881 5037 1073 5103 serbis,
1116 5040 1201 5092 vel
1231 5039 1475 5105 ancillas,
1515 5042 1693 5094 omnia
1721 5053 1778 5096 et
1808 5049 1860 5097 in

274 5126 523 5182 omnibus
550 5142 654 5194 que
681 5141 889 5182 ex......
934 5130 1139 5196 parenti
1170 5129 1416 5194 advinet,
1447 5146 1542 5186 sco
1570 5148 1727 5201 quem
1772 5150 1864 5205 per

275 5218 652 5287 qualivet......
674 5221 931 5290 cunquire
960 5222 1125 5290 potui.
1149 5223 1411 5277 Similiter
1434 5234 1488 5277 et
1512 5241 1597 5279 res
1624 5226 1745 5280 illas
1773 5227 1861 5298 qui

277 5316 391 5367 l‘uct
427 5316 695 5382 quondam
737 5316 1013 5374 Find......
1064 5318 1289 5374 advinet
1330 5334 1425 5386 per
1468 5320 1697 5389 conjuge
1746 5337 1861 5376 mea

277 5409 439 5463 Auria
471 5419 576 5463 tam
608 5425 781 5477 cases,
819 5420 987 5478 terra,
1032 5413 1205 5478 vinea,
1251 5414 1447 5468 oliveta
1489 5417 1645 5470 cultis
1686 5426 1739 5470 et
1785 5418 1864 5471 itt-

276 5502 461 5567 CUIUS,
501 5502 678 5555 omnia
721 5513 775 5557 et
814 5503 866 5556 iu
896 5505 1143 5558 omnibus
1174 5504 1283 5575 jam
1316 5505 1447 5572 disi,
1477 5516 1578 5560 etc.
1634 5507 1701 5560 Et
1747 5517 1867 5577 post

282 5597 504 5652 transito
533 5608 657 5651 vero
688 5608 808 5649 meo
837 5594 881 5649 si
912 5595 1051 5665 quod
1081 5597 1331 5665 superius
1374 5596 1428 5650 in
1456 5596 1643 5651 eodem
1680 5586 1865 5656 tenure

279 5692 559 5764 possedeat
610 5692 721 5764 ipsa
765 5704 1088 5749 sancta......
1135 5703 1189 5749 et
1232 5694 1486 5749 sacerdos
1532 5694 1620 5764 qui
1670 5694 1865 5752 ividem

278 5792 608 5849 deserbierct
639 5805 735 5861 pro
766 5806 851 5847 me
883 5789 1164 5848 Dominum
1195 5804 1420 5846 exorare
1450 5789 1660 5859 divcat,
1694 5800 1747 5847 et
1785 5791 1866 5847 lu-

1945 1919 2041 1982 ric,
2075 1932 2179 1986 que
2211 1919 2345 1973 intra
2377 1917 2595 1970 domum
2627 1917 2761 1971 cella
2794 1924 2975 1970 nostra
3010 1915 3318 1969 Veronense
3344 1914 3447 1967 sito
3478 1914 3528 1966 iu

1942 2013 2159 2065 civitate
2202 2019 2515 2065 construere
2559 2010 2655 2064 visi
2700 2025 2885 2064 suiuus
2933 2008 3089 2063 simul
3135 2023 3254 2062 cum
3304 2007 3531 2061 Nazario

1942 2113 2175 2159 connato
2215 2114 2268 2157 et
2310 2103 2478 2171 .logali
2527 2117 2713 2163 nostro
2754 2103 3027 2157 Autconda
3072 2112 3125 2156 et
3165 2101 3367 2155 Natalia
3411 2112 3532 2168 ger-

1946 2212 2132 2249 manas
2158 2210 2257 2263 pro
2282 2196 2424 2248 utilis
2446 2194 2645 2249 Cltristi
2675 2196 2920 2262 ancillas,
2952 2209 3171 2263 presens
3200 2194 3533 2262 presentibus

1948 2284 2058 2339 dixi
2095 2303 2107 2339 :
2142 2286 2400 2340 Dominus
2429 2300 2490 2340 ac
2535 2285 2862 2355 Redemptor
2902 2297 3084 2340 uoster
3112 2286 3266 2340 Jesus
3292 2287 3536 2339 Christus

1948 2390 2001 2433 et
2030 2381 2441 2435 admonentibus
2486 2394 2581 2433 nos
2611 2380 2676 2432 ad
2717 2380 2978 2447 gremium
3018 2390 3215 2433 sanctzc
3248 2379 3412 2433 Marie
3442 2394 3533 2432 cc-

1946 2472 2114 2527 elesie
2145 2474 2322 2527 redire
2361 2482 2568 2527 ortatus
2605 2482 2718 2539 est,
2753 2481 2805 2524 ct
2832 2471 2972 2524 dulci
3007 2471 3263 2537 uberum,
3293 2487 3392 2540 qua
3425 2470 3535 2538 pri-

1950 2578 2069 2617 mus
2128 2565 2420 2620 admiserat
2474 2578 2710 2631 parens,
2771 2564 3003 2617 ubertim
3060 2562 3277 2616 ﬂuentia
3334 2562 3539 2615 saeiare

1947 2654 2333 2707 commonisset
2360 2653 2545 2706 dicens
2579 2672 2590 2705 :
2627 2653 2842 2715 Venite,
2871 2653 3146 2705 saciamiui
3183 2671 3195 2703 :
3230 2663 3282 2706 et
3311 2652 3398 2721 qui
3433 2666 3536 2704 non

1954 2744 2125 2798 abctis
2156 2745 2412 2813 precium,
2438 2744 2643 2809 venite;
2679 2744 2841 2797 bibite
2870 2743 2926 2796 in
2955 2744 3143 2804 letitia,
3176 2746 3273 2796 sub
3300 2743 3386 2796 tali
3414 2758 3539 2797 vero

1953 2850 2139 2892 tenore
2175 2847 2275 2892 aut
2295 2836 2610 2891 condicione
2640 2853 2651 2889 :
2683 2838 3033 2890 convertimini
3069 2837 3140 2890 ad
3173 2853 3281 2904 me,
3324 2848 3370 2889 ct
3412 2853 3537 2889 con-

1950 2940 2118 2982 vizrtar
2147 2929 2215 2981 ad
2246 2930 2413 2992 vobis;
2447 2938 2501 2983 et
2530 2930 2573 2980 si
2603 2929 2942 2992 conveneris,
2977 2928 3278 2996 quesieritis
3313 2943 3418 2987 me.
3450 2943 3539 2979 ero

1953 3024 2089 3077 vobis
2116 3024 2167 3076 in
2198 3032 2411 3090 patrem,
2444 3032 2486 3075 ct
2514 3037 2601 3075 vos
2627 3022 2766 3075 eritis
2797 3020 2920 3075 mihi
2951 3022 3002 3074 in
3024 3021 3160 3089 ﬁlios
3187 3029 3239 3074 et
3269 3021 3426 3084 filios,
3461 3022 3542 3073 di-

1954 3120 2027 3171 cit
2058 3116 2333 3170 Dominus.
2370 3114 2434 3169 Et
2464 3114 2849 3184 persemetipsa
2880 3116 3074 3169 clamat
3103 3114 3342 3174 Veritas,
3376 3121 3431 3165 ct
3461 3126 3540 3165 re-

1953 3209 2143 3263 dencio
2170 3218 2347 3262 nostra
2379 3208 2533 3262 Jesus
2563 3208 2735 3262 bonus
2767 3224 2779 3261 :
2812 3206 2977 3261 Potite
3003 3217 3052 3261 et
3081 3209 3357 3277 accipietis.
3395 3207 3543 3271 Que-

1952 3301 2047 3353 rite
2087 3307 2131 3352 et
2171 3298 2448 3351 invenietis.
2494 3298 2704 3351 l’ulsale
2744 3307 2791 3351 et
2830 3299 3085 3365 aperietur
3112 3299 3270 3352 vobis.
3315 3298 3380 3349 Et
3419 3298 3542 3365 quia

1954 3393 2023 3447 ob
2064 3402 2245 3446 nostra
2290 3391 2620 3459 neglegentia
2666 3406 2833 3461 usque
2874 3391 3155 3445 undecima
3199 3390 3330 3444 hora
3360 3392 3542 3445 clausa

1954 3495 2037 3540 est
2073 3486 2230 3553 janua
2266 3484 2348 3539 vel
2388 3499 2511 3538 sero
2548 3485 2911 3551 venientibus,
2957 3486 3187 3554 petimus
3228 3484 3446 3537 remissa
3476 3484 3542 3537 de.

1956 3578 2127 3629 noxis.
2182 3576 2328 3629 llauc
2379 3577 2537 3646 igitur
2585 3576 2855 3629 racioncm
2896 3586 3225 3644 conpunctus
3266 3564 3405 3637 nos,
3441 3590 3544 3655 que

1955 3683 2141 3736 supra,
2173 3670 2449 3722 Autconda
2481 3678 2533 3721 et
2559 3668 2761 3721 Natalia
2796 3682 3095 3737 germanas,
3126 3682 3245 3721 Cum
3276 3682 3541 3721 consensu

1955 3761 2112 3815 etiam
2139 3761 2362 3814 Nazario
2384 3761 2628 3813 Coit-nato
2656 3770 2708 3813 et
2736 3760 2896 3828 jugali
2929 3769 3113 3812 nostro
3140 3774 3243 3812 non
3268 3758 3332 3811 de
3360 3769 3540 3811 nostra

1956 3854 2168 3916 merita,
2195 3852 2287 3905 sed
2314 3852 2379 3905 de
2405 3851 2530 3905 Jesu
2558 3851 2753 3904 Cluisti
2788 3850 3152 3904 misericordia
3186 3850 3427 3915 fidentes,
3454 3850 3543 3916 qui

1954 3955 2007 3997 et
2038 3944 2281 4011 prolitico
2312 3951 2567 3995 exoratus
2602 3941 2814 4011 el0quio
2845 3943 3059 4006 dicens,
3092 3942 3210 3995 nolo
3242 3952 3402 3993 morte
3432 3956 3547 4008 pec-

1955 4035 2163 4095 catoris,
2197 4031 2286 4084 sed
2330 4040 2649 4085 convertatur
2686 4042 2731 4084 et
2766 4034 2893 4085 vivat
2925 4047 2943 4086 :
2986 4033 3315 4087 Previditnns
3357 4031 3407 4085 in
3449 4047 3545 4084 att-

1957 4126 2258 4179 ctoritatem
2291 4125 2506 4179 domine
2550 4136 2730 4179 nostre
2772 4126 3107 4179 sanctissime
3140 4125 3354 4193 virginis
3387 4126 3546 4177 Marie

1959 4219 2095 4272 intra
2127 4220 2287 4271 domo
2321 4219 2453 4271 cella
2497 4228 2674 4273 nostra
2713 4219 3094 4272 monasterium
3126 4229 3462 4283 construere,
3495 4219 3544 4270 in

1959 4326 2023 4365 co
2064 4321 2116 4365 et
2162 4310 2481 4380 regulariter
2523 4311 2815 4365 secundum
2859 4308 3070 4362 Domini
3118 4308 3274 4361 fuerit
3304 4290 3547 4362 voluntas

1960 4402 2249 4457 convivere
2294 4402 2645 4470 disponimus.
2698 4403 2825 4455 Item
2876 4414 3087 4453 omnem
3138 4409 3369 4451 nostram
3419 4384 3545 4452 sub-

1961 4494 2209 4546 stantiam
2259 4492 2511 4559 quicquid
2564 4492 2758 4545 babcre
2811 4490 3072 4555 videmur,
3128 4490 3320 4543 ibidem
3372 4490 3550 4544 olferi-
3636 4489 3646 4496 ’

1964 4600 2081 4639 mus
2113 4603 2127 4638 :
2159 4587 2293 4639 idest
2326 4588 2375 4637 in
2408 4585 2594 4652 primis
2622 4598 2746 4637 casa
2779 4584 2866 4636 ubi
2899 4585 3009 4652 ipse
3036 4587 3301 4637 oratorius
3330 4596 3408 4637 est
3438 4584 3549 4637 fun-

1962 4679 2136 4737 datus,
2176 4691 2230 4731 et
2272 4678 2407 4730 alias
2451 4691 2626 4742 casas,
2668 4688 2837 4742 curtc,
2884 4686 3002 4729 orto
3049 4678 3386 4742 intrinsecus,
3421 4677 3549 4732 foris

1964 4770 2144 4834 terris,
2180 4772 2371 4835 vineis,
2404 4769 2696 4828 colonicas,
2732 4768 2929 4835 pradis,
2965 4769 3195 4835 pascuis,
3241 4770 3543 4839 ιιιιιιςιιιιιιις,

1961 4866 2254 4929 montibus,
2301 4866 2493 4929 servis,
2543 4863 2769 4925 ancillis,
2821 4862 3024 4929 peculia
3072 4862 3271 4927 omnia,
3319 4878 3547 4931 seseque

1963 4960 2319 5025 tttoventibus,
2350 4960 2491 5012 cultu
2522 4966 2575 5009 et
2606 4957 2896 5019 incultum,
2930 4972 3051 5022 ere,
3083 4958 3243 5022 ferro,
3279 4957 3539 5009 utensilia.

1963 5052 2214 5123 quicquid
2249 5064 2389 5103 nunc
2420 5048 2693 5120 ansidere
2724 5048 2983 5113 videmur,
3012 5058 3102 5101 aut
3132 5050 3182 5102 in
3213 5060 3367 5101 antea
3398 5048 3546 5115 aqui-

1965 5162 2086 5201 rere
2113 5156 2167 5199 et
2194 5143 2438 5197 laborare
2467 5138 2816 5209 potuerimus.
2849 5141 2925 5194 Eo
2953 5140 3153 5193 scilicet
3179 5140 3385 5201 ordine.
3417 5150 3471 5193 ut
3500 5140 3545 5195 si

1964 5240 2121 5295 nobis
2154 5237 2407 5291 Dominus
2434 5234 2569 5288 alias
2597 5248 2811 5288 sorores
2841 5234 3079 5297 dederit,
3112 5242 3165 5284 et
3206 5234 3547 5302 congregatio

1966 5331 2350 5388 monacharum
2390 5328 2505 5381 istis
2537 5327 2671 5380 facta
2716 5326 2875 5379 fuerit
2904 5335 3022 5393 post
3058 5325 3257 5377 obitum
3305 5334 3541 5378 nostrum

1966 5425 2159 5481 exinde
2188 5425 2327 5491 ipsas
2356 5422 2455 5476 sibi
2487 5420 2697 5489 elegant
2719 5426 2943 5471 matrem
2967 5404 3260 5483 spiritalem
3284 5457 3298 5482 ,
3328 5433 3429 5486 que
3453 5433 3547 5472 eas

1966 5519 2257 5575 secundum
2286 5516 2512 5572 Domino
2541 5526 2595 5571 et
2634 5523 2871 5568 sanctam
2902 5513 3136 5581 regulam
3170 5512 3342 5567 foveat
3371 5513 3545 5582 adque

1967 5611 2251 5683 gubernat,
2284 5620 2339 5663 et
2366 5616 2611 5663 cunctam
2638 5613 2875 5658 nostram
2904 5603 3254 5658 substantiam
3286 5604 3546 5674 regulari-

1969 5712 2050 5757 ter
2077 5700 2392 5772 disponendi
2437 5701 2489 5754 in
2535 5696 2701 5767 ipsius
2739 5694 3009 5750 abbatisse
3042 5696 3124 5751 vel
3164 5711 3408 5749 sororum
3453 5712 3577 5761 pcr_

1968 5796 2143 5854 omnia
2189 5802 2497 5867 permaneat
2526 5796 2865 5861 potestatem.
2900 5787 2965 5843 Et
3003 5789 3049 5845 si
3087 5786 3427 5858 congregatio
3460 5787 3546 5841 bic
