4026 6352
506 327 642 388 13⁷35

1664 316 2211 381 LANGOBARDORU
2224 320 2266 373 Μ
2311 317 2443 373 RBG
2456 318 2552 374 ΗΜ

3605 318 3734 375 ιὸἻϐ

501 446 637 498 facta
678 460 780 497 non
821 442 1008 505 fuerit,
1056 454 1165 509 post
1199 442 1398 496 obitum
1443 451 1741 494 nostrorum
1773 436 1947 489 (ululis
1976 448 2067 502 ρα-
2097 433 2139 489 Α
2244 431 2374 483 Acto
2410 431 2462 483 in
2491 432 2706 483 civitate
2741 430 2967 493 Verona.
2999 430 3083 487 die
3118 447 3186 485 xv
3220 432 3420 485 «Densis
3451 430 3630 501 Magii.
3658 452 3735 489 rc-

502 535 656 586 cunia
686 541 859 587 nostra
888 533 955 584 sit
984 534 1035 584 in
1075 542 1385 598 potestatem
1428 530 1653 582 ecclesie
1689 536 1870 580 sancte
1909 525 2068 578 Marie

498 626 600 681 sita
633 624 759 677 foris
795 635 997 691 portam
1026 625 1253 689 Orgaui,
1297 630 1351 675 et
1387 622 1520 673 abba
1566 621 1653 688 qui
1694 635 1791 684 pro
1828 629 2068 686 tempore

506 718 691 777 fuerit,
734 717 845 783 ipse
874 718 1118 781 tliSponat
1156 716 1222 767 de
1250 716 1403 767 olicio
1446 714 1527 767 vel
1576 714 1849 767 luminaria
1898 712 2067 765 sancti

503 807 740 866 oratorii,
782 816 835 860 et
865 807 931 859 de
973 806 1187 871 pecunia
1233 815 1433 867 nostra,
1463 806 1584 872 quid
1620 821 1647 856 a
1680 806 1949 865 fratribus,
1982 803 2065 855 vel

502 898 624 960 quid
656 897 717 947 ad
752 895 1085 961 pauperibus,
1116 911 1206 947 seu
1242 895 1471 955 famulis,
1504 893 1590 960 qui
1621 909 1740 946 etuu
1775 894 1938 955 ipsum
1973 906 2066 959 pe-

502 988 710 1042 cuniam
746 987 1122 1049 laboraverint,
1152 988 1343 1059 debeat
1376 990 1657 1052 pertinere.
1697 986 2065 1040 Defensionem

504 1094 633 1132 vero
672 1079 750 1132 vel
790 1077 1209 1131 admouicionetn
1257 1079 1422 1130 sancti
1471 1078 1777 1131 monasterii
1822 1078 2069 1131 volumus

502 1167 659 1219 abere
690 1166 750 1219 ad
795 1168 1165 1219 monasterium
1211 1178 1387 1219 sancte
1420 1168 1578 1219 Maurie
1624 1166 1751 1219 foris
1785 1177 1932 1231 porta
1959 1167 2066 1233 jam

501 1238 737 1317 Superius
781 1270 1161 1318 Illt'llltll‘alllltl,
1206 1272 1294 1308 seu
1331 1257 1535 1308 Andrea
1570 1258 1891 1309 Venerabilis
1917 1271 2069 1322 pres-

500 1346 668 1398 bitero
723 1355 775 1397 et
812 1346 1016 1407 abbati;
1063 1360 1123 1398 ea
1166 1348 1515 1408 condictionc,
1551 1354 1608 1397 ul
1647 1348 1688 1398 si
1726 1347 1918 1412 aliquid
1959 1347 2070 1398 dis-

496 1435 673 1487 cordia
705 1434 842 1488 inter
880 1450 1093 1489 sorores
1124 1436 1278 1489 fuerit
1306 1447 1519 1500 exorta,
1569 1454 1723 1504 quam
1759 1453 1859 1489 non
1906 1440 2072 1505 possi-

497 1544 615 1581 mus
644 1545 735 1595 per
763 1544 857 1581 nos
882 1530 1129 1595 evellere,
1162 1540 1284 1583 tunc
1310 1531 1440 1581 abba
1476 1546 1567 1597 per
1592 1531 1958 1597 semelipsuut,
1983 1541 2071 1584 aut

498 1619 609 1672 Deo
640 1619 907 1673 timentem
944 1634 1221 1683 personam
1256 1620 1425 1686 ipsum
1463 1621 1583 1673 mali
1628 1620 1817 1673 debeat
1851 1636 2073 1673 monen-

498 1711 620 1762 dqu
651 1720 705 1762 et
737 1709 1106 1775 corrigendum
1138 1719 1432 1775 amputare,
1469 1725 1586 1761 naut
1621 1709 1760 1762 nulla
1794 1710 1946 1762 nobis
1977 1720 2067 1763 aut

496 1801 769 1853 sororibus
789 1810 972 1854 contra
1006 1801 1239 1869 regulam
1269 1800 1515 1854 violentia
1548 1803 1817 1869 imponere
1846 1803 2065 1864 audeat,

498 1906 671 1959 neque
714 1907 808 1959 per
833 1907 891 1945 se
923 1906 1091 1959 neque
1123 1908 1216 1959 per
1245 1906 1577 1945 sm-ccssores
1608 1892 1755 1957 ejus,
1790 1893 1880 1945 sed
1912 1894 2072 1946 abba-

500 1982 643 2043 tissa,
675 1995 776 2048 que
818 1996 912 2049 pro
942 1990 1180 2047 tempore
1209 1978 1388 2044 fuerit,
1430 1984 1771 2046 semctipsatu
1805 1992 1856 2034 et
1890 1998 2074 2034 mona-

496 2072 623 2125 chas
652 2087 773 2125 suas
800 2073 1063 2140 disponat.
1099 2072 1161 2125 Et
1191 2072 1330 2141 quod
1363 2071 1501 2125 absit
1545 2082 1661 2138 post
1702 2073 1936 2126 discessu
1967 2074 2075 2127 An-

498 2164 643 2218 drete
670 2163 867 2229 abbati,
901 2166 988 2233 qui
1020 2164 1071 2218 in
1103 2174 1338 2232 tempore
1367 2164 1524 2217 fuerit
1553 2165 1709 2229 abba,
1743 2164 1917 2232 aliqua
1950 2178 2076 2218 con-

501 2266 579 2309 tra
612 2258 789 2327 regula
830 2259 909 2311 vel
954 2258 1151 2311 sanctis
1193 2256 1483 2310 canonibus
1525 2257 1947 2310 domiuacionem
1989 2266 2077 2309 aut

503 2348 723 2402 forciam
764 2350 1037 2415 imponere
1076 2348 1351 2414 quesierit,
1392 2362 1493 2415 qua
1540 2348 1680 2416 ipsas
1730 2362 1835 2400 non
1885 2345 2073 2414 possit,

503 2454 627 2496 tunc
649 2444 819 2510 elegat
848 2442 948 2496 sibi
974 2441 1239 2493 abbatissa
1266 2455 1385 2493 cum
1417 2442 1686 2493 Sororibus
1708 2438 2073 2493 defensionem

502 2535 585 2589 vel
625 2534 1045 2587 ailtuonicionem
1086 2532 1253 2585 sancti
1295 2531 1525 2585 Zenonis
1566 2531 1843 2584 nulritoris
1885 2532 2074 2591 nostri,

503 2640 598 2678 seu
630 2623 883 2690 presnlis,
914 2624 1003 2692 qui
1035 2623 1087 2676 in
1117 2631 1353 2689 tempore
1382 2623 1540 2675 fuerit
1572 2640 1584 2674 :
1620 2625 1719 2676 sub
1749 2638 1814 2676 eo
1840 2638 2075 2688 namque

502 2718 705 2781 ordine,
740 2717 873 2770 sicut
900 2716 1143 2785 superius
1167 2724 1250 2770 est
1276 2716 1530 2783 scriptum
1550 2756 1563 2779 ,
1595 2726 1649 2768 ut
1675 2714 1813 2767 nulla
1848 2717 1924 2769 eis
1956 2719 2073 2769 vio-

504 2805 665 2860 lentia
688 2817 776 2857 aut
800 2804 1098 2858 domiuacio
1120 2817 1307 2859 contra
1333 2806 1562 2875 regulam
1591 2807 1910 2874 imponatur.
1944 2806 2073 2859 Nam

501 2913 600 2950 nos
651 2898 869 2964 predicti
917 2897 1114 2951 Andrei
1153 2898 1348 2961 abbati,
1393 2898 1515 2951 dum
1561 2898 1675 2965 ipse
1723 2900 1981 2953 atlvixcrit
2024 2909 2077 2953 et

501 2986 863 3042 defensionem
914 2997 967 3042 et
1014 2988 1439 3042 admooieionem
1492 2988 1603 3043 sive
1649 2988 1787 3043 inter
1839 3006 2073 3056 sorores,

2167 538 2351 591 gnum,
2383 533 2434 575 et
2463 524 2657 576 indicio
2684 525 3035 590 suprascripta
3067 523 3316 578 feliciter.

2236 612 2397 678 Signa
2436 627 2643 677 eorum,
2685 614 2772 679 qui
2814 613 2864 666 in
2903 613 3138 668 olentico
3175 629 3362 668 manus
3404 594 3691 681 posuerunt
3724 634 3739 671 :

2168 701 2218 754 iu
2251 703 2433 769 primis
2460 704 2735 757 Auteonda
2766 714 2819 757 et
2849 704 3073 772 Natalia,
3104 720 3207 775 que
3232 705 3346 774 ipsa
3370 706 3569 760 cartola
3603 706 3741 762 fece-

2168 806 2312 850 runt.

2238 886 2470 953 Sigipert
2500 887 2798 955 cpiscopus.

2238 976 2500 1043 Giselpert
2530 977 2659 1031 dux.

2238 1067 2460 1121 Curerat
2489 1070 2784 1137 presbyter.

2241 1157 2470 1211 Auderat
2499 1157 2638 1210 fi‘ius
2666 1158 2847 1211 Cunila
2875 1159 3155 1214 Wibiloni.

2242 1246 2466 1313 Sigelais
2499 1247 2633 1299 l'il‘us
2665 1248 2889 1317 Sigerat.

2244 1342 2353 1391 Διί»
2388 1340 2523 1390 filius
2553 1338 2729 1391 (Ionda
2767 1340 3022 1395 llaziloni.

2248 1428 2447 1480 ltadoin
2480 1428 2615 1480 filius
2645 1429 2827 1483 Conda
2857 1430 3045 1484 Tatuni
3076 1433 3295 1501 scripsit

2892 1541 3027 1596 XXI.

2178 1629 2498 1704 Dcc_relmn_n
2542 1630 2768 1704 Rue/1555i
2797 1631 3246 1701 Langobardorum
3286 1635 3446 1703 regis,
3496 1654 3587 1704 per
3614 1641 3752 1704 quod

2247 1702 2374 1771 [lues
2430 1701 2650 1753 dereruit
2696 1703 2883 1769 aliqua:
2936 1706 3243 1771 praediorum
3270 1701 3357 1758 ad.
3391 1701 3751 1762 monasterium

2247 1769 2492 1822 liobiettse
2518 1774 2848 1840 speclnulium
2881 1769 3039 1843 (anno
3069 1777 3215 1845 747).

2246 1884 2454 1937 Flavius
2504 1886 2695 1941 [tachis
2747 1888 2861 1940 viro
2892 1888 3344 1942 excellentissimo
3388 1889 3530 1958 Rege
3568 1905 3756 1944 mona-

2174 1976 2336 2028 sterio
2384 1975 2863 2031 beatissimi........
2926 1978 3065 2030 Petri
3092 1987 3149 2032 et
3186 1980 3379 2033 Christi
3428 1982 3763 2035 confessoris

2177 2066 2509 2127 Columbam,
2538 2069 2641 2120 sito
2668 2068 2718 2121 in
2745 2068 2931 2133 Bobio,
2968 2079 3022 2122 et
3051 2070 3342 2124 venerabili
3376 2073 3489 2125 viro
3520 2074 3760 2126 Anasta-

2180 2160 2813 2227 sio......congregationi
2847 2162 3013 2231 ipsius
3054 2163 3389 2219 monasterii.
3422 2163 3761 2219 Manifestum

2177 2256 2297 2313 est,
2359 2248 2498 2315 quod
2548 2262 2672 2303 ante
2726 2250 2823 2305 bos
2877 2269 3047 2307 annos
3098 2264 3508 2324 tempore.......
3570 2256 3763 2310 Domni

2178 2336 2485 2403 Liutprandi
2518 2342 2657 2409 regis
2703 2342 2854 2394 vobis
2917 2344 3248 2399 subtractum
3303 2358 3385 2401 est
3435 2347 3491 2400 in
3548 2344 3763 2412 aliquod

2182 2428 2285 2481 fine
2314 2438 2500 2483 nostro
2534 2432 2754 2486 turi.....
2790 2448 2882 2500 per
2921 2433 3207 2503 llilpranda
3258 2436 3309 2490 in
3340 2439 3766 2508 suprascriptum

2178 2520 2485 2573 C(Bnubium
2544 2522 2837 2576 relaxatum
2876 2534 2980 2589 est,
3029 2536 3080 2578 et
3110 2526 3161 2578 in
3191 2528 3369 2595 aliquo
3401 2528 3451 2580 in
3478 2530 3769 2590 ipso.......

2178 2625 2208 2662 a
2241 2611 2565 2665 Medianensi
2597 2612 2647 2665 in
2680 2614 2795 2668 loco
2815 2655 2830 2678 ,
2863 2617 2951 2683 qui
2976 2616 3170 2670 dicitur
3194 2616 3430 2671 Nncicla.
3460 2619 3588 2672 Ideo
3618 2635 3770 2673 acce-

2179 2700 2365 2756 dentes
2421 2702 2547 2755 inibi
2582 2704 2730 2757 missi
2766 2706 3125 2760 nostri........
3161 2723 3280 2759 cum
3310 2707 3570 2774 Gisilpert
3620 2708 3771 2763 Wal-

2179 2793 2369 2847 demau
2398 2796 2721 2864 inquirentes
2747 2811 2841 2864 per
2856 2798 3100 2853 Silvanos
3126 2810 3361 2863 nostros,
3386 2801 3521 2854 idem
3540 2802 3766 2853 Otont-m

2178 2898 2232 2943 ct
2254 2889 2545 2947 Rach......
2576 2893 2875 2957 veritatem,
2899 2904 2951 2947 et
2973 2905 3293 2949 renovantes
3321 2895 3471 2965 signa
3495 2906 3551 2949 et
3580 2910 3773 2950 cruces

2180 2994 2300 3032 cum
2329 2980 2509 3036 clavos
2536 2982 2747 3037 ferreos
2791 2982 3086 3054 adfigentes
3110 2985 3295 3051 simul,
3331 2996 3382 3037 ct
3411 2987 3596 3038 ti......
3629 2985 3771 3051 ipsos

502 3094 595 3132 seu
634 3079 701 3132 de
739 3079 872 3132 alias
910 3093 1121 3141 causas,
1160 3080 1204 3133 si
1244 3080 1397 3133 nobis
1425 3082 1763 3146 emerserint,
1794 3083 2072 3149 elegimus,

2187 3073 2578 3130 Mediauenses:
2614 3076 2664 3130 id
2715 3086 2798 3131 est
2848 3080 3015 3146 prima
3044 3093 3203 3133 cruce
3237 3080 3286 3130 in
3330 3078 3442 3145 ripa
3482 3078 3553 3131 de
3607 3079 3770 3131 ﬂuvio

504 3175 561 3219 ut
590 3168 702 3235 ipse
741 3166 893 3221 nobis
932 3178 1078 3235 pater
1117 3178 1273 3237 atque
1315 3168 1563 3223 defensor
1601 3172 1812 3225 existat.
1859 3172 1932 3225 De
1972 3174 2075 3225 filia

505 3275 632 3313 vero
679 3274 731 3313 et
774 3259 939 3327 Nepte
982 3272 1158 3315 nostra
1208 3262 1505 3316 Nazirimda
1554 3267 1855 3331 statuimus,
1908 3276 1960 3322 ut
2008 3268 2078 3321 sit

505 3350 783 3413 monacha,
809 3359 863 3404 et
884 3366 1002 3405 cum
1034 3351 1165 3405 alias
1190 3354 1465 3409 sororibus
1492 3354 1571 3410 sic
1600 3357 1830 3413 adunate
1860 3348 2075 3421 fuerint.

505 3440 822 3508 regulariter
842 3442 1015 3495 vivant
1036 3459 1049 3508 ;
1070 3442 1209 3511 quod
1234 3444 1275 3497 si
1305 3445 1354 3495 in
1381 3444 1480 3497 hoc
1508 3443 1702 3499 factum
1726 3463 1830 3500 non
1862 3449 2076 3515 fuerint,

507 3541 561 3584 ct
599 3531 706 3599 ipsa
741 3540 861 3601 post
889 3540 1128 3587 nostrum
1162 3535 1478 3589 remanserit
1514 3536 1747 3601 obitum,
1788 3537 1919 3592 abba
1941 3577 1955 3602 ,
1990 3541 2080 3609 qui

506 3636 603 3689 pro
633 3634 870 3691 tempore
898 3622 1074 3690 fuerit,
1102 3634 1192 3677 aut
1216 3640 1551 3680 successores
1579 3628 1660 3680 sui
1694 3629 1968 3696 provideat
1997 3647 2080 3685 se-

507 3716 736 3769 cundum
777 3716 917 3781 Deo,
957 3718 1187 3786 qualiter
1225 3720 1335 3788 ipsa
1377 3720 1429 3774 in
1476 3721 1564 3775 Dei
1604 3724 1829 3777 servicio
1871 3741 2079 3792 perma-

508 3815 650 3859 neat.
685 3806 749 3858 Et
777 3822 840 3860 ex
875 3808 1093 3875 pecunia
1136 3821 1315 3863 nostra
1347 3810 1395 3865 in
1426 3821 1685 3881 quantum
1720 3814 1826 3869 illis
1855 3816 2081 3872 sufficiat

508 3898 677 3951 vietus
706 3897 877 3966 adque
908 3901 1128 3953 vestitus
1159 3912 1453 3968 procurrat,
1483 3903 1729 3972 quatinus
1755 3906 1871 3961 sine
1897 3923 2081 3963 neces-

512 3986 667 4040 sitate
698 3986 889 4041 vivant.
930 3986 1006 4042 De
1044 4004 1229 4044 servos
1256 3993 1333 4045 vel
1372 3995 1593 4049 ancillas
1633 4008 1841 4052 nostras
1880 4000 1949 4053 ita
1988 4001 2079 4055 de-

508 4078 799 4131 cernimus.
831 4077 1025 4133 Omnes
1055 4080 1202 4135 liberi
1232 4095 1282 4137 ct
1309 4084 1463 4138 liberi
1493 4088 1597 4140 sint
1627 4106 1639 4139 :
1672 4098 1725 4142 et
1754 4091 1946 4146 abeant
1991 4109 2083 4161 per

514 4176 672 4234 caput
703 4168 915 4220 mundio
958 4169 1214 4225 tremissis
1253 4172 1520 4243 singulas;
1564 4176 1615 4229 in
1648 4193 1707 4230 ea
1738 4195 1864 4232 vero
1907 4183 2079 4235 racio-

512 4277 653 4326 nem,
698 4270 753 4317 ut
794 4263 919 4318 dum
966 4279 1063 4317 nos
1108 4265 1487 4332 advixerimus,
1536 4270 1689 4325 nobis
1728 4272 2029 4329 deserviant
2066 4294 2077 4329 :

512 4364 631 4424 post
669 4364 904 4410 nostrum
937 4371 1061 4411 vero
1090 4357 1391 4422 dicessum,
1431 4361 1475 4413 si
1516 4364 1736 4427 sororis,
1778 4379 1882 4433 que
1923 4366 2078 4422 nobis

2185 3165 2326 3221 Nure
2353 3169 2403 3222 in
2436 3168 2567 3231 Fao,
2600 3168 2792 3223 deinde
2823 3171 2875 3223 in
2919 3185 3117 3224 se......
3145 3171 3233 3239 qui
3268 3178 3370 3223 stat
3398 3170 3451 3223 in
3488 3181 3648 3235 prato
3678 3186 3765 3223 us-

2182 3273 2284 3328 que
2316 3258 2369 3314 in
2403 3260 2714 3321 terminum,
2759 3260 2845 3328 qui
2875 3260 3002 3314 inihi
3052 3262 3209 3313 fixum
3264 3270 3344 3313 est
3371 3274 3397 3309 a
3451 3261 3695 3329 Nocicla,
3722 3270 3773 3317 et

2181 3352 2375 3406 deinle
2431 3368 2599 3422 usque
2629 3354 2677 3407 in
2727 3352 3002 3408 aliu.......
3030 3354 3299 3419 semitam,
3354 3354 3491 3423 quod
3539 3356 3777 3411 fixeruat

2186 3445 2381 3497 Rachis
2402 3455 2457 3499 et
2486 3447 2589 3499 Oto
2618 3445 2820 3499 Silvani
2852 3446 2905 3499 in
2956 3446 3225 3515 presentia
3256 3445 3421 3514 ipsius
3470 3445 3767 3515 Gumpert:

2184 3537 2379 3590 deinde
2424 3552 2660 3607 per......
2693 3536 2744 3589 in
2798 3538 2883 3589 via
2933 3536 3166 3606 publica,
3200 3545 3254 3590 et
3276 3550 3368 3604 per
3406 3538 3578 3604 ipsam
3633 3540 3769 3591 viam

2183 3626 2501 3680 ascendente
2523 3624 2576 3679 in
2601 3626 2718 3679 fuso
2737 3644 2747 3678 :
2768 3624 2961 3680 deinde
2976 3640 3038 3679 ex
3056 3635 3415 3679 transversum
3437 3625 3775 3680 descenden-

2186 3726 2237 3771 te
2267 3717 2497 3771 in.......
2547 3716 2815 3772 Gambaro
2869 3726 2921 3771 et
2964 3714 3160 3770 Molino
3202 3716 3463 3784 ipsorum;
3495 3725 3551 3770 et
3576 3716 3773 3770 deinde

2191 3807 2387 3860 iterum
2433 3808 2758 3862 ascendente
2806 3808 2917 3876 ipsa
2971 3806 3075 3860 fine
3117 3820 3282 3873 usque
3327 3807 3379 3861 in
3431 3821 3619 3871 cruce,
3673 3823 3777 3875 que

2188 3896 2705 3953 fixerunt
2764 3913 2893 3952 rano
2938 3896 3285 3964 suprascripti
3341 3895 3544 3950 Silvani
3602 3897 3776 3952 nostri

2184 3991 2305 4053 Oto,
2327 3989 2541 4057 Rachis,
2559 4000 2609 4045 et
2627 3990 2907 4046 Pascasius
2924 3990 2976 4043 in
2992 3988 3073 4042 via
3095 3988 3301 4057 publica
3321 3988 3458 4044 inter
3475 3989 3580 4043 fine
3601 3988 3775 4043 Turio

2184 4090 2238 4134 et
2294 4083 2429 4149 Alpe
2488 4092 2669 4136 nostra
2717 4081 2978 4136 Carebalo
3028 4097 3122 4149 per
3172 4082 3463 4149 iussionem
3525 4082 3593 4136 de
3645 4082 3775 4150 ipsis

2190 4174 2368 4226 missis
2403 4174 2622 4238 nostris;
2659 4183 2714 4227 et
2742 4175 2933 4227 iterum
2985 4172 3054 4228 de
3092 4174 3196 4228 alio
3228 4174 3400 4229 latere
3424 4190 3517 4243 per
3550 4177 3770 4229 fluvium

2189 4262 2355 4330 ipsum
2388 4263 2531 4317 Nure
2559 4264 2886 4318 ascendente
2916 4278 3011 4333 per
3038 4278 3228 4332 aquam
3263 4275 3314 4318 et
3344 4266 3458 4318 loca
3487 4264 3768 4334 designata

2192 4357 2330 4410 inter
2345 4357 2474 4410 duas
2502 4356 2819 4424 mojolascas
2840 4366 3069 4411 exeunte
3093 4357 3156 4410 ad
3187 4356 3470 4410 Lacoraria
3496 4367 3553 4410 et
3577 4370 3775 4425 capon-

510 4448 886 4510 successerint,
911 4457 1005 4509 aut
1032 4446 1167 4502 forte
1189 4450 1343 4517 abba,
1368 4451 1410 4505 si
1441 4452 1552 4520 ipse
1581 4454 1869 4522 defuerint,
1903 4458 2075 4525 aliqua
2116 4458 2166 4521 D
2195 4464 2257 4501 na
2288 4448 2498 4517 Gaiaria
2531 4464 2699 4518 usque
2731 4450 2783 4503 in
2820 4450 2921 4502 ΡΜ
2945 4450 3150 4519 Signalo
3179 4458 3233 4504 ει
3264 4450 3367 4503 “ne
3398 4450 3521 4513 ἰδίει,
3558 4459 3612 4503 el
3640 4464 3769 4519 (ιυειο

511 4535 591 4589 eis
621 4535 869 4589 violentia
899 4534 1093 4591 inferre
1125 4539 1413 4606 voluerint,
1445 4556 1546 4610 que
1587 4543 1682 4611 ipsi
1729 4558 1940 4613 portare
1974 4564 2077 4601 non

513 4627 748 4695 possint,
790 4630 916 4682 dent
953 4629 1168 4683 mumlio
1200 4646 1291 4698 per
1328 4633 1496 4699 capud
1536 4636 1779 4689 tremisse
1820 4653 1981 4691 unum
2026 4638 2077 4695 in

513 4721 681 4788 ipsum
713 4730 955 4774 sanctum
990 4721 1199 4787 locem,
1232 4732 1285 4777 et
1317 4724 1511 4778 vadaut
1541 4728 1698 4780 soluti
1727 4728 1793 4783 ab
1823 4731 1967 4784 omni
1996 4731 2082 4799 ius

513 4810 803 4877 patronati,
840 4809 925 4863 ubi
957 4811 1238 4867 voluerint.
1282 4813 1389 4868 llec
1426 4816 1602 4869 omnia
1641 4820 1889 4885 snperius
1934 4835 2087 4875 com-

518 4901 773 4967 prehensa
798 4898 903 4970 jam
927 4941 942 4966 ,
975 4908 1031 4953 ut
1062 4904 1427 4970 premisimus,
1462 4906 1770 4962 inconvulsa
1803 4912 2086 4968 statuimus

517 5005 847 5056 permanere.
893 4992 1057 5059 Quam
1093 5011 1219 5050 vero
1245 4996 1602 5054 ordinacionis
1633 5010 1814 5057 no.~tre
1842 5004 2084 5073 paginam

519 5078 725 5132 Bonoso
778 5081 1185 5138 archidiaconus
1236 5097 1417 5141 sancte
1474 5088 1792 5148 Veronensis
1852 5095 2090 5152 Ecclesie

516 5168 751 5224 scribere
777 5173 1099 5240 rogavimus,
1130 5186 1182 5231 et
1211 5192 1306 5244 per
1336 5180 1712 5251 nosmetipsos,
1740 5200 1833 5239 seu
1867 5186 2090 5243 testibus

517 5259 902 5317 roboravimus.

589 5378 739 5456 a‘Qui
815 5386 1088 5456 vetustum
1131 5384 1516 5456 autograpbum
1569 5387 1875 5456 descripsit,
1934 5400 2088 5447 notas

519 5449 920 5520 chronologicas
951 5464 1015 5502 ex
1062 5451 1342 5504 oscitantia
1363 5449 1596 5520 'vitiavit,
1627 5449 1905 5514 scribens:
1940 5463 2087 5516 Almo

522 5519 799 5598 [elicissimi
854 5522 988 5598 regis
1043 5522 1399 5598 (pro-regni)
1454 5519 1612 5580 nostri
1668 5533 1810 5582 tertio
1860 5533 2087 5598 decimo,

519 5588 793 5659 indictione
822 5604 907 5642 xv.
940 5588 1054 5643 Non
1102 5593 1248 5645 tertio
1287 5588 1483 5648 decimo
1508 5638 1522 5659 ,
1561 5599 1653 5650 Sed
1708 5609 1907 5654 tantum
1942 5588 2089 5657 tertio

526 5657 833 5729 primigenia
885 5661 1192 5715 membrana
1251 5657 1561 5729 praetulerit.
1619 5669 1682 5721 Et
1737 5684 1918 5723 revera
1950 5688 2091 5729 anno

523 5724 624 5778 737
659 5729 969 5783 decurrebat
1026 5747 1192 5785 annus
1218 5724 1543 5804 5'liacltisii,
1602 5747 1657 5792 ut
1706 5754 1772 5793 ex
1825 5742 1943 5795 altis
1972 5724 2089 5814 ejus

2194 4543 2314 4596 liter
2341 4544 2585 4610 superius
2637 4543 2845 4612 legitur,
2903 4542 3106 4597 Silvani
3157 4544 3342 4609 nostri,
3378 4543 3428 4596 id
3460 4551 3546 4596 est
3597 4542 3701 4596 Oto
3725 4549 3776 4595 et

2194 4634 2406 4699 Racltis,
2445 4650 2537 4702 per
2587 4632 2869 4703 Evangelia
2900 4636 3247 4688 firmaverunt
3278 4634 3330 4686 in
3383 4634 3775 4703 suprascripto-

2194 4743 2308 4782 rum
2327 4727 2613 4796 presentia.
2646 4725 2793 4781 Unde
2821 4726 3093 4795 inquisitio
3122 4740 3213 4795 per
3242 4726 3641 4792 suprascriptos
3660 4726 3774 4779 ruis-

2192 4835 2304 4888 sos,
2336 4822 2389 4875 id
2414 4829 2497 4876 est
2523 4819 2803 4889 Gumpert,
2829 4819 3103 4890 Gisilpert,
3129 4830 3289 4891 atque
3325 4818 3573 4878 Gaideris
3626 4832 3772 4879 nota-

2194 4915 2330 4969 rium
2358 4915 2489 4969 facta
2526 4922 2627 4969 est.
2674 4914 2958 4984 Propterea
2998 4918 3254 4988 sperastis
3298 4917 3365 4974 ab
3404 4921 3596 4975 excell.
3635 4920 3773 4989 regni

2192 5007 2384 5070 nostri,
2403 5008 2651 5077 quatinus
2668 5006 2782 5063 lure
2798 5013 2978 5065 omnia
2996 5013 3237 5078 superius
3251 5012 3412 5073 dicta,
3429 5013 3661 5079 qualiter
3679 5014 3775 5063 llnc

2195 5097 2481 5153 deliberata
2509 5112 2611 5165 est,
2644 5102 2919 5171 adsignata
2962 5103 3116 5155 vobis
3150 5118 3241 5171 per
3264 5113 3509 5156 nostrum
3541 5117 3776 5170 praecep-

2196 5199 2309 5245 tum
2356 5192 2588 5260 judicata
2622 5196 2833 5249 firmare
2888 5197 3230 5250 deberemus.
3262 5192 3371 5250 Nos
3418 5211 3548 5249 vero
3589 5196 3657 5248 ob
3690 5192 3777 5247 Dei

2196 5284 2386 5339 intuitu
2414 5288 2516 5341 hoc
2550 5287 2859 5341 serenitatis
2888 5299 3082 5342 nostra:
3100 5298 3419 5357 prmccptum
3434 5287 3587 5341 vobis
3610 5285 3773 5341 emitti

2197 5398 2393 5452 chartis
2443 5398 2638 5463 didici.
2676 5411 2743 5471 et
2811 5414 2952 5456 recte
3005 5402 3187 5455 statuit
3240 5401 3432 5471 Pagius
3485 5400 3537 5453 in
3590 5400 3774 5471 Critic.

2196 5471 2389 5523 Baron.
2420 5484 2561 5523 anno
2587 5470 2712 5525 744.
2747 5471 2954 5525 l‘ismrii
3008 5474 3245 5525 chartam
3278 5470 3382 5524 viiii
3414 5472 3671 5527 scriptam
3696 5470 3777 5521 die

2197 5540 2602 5606 8‘Septenbrio,
2647 5555 2901 5609 regnante
2942 5545 3140 5595 domno
3176 5542 3369 5595 Rachis
3399 5544 3481 5595 vir
3508 5543 3777 5595 excellen-

2197 5611 2433 5682 tissimus
2463 5627 2666 5682 regum,
2692 5630 2831 5665 anno
2859 5624 3050 5680 quarto
3075 5629 3168 5682 per
3191 5613 3478 5667 indictione
3504 5628 3562 5673 ll,
3581 5612 3679 5664 hoc
3701 5618 3775 5682 est

2197 5693 2337 5758 anno
2366 5679 2562 5759 Christi
2593 5683 2696 5739 748
2720 5679 2992 5759 inchoata,
3020 5679 3087 5738 ut-
3108 5684 3327 5741 credere
3343 5684 3517 5755 juvat,
3540 5681 3774 5737 indictio-

2200 5755 2431 5808 ne'nova
2450 5765 2517 5807 eo
2544 5755 2658 5823 ipso
2689 5770 2888 5817 mense.
2924 5758 3136 5814 lllmiu.
