4026 6352
507 333 644 393 1579

505 447 792 519 regendum
825 483 838 494 .
874 479 888 496 .
928 482 937 492 .
976 478 990 492 .
1021 437 1364 492 elemosinam
1421 430 1503 485 tril

509 543 632 596 inivi
649 538 898 593 Dominus
911 530 1214 586 condonare
1233 525 1472 594 dignatus
1498 519 1654 572 fuerit
1677 535 1690 580 ;
1721 526 1773 569 et
1803 531 1895 581 pro
1914 513 2086 563 anima

510 648 625 688 mea
658 638 872 700 gravata
928 621 1247 692 ponderibus
1295 615 1522 684 peccatis
1557 614 1686 663 meis
1713 609 1796 660 die
1829 614 2091 669 not-tuque

511 723 928 789 omnipotentem
967 716 1149 774 Deum,
1199 719 1251 761 et
1287 709 1445 759 etiam
1485 703 1572 754 Dei
1606 698 1876 751 (Lenitiice
1909 691 2089 756 Maria,

519 817 600 868 vel
657 810 942 867 beatissimi
982 803 1149 858 sancti
1207 799 1345 852 l‘ctri
1377 807 1429 849 et
1483 793 1623 846 l’auli
1679 805 1772 842 seu
1827 783 2092 840 Anastasii

517 909 618 961 inci
647 946 662 960 .
698 946 711 958 .
745 943 759 957 .
793 941 810 956 .
843 940 856 954 .
889 899 1044 953 nimis
1077 902 1318 963 peccator
1343 891 1408 941 de
1440 886 1662 938 vinculis
1704 894 1956 949 penarum
1988 874 2096 926 eri-

521 1015 644 1068 pere
676 997 938 1068 dignetur,
991 998 1044 1041 et
1071 987 1210 1038 inter
1239 983 1434 1034 sanctis
1467 987 1520 1032 et
1551 978 1737 1028 electis
1777 971 1888 1022 suis
1925 968 2098 1034 aliqua

523 1100 670 1160 parte
695 1064 778 1140 vel
809 1084 1038 1137 societas
1081 1077 1315 1130 tribuere
1343 1071 1544 1138 jnbeat,
1578 1067 1700 1134 quia
1732 1064 1984 1129 scriptum
2019 1065 2102 1110 est

522 1197 618 1252 per
643 1179 906 1245 eloquium
939 1180 996 1224 et
1043 1164 1488 1221 ministrationem
1523 1157 1730 1211 Domini
1767 1151 1931 1206 nostri
1976 1149 2104 1201 Jesu

523 1275 751 1330 Christi:
807 1267 969 1321 Petita
998 1273 1046 1316 et
1077 1261 1278 1314 dabitur
1320 1257 1454 1308 vobis
1494 1250 1745 1317 :quwrite
1787 1257 1832 1300 et
1889 1242 2107 1296 invenie-

515 1373 588 1422 tis
612 1406 625 1420 .
654 1404 667 1420 .
697 1405 710 1418 .
740 1404 752 1417 .
787 1403 799 1415 .
828 1401 840 1413 .
876 1399 887 1410 .
924 1398 936 1410 .
970 1398 981 1409 .
1020 1393 1033 1407 .
1064 1370 1158 1421 per
1188 1353 1304 1404 ideo
1334 1364 1431 1416 ego
1461 1346 1620 1398 miser
1650 1352 1702 1394 et
1724 1339 1942 1393 nimium
1977 1348 2108 1402 pec-

521 1474 673 1519 catur
702 1455 938 1510 creditur
972 1451 1021 1502 iii
1055 1447 1172 1515 ejus
1207 1456 1391 1508 magna
1428 1432 1817 1492 misericordia,
1851 1429 1968 1494 quia
1998 1425 2114 1492 pius

531 1555 780 1608 Dominus
804 1555 855 1599 et
879 1545 1204 1602 Redemptor
1235 1533 1472 1584 omnium
1498 1528 1619 1580 cieli
1651 1537 1703 1577 et
1738 1534 1875 1574 terre
1900 1522 1966 1571 de
1999 1532 2115 1583 par-

534 1645 709 1700 vitatis
739 1653 854 1692 mea
906 1631 1133 1686 terrenis
1182 1622 1518 1678 tribuendum
1551 1617 1615 1670 ad
1649 1618 1758 1682 ipsa
1802 1620 1980 1662 saneta
2010 1608 2116 1656 vir-

529 1749 639 1791 tute
663 1726 891 1785 nominis
923 1726 983 1777 be
1004 1718 1206 1774 itissimi
1238 1714 1402 1767 sancti
1433 1712 1568 1764 Petri
1596 1719 1649 1761 et
1679 1705 1820 1758 [’auii
1854 1717 1945 1752 seu
1985 1705 2119 1750 Atia-

531 1769 639 1791 tuw
924 1769 982 1777 ν-

531 1826 675 1880 stasii
729 1820 929 1872 celeste
971 1827 1067 1880 gaii
1122 1847 1136 1862 .
1169 1848 1180 1860 .
1216 1847 1228 1859 .
1265 1843 1279 1857 .
1315 1842 1329 1855 .
1376 1801 1613 1867 (Jonjuge
1659 1809 1775 1849 mea
1838 1789 2118 1843 l‘eiterada
2157 1769 2200 1827 Β

535 1914 731 1972 carnali
763 1909 888 1963 vitio
929 1905 1085 1958 fuerit
1133 1904 1444 1957 Consecuta,
1483 1892 1614 1944 etin
1662 1888 1776 1954 ipso
1800 1878 2122 1936 scnoilocliio

535 2013 616 2063 vel
675 2000 997 2060 monasterio
1049 1992 1278 2048 noluerit
1326 1983 1619 2044 deservire,
1673 1979 1811 2032 nulla
1871 1976 1935 2026 de
1967 1973 2124 2025 rebus

540 2103 671 2157 meis
693 2110 850 2149 avere
883 2091 1094 2148 debeat,
1148 2083 1246 2136 nisi
1275 2092 1433 2130 vacua
1462 2085 1509 2128 et
1557 2077 1713 2125 inane
1760 2067 1949 2121 exinde
2000 2063 2126 2116 luris

540 2193 691 2248 esire
721 2188 967 2242 deveant,
999 2172 1318 2230 ambulando
1369 2168 1453 2221 ubi
1508 2161 1758 2224 vetuerit,
1813 2169 1864 2211 et
1908 2155 2124 2208 forsitan

545 2287 652 2339 lilia
686 2320 698 2334 .
731 2319 744 2333 .
770 2314 788 2331 .
823 2313 837 2326 .
865 2314 876 2326 .
906 2311 920 2326 .
955 2272 1034 2324 rio
1064 2267 1352 2325 deservire,
1396 2262 1439 2313 si
1473 2261 1538 2312 de
1574 2254 1942 2322 cumportione
1989 2262 2123 2310 mea,

540 2377 725 2438 vadat,
772 2368 859 2422 ubi
906 2362 1153 2421 voluerit,
1212 2357 1435 2422 amplius
1468 2356 1534 2404 de
1576 2351 1732 2402 rebus
1766 2345 1917 2403 meis,
1954 2340 2034 2393 vel
2076 2340 2126 2390 in

541 2469 662 2535 ipso
696 2455 1019 2515 monasrerio
1054 2453 1193 2505 nulla
1227 2457 1408 2518 posset
1438 2459 1614 2507 avere,
1665 2439 1746 2492 vel
1779 2433 2129 2502 imperatione

548 2557 746 2609 facere.
804 2550 933 2602 Nam
959 2547 999 2598 si
1031 2543 1156 2595 inivi
1190 2537 1558 2606 permanserit,
1592 2531 1762 2585 omnia
1795 2543 1913 2580 cuin
1946 2540 2132 2589 supra-

549 2648 691 2701 dicto
716 2652 877 2696 rectoi
894 2653 921 2691 c
939 2637 1013 2688 vel
1032 2634 1305 2702 genitrice,
1333 2641 1488 2696 atque
1511 2625 1755 2691 conjuge,
1779 2618 1864 2672 vel
1896 2634 1941 2671 s.
1971 2657 1984 2670 .
2008 2655 2018 2667 .
2040 2654 2052 2666 .
2075 2653 2088 2667 .
2119 2653 2131 2664 .

558 2735 810 2792 Dominus
853 2730 1010 2779 vitam
1053 2721 1376 2777 coiiCesScrit
1426 2721 1475 2770 iii
1511 2719 1649 2768 hunc
1677 2711 1900 2764 exilium
1951 2704 2133 2758 iiitiitdi

549 2828 881 2888 avitnniluin,
904 2820 1078 2873 omnia
1104 2831 1218 2867 utea
1241 2815 1311 2867 sit
1336 2818 1595 2878 potestate
1625 2801 1939 2871 regendum,
1972 2813 2138 2850 rente-

556 2918 876 2981 l-ioianilum,
932 2912 1209 2967 nsufriictu
1238 2901 1576 2972 capiendum,
1608 2911 1728 2950 nam
1760 2908 1864 2944 non
1898 2889 1962 2940 ad
1989 2904 2140 2941 secir-

555 3012 755 3066 laribus
811 3023 903 3074 pro
948 3003 1092 3057 nullo
1145 2997 1359 3066 ingenio
1415 2986 1836 3046 subtrahendum
1905 2979 2004 3034 nisi
2049 2996 2142 3048 pro

557 3103 734 3155 anima
764 3113 877 3151 mea
904 3135 918 3148 .
957 3135 968 3147 .
1001 3131 1014 3145 .
1039 3130 1052 3146 .
1082 3133 1092 3143 .
1122 3129 1136 3144 .
1165 3084 1543 3141 demittendum
1575 3121 1588 3134 .
1617 3121 1630 3134 .
1659 3119 1671 3133 .
1703 3121 1715 3135 .
1744 3119 1757 3134 .
1781 3119 1794 3133 .
1822 3082 1904 3132 si.
1931 3117 1944 3131 .
1975 3121 1988 3133 .
2022 3117 2033 3129 .
2059 3116 2071 3129 .
2094 3115 2106 3129 .
2127 3113 2140 3128 .

561 3192 689 3247 mihi
709 3189 930 3244 heredes
949 3199 1066 3239 esse
1091 3183 1312 3236 dcveaiit
1330 3175 1621 3229 secundum
1642 3173 1724 3226 lex
1748 3174 1921 3240 gentis
1939 3179 2139 3232 iiostre,

551 3297 616 3352 et
644 3285 756 3352 ipse
777 3277 1098 3334 senodocbio
1126 3276 1178 3326 in
1208 3287 1301 3325 sua
1331 3278 1487 3321 avent
1541 3275 1821 3334 potestate,
1876 3265 1955 3317 vel
2001 3262 2142 3330 quod

565 3392 659 3448 per
685 3377 800 3443 ipso
823 3373 951 3425 tiiilii
987 3367 1144 3422 luerit
1174 3364 1497 3417 ordinatum.
1557 3361 1618 3412 Et
1647 3358 1690 3411 si
1715 3358 1779 3409 ad
1813 3357 2144 3411 set-alaribus

565 3468 789 3522 voluerit
819 3473 1148 3533 permanere,
1185 3456 1482 3525 partionem
1515 3467 1664 3504 suain
1696 3449 1974 3517 suscipiat,
2010 3463 2061 3502 et
2095 3449 2147 3500 in

567 3563 682 3629 ipso
707 3557 1027 3612 monasterio
1056 3550 1199 3605 nulla
1227 3544 1572 3614 iinperatione
1600 3581 1613 3597 .
1641 3583 1653 3595 .
1684 3581 1698 3597 .
1731 3583 1742 3595 .
1774 3580 1786 3594 .
1814 3540 2150 3595 ordinatione

563 3655 702 3723 jnsta
747 3652 854 3704 Deo
885 3646 1045 3702 fuerit
1094 3643 1418 3695 ordinatum.
1501 3638 1562 3689 lit
1592 3636 1711 3704 quia
1744 3649 1830 3688 me
1860 3633 2149 3701 Optanduin

557 3746 668 3812 ire,
702 3744 743 3797 si
775 3744 890 3795 sine
923 3739 1060 3791 illius
1083 3735 1321 3788 masculo
1351 3730 1633 3795 transiero,
1685 3736 1738 3780 et
1782 3734 1934 3778 antea
1967 3726 2032 3777 de
2061 3725 2156 3775 hac

572 3842 690 3893 luce
721 3838 979 3904 niigralus
1012 3831 1186 3893 luero,
1218 3843 1373 3896 quam
1409 3825 1580 3892 ipsum
1633 3830 1875 3877 sanctum
1909 3829 1961 3873 et
1993 3834 2153 3871 vene-

577 3931 739 3984 rabile
769 3927 940 3980 locum
968 3928 1338 3976 censeeiatuin
1362 3918 1449 3980 sit,
1482 3916 1602 3968 volo
1633 3923 1792 3982 atque
1815 3914 2069 3973 decerno,
2105 3918 2160 3961 ut

576 4023 691 4090 ipso
715 4017 946 4072 oratorio
969 4013 1050 4068 vel
1077 4009 1401 4065 senodocliio
1428 4005 1536 4075 jam
1565 4005 1765 4058 dictum
1793 4042 1804 4056 .
1842 4041 1854 4054 .
1887 4039 1902 4054 .
1934 4041 1946 4054 .
1979 4040 1992 4054 .
2027 4040 2040 4052 .
2072 4016 2160 4068 ge,

578 4127 670 4165 seu
717 4123 900 4163 sorore
946 4113 999 4158 et
1049 4104 1151 4156 lilia
1196 4116 1310 4153 mea
1353 4100 1418 4153 de
1463 4095 1640 4152 omnia
1683 4095 1971 4147 medietate
2004 4094 2162 4146 rebus

580 4200 736 4265 meis,
767 4211 870 4266 que
898 4193 1020 4248 inivi
1053 4190 1360 4245 condonare
1395 4190 1536 4239 visus
1563 4200 1703 4248 sum,
1730 4184 1917 4236 diebus
1936 4183 2043 4236 vile
2068 4197 2162 4235 sne

580 4303 736 4349 aveat
767 4297 1117 4360 potestatein;
1152 4293 1205 4336 et
1235 4293 1349 4352 post
1371 4280 1514 4333 ovito
1539 4293 1746 4341 eorum,
1772 4275 1913 4344 quod
1948 4291 2039 4343 per
2066 4274 2164 4343 ipsi

584 4385 712 4440 inivi
744 4383 903 4436 fuerit
927 4377 1226 4433 ordniatuni
1256 4384 1310 4428 ct
1337 4372 1474 4428 servi
1506 4371 1586 4425 vel
1612 4369 1992 4424 ancillasmeas
2018 4374 2168 4435 parte

1680 297 2234 365 LANGOBARDURU
2247 297 2290 351 Μ
2333 293 2515 350 REGU
2528 292 2570 345 λι

1514 427 1780 488 .uendani,
1835 422 1902 475 de
1940 417 2080 486 quod
2114 418 2159 474 Α
2189 411 2343 461 dibus
2402 403 2784 476 proheredibus
2829 398 2961 451 meis
2991 394 3309 463 quandoque
3330 386 3508 452 aliqua
3537 385 3738 452 possessi

3613 277 3732 330 1380

2245 539 2258 552 .
2287 538 2300 552 .
2331 537 2344 551 .
2382 539 2396 552 .
2431 537 2443 550 .
2469 537 2480 549 .
2512 497 2616 549 tuis
2641 492 2964 561 temporibus
2991 485 3287 540 stavilitum
3330 486 3643 547 permaneat.
3688 478 3743 531 Et

2193 593 2278 660 qui
2311 598 2494 643 contra
2541 589 2675 638 hanc
2706 584 2960 636 cartulani
3013 581 3095 631 vel
3141 576 3257 642 ipso
3294 570 3628 633 monasterio,
3669 580 3744 623 aut

2194 688 2438 732 sanctum
2485 675 2823 732 Senodochio
2872 667 3310 738 irequandoque
3369 660 3746 727 presuinpserit,

2197 782 2287 824 aut
2317 786 2376 824 ea
2424 770 2730 836 inrumpere
2767 764 3020 824 voluerit,
3075 762 3125 812 in
3176 757 3362 826 primis
3407 754 3460 804 in
3494 751 3567 802 ira
3603 749 3685 802 Dei
3708 758 3752 802 et

2199 863 2374 916 omnis
2405 861 2614 914 virtutis
2637 859 2897 918 celerum,
2928 865 2982 906 et
3007 851 3452 917 aribaiigelomm
3487 853 3539 894 et
3567 842 3753 908 angelo-

2204 973 2317 1009 rum
2350 993 2364 1006 .
2399 995 2410 1007 .
2444 997 2459 1010 .
2501 993 2516 1007 .
2553 993 2566 1005 .
2601 991 2616 1005 .
2651 990 2666 1004 .
2703 989 2716 1003 .
2759 949 3028 1011 Scarioth,
3085 944 3173 1013 qui
3235 939 3451 994 tradidit
3509 933 3753 985 Dominum

2205 1057 2444 1100 nostrum
2484 1045 2661 1098 Jesum
2685 1042 2980 1104 Christum,
3037 1049 3092 1091 et
3118 1039 3169 1089 in
3194 1034 3417 1087 Tartaro
3460 1027 3529 1080 sit
3555 1025 3758 1079 conscri-

2211 1149 2377 1206 ptum.
2436 1137 2570 1190 Ecce
2603 1145 2656 1187 ut
2691 1149 2806 1186 nica
2838 1132 3050 1184 fuerunt
3094 1126 3358 1179 desideria
3391 1118 3678 1184 adiniplevi,
3719 1125 3762 1165 et

2211 1231 2468 1287 Aviiiidus
2499 1229 2736 1282 notarius
2762 1226 2996 1279 scrivere
3026 1221 3226 1287 rogavi.

2287 1327 2472 1375 Actum
2507 1320 2746 1382 Pistoria,
2779 1329 3000 1384 regnum
3027 1321 3080 1365 et
3114 1305 3408 1363 indictione
3437 1287 3768 1364 suprascripta

2218 1415 2460 1467 feliciter.

2292 1507 2508 1572 Signum
2563 1513 2751 1554 manus
2788 1538 2798 1550 .
2840 1536 2853 1548 .
2888 1534 2901 1547 .
2937 1533 2951 1546 .
2988 1533 3000 1545 .
3032 1489 3210 1544 lredus
3244 1486 3486 1540 medicus
3538 1485 3777 1546 rogatusa

2226 1597 2476 1663 l’iatperto
2507 1608 2663 1644 manu
2698 1587 2906 1656 propria
2955 1594 3086 1640 te~tc
3110 1577 3422 1645 subscripsi.

2299 1688 2410 1756 Ego
2439 1685 2672 1738 Lazarus
2703 1692 2916 1747 rogatus
2949 1695 2974 1727 :i
3010 1677 3260 1740 liatpcrlo
3295 1670 3446 1720 testis
3495 1656 3780 1723 subscripsi.

2303 1782 2422 1848 ligo
2481 1778 2803 1842 liacliipcrto
2849 1779 3060 1839 rogatus
3101 1783 3128 1820 a
3180 1767 3434 1831 llatperto
3483 1755 3634 1835 testis
3679 1753 3783 1804 Stib-

2225 1872 2435 1940 scripsi.

2296 1939 2519 2031 Signum
2548 1971 2735 2012 manus
2759 1952 3020 2015 Maurelli,
3054 1950 3142 2019 qui
3169 1948 3280 2001 lilio
3305 1943 3573 2014 quondam
3599 1939 3790 2003 Statari,

2232 2070 2626 2122 rog......

2307 2153 2526 2220 Signum
2561 2155 2751 2197 manus
2792 2134 3053 2199 Anselnii,
3104 2132 3191 2200 qui
3223 2131 3334 2184 lilio
3363 2125 3634 2196 quondam
3664 2120 3794 2172 Darii-

2235 2243 2362 2305 fiila,
2397 2240 2569 2292 testis.
3001 2241 3008 2248 ‘

2308 2336 2528 2400 Signum
2561 2338 2750 2378 manus
2779 2316 2990 2382 'l‘atoni,
3028 2313 3117 2384 qui
3155 2311 3262 2365 lilio
3298 2307 3572 2378 quondam
3614 2302 3799 2361 Ριιειιιι,

2239 2426 2412 2478 testis.

2312 2516 2420 2580 ligo
2443 2507 2719 2569 Avondus,
2749 2502 2836 2572 qui
2864 2514 3022 2567 supra
3049 2495 3280 2562 scriptor
3304 2490 3466 2558 hujus
3489 2486 3688 2541 cartule
3712 2494 3806 2551 p0>i

2241 2627 2268 2662 a
2311 2607 2531 2661 testibus
2561 2610 2805 2656 rovorata
2856 2606 2909 2648 et
2942 2592 3134 2646 tradita
3167 2589 3335 2656 ipsius
3379 2584 3548 2635 abbas
3592 2593 3810 2648 preseiiuz

2246 2703 2456 2758 Andrea
2487 2697 2593 2749 lilio
2627 2733 2643 2746 .
2680 2735 2693 2748 .
2730 2730 2744 2744 .
2773 2730 2785 2741 .
2823 2730 2836 2744 .
2868 2727 2880 2741 .

2513 2788 2699 2843 Domni
2747 2781 2945 2844 liaroli,
2995 2791 3135 2831 anno
3177 2770 3321 2840 regni
3354 2769 3470 2838 ejus
3513 2775 3701 2835 quarto
3739 2774 3814 2827 per

2249 2888 2529 2942 indictione
2561 2880 2724 2950 prima
2757 2871 3018 2939 eoniplcvi
3054 2880 3106 2920 et
3147 2867 3288 2918 dedi.

2323 2980 2433 3046 Ego
2465 2976 2758 3041 Gausperto
2788 2967 3013 3026 notario,
3039 2963 3175 3014 sicut
3221 2959 3273 3010 in
3325 2951 3602 3007 autentica
3658 2942 3812 2998 inve..i

2255 3071 2529 3136 scriptum,
2566 3062 2795 3115 lideliter
2837 3051 3157 3120 exemplavi.

2331 3128 2440 3224 E'go
2484 3153 2801 3206 Gttalbertus
2857 3146 3090 3198 notarius
3144 3149 3199 3193 et
3249 3138 3411 3206 jiidex
3461 3134 3604 3188 sacri
3667 3128 3819 3200 palatii

2253 3251 2478 3318 scriptor
2508 3289 2522 3313 ,
2547 3244 2868 3297 autenticuni
2905 3238 3035 3291 illud
3069 3234 3170 3286 vidi
3203 3243 3254 3285 et
3284 3233 3407 3299 legi,
3440 3231 3523 3284 sic
3559 3229 3685 3281 inibi
3717 3242 3818 3278 coii-

2258 3346 2545 3404 tinebatur,
2576 3335 2844 3407 quomodo
2878 3336 2926 3386 in
2979 3333 3078 3384 hoc
3117 3329 3391 3395 exemplar
3435 3329 3698 3392 scriptum
3737 3330 3820 3379 est,

2260 3449 2434 3508 preter
2463 3436 2579 3504 plus
2610 3433 2874 3489 minusve,
2907 3436 2960 3478 et
2988 3439 3146 3476 manu
3183 3436 3300 3473 mea
3348 3421 3566 3486 propria
3601 3415 3793 3478 scripsi.

2969 3533 3151 3590 XXlll.

2264 3641 2531 3697 Institutio
2582 3631 2882 3688 monasterii
2931 3643 3195 3684 sacrorum
3248 3625 3506 3695 rirgiiiuoi
3561 3621 3657 3674 sub
3705 3619 3826 3670 (iluia

2335 3723 2626 3765 sanctorum
2680 3705 2822 3758 l’elri
2857 3715 2903 3754 et
2967 3702 3117 3752 Pauli
3169 3711 3318 3763 atque
3359 3697 3628 3748 Anastasii
3664 3696 3829 3759 [actae

2340 3761 2612 3850 ὶὲίὰνιίτιηαο
2636 3780 2740 3845 [ilio
2757 3773 3023 3828 Gnilichisi
3048 3789 3097 3822 iii
3121 3761 3243 3837 agro
3265 3768 3565 3819 l‘istmieiisi
3584 3761 3830 3833 (mni-28).

2342 3896 2394 3948 In
2420 3891 2631 3944 tiotttine
2665 3884 2889 3940 Domini.
2928 3883 3017 3935 Dic
3047 3892 3251 3943 uctaVo,
3286 3893 3469 3932 “tense
3498 3873 3834 3944 Septenibxio,

2273 3995 2530 4055 regnante
2582 3985 2777 4034 domno
2803 3975 2994 4030 ltacliis
3031 3974 3108 4024 vir
3137 3970 3626 4024 exvelleulissimus
3655 3979 3835 4031 regem,

2273 4097 2414 4133 anno
2448 4087 2661 4146 quarto,
2697 4089 2789 4142 per
2822 4073 3109 4125 indictione
3141 4066 3399 4126 secunda,
3423 4061 3682 4114 feliciter.
3717 4063 3837 4109 Itait-

2278 4173 2412 4227 l'redi
2452 4171 2590 4224 lilius
2631 4169 2898 4236 quondam
2931 4161 3201 4218 (iiiiiic'wisi
3233 4173 3455 4227 Sperave
3487 4158 3541 4208 iii
3575 4169 3664 4208 me
3691 4152 3838 4204 divina

2283 4264 2537 4332 potentia,
2591 4262 2718 4315 dum
2768 4260 3080 4326 complexus
3111 4256 3345 4323 rejacci‘e
3390 4251 3439 4304 iit
3491 4248 3841 4303 inlirmitat....

2280 4358 2394 4410 sine
2426 4357 2556 4419 line,
2611 4354 2698 4405 tibi
2726 4352 2869 4405 i‘uies
2923 4365 3026 4402 non
3059 4346 3314 4400 elTodiunl.
3356 4357 3457 4395 nee
3499 4338 3844 4399 fiir:intiir;iit

588 4496 705 4535 mea
758 4476 905 4531 Iiveri
963 4469 1316 4527 demittendi.
1357 4507 1371 4522 .
1394 4504 1409 4520 .
1441 4504 1455 4520 .
1482 4502 1499 4520 .
1529 4502 1544 4518 .
1575 4501 1590 4519 .
1620 4503 1633 4517 .
1665 4503 1680 4518 .
1714 4500 1729 4516 .
1760 4471 1932 4515 ratum
1993 4460 2072 4514 sic
2116 4460 2165 4512 in
2202 4491 2256 4551 Β
2283 4449 2367 4500 illi!
2393 4462 2523 4500 νοω
2549 4444 2732 4498 παίω
2763 4456 2991 4504 ιηυτυῖπν
3021 4439 3142 4508 (ιιιίιι
3189 4435 3443 4488 θ⁰⁸¹¹ί¹¹υ⁵
3485 4441 3680 4486 ηοδίθτ
3719 4427 3844 4482 Jews

2446 4549 2452 4551 _
2766 4536 2776 4551 ι
2983 4550 2990 4551 ,
3053 4531 3277 4551 _,__4,!-.._.
3335 4531 3381 4551 ἒ-.
3416 4540 3475 4551 ..Λ
3525 4523 3844 4551 Α-..ι¹ιιιὶι;1ιηέ

588 4572 689 4640 ipsi
713 4572 927 4623 livet-tas
957 4571 1283 4634 permaneat,
1309 4561 1445 4613 sicut
1468 4558 1716 4626 princeps
1740 4556 1969 4608 domnus
1994 4564 2174 4607 noster

592 4663 730 4716 bona
749 4661 1004 4712 memorie
1027 4653 1312 4722 Liiiprandi
1333 4667 1422 4705 rex
1455 4665 1546 4718 per
1568 4650 1798 4703 edictuin
1822 4645 2174 4708 cenlirinavit,

591 4762 646 4807 et
677 4751 863 4804 iterum
891 4748 1206 4802 conﬁrmare
1239 4743 1462 4811 previdi,
1514 4753 1567 4794 ut
1591 4740 1691 4794 sub
1715 4741 1907 4794 nullius
1940 4738 2178 4790 matricis

595 4844 822 4900 ecclesia
868 4842 1227 4907 subjaccnteni
1277 4839 1449 4904 ipsum
1497 4844 1740 4890 sanctum
1770 4833 2065 4887 oratorium
2097 4832 2179 4886 vel

593 4935 922 4994 senodocliio
953 4935 1210 5002 parvitate
1243 4947 1327 4982 niii
1375 4969 1387 4981 .
1424 4967 1438 4982 .
1469 4968 1482 4981 .
1516 4968 1532 4984 .
1571 4967 1582 4980 .
1614 4969 1628 4981 .
1661 4966 1675 4981 .
1713 4927 1984 4980 Domiiiico
2013 4926 2180 4978 abbas

597 5045 691 5102 per
721 5044 806 5084 me
835 5029 960 5082 inivi
988 5025 1210 5097 positus,
1242 5032 1297 5077 et
1327 5024 1437 5091 ipsa
1466 5021 1744 5092 genitrice,
1775 5029 1934 5085 atque
1956 5017 2182 5087 conjuge

601 5140 694 5179 seu
724 5137 977 5193 germana
1021 5128 1176 5188 atque
1207 5117 1312 5170 [ilia
1344 5133 1482 5180 mea,
1512 5118 1563 5170 in
1595 5131 1742 5168 suam
1775 5125 1926 5168 aveat
1946 5120 2184 5182 potesta»

605 5227 709 5271 teni
741 5216 928 5270 diebus
973 5213 1076 5266 vite
1104 5225 1219 5274 sue,
1265 5218 1356 5261 aut
1402 5207 1546 5260 fratri
1603 5209 1684 5259 vel
1717 5206 1908 5270 sorori,
1957 5205 2045 5273 qui
2091 5217 2184 5270 per

601 5306 700 5376 ipsi
729 5305 851 5358 inivi
881 5302 1034 5373 positi
1059 5299 1276 5364 fuerint,
1308 5298 1391 5352 vel
1421 5297 1755 5366 postmodum
1781 5310 1916 5350 unus
1938 5295 2189 5364 quislibet

603 5398 895 5454 secundum
927 5396 1092 5450 Deum
1140 5393 1322 5447 electis
1348 5391 1476 5458 spiri
1510 5425 1526 5441 .
1557 5427 1570 5441 .
1600 5427 1614 5441 .
1640 5426 1655 5441 .
1689 5425 1704 5440 .
1740 5427 1753 5441 .
1787 5403 1964 5456 peres,
2012 5398 2065 5440 et
2095 5402 2190 5454 pro

605 5491 808 5545 scelera
835 5503 954 5541 mea
978 5486 1258 5540 Dominum
1283 5481 1709 5550 deprecandum;
1744 5495 1864 5532 nam
1899 5495 1994 5548 pro
2039 5478 2185 5531 nullo

611 5581 761 5635 titulo
813 5579 1010 5632 malum
1039 5576 1309 5630 hominem
1362 5572 1724 5635 alienandum,
1781 5581 1871 5622 aut
1927 5586 2019 5638 per
2072 5584 2197 5623 cor—

612 5674 912 5741 ruptionem
941 5669 1066 5724 inivi
1091 5669 1192 5721 alio
1216 5663 1708 5735 superponendutn,
1766 5660 1867 5714 nisi
1900 5675 2056 5728 quem
2108 5661 2194 5713 ille

616 5767 862 5830 voluerit,
890 5763 976 5833 qui
1008 5762 1130 5818 inivi
1168 5758 1323 5815 fuerit
1347 5755 1621 5815 ordinatus
1653 5766 1704 5811 et
1725 5753 1908 5810 nullus
1941 5754 2004 5809 de
2036 5752 2198 5809 lterc-

2283 4540 2527 4594 Christns
2570 4552 2633 4590 ae
2687 4536 2993 4602 redemptor
3046 4531 3305 4612 omi'uini,
3335 4531 3384 4580 in
3415 4540 3476 4580 se
3520 4523 3846 4578 credentibus

2288 4631 2600 4701 promittere
2652 4628 2900 4696 dignatus
2949 4637 3062 4678 est:
3100 4611 3299 4686 Venite,
3350 4618 3608 4673 benedicti
3668 4611 3845 4667 Pariis:

2286 4721 2525 4792 percipi“:
2554 4735 2793 4790 regnum,
2825 4718 2959 4786 quod
3000 4713 3134 4767 vobis
3175 4724 3414 4782 paratum
3467 4716 3543 4779 est
3585 4709 3651 4758 ab
3695 4705 3851 4770 origine

2290 4813 2491 4865 mundi.
2528 4811 2595 4864 Et
2625 4814 2818 4863 iterum
2846 4815 3162 4870 ammonuit,
3187 4805 3542 4856 dieens.......
3599 4798 3742 4868 filius
3772 4811 3850 4844 llii1°

2288 4907 2478 4958 sculus.
2507 4901 2840 4956 Previdiinus
2863 4901 2912 4953 in
2938 4899 3153 4967 preprio
3175 4911 3295 4949 meo
3317 4894 3577 4948 editicare
3599 4889 3853 4945 ccc-leuam

2290 4996 2618 5052 monasterio
2640 4993 3071 5048 beatissimorum
3093 4991 3261 5044 sancti
3297 4987 3434 5041 Petri
3463 4995 3511 5039 et
3546 4984 3702 5038 Pauli
3734 4992 3856 5049 atque

2294 5090 2584 5155 Anastasii,
2617 5099 2672 5144 et.
2701 5086 2828 5141 inivi
2854 5101 2962 5150 me,
3009 5085 3090 5138 vel
3119 5084 3292 5136 anima
3327 5095 3442 5136 mea
3474 5077 3859 5133 commendari:

2295 5197 2454 5251 atque
2477 5180 2655 5235 oll'erri
2683 5178 3027 5232 medietatem
3045 5176 3114 5230 de
3137 5189 3349 5228 omnem
3377 5173 3710 5242 parvitatem
3731 5180 3854 5235 pecu-

2299 5277 2462 5341 niam,
2497 5275 2579 5328 vel
2603 5273 2932 5340 adquisitum
2966 5284 3165 5334 meum,
3193 5267 3334 5337 quod
3369 5278 3506 5318 nunc
3535 5263 3777 5332 presenti
3806 5258 3864 5308 ile

2298 5383 2478 5435 avere,
2511 5377 2659 5422 et....
2694 5376 2869 5430 tuere,
2897 5373 3002 5417 tam
3049 5375 3174 5417 case
3219 5357 3520 5414 avitationis
3559 5373 3712 5420 niee,
3743 5365 3862 5423 quan:

2301 5475 2348 5517 et
2384 5478 2507 5518 case
2535 5461 2868 5526 massarieie,
2894 5473 2988 5513 seo
3039 5457 3254 5519 casalia,
3288 5456 3461 5518 vinea,
3495 5461 3680 5514 terra,
3718 5447 3863 5516 prati.

2306 5559 2536 5628 pascuis,
2562 5555 2733 5620 silvis,
2767 5553 3007 5616 salectis,
3039 5550 3359 5612 sationibus,
3388 5548 3598 5599 cultum
3635 5540 3845 5611 atquein

2309 5661 2533 5721 cultum,
2569 5656 2821 5710 movilem
2870 5651 2951 5706 vel
2996 5648 3298 5704 ininovilein
3323 5689 3336 5710 ,
3369 5657 3604 5710 seseque
3645 5632 3870 5696 movetur

2295 5753 2430 5832 bus,
2483 5750 2664 5807 omnia
2715 5756 2771 5803 et
2820 5747 2872 5800 in
2927 5739 3176 5798 omnibus
3205 5742 3273 5795 ad
3305 5738 3477 5810 ipsum
3519 5742 3792 5798 sanctum
3835 5732 3869 5773 ει
