4026 6352
281 374 409 430 1581

1332 379 1721 435 υιΡιοδιΑΤΑ
1766 376 2044 435 ECCLES.
2088 382 2216 437 δίει
2228 382 2395 438 ECTA
2408 422 2425 436 .

3382 384 3523 440 i383

274 487 629 542 venerabilem
646 488 820 543 locum
846 487 1025 545 offerri
1052 500 1106 545 et
1128 491 1437 547 condonare
1460 493 1837 561 previdi.......
1874 495 1918 551 Δ
1945 496 2082 548 servi
2109 497 2426 551 velancillas
2444 512 2774 551 meas........
2801 512 2916 553 mea
2939 500 3083 553 liveri
3107 502 3516 563 demitteud.....

275 594 370 633 seu
395 589 450 633 et
480 580 787 647 Astruelda,
821 583 910 650 qui
967 592 1114 638 veste
1163 586 1451 637 inonastica
1510 584 1692 638 induta
1724 601 1846 640 esse

273 670 503 723 videtur.
540 669 593 723 In
624 685 744 725 eum
768 681 1116 738 verotenore,
1144 674 1266 727 utsi
1289 676 1398 742 jam
1416 674 1557 728 dicta
1592 676 1695 728 ﬁlia
1732 692 1847 729 mea

277 760 514 823 voluere,
544 775 665 814 cum
704 763 960 829 genitrice
1009 778 1121 817 mea
1155 764 1377 826 Muntia,
1428 776 1590 836 atque
1621 766 1846 833 conjuge

276 864 391 902 mea
416 848 722 915 Pertcrada,
759 867 852 906 seo
871 868 1120 921 germana
1154 868 1271 908 mea
1304 855 1577 922 liatperta,
1604 854 1844 922 inipsum

274 941 602 995 monasterio
630 943 899 996 deservire
924 944 1143 998 voluere
1173 945 1345 998 in.....
1373 946 1701 1000 senodochio
1733 960 1852 1015 ege~

277 1045 375 1083 nos
408 1031 488 1085 vel
521 1045 781 1100 pauperes
804 1033 1194 1099 recipiendum,
1222 1043 1276 1087 et
1299 1035 1587 1088 elemosina
1619 1034 1851 1088 tribuen-

277 1125 403 1177 dum
453 1134 507 1178 et
564 1125 959 1193 guvernandum
991 1140 1084 1194 per
1110 1126 1387 1181 ebdomata
1415 1142 1518 1181 una
1569 1142 1849 1196 pauperes,

277 1215 359 1268 vel
408 1216 712 1285 peregrinas
739 1218 967 1282 animas,
996 1227 1051 1272 et
1081 1232 1182 1272 una
1205 1234 1325 1273 cum
1354 1219 1626 1274 dominico
1657 1221 1849 1275 abbate

279 1315 506 1374 rectore,
539 1322 695 1376 quem
726 1308 853 1362 ittibi
881 1308 1129 1363 ordinare
1152 1310 1353 1378 previdi
1375 1329 1387 1363 :
1413 1311 1611 1376 omnia,
1631 1321 1692 1365 ut
1715 1312 1850 1377 dixi,

278 1397 331 1449 in
363 1412 455 1451 sua
490 1396 680 1451 habeat
707 1408 967 1466 potestate
1007 1400 1469 1469 regendum.......
1498 1403 1847 1456 elemosinam

278 1486 619 1540 tribuendum
648 1487 717 1542 de
746 1489 887 1555 quod
918 1488 1047 1542 inibi
1102 1490 1355 1544 Dominus
1402 1492 1707 1547 condonare
1733 1493 1850 1559 dig-

277 1588 437 1629 natus
483 1577 664 1645 fuerit,
694 1588 749 1632 et
775 1594 871 1647 pro
897 1580 1076 1633 anima
1124 1596 1239 1634 mea
1272 1590 1488 1651 gravata
1524 1584 1846 1651 ponderibus

277 1667 516 1734 peccatis
543 1668 698 1734 meis,
749 1669 838 1724 die
892 1679 1157 1738 noctuque
1206 1672 1624 1740 omnipotentem
1661 1674 1846 1739 Deum,

276 1770 332 1812 et
360 1760 521 1814 etiam
572 1760 666 1814 Dei
694 1760 966 1817 Genitrice
990 1762 1175 1827 Maria,
1223 1764 1306 1818 vel
1339 1766 1625 1818 beatissimi
1679 1766 1848 1819 sancti

1950 596 2119 639 ratum
2134 588 2212 641 sic
2237 589 2286 640 in
2306 588 2399 655 ipsi
2423 588 2636 642 livertas
2661 598 2983 656 permaneat,
2998 591 3128 643 sicut
3146 593 3407 663 princeps,
3424 595 3521 649 do-

1950 674 2124 727 minus
2147 684 2328 731 noster
2341 677 2478 729 bone
2495 678 2746 731 memorie
2760 677 2855 731 Lui
2863 678 3044 746 prandi
3075 694 3162 732 rex
3184 696 3273 748 per
3285 684 3513 739 edictum

1950 768 2305 833 conlirmavit,
2332 777 2384 820 et
2408 770 2594 822 iterum
2626 770 2936 823 conﬁrmare
2962 775 3185 838 previdi,
3203 784 3258 827 ut
3277 778 3376 830 sub
3399 782 3519 831 nul-

1951 856 2164 910 lins.....
2204 856 2585 913 Ecclesia..."
2624 861 2983 927 snbjacentein
3015 867 3185 931 ipsum
3225 882 3317 920 seu
3338 878 3516 923 orato-

1954 948 2089 1001 rium
2109 950 2187 1002 vel
2202 949 2527 1004 senodochio
2548 951 2937 1017 parvitate......
2963 955 3238 1015 Doniinico
3252 958 3412 1015 abbas
3428 977 3521 1028 per

1954 1054 2037 1093 me
2052 1040 2175 1093 inivi
2196 1041 2414 1107 positus,
2432 1050 2487 1096 et
2510 1044 2619 1110 ipsa
2632 1046 2882 1111 genitrice
2898 1055 3054 1113 atque
3066 1051 3290 1118 conjuge
3304 1066 3395 1105 seu
3409 1068 3523 1120 ger-

1953 1144 2125 1196 mana,
2144 1141 2300 1197 atque
2317 1131 2418 1185 ﬁlia
2438 1147 2551 1185 mea
2568 1133 2620 1185 in
2642 1148 2735 1187 sua
2756 1147 2870 1189 avet
2889 1148 3198 1206 poteStatem
3213 1142 3398 1196 diebus
3416 1142 3522 1198 vite

1954 1236 2071 1288 sue,
2091 1231 2181 1277 attt
2197 1222 2343 1277 fratri
2362 1226 2439 1278 vel
2463 1226 2649 1292 sorori,
2670 1229 2756 1295 qui
2774 1244 2869 1297 per
2886 1231 2981 1298 ipsi
2998 1232 3120 1286 inivi
3137 1236 3289 1299 positi
3304 1233 3522 1300 fuerint,

1955 1313 2037 1365 vel
2069 1314 2403 1380 postmodum
2433 1331 2567 1369 unus
2602 1317 2841 1387 quisquis
2886 1322 3181 1375 secundum
3214 1323 3374 1378 Deum
3414 1330 3520 1382 elc-
3600 1354 3602 1356 τ

1955 1400 2053 1455 Ctis
2076 1402 2329 1471 spiri.....
2357 1415 2410 1458 et
2436 1420 2529 1471 per
2552 1407 2754 1462 scelera
2778 1426 2892 1465 mea
2915 1410 3194 1466 Dominum
3223 1415 3519 1483 deprecan-

1954 1494 2101 1549 dum.
2135 1494 2261 1549 Nam
2295 1510 2386 1565 per
2414 1498 2558 1552 nullo
2586 1500 2739 1552 titulo
2766 1502 2959 1554 malum
2992 1502 3256 1559 hominem
3280 1508 3514 1562 alienan-

1954 1583 2103 1649 dum,
2136 1595 2227 1640 aut
2262 1603 2354 1655 per
2396 1590 2789 1657 corruptionem
2813 1591 2936 1645 inivi
2967 1593 3071 1649 alio
3098 1612 3258 1664 super
3311 1615 3515 1663 ponen-

1950 1677 2099 1744 dum,
2127 1681 2225 1734 nisi
2258 1697 2411 1749 quem
2462 1682 2551 1737 ille
2582 1684 2831 1747 voluerit,
2857 1688 2943 1754 qui
2969 1691 3090 1743 inivi
3122 1692 3279 1746 luerit
3302 1696 3519 1750 ordina-

1958 1785 2059 1834 tus.
2096 1777 2161 1831 Et
2181 1780 2355 1833 nullus
2385 1779 2451 1834 de
2482 1782 2764 1837 heredibus
2792 1787 3174 1853 proheredbus
3199 1791 3329 1843 meis
3358 1807 3520 1860 quan-

268 1849 430 1903 σΡθίΓί
457 1860 510 1904 Gl
535 1851 680 1905 Pauli
725 1867 818 1906 seu
867 1853 1295 1909 Auastasii.......
1328 1857 1483 1909 nimis
1514 1866 1760 1924 peccator
1784 1858 1851 1911 de
1883 1839 1928 1896 B
1955 1867 2126 1937 quue
2154 1870 2325 1938 aliqua
2379 1886 2748 1938 possesuuuu
2783 1878 2954 1942 peluis
3007 1880 3327 1946 tc‘nporibus
3347 1839 3515 1934 δῖηνί,

277 1940 765 1961 _:_-__.g-_A_,___M
807 1943 1000 1961 A_g__,_A
1045 1943 1112 1961 ,εῖν
1166 1956 1200 1961 κ,
1244 1958 1270 1961 _
1358 1952 1370 1961 ,
1417 1946 1427 1956 .
1475 1955 1486 1961 ,
1705 1947 1736 1961 _.
1834 1957 1844 1961 _
1956 1958 1985 1961 Α,
3336 1949 3342 1961 .

277 1940 503 1993 vinculis
519 1956 770 2009 penarmn
800 1943 1007 2010 eripere
1026 1943 1291 2013 dignetur,
1322 1952 1376 1999 et
1416 1946 1552 2000 inter
1571 1947 1770 2000 sanctis
1796 1957 1851 2000 et

276 2030 466 2085 electis
489 2032 601 2085 suis
638 2034 812 2100 aliqua
843 2044 997 2101 parte
1020 2036 1102 2088 vel
1134 2037 1364 2089 societas
1400 2036 1847 2105 tribuerejuberit,

276 2122 399 2189 quia
425 2122 679 2189 scriptum
737 2132 818 2179 est
850 2137 941 2190 per
988 2124 1254 2193 eloquium
1316 2135 1371 2179 et
1401 2128 1847 2182 ministrationem

262 2212 449 2267 nostri
491 2213 639 2267 lliesu
670 2214 867 2269 Christi
902 2236 915 2268 ;
946 2214 1131 2283 Petita,
1161 2226 1208 2271 et
1238 2219 1446 2272 dabitur
1474 2220 1651 2275 vobis:
1683 2224 1851 2289 queri-

278 2312 345 2367 te,
365 2317 409 2355 et
439 2305 871 2361 invenietis.......
934 2310 1036 2363 Pro
1075 2312 1191 2365 ideo
1233 2326 1333 2380 ego
1358 2314 1517 2368 miser
1543 2323 1596 2367 et
1626 2315 1847 2369 nimium

277 2402 526 2459 peccator
577 2396 808 2452 creditur
853 2400 904 2453 in
934 2401 1049 2468 ejus
1097 2418 1284 2470 magna
1339 2403 1727 2473 misericordia,
1759 2408 1848 2473 qui

274 2496 359 2538 est
389 2485 502 2553 pius
527 2485 880 2553 Dominus,ret
900 2491 1201 2560 redemptor
1229 2494 1467 2548 omnium
1493 2497 1589 2549 celi
1607 2504 1660 2549 et
1688 2506 1844 2562 terre,

274 2577 347 2630 de
371 2580 642 2645 parvitatis
688 2598 801 2635 mea
831 2586 1052 2637 terrenis
1084 2586 1419 2641 tribuendum
1444 2589 1508 2640 ad
1537 2589 1647 2655 ipsa
1691 2604 1847 2643 sauc-

275 2675 328 2717 ta
360 2669 548 2720 virtute
579 2670 802 2724 nominis
845 2674 1139 2727 beatissimi
1200 2676 1367 2728 sancti
1426 2676 1567 2729 Petri
1612 2689 1665 2730 et
1695 2677 1846 2730 Pauli

275 2769 374 2809 seu
400 2759 666 2812 Anastasii
705 2760 901 2818 celeste
946 2764 1283 2832 gaudium...
1322 2765 1544 2835 conjuge
1569 2782 1683 2820 mea
1721 2769 1846 2821 l’er-

254 2847 457 2900 .terada
510 2852 721 2906 carnale
776 2854 903 2908 vitio
960 2852 1118 2910 fuerit
1172 2867 1476 2924 consecuta,
1526 2869 1578 2913 et
1637 2859 1693 2912 in
1731 2860 1847 2927 ipso

274 2938 567 2994 senodocio
614 2942 694 2995 vel
751 2949 1073 3001 monasterio
1105 2947 1649 3017 nolueritdeservire,
1695 2952 1845 3005 nulla

274 3029 347 3085 de
372 3032 530 3086 rebus
560 3038 690 3090 meis
705 3052 860 3090 avere
881 3038 1093 3107 debeat,
1124 3042 1221 3094 nisi
1244 3057 1404 3095 vacua
1428 3050 1481 3095 et
1508 3042 1663 3096 inane
1691 3044 1846 3097 exin-

275 3121 503 3183 deforis
552 3127 697 3185 exire
744 3128 990 3199 devcant,
1026 3132 1346 3191 ambulando
1392 3134 1480 3191 ubi
1513 3134 1760 3202 voluerit,
1793 3146 1846 3191 et

277 3216 500 3273 forsitan
533 3221 754 3275 ﬁlia.....
807 3223 886 3276 rio
914 3224 1301 3280 deservire.....
1331 3242 1450 3281 cum
1482 3228 1726 3296 portione
1748 3243 1840 3282 sua

273 3308 455 3372 vadat,
482 3311 567 3364 ubi
588 3314 834 3381 voluerit,
854 3317 1077 3383 amplius
1102 3316 1168 3370 de
1189 3320 1347 3372 rebus
1388 3321 1519 3373 meis
1548 3320 1630 3373 vel
1665 3320 1714 3372 in
1738 3319 1854 3385 ipso

277 3402 619 3458 monasterio.
650 3406 793 3458 nulla
838 3416 1210 3475 possetavere,
1243 3411 1323 3463 vel
1352 3410 1642 3477 inperattve
1656 3409 1850 3464 facere.

272 3487 409 3542 Nam
436 3491 481 3544 si
512 3491 638 3545 inivi
673 3499 1042 3563 permanserit,
1068 3498 1243 3553 omnia
1270 3513 1389 3553 cum
1420 3500 1720 3567 supradicto
1736 3513 1853 3553 rec-

276 3589 395 3634 tore
442 3585 528 3637 vel
574 3586 853 3654 genitrice,
889 3599 1048 3659 atque
1077 3592 1331 3659 conjuge,
1362 3592 1562 3648 vel.....
1602 3591 1854 3647 Dominus

272 3670 438 3725 vitam
463 3679 790 3731 concesserit
812 3680 862 3733 in
897 3679 1034 3735 hunc
1058 3682 1274 3736 exilium
1320 3684 1499 3738 mundi
1526 3685 1851 3749 avitandum,

273 3760 453 3816 omnia
491 3779 608 3818 mea
646 3766 711 3819 sit
746 3780 1004 3837 potestate
1045 3773 1350 3841 regendum,
1382 3774 1850 3839 remeliorandum,

274 3850 550 3905 usul‘ructu
589 3857 925 3923 capiendum.
965 3860 1096 3914 Nam
1141 3877 1244 3917 non
1291 3866 1356 3917 ad
1387 3864 1716 3919 secularibus
1760 3881 1853 3933 pro

275 3940 423 3992 nullo
440 3941 650 4010 ingenio
675 3948 1114 4016 subtrahendum,
1139 3951 1238 4005 nisi
1257 3968 1349 4020 pro
1369 3953 1541 4006 anima
1558 3968 1744 4007 mea...
1761 3955 1851 4007 de-

273 4030 732 4090 niittendum......
761 4037 885 4091 mihi
912 4039 1134 4097 heredes
1154 4056 1272 4096 esse
1296 4041 1541 4108 deveant,
1564 4042 1850 4098 secundum

274 4120 362 4175 lex
389 4125 560 4190 gentis
605 4141 803 4185 nostre.
833 4130 895 4183 Et
944 4133 1056 4200 ipse
1103 4133 1428 4188 scnodochio
1475 4134 1525 4189 in
1569 4151 1670 4189 sua
1698 4146 1851 4190 aveat

275 4223 560 4282 potestate,
584 4218 664 4271 vel
698 4220 834 4288 quod
861 4237 953 4289 pro
983 4221 1099 4290 ipso
1128 4223 1256 4278 inibi
1311 4225 1467 4279 luerit
1518 4226 1849 4282 ordinatum.

280 4304 347 4356 Et
372 4305 417 4357 si
460 4306 523 4358 ad
554 4309 885 4366 secularibus
911 4312 1141 4368 voluerit
1179 4330 1514 4385 permanere,
1548 4318 1846 4385 portionem

272 4407 372 4447 sua
400 4395 674 4465 suscipiat,
702 4411 755 4451 et
787 4399 838 4453 in
877 4402 990 4468 ipso
1017 4405 1344 4460 monasterio
1373 4406 1514 4460 nulla
1546 4406 1850 4476 imperatio-

1952 1958 2104 2013 litum
2132 1972 2453 2028 permaneat.
2482 1962 2546 2017 Et
2569 1964 2656 2031 qui
2683 1958 3412 2033 contrariushanccartulani,
3430 1973 3515 2025 vel

1951 2051 2065 2117 ipso
2098 2052 2422 2107 monasterio
2475 2064 2565 2106 aut
2593 2065 2833 2109 sanctum
2880 2057 3203 2111 senodocliio
3236 2062 3312 2113 ire
3354 2076 3524 2127 quan-

1949 2141 2124 2209 doque
2167 2149 2565 2211 prosumpserit,
2595 2156 2687 2199 aut
2709 2161 2827 2199 eam
2871 2149 3166 2216 irrumpere
3196 2152 3441 2215 voluerit,
3469 2155 3518 2207 iii

1952 2234 2136 2299 primis
2168 2236 2216 2287 in
2247 2237 2321 2288 ira
2352 2237 2463 2300 Det,
2492 2247 2547 2290 et
2568 2239 2738 2292 omnis
2773 2241 2981 2294 virtutis
3009 2245 3269 2305 colorum,
3294 2247 3519 2298 archan-

1949 2325 2209 2393 gelorum,
2260 2328 2703 2394 angelorntn......
2734 2330 3001 2395 Scarioth,
3031 2333 3119 2400 qui
3154 2336 3365 2387 tradidit
3413 2337 3518 2388 Do-

1950 2417 2150 2470 minum
2178 2426 2414 2471 “Uslﬂllll
2463 2418 2642 2473 Jesutn
2698 2419 2993 2486 Christum,
3041 2434 3092 2475 et
3146 2425 3195 2476 iu
3230 2435 3428 2478 tartaro
3449 2429 3521 2479 sit

1950 2507 2332 2575 conscriptum.
2369 2510 2521 2574 Ecce,
2556 2520 2609 2563 ut
2636 2526 2753 2565 mea
2788 2515 2994 2565 luerunt
3016 2513 3301 2581 desideria,
3350 2517 3523 2569 adim<

1952 2596 2107 2664 pleri,
2138 2609 2192 2652 et
2246 2598 2499 2652 Avondus
2527 2600 2784 2654 notarium
2810 2603 3046 2657 scrivere
3074 2608 3273 2673 rogavi.

2021 2695 2209 2744 Actum
2245 2692 2483 2756 l’istnria,
2517 2708 2734 2761 regnum
2762 2694 3123 2749 etindicﬁonc
3168 2700 3513 2765 suprascria,

1948 2784 2193 2838 feliciter.

1946 2920 1951 2925 ·
2021 2895 2239 2963 Signum
2275 2909 2651 2949 manus........

2161 2986 2343 3042 fredus
2396 2987 2631 3039 medicus
2663 2994 2877 3052 rogatus
2938 2984 3003 3039 ad
3053 2985 3308 3056 Ratperto
3361 3006 3519 3043 manu

1952 3096 2066 3136 mea
2093 3080 2304 3150 propria
2328 3087 2461 3132 teste
2484 3079 2797 3147 subscripsi.
3512 3094 3515 3095 '

2024 3179 2131 3247 Ego
2159 3172 2397 3229 Lazarus
2435 3183 2649 3245 rogatus
2676 3186 2706 3228 a
2734 3171 2993 3246 Ratperto
3043 3189 3199 3232 manu
3254 3188 3368 3232 mea
3402 3175 3523 3232 testi

1956 3270 2265 3339 subscripsi.

2028 3385 2135 3453 Ego
2168 3383 2483 3454 Racliiperto
2527 3394 2741 3454 rogatus
2782 3384 2847 3437 ad
2906 3383 3165 3455 Ratperto
3218 3388 3367 3441 testis
3395 3388 3527 3442 sub-

1952 3475 2161 3543 scripsi.

2022 3590 2247 3660 Signum»
2264 3606 2451 3645 manus
2473 3591 2712 3644 Maurelli
2733 3590 2995 3659 quondam
3023 3591 3130 3646 ﬁlio
3155 3593 3519 3647 Statar........

2025 3702 2240 3770 Signum
2273 3715 2460 3755 manus
2490 3702 2732 3757 Anselmi
2787 3702 3052 3770 quondam
3084 3702 3193 3757 ﬁlio
3240 3703 3517 3768 Barat‘ula,

1955 3804 2126 3848 testis.

2024 3903 2240 3973 Signum
2271 3918 2455 3957 manus
2487 3904 2671 3958 Tatoni
2709 3904 2976 3973 quondam
3027 3907 3133 3959 ﬁlio
3177 3904 3393 3972 Fusoni,
3443 3914 3522 3962 te-

1955 3996 2072 4050 stis.

2025 4108 2134 4178 Ego
2172 4109 2422 4162 Avondus
2466 4110 2554 4179 qui
2605 4124 2762 4179 supra
2814 4109 3041 4181 scriptor
3089 4112 3245 4181 hujus
3298 4116 3521 4184 cartnle,

1956 4210 2074 4267 post
2105 4214 2132 4253 a
2164 4200 2385 4254 testibus
2418 4212 2683 4265 rmorata,
2717 4210 2767 4255 et
2802 4203 2989 4257 tradita
3022 4205 3182 4273 ipsius
3210 4205 3371 4259 abbas
3400 4221 3521 4275 pre-

1951 4300 2103 4346 sente
2132 4292 2337 4347 Andrea
2374 4294 2630 4348 lilio......

2025 4407 2137 4475 Ego
2189 4447 2204 4461 .
2258 4443 2273 4459 .
2318 4445 2331 4458 .
2392 4445 2405 4459 .
2451 4443 2465 4457 .
2518 4445 2532 4458 .
2578 4446 2591 4459 .
2647 4407 2672 4435 "
2720 4406 2898 4461 domui
2954 4406 3126 4461 Karoli
3174 4423 3316 4461 anno
3366 4408 3515 4478 regni

274 4498 434 4539 ηερ...
494 4486 829 4544 ordinatione
880 4492 1018 4559 justa
1047 4493 1274 4551 Domino
1327 4496 1486 4552 fuerit
1514 4499 1844 4565 ordinatum,
1879 4533 1931 4593 Β
1954 4495 2067 4565 ejus
2099 4489 2287 4564 quarto
2319 4510 2413 4564 per
2444 4494 2730 4550 indictione
2763 4497 2927 4565 prima
2960 4498 3216 4565 complevi
3258 4507 3311 4552 et
3338 4498 3480 4553 dedi.

275 4580 333 4626 et
361 4574 497 4640 quod
524 4590 551 4627 a
586 4591 671 4630 me
696 4579 1010 4649 optandum,
1052 4584 1102 4637 id
1132 4594 1210 4638 est
1243 4585 1288 4638 si
1321 4588 1436 4640 sine
1458 4587 1578 4641 ﬁliis
1601 4591 1846 4644 masculis

278 4664 561 4730 transiero,
589 4674 643 4719 et
670 4678 823 4723 antea
852 4658 932 4724 de
950 4672 1047 4725 hac
1085 4673 1199 4728 luce
1230 4675 1486 4743 niigratus
1512 4677 1659 4733 luero
1689 4695 1846 4747 quam

274 4752 393 4821 ipse
415 4765 654 4809 sanctum
687 4767 743 4812 et
793 4762 1094 4817 venerabile
1144 4763 1316 4817 locum
1346 4776 1712 4822 consecratum
1756 4770 1845 4834 sit,

278 4846 400 4897 volo
423 4856 582 4914 atque
621 4849 868 4916 decerno,
914 4860 970 4905 ut
998 4851 1112 4920 ipso
1158 4856 1388 4909 oratorio
1416 4860 1491 4910 vel
1523 4861 1848 4915 senodocliio

266 4932 378 5001 jam
422 4935 710 4992 dictutn....
745 4940 989 5011 conjuge,
1033 4957 1124 4996 seu
1154 4958 1358 5011 sorore,
1390 4956 1443 4999 et
1479 4946 1588 5001 ﬁlia
1622 4966 1759 5015 mea,
1797 4961 1851 5005 et

270 5021 453 5075 omnia
496 5026 832 5083 medietatem
863 5030 1018 5084 rebus
1054 5032 1206 5097 meis,
1236 5049 1337 5101 que
1368 5035 1493 5089 inivi
1544 5037 1848 5094 condonare

269 5112 418 5166 visus
448 5130 585 5181 sum,
614 5117 799 5172 diebus
828 5120 934 5176 vite
962 5137 1057 5177 sue
1085 5132 1238 5176 aveat
1274 5132 1604 5192 potestatem.
1638 5129 1702 5182 Et
1731 5141 1849 5199 post

268 5207 420 5262 ovito
449 5224 655 5277 eorum,
695 5214 783 5281 qui
827 5228 919 5284 per
951 5216 1049 5283 ipsi
1097 5215 1220 5270 inivi
1267 5218 1424 5272 fuerit
1453 5221 1759 5288 ordinatus;
1791 5234 1847 5279 et

346 5346 375 5375 ³
414 5346 549 5412 Quid
594 5348 663 5402 sit
710 5351 850 5418 quod
894 5352 1073 5407 charta
1122 5354 1317 5418 scripta
1364 5355 1568 5410 dicatur
1614 5376 1750 5412 anno
1792 5376 1845 5415 rv

275 5415 511 5476 Ratcltis.
553 5432 615 5498 ac
662 5415 874 5498 tabellio
904 5423 955 5475 in
1005 5415 1341 5498 tineKaroli
1374 5442 1561 5498 annum
1610 5442 1842 5498 quartum

272 5498 539 5566 memoret
575 5488 739 5566 (quod
779 5492 937 5544 etiam
964 5494 1285 5566 mendosam
1330 5488 1673 5551 indictionein
1708 5518 1842 5566 pra:-

272 5555 695 5629 [erregvide'turj
744 5562 1071 5629 perpendant
1110 5564 1321 5616 eruditi.
1375 5566 1621 5622 Fuitasse
1662 5555 1840 5628 Chroli

274 5625 447 5692 Magni
479 5635 717 5696 tempore
745 5625 977 5685 veterem
1021 5632 1259 5686 chartam
1288 5635 1354 5688 ab
1386 5636 1609 5690 Avendo
1654 5625 1841 5695 exara;

274 5706 383 5779 tfim
429 5697 562 5779 alter
612 5700 1191 5779 notariusﬁescripsit.
1225 5705 1332 5779 Ego
1370 5707 1433 5758 ad
1479 5708 1580 5779 alia
1614 5725 1841 5779 progre-

275 5765 412 5818 dior.
444 5768 753 5839 Quanquam
793 5769 949 5840 hujus
1000 5765 1307 5829 monasterii
1351 5765 1839 5836 conslitor'scribat

2026 4606 2139 4676 Ego
2167 4605 2465 4673 Gausperto
2496 4604 2756 4665 notarius,
2784 4606 2923 4661 sicut
2952 4607 3003 4662 in
3047 4610 3308 4663 autentica
3339 4610 3517 4665 inveni

1949 4697 2228 4764 scriptum,
2261 4694 2487 4749 ﬁdeliter
2517 4693 2845 4763 exemplavi.

2022 4807 2131 4875 Ego
2181 4805 2501 4861 Gualbertus
2556 4803 2793 4858 notarius
2846 4812 2900 4857 et
2943 4802 3104 4870 judex
3154 4806 3290 4858 sai-ri
3344 4807 3519 4873 palatii

1947 4897 2536 4966 scriptor,autenticum
2559 4895 2684 4949 illud
2714 4894 2839 4959 vidi,
2865 4896 3034 4965 etlegi
3062 4912 3079 4950 :
3106 4896 3325 4951 sicinibi
3351 4900 3519 4954 conti-

1950 4990 2196 5053 nebatur,
2213 4988 2476 5057 quomodo
2506 4988 2557 5041 in
2583 4989 2684 5040 hoc
2707 4988 2951 5052 exemplo
2972 4988 3224 5055 scriptum
3256 4999 3357 5052 est,
3383 5005 3516 5057 pra:-

1948 5091 2028 5136 ter
2057 5081 2177 5148 plus
2203 5080 2466 5143 minusve,
2492 5088 2546 5132 et
2573 5092 2733 5132 manu
2760 5092 2873 5132 mea
2906 5079 3117 5148 propria
3141 5079 3333 5148 scripsi

1945 5380 2003 5420 se
2045 5365 2183 5421 illius
2213 5376 2471 5422 rectorem
2497 5369 2838 5425 constituisse
2886 5368 3211 5422 Dominicum
3244 5367 3509 5431 abbatem,

1945 5436 2071 5490 Satis
2111 5447 2285 5491 tamen
2330 5438 2525 5504 prodit,
2573 5455 2675 5492 non
2722 5439 3124 5500 monachorum,
3167 5440 3259 5492 sed
3310 5442 3509 5491 sancti-

1946 5506 2247 5559 monialium
2281 5506 2405 5560 illud
2438 5512 2597 5561 fuisse
2626 5508 2973 5571 domicilium,
3007 5523 3127 5561 cuin
3160 5512 3208 5561 in
3241 5523 3304 5561 co
3333 5510 3507 5562 locum

1944 5577 2173 5628 futurum
2206 5577 2328 5628 velit
2374 5580 2544 5635 matri,
2578 5584 2861 5645 gerulame,
2891 5579 3101 5644 cinijugi
3134 5593 3196 5631 ac
3227 5577 3348 5631 ﬁlia:
3377 5593 3507 5631 sua).

1947 5657 2121 5712 itaque
2148 5655 2312 5698 rector
2360 5662 2462 5700 non
2504 5648 2641 5698 aliud
2690 5646 2760 5699 ibi
2805 5648 3088 5715 signiﬁcat,
3119 5657 3175 5701 ut
3221 5660 3362 5714 puto,
3406 5651 3505 5701 nisi

1942 5731 2273 5783 wet/nontam,
2308 5725 2360 5770 ct
2390 5716 2476 5771 oui
2506 5731 2684 5770 curam
2725 5718 2985 5772 rcdituum
3021 5728 3251 5787 gereret.
3293 5719 3505 5774 Mum.
