4026 6352
508 366 646 425 1⁸583

1176 474 1385 529 'XXlV.

515 593 875 660 Fragmentum
912 590 1088 643 Libelli
1130 599 1303 660 contra
1347 586 1622 639 Senensem
1653 581 1944 659 episcopum
1987 590 2086 660 pro

579 648 814 719 A'rrctino
861 662 1098 729 confecti,
1138 661 1219 711 ubi
1247 657 1568 725 Digestorum
1612 648 1888 703 auctoritas
1930 648 2087 701 uti/ti-

581 738 721 788 betur
748 738 905 804 (nullo
929 732 1074 799 702).

512 868 2085 905 ...σοοοοοοοιοοοοοονοσοῦσι-ο

514 982 530 996 .
575 982 591 997 .
634 979 650 996 .
693 980 708 995 .
749 979 767 994 .
811 979 825 994 .
869 977 887 993 .
931 977 945 992 .
990 974 1005 989 .
1045 935 1324 1002 sacrilegio
1371 931 1670 1000 proximum
1721 938 1846 989 est,
1892 924 2085 978 nedum

512 1046 836 1094 sanctomni,
871 1046 1050 1084 verum
1090 1028 1247 1080 etiam
1290 1023 1652 1095 quorumlibet
1690 1020 1960 1072 hominum
2006 1031 2088 1071 se-

516 1126 815 1191 pulcrorum
849 1121 1207 1181 violationem,
1242 1117 1440 1171 nemini
1485 1114 1620 1183 juris
1658 1113 1826 1181 perito
1862 1126 1966 1163 non
2002 1116 2089 1163 est

514 1216 892 1277 indubitatum;
948 1221 1342 1279 potestatesque
1393 1207 1519 1271 loci,
1567 1207 1610 1259 si
1661 1206 1760 1257 hoc
1802 1202 2086 1256 ventlieare

513 1305 869 1376 neglexerint,
920 1302 1134 1357 infamia
1186 1302 1450 1366 laborare,
1501 1307 1557 1352 ut
1608 1297 1661 1350 in
1713 1295 1924 1349 Codicis
1955 1296 2090 1349 libro

514 1414 673 1460 nono,
726 1396 882 1449 titulo
921 1396 986 1448 de
1033 1393 1292 1462 Sepulcro
1324 1392 1558 1445 violato:
1593 1407 1613 1441 ι
1642 1388 1698 1443 Si
1744 1389 1860 1457 quis
1907 1388 2086 1457 sepul-

511 1504 659 1543 crum
703 1491 924 1541 lresurns
951 1487 1209 1554 attigerit,
1242 1485 1477 1537 locorum
1501 1482 1731 1551 judices,
1765 1483 1808 1533 si
1838 1480 1941 1533 hoc
1965 1495 2092 1532 ven-

511 1582 694 1635 dicare
725 1582 1077 1651 neglexerint,
1112 1594 1245 1648 pene
1277 1579 1492 1632 nomine
1530 1613 1546 1628 .
1590 1615 1606 1629 .
1648 1612 1665 1629 .
1709 1613 1725 1627 .
1769 1612 1784 1629 .
1826 1611 1844 1627 .
1884 1611 1901 1627 .
1932 1588 2088 1643 quam

512 1673 693 1741 viginti
721 1672 975 1727 librarum
1013 1672 1126 1723 auri
1158 1672 1211 1724 in
1250 1670 1617 1737 sepulcrorum
1659 1668 1948 1721 violatores
1982 1675 2093 1720 sta-

512 1774 621 1818 tuta
646 1779 788 1832 petra
819 1762 1081 1817 damnari.
1134 1761 1386 1815 Pretcrea
1432 1760 1579 1814 locus
1622 1761 1736 1828 ipse
1775 1761 1961 1828 inquo
2006 1773 2093 1810 se-

1650 347 2269 411 LANGUBARDORL’M
2313 346 2553 405 llliGUM

2116 464 2161 520 Α
2194 467 2304 511 tera
2338 478 2349 512 :
2382 478 2399 511 ι
2433 460 2488 513 Si
2511 458 2674 526 judex
2715 453 3085 524 appellationis
3116 451 3411 522 praesidens
3439 451 3576 507 [terte
3596 450 3761 507 eidem

3630 338 3760 395 ιδει

2192 551 2393 604 illatum
2439 553 2525 619 jus
2569 548 2855 619 jurandnm
2884 562 2911 600 a
2945 560 3095 615 parte
3127 557 3251 601 ante
3294 556 3600 602 recusatum
3644 562 3761 611 pro-

2191 642 2545 707 nunciavcrit,
2576 656 2663 695 res
2688 640 2979 694 secundum
3008 640 3146 709 quod
3168 638 3400 707 judic-ata
3425 646 3530 704 est,
3564 652 3766 706 perma-

2192 733 2361 787 nehit.
2396 749 2418 785 ι

2896 822 3063 878 XXV.

2192 915 2492 980 Aistnlphus
2541 916 2993 985 Langobardorum
3040 932 3133 969 rex
3180 916 3434 985 Lopecmo
3487 913 3767 985 Mutinensi

2260 988 2495 1055 episcopo
2527 983 2717 1041 rurtent
2740 986 2931 1040 Zenum
2958 990 3111 1040 donat
3144 983 3303 1056 (circa
3332 1001 3528 1039 annum
3549 983 3699 1053 752).

2268 1102 2482 1155 Flavius
2532 1102 2789 1156 Aistullns
2835 1117 2929 1155 rex
2995 1100 3481 1155 excellentissimus
3533 1099 3771 1153 ecclesia:

2196 1193 2487 1247 beatissimi
2534 1203 2590 1247 et
2636 1192 2962 1247 confessoris
3024 1192 3223 1247 Christi
3271 1191 3622 1255 Geminiani,
3672 1205 3773 1259 qua

2194 1284 2431 1351 ejusdem
2480 1298 2677 1353 corpus
2722 1284 2950 1353 quiescit
3002 1283 3312 1348 humatum,
3366 1293 3423 1339 et
3465 1281 3773 1337 beatissimo

2196 1375 2311 1431 viro
2342 1377 2482 1431 l’atri
2535 1389 2716 1432 nostro
2765 1376 3039 1445 LOpecino
3087 1378 3363 1446 episcopo,
3413 1392 3509 1447 per
3555 1390 3775 1445 presens

2197 1480 2504 1537 preceptum
2537 1471 2813 1539 potestatis
2862 1472 3011 1541 regni
3046 1470 3239 1535 nostri,
3274 1472 3411 1524 sicut
3440 1484 3471 1523 a
3503 1470 3660 1525 nobis
3687 1478 3774 1523 tua

2196 1562 2430 1626 speravit
2476 1562 2792 1630 paternitas,
2829 1578 2922 1620 per
2948 1561 3389 1631 gloriosissimam
3440 1547 3607 1630 atque
3653 1575 3775 1628 pre—

2196 1650 2632 1705 cellerrtissirnarn
2660 1660 2685 1688 ι
2709 1652 3067 1706 Giseltrudam
3103 1651 3340 1721 reginam
3373 1650 3626 1703 dilectam
3652 1664 3779 1703 con-

2195 1742 2371 1813 jugem
2417 1752 2677 1810 nostram,
2713 1744 3059 1797 concedimus
3090 1751 3249 1810 atque
3274 1742 3538 1797 donamus
3582 1742 3635 1794 in
3666 1743 3777 1810 ipsa

514 1855 755 1920 pulcrum
792 1853 1087 1921 reponitur,
1135 1852 1451 1919 ptrhlicetur,
1486 1863 1541 1905 ut
1591 1852 1641 1903 in
1685 1850 1873 1903 eodem
1912 1848 2085 1901 titulo.

2210 1844 2378 1888 saneta
2422 1834 2648 1889 ecclesia
2671 1843 2875 1888 curtenr
2908 1844 3144 1887 nostram
3174 1848 3296 1902 quae
3324 1833 3520 1886 dicitur
3547 1831 3576 1871 ιι
3610 1832 3773 1896 Zena,

514 1948 579 1999 Et
607 1946 650 1999 si
682 1943 818 1998 forte
846 1944 1141 1997 detractant
1172 1942 1370 2011 aliquid
1402 1940 1470 1996 de
1500 1939 1745 2009 sepulcro
1776 1940 1840 1991 ad
1870 1938 2087 1991 domum

512 2038 627 2105 ejus
678 2036 965 2104 villamque
1006 2044 1313 2103 asportasse
1360 2034 1709 2102 reperiretur,
1764 2031 1930 2097 villa,
1978 2030 2090 2084 sive

513 2130 727 2195 dorrnrs,
761 2139 851 2181 aut
896 2128 1183 2191 editicium,
1230 2126 1603 2195 quodcumque
1643 2136 1781 2187 esto,
1815 2123 1923 2175 tisci
1951 2121 2091 2191 juri-

514 2221 614 2273 hus
645 2221 976 2273 vendicetur.
1011 2238 1029 2269 ι
1066 2218 1204 2286 Ergo
1230 2218 1483 2271 Senensis
1524 2218 1806 2285 episcoirus
1856 2230 1960 2266 non
2000 2230 2089 2282 po-

513 2324 619 2367 test
652 2322 829 2379 petere
867 2313 986 2383 jura
1034 2311 1289 2365 Ecclesia:
1340 2327 1444 2363 non
1475 2324 1610 2373 smn,
1662 2306 1940 2375 presertitn
1972 2321 2091 2359 cum

515 2404 838 2472 neglexisset
862 2404 993 2457 dare
1024 2402 1334 2463 vindictam,
1366 2412 1419 2455 et
1450 2402 1520 2455 ob
1552 2402 1653 2453 hoc
1695 2399 1912 2451 infamia
1950 2398 2097 2451 labo—

516 2509 667 2557 rare;
698 2508 818 2546 cunr
851 2493 1011 2545 etiam
1062 2491 1229 2555 ineo,
1280 2491 1420 2557 quod
1472 2500 1645 2542 ratum
1698 2489 1899 2552 habuit,
1946 2503 2098 2540 nran-

514 2586 673 2641 dasse
726 2583 1082 2652 intelligatur,
1138 2594 1195 2636 ut
1236 2585 1287 2635 in
1324 2583 1546 2651 Digestis
1595 2580 1905 2635 rathi..bitio
1948 2596 2098 2633 man-

514 2678 639 2732 dato
666 2686 1019 2746 comparatur,
1054 2690 1175 2729 cum
1217 2676 1651 2728 ratlriabitionern
1698 2677 1859 2726 etianr
1893 2675 1946 2726 in
1986 2686 2100 2724 ma-

516 2772 708 2826 leﬁciis
758 2766 992 2826 locorum
1046 2770 1243 2824 habere
1300 2772 1461 2823 valet.
1524 2770 1662 2837 Ergo
1727 2768 1866 2819 idem
1910 2764 2101 2833 jubere

518 2862 860 2926 maleficium,
893 2872 945 2916 et
978 2863 1187 2914 rathum
1217 2860 1398 2925 abere,
1436 2870 1713 2927 postquam
1748 2856 1949 2909 factum
1990 2863 2095 2909 est.

517 2952 659 3007 Satis
682 2965 861 3006 autent
893 2953 1051 3004 habet
1079 2961 1273 3013 ratum,
1304 2950 1392 3017 qui
1425 2949 1478 3003 in
1512 2950 1747 3003 Ecclesia
1779 2946 1862 3001 cui
1896 2957 2098 3014 preest,

519 3030 799 3113 sacrilegio
846 3060 957 3097 rem
999 3044 1231 3096 ablatam
1268 3052 1428 3096 leuet.
1459 3043 1589 3095 lteur
1633 3042 1687 3094 in
1726 3053 1914 3094 octavo
1965 3040 2100 3093 lilrro

521 3138 734 3194 Codicis
764 3137 952 3206 legitur
982 3155 995 3189 :
1030 3153 1049 3185 ι
1084 3134 1141 3190 Si
1165 3135 1285 3205 quis
1315 3137 1370 3189 in
1402 3141 1543 3187 tanta
1572 3134 1764 3186 luroris
1791 3131 2101 3201 pervenerit

2202 1926 2478 1979 territorio
2513 1926 2814 1987 Morinensi,
2848 1927 2990 1981 Silva
3024 1925 3164 1993 jugis
3200 1939 3423 1978 numer
3450 1924 3777 1993 quingentis,

2196 2020 2515 2073 coherentes
2566 2020 2633 2071 ibi
2682 2034 2711 2071 a
2757 2020 2925 2073 tribus
2968 2021 3206 2087 partibus
3254 2018 3389 2088 Gajo
3435 2029 3639 2083 nostra,
3690 2018 3780 2086 qui

2197 2110 2465 2177 pertinere
2495 2109 2707 2163 videtur
2730 2110 2796 2161 de
2827 2110 2941 2179 ipsa
2968 2118 3121 2164 curte
3143 2109 3307 2173 Zona,
3340 2110 3407 2163 de
3435 2119 3619 2178 quarta
3656 2123 3783 2163 vero

2202 2210 2353 2267 parte
2386 2210 2738 2266 percurrente
2787 2200 2969 2263 ﬂuvio,
2998 2198 3088 2268 qui
3133 2199 3439 2252 nominatur
3468 2200 3781 2255 Scultenna.

2202 2290 2272 2343 Ea
2305 2290 2513 2344 ratione
2541 2292 2902 2358 suprascripta
2932 2289 3222 2359 quingenta
3267 2288 3451 2357 jugera
3502 2288 3639 2341 silve
3658 2302 3784 2340 con-

2199 2380 2464 2446 cedimus,
2514 2389 2573 2435 ut
2605 2382 2675 2435 ab
2705 2381 2803 2435 hac
2834 2380 2922 2435 die
2950 2380 3066 2451 ipse
3096 2390 3313 2434 sanctus
3361 2381 3532 2446 locus,
3558 2380 3644 2434 vel
3700 2390 3783 2433 tua

2201 2474 2495 2542 paternilas
2540 2474 2687 2528 omni
2731 2474 2784 2527 in
2816 2483 3059 2541 tempore
3102 2476 3367 2527 securitcr
3411 2473 3550 2526 dona
3608 2486 3783 2526 nosrra

2203 2566 2379 2618 valeat
2409 2566 2707 2635 possidere,
2749 2566 2975 2635 qualiter
3003 2574 3057 2620 et
3086 2576 3268 2620 nostra
3296 2563 3576 2632 jussimus,
3612 2563 3787 2616 tradi-

2204 2672 2356 2721 nius,
2413 2666 2574 2725 atque
2622 2658 2999 2727 consignatum
3049 2672 3171 2711 esse
3217 2656 3428 2710 videtur
3473 2654 3788 2718 voluntate,

2202 2758 2464 2816 quatenus
2495 2750 2562 2801 ah
2590 2748 2849 2803 hodierno
2875 2749 2962 2803 die
2990 2746 3248 2802 habentes
3272 2746 3373 2801 hoc
3401 2754 3603 2799 nostra:
3624 2745 3787 2798 dona-

2207 2842 2365 2893 tionis
2392 2851 2445 2894 et
2470 2842 2732 2895 cessionis
2758 2851 3086 2911 preceptum,
3115 2839 3389 2895 securiter~
3414 2846 3576 2906 atque
3622 2834 3791 2889 tirmi-

2209 2942 2290 2985 ter
2334 2934 2450 2998 ipse
2496 2942 2714 2988 sanctus
2760 2933 2909 2989 locus
2957 2934 3130 2988 valeat
3176 2932 3471 3002 possidere.
3505 2928 3576 2982 Et
3617 2928 3792 2982 nullus

2206 3022 2336 3091 dux,
2364 3039 2566 3091 comes,
2594 3024 2907 3093 gastaldius,
2937 3026 3017 3079 vel
3045 3023 3369 3078 actionarius
3395 3030 3583 3076 noster
3604 3026 3791 3074 contra

2208 3118 2310 3170 hoc
2338 3125 2519 3169 nostre
2548 3115 2854 3168 donationis
2883 3125 2938 3168 et
2964 3114 3224 3168 ceSsionis
3254 3122 3567 3182 precepturn
3596 3109 3793 3164 audeat

520 3230 765 3295 audacia,
817 3236 875 3281 ut
919 3228 1310 3297 possessionem
1357 3240 1533 3280 rerutn
1584 3224 1722 3293 apud
1768 3226 1979 3288 iiscum,
2013 3222 2096 3277 vel
2126 3189 2174 3251 ο
2210 3209 2286 3262 ire
2317 3208 2658 3297 σιυειηιιοιιυογ
2692 3207 2787 3260 ⁸εά
2819 3208 2962 3260 θωπί
2998 3207 3050 3259 in
3091 3215 3334 3297 ιεωΡυίθ
3372 3206 3490 3273 ipse
3517 3202 3793 3297 Pfemmi‘

521 3323 659 3391 apud
708 3319 975 3389 quoslibet
1012 3318 1256 3372 homines
1303 3318 1713 3372 constitutaruut
1760 3328 1885 3369 ante
1927 3330 2094 3369 even-

525 3427 632 3468 tum
662 3413 927 3483 judicialis
967 3414 1169 3467 arbitrii
1218 3411 1482 3466 violenter
1526 3411 1801 3473 invaserit,
1849 3409 2100 3462 dominus

523 3505 735 3573 quidem
782 3508 1099 3557 consumtus
1150 3505 1587 3573 possessionem,
1639 3517 1797 3570 quam
1851 3499 2095 3563 abstulit,

524 3596 771 3649 restituat
803 3595 1120 3663 pessessori,
1153 3606 1204 3647 et
1233 3593 1528 3647 dominium
1562 3593 1803 3660 ejusdem
1835 3594 1911 3644 rei
1942 3590 2103 3643 aurit-

526 3698 623 3742 tat.
652 3688 748 3742 Sin
772 3703 901 3740 vero
926 3689 1219 3741 alienarum
1251 3702 1428 3741 rerum
1460 3684 1852 3755 possessionem
1887 3685 2102 3749 invasit,

527 3796 632 3833 non
681 3780 853 3833 solum
900 3796 958 3833 ea
1005 3780 1403 3847 possidentibus
1450 3779 1654 3843 reddat,
1704 3793 1889 3833 verum
1942 3780 2103 3833 etiam

527 3872 924 3925 estimationcm
967 3874 1259 3926 earundem
1294 3888 1471 3927 rerum
1504 3874 1786 3925 restituere
1817 3872 2108 3938 compelle.

530 3971 634 4013 tur.
667 3959 863 4026 rQund
912 3972 1089 4015 autem
1142 3967 1240 4015 hec
1291 3962 1500 4028 qneStio
1552 3963 1842 4029 procedere
1890 3962 2106 4027 debeat,

532 4068 702 4104 nonus
732 4053 944 4105 Cotlicis
990 4052 1121 4106 liber
1162 4064 1387 4106 testatur
1418 4054 1570 4107 titulo
1612 4054 1675 4106 ad
1711 4054 1879 4123 legem
1911 4052 2106 4107 Juliam

529 4142 595 4195 de
636 4144 683 4194 vi
718 4141 924 4207 publica
955 4154 1007 4195 et
1040 4144 1242 4209 privata
1271 4161 1284 4196 :
1317 4162 1332 4193 t
1371 4144 1425 4196 Si
1458 4145 1578 4212 quis
1610 4145 1671 4196 ad
1706 4160 1760 4195 se
1805 4146 2025 4197 l'uirdtrni
2057 4154 2112 4198 et

531 4233 805 4303 quodlibet
848 4234 989 4287 aliud
1038 4238 1228 4286 asserit
1274 4238 1560 4300 pertinere,
1609 4252 1673 4290 ac
1718 4240 2107 4291 restitutionem

532 4326 631 4381 sibi
681 4339 986 4396 et-mpetere
1030 4330 1386 4397 possessionis
1438 4340 1581 4397 putat
1609 4346 1621 4381 :
1654 4348 1672 4380 ›
1708 4330 1843 4384 inter
1886 4344 2060 4383 cetera
2096 4350 2107 4384 :

538 4433 558 4467 ι
585 4416 734 4483 Quod
768 4416 811 4469 si
843 4418 1039 4471 omissa
1067 4419 1424 4487 appellatione
1458 4420 1559 4471 vim
1591 4420 1885 4489 possidenti
1918 4421 2110 4475 intule-

2204 3306 2360 3352 natns
2391 3308 2609 3350 sanctus
2639 3296 2789 3349 locus
2833 3296 2914 3350 vel
2960 3305 3044 3349 tua
3079 3296 3371 3364 paternitas
3400 3294 3670 3348 securiter
3701 3307 3793 3345 va-

2205 3392 2357 3448 leatis
2400 3390 2696 3459 possidere.
2730 3388 2805 3442 Ex
2844 3389 2985 3444 dicto
3011 3388 3193 3443 donrni
3235 3388 3373 3457 regis
3414 3426 3431 3439 .
3476 3426 3492 3439 .
3536 3421 3554 3438 .
3596 3424 3617 3441 .
3661 3422 3679 3440 .
3716 3423 3733 3440 .
3773 3424 3790 3441 .

2205 3482 2400 3536 Ca'tera
2427 3482 2808 3535 desiderantur.

2910 3590 3096 3646 XXVI.

2209 3703 2472 3759 Fundatio
2514 3705 2806 3759 monasterii
2852 3706 3017 3757 sancti
3062 3702 3202 3756 Petri
3240 3704 3289 3757 in
3348 3704 3459 3757 loco
3507 3702 3787 3766 Palatinis,

2278 3778 2518 3828 territorii
2548 3774 2809 3839 Lucensis,
2844 3780 2983 3843 facta
3006 3793 3034 3827 a
3065 3774 3345 3843 Gualfredo
3374 3776 3485 3843 ﬁlio
3503 3773 3747 3828 Ratehau
3778 3778 3792 3826 i

2280 3847 2475 3900 l’isano
2496 3852 2600 3899 cive
2630 3849 2800 3916 (Anno
2828 3848 2975 3916 754).

2283 3960 2340 4013 In
2375 3960 2587 4014 nemine
2622 3959 2829 4012 boarini
2856 3959 3021 4013 nostri
3046 3960 3171 4013 JBstt
3202 3958 3421 4024 Christi,
3453 3968 3616 4028 atque
3650 3961 3803 4015 beate

2213 4070 2426 4121 semper
2481 4054 2699 4121 virginis
2759 4055 2951 4116 Mar-ie,
3008 4065 3063 4108 et
3104 4052 3390 4106 beatissimi
3437 4054 3802 4119 apostolorum

2213 4146 2471 4214 principis
2537 4145 2704 4197 sancti
2771 4145 2934 4198 Petri.
3003 4141 3277 4211 ltegnante
3344 4144 3580 4210 piissimo
3648 4155 3806 4212 atqrre

2212 4237 2667 4291 excellentissimo
2720 4252 2815 4304 pro
2863 4237 3033 4291 salute
3091 4237 3250 4288 totius
3306 4235 3570 4289 catholice
3638 4238 3809 4303 gentis

2215 4338 2396 4381 nostre
2444 4327 2915 4396 Langobardorum
2949 4328 3145 4380 domno
3189 4336 3370 4380 nostro
3400 4325 3632 4379 Aistullo
3660 4339 3806 4393 rege,

2214 4418 2337 4470 anni
2388 4418 2536 4485 regni
2566 4417 2705 4487 ejus,
2731 4417 2831 4471 deo
2865 4425 3194 4486 protegente,
3226 4425 3401 4480 sexto,
3434 4432 3623 4471 mense
3645 4416 3807 4478 iulio,

530 4508 619 4572 rit,
652 4518 776 4561 ante
812 4514 989 4562 omnia
1033 4512 1297 4563 calumnie
1342 4525 1556 4564 causam
1588 4514 1886 4567 examinari
1935 4516 2105 4580 preci-
2143 4539 2191 4599 υ
2218 4509 2508 4564 indictione
2556 4511 2808 4575 septima,
2853 4508 3167 4564 Walfredus
3209 4511 3313 4563 tilio
3342 4509 3611 4577 quondam
3650 4509 3810 4562 “ule-

534 4601 727 4669 pimus.
764 4618 785 4653 ι
822 4602 982 4656 Liber
1031 4619 1240 4671 quoque
1293 4603 1623 4671 Digestorum
1674 4606 2006 4670 concordat,
2059 4616 2114 4659 ιιι

537 4694 684 4761 prius
710 4693 775 4747 de
802 4694 1066 4746 criminati
1097 4696 1408 4748 discctetur.
1438 4696 1659 4761 Quando
1692 4706 1868 4748 autem
1919 4698 2109 4749 inscri-

538 4795 685 4853 ptunr
719 4785 896 4849 habet,
922 4788 1098 4840 datam
1142 4784 1305 4841 fuisse
1334 4790 1675 4855 sententiam,
1711 4801 1765 4842 ut
1793 4788 2113 4843 Sacratnerrti

541 4890 665 4944 pars
694 4877 762 4929 ita
810 4892 869 4930 se
915 4888 1171 4945 tueretur,
1216 4887 1270 4931 et
1312 4895 1404 4947 per
1454 4879 1720 4935 Serrenses
1767 4880 2113 4945 remansisse,

543 4970 767 5024 habetur
796 4971 846 5022 in
875 4981 1065 5038 quarto
1097 4972 1234 5024 libro
1265 4973 1495 5037 Codicis,
1531 4973 1679 5027 titulo
1706 4973 1773 5027 de
1816 4975 1975 5027 rebus
2003 4988 2119 5029 cre-

541 5063 667 5118 ditis
705 5063 1031 5133 generaliter
1077 5063 1144 5119 de
1184 5066 1431 5119 onrnibus
1475 5066 1815 5135 jnramentis,
1852 5068 1989 5120 inter
2029 5079 2120 5119 ce-

615 5248 641 5274 "
680 5247 806 5312 Qute
830 5245 917 5299 hic
945 5244 1139 5299 dicitur
1165 5245 1468 5299 Giseltruda
1501 5247 1692 5315 conjux
1726 5247 1990 5315 Aistulplri
2026 5264 2122 5303 re-

542 5318 645 5386 gis,
679 5318 864 5371 eadem
899 5328 1189 5370 inertiorata
1246 5321 1506 5385 reperitur
1550 5322 1597 5371 in
1631 5323 1872 5385 opust-ul.
1904 5321 1972 5371 de
2002 5319 2122 5372 fun-

545 5387 759 5440 datione
807 5389 1114 5440 monasterii
1144 5389 1522 5450 Netraritulani,
1558 5400 1688 5456 part.
1718 5405 1750 5441 tt
1787 5390 1910 5441 lomi
1946 5390 1959 5440 Ι
1995 5391 2121 5442 lier.

547 5459 869 5523 ItaliCarnm,
903 5468 959 5510 ut
998 5470 1117 5524 pote
1149 5475 1304 5512 soror
1348 5459 1516 5510 sancti
1551 5460 1809 5523 Arist-lini,
1847 5460 1931 5512 cui
1962 5464 2126 5528 origi-

549 5546 667 5583 nem
701 5544 849 5581 suam
891 5530 1050 5581 debet
1095 5529 1505 5582 Celeberriururn
1552 5530 1680 5583 illud
1721 5532 2025 5587 C(Btttiblum
2076 5533 2125 5584 in

548 5614 678 5667 agro
706 5601 985 5652 Mutinensi
1015 5611 1400 5653 Constructnin.

621 5669 645 5706 δ
686 5670 863 5724 Curtis
892 5670 1033 5723 Zena
1084 5673 1210 5722 olim
1260 5682 1313 5724 et
1354 5673 1465 5737 ipsa
1518 5671 1616 5725 sita
1669 5681 1781 5724 erat
1830 5673 1881 5725 in
1935 5673 2121 5725 eodem

547 5756 675 5808 agro
729 5742 865 5793 ultra
932 5743 1278 5793 Scultennam
1335 5742 1591 5807 ﬂuvium,
1651 5742 1784 5794 intra
1844 5744 2124 5795 castellum

552 5811 722 5873 Sancti
759 5812 997 5877 Cacsarii,
1044 5813 1286 5867 fortassis
1330 5815 1418 5869 ubi
1461 5830 1601 5868 nunc
1633 5813 2123 5870 Castrnmlrarrcum

2221 4600 2394 4663 hausi,
2425 4599 2555 4654 civis
2584 4600 2792 4666 Pisano,
2836 4601 3220 4673 recolentepne
3255 4602 3401 4655 istius
3432 4600 3615 4653 mundi
3649 4600 3810 4655 cadu-

2218 4707 2335 4746 cam
2386 4703 2440 4746 et
2489 4693 2844 4746 transitoriam
2901 4695 3089 4761 \itam,
3140 4707 3193 4749 et
3241 4706 3369 4763 quot
3410 4704 3623 4763 oportet
3655 4697 3810 4761 hujus

2220 4786 2404 4838 mundi
2428 4800 2560 4839 vana
2600 4787 2766 4856 gloria
2796 4796 3141 4842 contemnere
3185 4802 3277 4857 per
3307 4788 3601 4853 Christum,
3634 4788 3809 4841 Durni—

2222 4895 2345 4933 num
2376 4877 2544 4945 sequi,
2568 4880 2755 4947 eisque
2775 4894 2925 4933 sacra
2959 4889 3201 4948 precepta
3232 4879 3468 4946 implere,
3504 4892 3556 4933 et
3581 4881 3809 4947 prornis-

2222 4970 2373 5022 sione
2398 4968 2688 5037 suscipere,
2724 4980 2777 5024 ct
2820 4980 3057 5025 eternarrr
3093 4974 3247 5024 vitam
3278 4986 3396 5025 cum
3425 4986 3486 5025 ea
3513 4972 3727 5034 fovere;
3758 4981 3810 5025 et

2225 5064 2363 5132 quod
2394 5066 2763 5133 peccatoribus
2785 5064 2960 5119 aditus
2989 5065 3134 5136 regni
3155 5064 3393 5120 celorum
3416 5080 3523 5118 non
3555 5064 3809 5121 inter-clm

2230 5251 2643 5305 Bononiensium
2692 5250 2901 5303 visitur.
2954 5247 3085 5303 Nam
3139 5248 3542 5311 Bononienses,
3596 5249 3812 5314 quantis

2226 5326 2353 5375 olim
2390 5333 2609 5391 potuere
2641 5323 2861 5383 viribus,
2894 5335 3022 5373 suos
3065 5324 3194 5373 lines
3240 5324 3627 5391 protenderunt
3658 5319 3811 5370 Muti-

2229 5410 2348 5446 nam
2396 5410 2604 5456 versus,
2637 5408 2897 5457 suumque
2928 5406 3111 5460 agrum
3154 5406 3219 5444 ex
3250 5391 3441 5443 alienis
3470 5390 3662 5455 spoliis
3692 5405 3816 5440 am-

2233 5467 2555 5530 plrlicarunl.
2587 5469 2759 5530 Ipsum
2794 5463 3225 5515 Nonantnlanmn
3256 5472 3639 5513 monasterium
3681 5463 3814 5509 intra

2232 5534 2362 5587 lines
2393 5538 2558 5602 ipsius
2585 5537 2750 5589 eortis
2784 5533 2942 5585 Zona:
2989 5531 3306 5585 aedilicatunr
3333 5532 3565 5584 videtur.
3598 5534 3662 5582 Et
3691 5532 3815 5602 vrsi-

2235 5616 2317 5657 tur
2347 5600 2521 5659 adhuc
2551 5608 2755 5659 eisdem
2791 5609 2840 5658 ιιι
2872 5604 3003 5657 locis
3031 5605 3151 5655 villa
3183 5602 3360 5669 Gagri,
3394 5617 3513 5667 qua
3560 5619 3666 5654 non
3713 5600 3816 5651 alia

2234 5691 2352 5729 esse
2383 5677 2591 5732 videtur
2622 5692 2651 5730 a
2675 5674 2809 5746 Gajo
2838 5676 2998 5744 regis,
3032 5676 3081 5728 in
3115 5674 3214 5729 hac
3242 5676 3356 5745 ipsa
3388 5674 3576 5728 charta
3611 5684 3791 5726 inemo

2237 5764 2288 5801 I'u
2300 5757 2371 5800 llr.
