4026 6352
591 253 731 292 uel
764 268 811 283 ιν-
861 264 881 273 “

226 351 377 411 1585

1286 423 1411 441 δ”αμι
1432 435 1442 438 -
1462 428 1503 439 Δ-οί
1510 432 1515 435 ι

1290 348 1693 435 ρῃεμρριᾼη
1735 341 2021 403 access.
2062 341 2395 401 samera.

3367 343 3507 400 139.

221 476 387 537 ditur,
421 468 468 523 si
500 472 616 523 toto
638 465 804 523 corde
829 466 895 523 ad
927 466 1353 523 misericordiam
1388 467 1479 521 Dei
1498 464 1806 537 confugere.
1841 465 1899 525 Α
1923 460 2051 515 riter
2079 460 2278 515 vivant.
2336 460 2467 515 Nam
2499 460 2542 515 si
2576 460 2674 531 ipsi
2716 473 2776 516 se
2820 460 3090 532 corrigere
3119 462 3414 533 potuerim,
3450 471 3506 515 ut

219 561 287 617 Et
315 561 443 615 dum
477 576 575 630 pro
598 576 716 616 mea
746 561 982 615 facinora
1005 570 1060 615 et
1088 561 1259 629 spatio
1285 560 1417 625 vite,
1447 574 1606 630 quam
1637 559 1815 627 negle—

218 664 409 725 genter
437 653 586 719 duxi,
630 667 717 708 me
743 654 907 708 animi
939 654 1081 709 tedio
1109 656 1350 722 inﬁgere.
1383 662 1438 708 et
1469 668 1573 706 non
1606 653 1811 721 inveni,

219 760 316 815 per
340 761 450 816 quo
478 761 566 801 me
595 746 649 800 in
676 746 917 817 angustis
943 757 1281 812 convertere,
1310 758 1435 801 tunc
1460 756 1811 815 protectorem

216 838 464 908 quesivi,
514 848 575 893 ut
620 838 760 908 quod
809 852 914 893 non
964 839 1098 894 meis
1154 838 1356 894 meritis
1408 839 1475 893 ad
1518 840 1605 893 illa
1664 840 1817 894 valeo

219 930 500 999 pervenire
544 930 675 997 vita,
706 944 803 1002 per
830 946 930 1000 qua
983 932 1268 986 commissa
1322 931 1623 1000 deleantur,
1674 932 1817 987 illius

216 1020 475 1090 protetio,
504 1022 591 1076 cui
614 1019 810 1089 ligandi
837 1032 891 1077 et
918 1023 1157 1078 solvendi
1181 1033 1262 1078 est
1281 1037 1534 1079 concessa
1552 1033 1812 1094 potestas,

218 1112 273 1167 in
295 1113 445 1168 ovile
468 1112 547 1169 eis
575 1110 883 1169 reducatur.
904 1115 1056 1170 Tunc
1084 1115 1136 1169 in
1158 1115 1311 1184 cujus
1340 1114 1547 1169 honore
1573 1114 1813 1185 disposui

192 1206 548 1262 monasterio
586 1205 897 1276 hediﬁcare,
948 1208 1001 1263 in
1030 1223 1135 1279 que
1181 1209 1500 1277 regulariter
1523 1209 1685 1265 vitam
1717 1210 1816 1265 du-

215 1312 361 1366 cere,
396 1309 449 1354 et
481 1314 570 1355 me
612 1313 716 1355 una
744 1314 866 1355 cum
898 1300 1025 1355 ﬁliis
1052 1309 1107 1355 et
1131 1314 1219 1356 res
1247 1315 1392 1357 meas
1420 1300 1613 1371 offero,
1645 1301 1731 1358 ubi
1760 1310 1817 1358 et

217 1400 437 1446 nostras
483 1400 539 1447 et
566 1392 795 1447 aliorum
826 1393 1008 1447 anime
1035 1392 1389 1447 salvarentur.
1421 1392 1553 1449 Item
1585 1409 1815 1464 namque

214 1497 317 1553 ego
365 1483 456 1554 qui
509 1496 669 1553 supra
727 1482 987 1538 Walfredi
1035 1498 1156 1538 cum
1198 1498 1389 1554 magna
1427 1485 1713 1541 devotione
1761 1493 1816 1541 et

214 1575 634 1643 compunctione
676 1575 857 1631 cordis
908 1575 1076 1631 offero
1126 1590 1212 1631 me
1254 1576 1372 1646 ipso
1420 1585 1474 1631 et
1498 1576 1621 1633 liliis
1652 1577 1810 1647 meis,

214 1667 396 1723 idest
423 1667 685 1737 Ratchisi,
741 1668 1022 1734 Gulifredi,
1071 1668 1241 1735 .Iaiso,
1271 1678 1325 1725 et
1354 1667 1673 1736 Benedicto,
1707 1671 1810 1726 Do-

214 1763 367 1817 mino
392 1761 502 1817 Deo
523 1761 818 1830 deservire,
841 1771 895 1818 et
925 1775 1093 1832 usque
1121 1763 1186 1816 ad
1216 1762 1464 1819 virtutem
1496 1772 1551 1819 et
1583 1765 1810 1834 possibi-

1918 568 2102 613 sanctc
2125 569 2179 614 et
2202 558 2517 629 regulariter
2559 567 2738 627 agant,
2785 573 2943 628 supra
2972 559 3247 613 memorati
3276 573 3414 629 quoe
3427 559 3507 629 pi-

1916 654 2091 722 scopi,
2117 654 2199 708 vel
2224 654 2402 708 abbati
2436 653 2581 707 nullo
2603 663 2829 722 cogeant
2859 653 3081 721 imperio
3103 653 3156 706 in
3178 654 3294 722 ipso
3316 669 3501 707 mona-

1917 748 2083 801 sterio
2112 747 2289 818 aliquo
2314 747 2593 802 ordinandi
2627 756 2717 800 aut
2748 744 3070 799 inducendi:
3102 744 3194 799 sed
3229 745 3384 801 liceat
3409 758 3501 800 eos

1918 838 2157 894 instituta
2188 841 2401 894 Patrum
2431 854 2666 902 servare,
2692 848 2747 893 et
2774 840 2879 893 vita
2916 852 3188 907 peragere.
3241 837 3314 892 De
3344 851 3505 907 supra

1919 932 2197 985 memorati
2249 932 2401 985 fuerit
2429 931 2497 984 tle
2525 930 2648 984 ﬁliis
2699 931 2852 995 meis,
2903 930 3023 984 volo
3062 944 3182 998 ego,
3213 944 3315 998 quc
3340 942 3497 998 supra

1916 1019 2195 1088 Walfredi,
2223 1030 2281 1076 ut
2301 1021 2344 1075 si
2363 1023 2414 1076 in
2434 1022 2626 1091 aliquis
2647 1022 2714 1075 de
2742 1022 2871 1091 ipsis
2894 1020 3166 1075 erroribus
3189 1018 3505 1073 facientibus

1918 1111 1972 1167 iu
2031 1112 2210 1183 aliquo
2261 1113 2409 1183 lapsu
2443 1113 2707 1178 cecidere,
2738 1122 2827 1166 aut
2856 1112 3034 1182 aliquo
3061 1126 3278 1179 pravum
3312 1110 3504 1181 egerit,

1921 1212 2046 1259 tunc
2075 1203 2263 1271 abbas,
2293 1203 2388 1275 qui
2419 1205 2693 1259 ordinatus
2722 1202 2899 1269 fuerit,
2931 1218 3049 1258 cum
3081 1204 3427 1272 penitentiam
3457 1212 3512 1257 et

1919 1298 2258 1367 disciplinam
2289 1298 2578 1368 corrigam,
2603 1307 2658 1351 et
2685 1298 2823 1351 intro
2852 1297 3179 1351 monasterio
3221 1296 3507 1361 retineant,

1918 1403 1975 1448 ut
1996 1394 2172 1448 anima
2207 1392 2324 1461 ejus
2370 1389 2561 1447 salvari
2604 1392 2831 1462 possint,
2884 1405 3005 1443 nam
3031 1390 3158 1444 foris
3185 1390 3528 1444 monasterio-

1920 1485 2068 1539 nullo
2094 1484 2255 1539 modo
2302 1499 2396 1538 eos
2423 1484 2717 1554 expellant,
2750 1494 2807 1536 ut
2832 1484 3007 1536 anima
3034 1485 3151 1552 ejus
3179 1482 3470 1551 depereant
3495 1500 3507 1534 :

1917 1586 1999 1633 set
2018 1591 2152 1646 quos
2168 1576 2308 1631 forte
2328 1575 2627 1632 voluntarie
2650 1575 2788 1630 bene
2802 1590 2960 1647 agere
2974 1575 3289 1646 neglexerit,
3310 1573 3515 1629 faciunt

1917 1671 2095 1727 inviti.

1987 1763 2045 1817 In
2077 1762 2221 1817 dotis
2265 1776 2393 1818 vero
2448 1777 2608 1831 supra
2653 1760 2936 1816 memorati
2978 1760 3281 1815 monasterii
3339 1748 3512 1813 sancti

213 1852 388 1923 litate,
413 1855 703 1910 auxiliante
731 1856 848 1925 pius
874 1855 1037 1923 Deus,
1052 1866 1204 1911 sante
1225 1868 1281 1911 et
1305 1857 1627 1927 regulariter
1648 1858 1806 1912 vitam
1839 1854 1885 1914 Β
1917 1856 2059 1911 Petri
2090 1871 2194 1910 una
2218 1871 2340 1911 cum
2373 1856 2590 1926 prefatis
2624 1856 2744 1910 ﬁliis
2766 1857 2902 1911 meis
2920 1854 3161 1919 Ratcbis,
3180 1850 3511 1920 Gulifredus,

212 1962 477 2018 peragere
500 1948 555 2002 in
589 1949 917 2003 monasterio
943 1947 1236 2004 beatissimi
1259 1950 1625 2019 apostolorum
1657 1951 1809 2022 prin-

214 2042 322 2113 cipi
361 2046 532 2099 sancti
565 2044 735 2113 Petri,
764 2059 896 2115 quas
925 2048 1158 2116 presenti
1208 2055 1449 2117 tempore
1500 2049 1551 2103 in
1598 2051 1816 2119 proprio

214 2137 495 2192 territurio
539 2151 662 2193 meo
697 2136 767 2192 ob
813 2138 1037 2194 hamore
1077 2138 1301 2207 Christi,
1342 2150 1395 2194 et
1438 2157 1533 2208 pro
1575 2143 1814 2197 remedio

220 2239 565 2299 peccatorum
599 2244 841 2286 nieorum
867 2231 1155 2289 hediﬁcare
1181 2236 1327 2289 visus
1355 2249 1472 2289 sum
1518 2236 1689 2302 locus,
1724 2236 1815 2307 qui

214 2331 440 2378 vocatur
487 2322 765 2395 palatiolo,
818 2323 871 2379 in
911 2325 1158 2381 discursu
1214 2327 1477 2384 Lucense.
1513 2329 1566 2383 In
1592 2345 1658 2384 eo
1686 2345 1817 2385 vero

218 2427 410 2473 tenore
439 2433 593 2473 meus
610 2418 1123 2489 disposuitanimus,
1147 2429 1204 2474 ut
1221 2423 1396 2477 nullus
1417 2424 1812 2493 episcOporum,

216 2516 310 2563 aut
340 2507 584 2578 iudicum
616 2509 689 2564 ibi
719 2510 995 2579 perveniat
1024 2512 1271 2580 imperio,
1317 2529 1491 2585 neque
1522 2515 1715 2585 aliquis
1746 2518 1815 2573 de

215 2597 339 2653 ﬁliis
385 2598 473 2654 vel
523 2599 779 2655 heredum
828 2616 1094 2671 meorum,
1154 2603 1263 2672 tipo
1326 2605 1576 2674 superbie
1623 2607 1811 2672 inﬂati,

214 2702 557 2760 quacumque
582 2691 753 2760 possit
795 2690 849 2746 in
880 2691 1140 2747 fructibus
1180 2693 1311 2748 inibi
1341 2698 1696 2765 congregatis,
1730 2698 1814 2752 vel

212 2776 267 2833 in
290 2793 383 2833 res
424 2779 733 2835 monasterii
774 2780 933 2852 hujus
962 2797 1220 2851 generare
1246 2788 1572 2856 superbiam.
1609 2787 1712 2844 Sed
1744 2788 1813 2843 ita

212 2871 364 2937 volo,
405 2871 581 2941 adque
612 2886 707 2938 per
734 2874 895 2942 hujus
928 2876 1146 2930 nomine
1170 2877 1374 2931 cartula
1402 2879 1710 2933 confirmavi
1761 2881 1812 2935 in

212 2976 378 3029 supra
408 2969 705 3016 memorato
731 2967 1059 3021 monasterio
1085 2968 1257 3021 sancti
1289 2967 1434 3024 Petri
1466 2973 1815 3041 congregatio

216 3066 596 3120 monacorum,
658 3054 772 3109 sive
798 3056 864 3111 de
894 3056 1000 3111 illis
1032 3059 1307 3126 fratribus,
1362 3078 1495 3130 quos
1524 3064 1644 3131 pius
1677 3064 1816 3120 Deus

215 3150 273 3196 et
317 3143 435 3211 ipse
486 3144 603 3213 ejus
658 3148 936 3216 apostolus
970 3149 1035 3203 ad
1095 3166 1247 3205 suum
1288 3155 1561 3210 servitium
1596 3169 1812 3214 vocatus

1916 1949 2041 2005 Jaso
2082 1960 2139 2003 et
2169 1949 2483 2016 Benedicto,
2515 1949 2568 2003 in
2611 1950 2800 2019 primis
2832 1949 2985 2004 trado
3013 1958 3069 2003 et
3093 1948 3259 2002 offero
3306 1948 3509 2018 portiu-

1917 2058 2039 2097 nem
2063 2057 2237 2097 meam
2269 2044 2337 2098 de
2366 2043 2675 2113 supradicto
2697 2043 2876 2099 casale
2895 2043 3174 2111 Palatiolo,
3205 2042 3293 2096 ubi
3316 2049 3371 2095 et
3394 2038 3512 2109 ipse

1916 2134 2246 2191 monasterio
2287 2134 2567 2189 fundatum
2596 2143 2700 2205 est,
2734 2150 2837 2189 una
2868 2150 2988 2190 cum
3022 2134 3266 2203 portione
3298 2146 3415 2186 mea
3443 2130 3516 2187 de

1916 2226 2139 2282 basilica
2171 2228 2343 2283 sancti
2371 2227 2619 2298 Philippi,
2668 2229 2756 2284 vel
2805 2243 2894 2283 res
2922 2229 2987 2282 ad
3014 2243 3131 2283 eam
3159 2228 3513 2296 pertinentes,

1917 2337 2042 2377 cum
2110 2336 2264 2377 casas
2324 2324 2687 2386 massaricias,
2753 2322 3003 2387 familias,
3055 2322 3137 2375 vel
3190 2318 3515 2389 adjacentias

1919 2426 2132 2479 earum,
2170 2413 2404 2482 peculias
2425 2412 2703 2468 donicatas
2734 2427 2854 2467 cum
2895 2421 3137 2480 pastores
3166 2410 3257 2479 qui
3302 2424 3393 2463 eas
3422 2408 3512 2463 de-

1922 2516 2171 2573 pascunt,
2207 2522 2331 2561 cum
2361 2507 2559 2573 vineis,
2591 2504 2821 2573 olivetis,
2848 2514 2903 2560 et
2932 2505 3232 2559 territurias
3262 2502 3515 2572 perﬁnes,

1921 2612 2027 2651 una
2065 2613 2190 2653 cum
2223 2599 2391 2663 silvis,
2438 2600 2576 2654 sicut
2606 2598 2762 2654 nobis
2792 2599 3064 2669 pertinere
3104 2597 3320 2651 videtur
3348 2598 3399 2651 in
3432 2596 3517 2652 in-

1920 2699 2091 2759 tegro.
2125 2691 2254 2745 Item
2283 2702 2337 2745 et
2361 2700 2513 2747 curte
2538 2691 2672 2761 juris
2697 2693 2799 2746 mei
2829 2694 2880 2746 in
2911 2694 3230 2769 Castagnetp
3250 2707 3370 2745 cum
3403 2691 3516 2745 edi-

1916 2782 2052 2838 ﬁciis
2107 2798 2230 2837 suas
2278 2784 2518 2853 peculias
2547 2783 2828 2838 donicatas
2882 2792 2936 2837 et
2978 2790 3219 2852 pastores
3260 2782 3350 2849 qui
3393 2796 3512 2835 eam

1918 2877 2233 2945 depascunt,
2258 2878 2469 2943 vineas,
2490 2877 2739 2944 olivetas,
2761 2885 2963 2946 pratas,
2988 2876 3303 2941 territurias,
3330 2874 3514 2937 silvas,

1918 2980 2012 3021 seo
2043 2954 2096 3021 et
2121 2982 2273 3021 casas
2298 2967 2638 3022 massaricias
2668 2984 2786 3021 cum
2814 2966 3041 3020 familias
3068 2980 3334 3036 suas,que
3364 2965 3517 3021 nobis

1926 3061 2221 3128 pertinere,
2274 3069 2471 3129 quanta
2510 3060 2703 3115 exinde
2749 3059 2917 3114 libere
2972 3074 3080 3112 non
3134 3058 3514 3125 dimiserimus,

1921 3168 2041 3205 cum
2075 3167 2236 3206 omne
2258 3151 2614 3222 adjacentiam
2659 3151 2725 3205 ad
2757 3150 2893 3221 ipse,
2944 3151 3025 3205 vel
3060 3159 3211 3205 curte
3242 3149 3518 3217 pertinent

212 3234 440 3304 dignare
496 3234 668 3303 fuere,
699 3253 818 3292 cum
847 3238 970 3295 ﬁliis
999 3243 1101 3296 mei
1133 3258 1232 3295 una
1272 3260 1393 3297 cum
1447 3248 1574 3314 ipsis
1616 3249 1813 3317 pariter
1836 3221 1884 3282 ο
1916 3244 1968 3297 in
2021 3245 2253 3314 integro,
2303 3221 2500 3299 haheat
2536 3246 2652 3311 ipse
2679 3242 3024 3298 monasterio.
3076 3240 3206 3296 Item
3236 3252 3287 3295 et
3326 3240 3521 3295 habeat

212 3325 470 3379 volumm
519 3341 585 3381 ex
640 3331 990 3401 omnipotenti
1022 3332 1119 3387 Dei
1147 3336 1516 3391 misericordia
1547 3352 1730 3395 sancte
1758 3351 1812 3397 et

208 3416 539 3485 regulariter
587 3420 750 3474 vitam
814 3438 1151 3492 peregantur,
1211 3436 1264 3480 et
1292 3442 1387 3497 pro
1416 3429 1549 3485 meis
1580 3434 1811 3501 peccatis

212 3506 306 3561 die
334 3517 607 3577 noctuque
635 3511 749 3567 suis
778 3515 1111 3569 orationibus
1158 3520 1514 3586 omnipotenti
1568 3523 1675 3579 Deo
1706 3542 1811 3583 non

204 3610 431 3656 cessent
460 3603 742 3659 obsecrare
770 3606 1158 3664 misericordia.
1216 3612 1284 3665 Et
1324 3621 1432 3667 tam
1475 3615 1813 3677 ordinatione

205 3692 419 3760 abbati,
452 3709 609 3763 quam
633 3704 691 3750 et
712 3697 845 3751 alias
890 3699 1277 3768 ordinationes,
1322 3708 1463 3775 quod
1512 3721 1813 3780 Opportune

204 3796 337 3840 sunt
396 3787 451 3840 in
497 3791 826 3845 monasterio
876 3792 1031 3860 fieri,
1082 3797 1152 3849 ita
1216 3809 1380 3868 agunt
1435 3810 1489 3856 et
1531 3804 1815 3872 perficiunt

204 3878 512 3934 secundum
580 3880 879 3938 institutum
943 3888 1125 3954 regula
1189 3890 1255 3943 ad
1310 3902 1552 3949 sanctum
1599 3895 1812 3954 Patrem

207 3979 464 4026 nostrum
495 3969 861 4029 Benedictum.
891 3974 961 4030 Et
988 3978 1032 4032 si
1058 3977 1237 4049 aliquo
1266 3996 1452 4040 errore
1475 4000 1571 4055 pro
1593 3989 1814 4045 ordina-

208 4064 370 4117 tione
413 4071 563 4117 ortus
591 4064 770 4133 fuerit,
803 4075 894 4121 aut
936 4084 1101 4137 pravo
1146 4072 1326 4143 aliquo
1352 4077 1537 4132 vitium
1567 4093 1813 4150 repertus

204 4154 363 4211 inter
395 4152 674 4221 fratribus,
726 4157 869 4226 quod
919 4159 1035 4230 ipse
1082 4163 1220 4219 inter
1244 4181 1325 4234 se,
1356 4170 1439 4223 vel
1470 4173 1815 4231 retitudinem

212 4255 318 4302 aut
337 4276 344 4284 -
366 4245 550 4316 regule
578 4247 822 4303 instituta
848 4250 1117 4321 corrigere
1146 4258 1461 4323 neglexerit,
1512 4272 1635 4318 tunc
1663 4282 1817 4323 acce-

208 4339 354 4394 dant
380 4339 436 4393 in
464 4339 584 4408 ipso
614 4343 940 4398 monasterio
961 4346 1129 4399 sancti
1163 4346 1349 4405 Patres
1369 4356 1735 4426 quoepisc0pi,
1765 4360 1815 4414 id

206 4438 303 4486 est
354 4427 499 4484 sedis
551 4429 794 4487 Ecclesie
817 4442 1006 4489 Sancte
1035 4436 1248 4504 Pisane,
1288 4448 1343 4494 et
1388 4444 1533 4499 sedis
1576 4446 1818 4505 Ecclesie

210 4522 767 4592 Populoniensis,sed
792 4534 846 4579 et
867 4525 1033 4581 abbas
1057 4536 1366 4589 monasterii
1392 4535 1599 4592 Domini
1630 4539 1816 4595 Salva-

1917 3340 2221 3405 portionem
2250 3352 2425 3393 meam
2458 3337 2527 3391 de
2551 3338 2752 3391 molino
2776 3347 2827 3391 et
2869 3351 2991 3389 casa
3019 3335 3085 3389 de
3112 3335 3371 3403 Caldana,
3395 3350 3514 3387 cum

1913 3426 2143 3493 Litiano,
2179 3443 2277 3483 seo
2300 3438 2353 3484 et
2378 3428 2654 3482 Dominico
2681 3428 2861 3497 pueris
2892 3427 3111 3493 nostris,
3138 3435 3192 3480 et
3219 3427 3399 3480 omnia
3431 3426 3518 3480 ad-

1911 3520 2140 3588 jacentia
2182 3519 2249 3573 ad
2278 3519 2392 3588 ipsa
2423 3532 2543 3574 casa
2570 3519 2654 3573 vel
2687 3518 2887 3572 molino
2917 3526 3119 3586 partem
3150 3532 3323 3572 meam
3358 3520 3408 3571 in
3438 3518 3521 3571 in-

1918 3624 2067 3681 tegro
2098 3621 2466 3682 pertenentes.
2502 3610 2673 3667 Simili
2699 3610 2858 3666 modo
2884 3620 2938 3666 et
2969 3610 3166 3664 habeat
3197 3611 3310 3679 ipse
3342 3608 3521 3678 prefa—

1919 3716 2008 3761 tus
2024 3706 2353 3763 monasterio
2381 3707 2680 3777 portionem
2704 3720 2875 3761 meam
2895 3707 2963 3760 de
2984 3716 3135 3761 curte
3161 3705 3519 3774 Supercornia

1918 3813 2038 3853 cum
2087 3798 2330 3855 editicias
2376 3815 2525 3867 suas,
2578 3800 2787 3869 vineas,
2816 3798 3117 3855 territurias
3161 3798 3330 3852 cultas
3354 3807 3402 3852 et
3434 3798 3518 3851 in-

1916 3893 2109 3963 cultas,
2157 3895 2486 3962 silvas,......
2542 3909 2791 3964 pascuas,
2841 3907 2945 3948 una
2995 3907 3116 3947 cum
3168 3906 3320 3946 casas
3370 3905 3516 3945 mas-

1916 3986 2160 4052 saricias,
2193 4001 2313 4040 cum
2354 3984 2584 4039 familias
2615 4000 2762 4053 suas,
2792 3993 2849 4039 et
2898 3999 3059 4039 omne
3108 3983 3406 4054 adjacentia
3451 3984 3517 4038 ad

1918 4076 2058 4145 ipse,
2084 4078 2166 4131 vel
2191 4088 2345 4133 curte
2373 4080 2679 4147 pertinente
2704 4079 2759 4132 in
2784 4080 3012 4149 integro,
3034 4088 3157 4133 ante
3193 4078 3365 4147 posito
3395 4094 3518 4146 por—

1917 4169 2118 4225 tionem
2159 4186 2333 4225 meam
2386 4172 2455 4225 de
2482 4171 2648 4243 Gagio
2672 4172 2851 4227 Gatoti
2881 4182 2934 4226 et
2978 4172 3273 4240 portionem
3317 4184 3517 4234 meam,

1920 4262 2021 4318 hoc
2047 4274 2130 4318 est
2150 4264 2494 4320 medietatem
2518 4266 2585 4320 de
2614 4280 2736 4320 casa
2768 4265 2992 4319 Candidi
3024 4264 3092 4318 de
3115 4263 3249 4316 Rivo
3269 4263 3520 4318 Certurio

1918 4370 2039 4412 cum
2068 4358 2288 4424 familia,
2340 4369 2393 4414 et
2420 4374 2579 4413 omne
2606 4359 2958 4427 adjacentiam
2991 4358 3055 4411 ad
3098 4359 3210 4426 ipse
3241 4372 3364 4411 case
3394 4373 3521 4427 per-

1921 4449 2170 4504 tinentes.
2206 4449 2335 4503 Item
2386 4450 2580 4505 habeat
2628 4450 2744 4519 ipse
2787 4451 3113 4505 monasterio
3157 4451 3326 4504 sancti
3375 4450 3515 4504 Petri

1921 4543 2222 4610 portionem
2250 4555 2425 4595 meam
2454 4542 2521 4596 de
2548 4541 2739 4596 Casale
2761 4543 2812 4596 in
2847 4543 3122 4597 Rnossano
3150 4558 3270 4598 cum
3302 4544 3369 4599 de
3398 4559 3511 4598 mo-

207 4614 359 4671 toris
407 4614 460 4669 in
510 4616 631 4671 loco
670 4616 952 4690 Pontiano,
1004 4620 1131 4676 item
1182 4634 1236 4679 et
1280 4626 1446 4681 abbas
1500 4632 1815 4688 monasterii
1845 4599 1897 4657 D
1924 4632 2182 4698 nasterio,
2214 4633 2357 4701 quod
2401 4633 2527 4688 inibi
2557 4645 2641 4689 est
2680 4637 2808 4700 sito,
2836 4645 2890 4689 et
2911 4622 3047 4691 case.
3065 4636 3367 4691 Massaricie
3394 4653 3515 4691 cum

202 4707 395 4765 sancti
427 4707 699 4778 Frediani,
727 4710 813 4766 ubi
845 4721 900 4767 et
940 4712 1058 4781 ejus
1086 4728 1281 4785 corpus
1320 4718 1543 4786 quiescit
1577 4734 1814 4781 umatum

196 4800 438 4857 civitate
457 4800 719 4857 Lucense.
755 4800 839 4857 Ilii
868 4804 1191 4861 sanctissimi
1234 4817 1485 4876 quattuor
1530 4814 1628 4867 hac
1656 4829 1817 4871 vene-

196 4894 422 4951 rabiles
450 4896 552 4952 viri
579 4897 631 4951 in
663 4898 912 4956 omnibus
939 4902 1171 4957 habeant
1196 4903 1465 4964 licentiam
1495 4908 1692 4964 malum
1724 4921 1817 4966 aut

196 5001 445 5061 pravum
472 4989 685 5059 vitium,
720 4994 862 5064 quod
891 5003 1043 5050 ortus
1072 4996 1233 5053 fuerit
1261 4998 1548 5069 instigante
1579 5002 1813 5071 diabolo,

194 5084 285 5141 ad
322 5082 533 5139 Domini
564 5097 820 5139 revocare
850 5100 1122 5161 precepts,
1148 5101 1204 5146 ut
1227 5095 1425 5148 malum
1454 5096 1643 5150 vitium
1669 5112 1816 5153 rese-

193 5184 401 5242 cetur,
431 5181 489 5229 et
511 5174 691 5229 anime
721 5173 945 5231 fratrum
981 5186 1214 5248 corrigat
1242 5185 1308 5234 ad
1338 5186 1529 5241 salute.
1559 5187 1626 5241 Et
1646 5188 1691 5243 si
1720 5189 1817 5244 de-

192 5268 453 5327 cedente
505 5268 723 5335 abbate,
770 5269 823 5323 in
872 5269 1136 5328 electione
1179 5271 1387 5328 abbatis
1436 5275 1617 5348 aliquo
1664 5287 1814 5335 ortus

192 5362 391 5419 fuerit
443 5362 724 5431 scandolo,
791 5364 928 5418 sicut
970 5365 1106 5419 solet
1160 5365 1273 5421 ﬁeri
1319 5383 1414 5437 per
1450 5369 1639 5425 insidia
1680 5373 1814 5428 ostis

198 5454 425 5520 nostri,
477 5454 578 5524 ipsi
626 5454 845 5525 quidem
893 5471 1050 5525 supra
1096 5461 1375 5513 memorati
1420 5462 1586 5516 sancti
1625 5463 1813 5521 Patres

194 5564 328 5607 una
372 5562 495 5603 cum
527 5545 783 5603 fratribus
813 5549 978 5619 ipsius
1026 5553 1330 5607 monasterii
1362 5554 1692 5624 prevideant,
1725 5558 1813 5626 qui

194 5642 418 5708 dignus
464 5639 624 5695 fuerit
652 5655 890 5710 preesse,
945 5644 1015 5696 ita
1045 5644 1243 5713 eligant
1270 5654 1325 5700 et
1353 5648 1671 5703 conﬁrment
1696 5651 1813 5706 sine

195 5729 336 5789 ullo
358 5744 604 5798 munere,
637 5744 731 5787 aut
774 5734 953 5804 aliquo
980 5738 1082 5791 alio
1116 5738 1360 5807 imperio,
1393 5742 1495 5797 nisi
1527 5754 1728 5799 tantum
1758 5756 1813 5799 ut

196 5825 314 5885 his
339 5838 537 5898 pravus
574 5824 814 5881 vitius-se
841 5831 1207 5900 corrigendus,
1228 5843 1285 5887 ut
1313 5844 1495 5889 sancte
1524 5846 1579 5891 et
1606 5838 1813 5907 regula-

512 5920 789 5983 Ρλτιιοι..
834 5924 1216 5989 LXXXVII.

1925 4724 2219 4795 adjacentia
2246 4726 2312 4779 ad
2341 4726 2451 4795 ipsa
2483 4740 2605 4781 case
2653 4727 2979 4797 pertinentes
3010 4731 3309 4798 portionem
3343 4746 3515 4786 meam

1924 4817 1977 4871 in
2010 4817 2219 4888 integro
2273 4818 2405 4873 Item
2432 4820 2555 4873 volo
2584 4828 2640 4872 ut
2668 4819 2862 4875 habeat
2904 4823 3016 4891 ipse
3044 4825 3369 4879 monasterio
3401 4841 3516 4880 me-

1923 4909 2179 4964 dietatem
2213 4909 2424 4966 Salinas
2469 4912 2522 4966 in
2569 4913 2686 4967 loco
2727 4913 2885 4981 Vada,
2918 4925 2971 4969 ct
3002 4915 3053 4969 in
3105 4914 3323 4986 Po;iolo
3360 4928 3515 4973 antea

1928 5002 2068 5072 quod
2099 5004 2229 5057 emit
2257 5019 2285 5056 a
2314 5004 2583 5075 quondam
2613 5005 2827 5061 Infredu
2876 5023 2992 5063 mea
3048 5009 3309 5077 portione.
3342 5008 3512 5064 Simili

1922 5092 2085 5147 modo
2133 5103 2188 5149 et
2212 5095 2383 5150 offero
2413 5097 2465 5151 in
2499 5098 2806 5167 supradicto
2847 5102 3172 5155 monasterio
3214 5101 3514 5169 portionem

1920 5200 2093 5241 meam
2123 5187 2190 5240 de
2212 5188 2376 5242 curtis
2395 5188 2533 5257 juris
2557 5192 2659 5245 mei
2694 5192 2747 5245 in
2780 5192 2897 5245 loco
2914 5194 3000 5262 qui
3019 5200 3233 5245 vocatur
3250 5191 3510 5259 Septaris,

1919 5296 2043 5336 cum
2091 5283 2365 5351 edificias,
2416 5286 2603 5340 vineas
2649 5287 2904 5354 olivetas,
2958 5287 3117 5341 silvas
3147 5327 3160 5350 ,
3214 5288 3509 5342 territurias

1916 5375 2085 5430 cultas
2134 5387 2187 5430 et
2238 5377 2463 5432 incultas
2517 5394 2617 5435 una
2675 5397 2797 5436 cum
2848 5394 2998 5434 casas
3036 5379 3375 5433 massaricias
3424 5380 3511 5433 vel

1917 5482 2077 5522 omne
2125 5468 2421 5537 adjacentia
2449 5470 2516 5525 ad
2548 5471 2661 5542 ipse
2692 5488 2814 5526 case
2863 5472 2946 5524 vel
2976 5471 3136 5526 Curte
3184 5472 3501 5540 pertinente.

1917 5560 1983 5614 Et
2010 5561 2166 5616 abeat
2196 5562 2403 5616 insimul
2450 5579 2571 5617 casa
2629 5563 2989 5633 Mugniacioli,
3032 5575 3084 5618 et
3131 5578 3254 5617 casa
3310 5564 3501 5616 Tendi—

1918 5654 2073 5721 perti,
2115 5663 2169 5709 et
2195 5669 2315 5709 casa
2349 5655 2655 5725 Wipertuli.
2687 5666 2742 5710 et
2767 5670 2909 5722 casa,
2938 5657 3025 5725 qui
3058 5655 3157 5710 fuit
3190 5654 3429 5723 Pasquali
3452 5654 3501 5708 in

1918 5745 2084 5799 fundo
2107 5746 2315 5817 Magno,
2347 5763 2466 5801 cum
2508 5763 2667 5802 omne
2692 5746 2983 5815 adjacentia
3006 5748 3073 5800 ad
3102 5748 3215 5816 ipse
3236 5759 3358 5800 case
3383 5761 3507 5815 per-

1918 5838 2140 5894 tinente.
2175 5840 2411 5909 Itemque
2438 5840 2506 5895 do
2532 5851 2586 5895 et
2608 5840 2776 5893 offero
2806 5839 2870 5893 ad
2898 5840 3068 5909 ipsum
3106 5841 3361 5901 prefatutu
3397 5854 3508 5893 mo-

3031 5931 3107 5992 Ιιῖι
