4026 6352
417 299 546 355 1301

416 504 732 558 Valerianus
755 508 811 555 et
833 497 1156 554 Liodoaldus
1180 496 1439 566 germani,
1469 495 1559 549 ﬁlii
1577 496 1844 565 quondam
1870 496 1999 550 Leo-

416 597 522 661 nis,
547 595 879 650 habitatores
908 593 1045 646 intra
1079 606 1260 644 muros
1307 588 1538 644 civitatis
1593 588 1880 654 Brixianai,
1910 587 2002 641 tibi

419 688 764 756 Auselpergze
791 685 977 740 dicata:
1009 683 1120 738 Deo
1145 681 1431 736 abbatissae
1461 681 1772 736 monasterii
1795 679 2004 736 Domini

416 776 710 834 Salvatoris
745 776 885 830 intra
917 775 1185 828 civitatem
1241 771 1548 827 Brixianam
1611 773 1908 840 fundatum,
1939 773 2007 829 de

419 869 689 925 curriculo
723 869 833 932 illo,
864 881 958 936 per
986 881 1144 936 quem
1175 864 1414 934 graditur
1447 879 1580 934 aqua
1624 865 1690 919 ad
1738 875 2012 920 monaste-

421 963 560 1018 rium
595 971 858 1024 vestrum,
889 970 942 1014 et
969 969 1108 1014 estat
1163 974 1232 1015 ex
1279 968 1429 1028 parte
1474 959 1821 1014 constitutum
1870 961 2010 1016 intra

426 1069 610 1110 casam
641 1055 722 1110 vel
755 1063 960 1108 curtem
987 1053 1334 1110 habitationis
1376 1065 1594 1120 nosme,
1629 1070 1795 1124 usque
1821 1055 1886 1110 ad
1915 1071 2009 1126 pe-

425 1146 524 1202 des
545 1145 920 1216 quinquaginta
955 1160 1047 1200 sex
1080 1145 1254 1215 juxta,
1289 1154 1344 1199 ut
1367 1145 1621 1214 deinceps
1654 1157 1707 1201 et
1735 1147 1787 1200 in
1819 1161 2012 1216 perpe-

427 1248 576 1294 tuum
605 1239 726 1294 sine
753 1248 940 1293 nostra
966 1238 1333 1308 heredumque
1355 1229 1658 1294 nostrorum
1681 1239 2015 1294 interdictio-

360 1394 365 1406 ‘
432 1348 500 1387 ne
533 1341 848 1398 permaneat
879 1347 1091 1402 semper
1112 1334 1257 1386 omni
1290 1344 1552 1402 tempore,
1579 1335 1717 1393 inter
1745 1348 1803 1388 se
1829 1334 2018 1402 quale-

432 1424 504 1477 bit
527 1423 1016 1490 conturbationem,
1049 1425 1132 1478 vel
1165 1435 1463 1494 rupturam,
1496 1435 1586 1479 aut
1621 1426 1874 1481 lesionem
1914 1424 2018 1478 alia

434 1517 753 1581 accesserit,
788 1515 1008 1570 liberam
1042 1516 1308 1570 licentiam
1334 1517 1526 1572 haheat
1558 1533 1679 1585 pars
1709 1515 2020 1572 monasterii

437 1608 599 1662 vestri
629 1609 773 1662 omni
808 1618 1048 1676 tempore
1107 1608 1288 1663 fodere
1342 1620 1396 1664 et
1421 1611 1630 1677 aperire
1671 1620 1892 1674 terram,
1921 1623 2025 1678 que

435 1714 559 1766 erga
584 1698 758 1769 ipsum
792 1710 952 1763 estat,
982 1702 1044 1752 ad
1078 1702 1557 1768 rrcooperandum,
1593 1703 1642 1755 in
1675 1718 1779 1771 quo
1810 1711 2027 1756 contur-

1576 285 2189 344 LANGOBARDOHUM
2236 282 2470 339 REGUM

411 409 614 468 ChriSti
673 405 910 470 nomine,
953 401 1314 475 promittimus
1371 409 1532 472 atque
1563 403 1877 471 spondimus
1900 417 1998 456 nos
2035 404 2082 462 Α

3550 281 3679 338 Πιῦῖ

2181 398 2220 467 4,-
2270 398 2378 451 Leo
2431 405 2645 466 rogatus
2691 409 2721 449 a
2781 393 3065 450 Valeriano
3113 403 3168 451 et
3218 395 3509 450 Liodoaldo
3564 413 3683 467 ger-

2110 489 2278 544 manis
2318 492 2367 544 in
2425 490 2538 544 hac.
2584 488 2771 559 pagina
2826 488 3192 557 promissionis
3243 498 3300 544 et
3352 489 3687 560 obligatiouis

2110 581 2262 636 testis
2313 581 2627 652 subscripsi,
2683 589 2737 635 et
2783 579 3175 650 auprascriptas
3231 595 3320 636 res
3374 582 3689 638 Launichild

2111 672 2242 729 dare
2266 673 2397 728 vidi.

2184 766 2449 824 Pollecius
2480 776 2696 837 rogatus
2725 781 2753 820 a
2778 765 3064 822 Valeriano
3103 776 3157 822 et
3188 767 3447 823 Liodoald
3477 784 3690 838 germa-

2113 859 2217 920 nis.
2245 871 2345 916 etc.
2360 904 2374 929 ,
2399 871 2454 915 ut
2473 880 2651 930 supra.

2184 953 2363 1026 fligo
2383 955 2745 1024 suprascripto
2801 955 3104 1011 Tanoaldus
3152 957 3275 1011 huic
3327 959 3519 1029 pagine
3573 973 3695 1028 pro-

2114 1047 2388 1102 missionis
2415 1046 2605 1114 scripsi
2655 1055 2708 1102 et
2737 1047 3053 1118 subscripsi,
3086 1064 3243 1118 quam
3289 1063 3408 1121 post
3454 1051 3698 1107 traditam

2115 1138 2401 1208 complevi.

2819 1233 2989 1290 XXX.

2119 1320 2343 1377 Donatio
2403 1321 2588 1394 Gisufﬁ
2644 1325 2818 1463 regis,
2885 1343 2995 1451 p106
2999 1327 3330 1468 8)Cauinenai
3396 1331 3704 1386 mormsteria

2753 1412 2951 1450 αηηοι
3063 1437 3079 1454 .

2753 1412 2888 1450 anno
2936 1412 3079 1454 Ιῠδ).

2308 1484 2398 1549 (Ex
2425 1485 2580 1549 Tostl,
2606 1485 2769 1536 Storia
2790 1487 2919 1536 della
2946 1489 3085 1538 badia
3108 1491 3157 1540 di
3184 1491 3527 1556 Mont.-Cass.)

2365 1593 2472 1648 Nos
2521 1595 2600 1648 vir
2645 1595 3062 1664 gloriosissimus
3099 1599 3334 1656 Gisolfus
3385 1603 3476 1657 Dei
3534 1606 3712 1672 provi-

2132 1685 2310 1748 dentia
2348 1701 2590 1741 summus
2630 1688 2735 1740 dux
2789 1687 3258 1757 Longobardorum
3300 1695 3493 1761 gentis,
3542 1705 3715 1749 motus

441 1789 617 1844 butum
647 1790 824 1844 fuerit.
853 1790 918 1843 Et
949 1791 993 1845 si
1019 1792 1136 1860 quis
1159 1807 1223 1845 ex
1257 1793 1431 1857 nobis,
1465 1794 1552 1864 qui
1601 1811 1758 1864 supra
1795 1795 2030 1849 Valeria-

2165 1779 2233 1838 lci
2266 1778 2649 1846 omnipotentis
2679 1779 3071 1847 misericordia,
3105 1793 3157 1836 et
3187 1784 3256 1836 ob
3301 1753 3493 1840 anima:
3525 1797 3716 1844 nostra:

438 1895 537 1933 nus
562 1891 615 1933 ct
644 1879 970 1935 Liodoaldus
1004 1882 1232 1937 heredes
1272 1886 1323 1936 in
1375 1885 1554 1955 aliquo
1581 1885 2030 1942 disturbationem

442 1973 726 2024 fecerimus
759 1988 824 2026 ex
859 1973 974 2041 ipso
1004 1973 1293 2039 curriculo,
1340 1986 1430 2028 aut
1483 1977 1625 2043 quali
1686 1977 1736 2030 in
1791 1987 2032 2046 tempore

443 2065 742 2133 oportuerit
795 2065 861 2118 ad
919 2065 1376 2134 recouperandum
1427 2083 1547 2120 eum
1577 2068 2031 2134 interdixerimus,

443 2159 493 2210 in
526 2173 631 2225 quo
662 2159 912 2226 superius
939 2157 1152 2226 legitur,
1185 2167 1237 2211 et
1259 2167 1443 2214 contra
1478 2158 1612 2211 hanc
1635 2160 1888 2211 cartulam
1913 2173 2035 2227 pro-

451 2254 736 2307 missionis
769 2253 847 2307 ire
873 2253 1192 2322 quandoque
1221 2253 1660 2321 temptaverimus
1702 2267 1796 2320 per
1824 2266 1922 2304 nos
1947 2258 2039 2304 aut

445 2345 873 2414 qualencumque
901 2358 1209 2412 personam,
1272 2342 1496 2411 principi
1545 2353 1637 2396 aut
1677 2342 1840 2411 judici
1873 2342 2041 2410 supli-

449 2437 702 2501 candum,
739 2451 838 2504 pro
868 2451 974 2504 quo
1025 2434 1367 2488 manifestum
1429 2434 1608 2502 fuerit,
1657 2448 2042 2502 componamus

447 2529 512 2580 ad
543 2537 748 2595 partem
776 2526 1141 2595 suprascripto
1197 2525 1526 2578 monasterio
1575 2525 1670 2579 tibi
1700 2527 2042 2595 Anselperga

451 2619 763 2683 abbatissae,
815 2627 870 2672 et
916 2616 1320 2672 successoribus
1353 2616 1478 2679 tuis,
1511 2618 1628 2671 auri
1659 2618 1860 2672 solidos
1890 2617 2044 2686 quin-

451 2713 726 2782 quaginta,
760 2719 960 2784 etpost
1019 2724 1155 2780 pene
1204 2709 1528 2764 solutionem
1582 2725 1805 2779 presens
1854 2711 2044 2779 pagina

451 2801 693 2856 obtineat
716 2801 965 2855 roborem
995 2818 1006 2852 :
1033 2801 1110 2861 sic
1133 2799 1204 2854 ita
1228 2811 1286 2854 ut
1311 2802 1357 2855 si
1391 2817 1524 2870 aqua
1544 2817 1607 2856 ex
1645 2801 1760 2868 ipso
1781 2801 2049 2855 curriculo

451 2892 599 2948 foras
633 2893 860 2963 ruperit,
895 2907 1000 2946 non
1035 2893 1104 2946 sit
1127 2893 1575 2964 negligentiajam
1607 2893 1733 2947 dicti
1769 2902 2048 2947 monaste-

454 2982 518 3038 rii
551 2985 713 3040 vestri
745 2983 811 3037 ad
865 2985 1354 3052 recooperandum,
1402 3001 1466 3037 ne
1495 2982 1649 3037 vobis
1678 2997 1841 3052 grave
1869 2991 1925 3038 et
1951 2983 2052 3038 im-

2139 1875 2411 1944 totiusque
2434 1887 2630 1930 nostra:
2660 1877 2836 1947 gentis
2861 1876 3108 1940 salutem,
3140 1895 3297 1948 quam
3327 1889 3381 1934 et
3412 1896 3506 1949 per
3535 1897 3718 1947 rogum

2138 1964 2361 2033 Majonis
2412 1965 2622 2022 comitis
2667 1967 2836 2022 nostri
2881 1970 3244 2024 concessimus
3285 1970 3334 2024 in
3397 1971 3722 2027 monasterio

2138 2053 2310 2110 beatae
2339 2067 2390 2110 et
2435 2058 2684 2128 gloriosae
2726 2059 2818 2114 Dei
2846 2060 3118 2128 genitricis
3159 2075 3480 2132 semperque
3508 2063 3724 2132 virginis

2139 2147 2344 2215 Marias,
2377 2151 2517 2219 quod
2551 2152 2616 2204 ab
2635 2153 2762 2204 olim
2811 2161 3176 2206 constructum
3206 2159 3288 2206 est
3321 2153 3372 2206 in
3406 2152 3605 2218 locum,
3635 2153 3722 2224 qui

2141 2239 2444 2294 nominatur
2469 2238 2675 2310 Ciugla.
2713 2244 2762 2295 in
2793 2257 2900 2312 quo
2929 2244 3194 2297 Acetru-fa
3237 2242 3344 2297 Deo
3373 2243 3533 2312 digna
3561 2245 3724 2298 abba-

2142 2332 2271 2386 tissa
2319 2347 2549 2401 prmesse
2593 2335 2823 2401 videtur,
2864 2334 3072 2390 inclitas
3113 2335 3244 2388 duas
3287 2344 3465 2390 curtes
3495 2347 3726 2407 nostras,

2143 2441 2276 2496 quas
2321 2427 2578 2482 trahemus
2635 2429 2688 2484 in
2728 2430 2924 2484 ﬁnibus
2969 2429 3150 2484 Teano
3181 2429 3297 2484 loco
3332 2429 3639 2497 Bairaaum,
3682 2441 3732 2486 et

2148 2525 2272 2570 sunt
2328 2518 2488 2570 arnho
2538 2517 2866 2588 conjuncta),
2920 2535 3144 2589 quarum
3190 2537 3290 2574 una
3336 2522 3641 2576 nominatur
3669 2523 3731 2577 ad

2148 2610 2394 2665 Gruttule
2443 2621 2494 2664 et
2538 2612 2706 2666 altera
2749 2611 2815 2666 ad
2847 2611 3004 2676 Tora,
3052 2613 3279 2668 habente
3309 2616 3427 2669 linis
3456 2617 3736 2685 pradicas

2147 2713 2358 2767 curtes,
2408 2703 2476 2757 ab
2518 2719 2622 2758 una
2665 2719 2819 2774 parte
2863 2708 3089 2776 qualiter
3124 2708 3266 2764 vadit
3307 2723 3399 2778 per
3447 2712 3637 2778 pedem
3673 2713 3738 2766 de

2149 2808 2332 2853 monte
2381 2799 2555 2854 sancti
2587 2800 2916 2866 Leuttherii;
2965 2813 3018 2856 et
3067 2803 3135 2856 ah
3176 2803 3299 2857 inde
3337 2803 3739 2873 qualiterjuxta

2151 2891 2380 2944 eundem
2435 2902 2669 2946 montem
2718 2893 2996 2948 descendit
3040 2895 3090 2948 in
3131 2894 3293 2948 ﬂuvio
3342 2895 3632 2959 Bulturno,
3678 2898 3742 2949 ab

2153 2981 2255 3036 alia
2312 2993 2462 3051 parte
2516 2983 2746 3052 qualiter
2816 2985 3052 3040 ascendit
3100 3000 3193 3053 per
3242 2986 3474 3039 medium
3531 2987 3740 3039 alhenm

457 3078 605 3139 pium
637 3077 830 3130 inferat
860 3078 1138 3140 damnum,
1163 3078 1304 3146 quod
1339 3076 1590 3145 possibile
1643 3076 1888 3130 videatur
1928 3090 2051 3131 esse
2077 3121 2126 3186 ο
2158 3077 2393 3144 praedicti
2450 3077 2683 3132 ﬂuminis
2737 3093 2904 3148 usque
2940 3079 2990 3132 in
3046 3078 3166 3134 riho
3209 3081 3296 3149 qui
3343 3080 3656 3132 nominatur
3681 3078 3746 3132 de

463 3182 556 3225 aut
579 3170 960 3236 intollerahile,
994 3170 1402 3240 prolongaverat
1423 3169 1757 3224 dilationem.
1788 3169 1942 3224 Unde
1963 3184 2052 3224 ac-

462 3264 705 3332 cepimus
733 3277 829 3316 nos
863 3261 1182 3316 Valerianus
1227 3273 1279 3317 et
1323 3261 1648 3316 Liodoaldus
1682 3262 2052 3330 promissionis

469 3352 806 3413 Lattaichild.
840 3353 1135 3406 secundum
1171 3353 1338 3420 legem
1373 3363 1628 3417 nostram,
1683 3368 1712 3418 θ
1763 3362 1816 3406 te
1869 3353 2054 3408 Anselo

468 3461 627 3515 perga
681 3446 954 3499 abbatissa
1000 3461 1062 3500 ex
1117 3446 1349 3508 sacculo,
1403 3454 1459 3498 ut
1507 3460 1689 3512 supra,
1750 3445 2054 3499 monasteaii

466 3539 652 3603 vestri,
684 3540 795 3591 auri
829 3539 1030 3593 solidos
1056 3553 1282 3593 numero
1314 3553 1437 3606 sex,
1466 3549 1520 3592 et
1567 3538 1674 3592 duo
1697 3538 1970 3606 tremisse,
2004 3549 2061 3592 ut

471 3630 678 3683 stabilis
713 3641 1046 3698 permaneat.
1077 3631 1244 3695 Quam
1268 3646 1394 3685 vero
1416 3629 1658 3700 paginam
1684 3629 2062 3699 promissionis

469 3725 581 3780 Tun
600 3724 742 3778 oaldi
773 3725 1112 3780 scribendum
1145 3726 1469 3794 rogavimus,
1487 3724 1574 3793 qui
1593 3731 1648 3779 et
1668 3739 1767 3794 ego
1783 3739 1845 3778 ex
1864 3723 2062 3778 dictaio

474 3817 763 3870 Laurentio
787 3817 993 3871 notario
1019 3817 1227 3886 scripsi.

544 3911 736 3962 Actum
764 3908 940 3965 Brixia
973 3909 1222 3964 feliciter.

555 4001 778 4069 Signum
813 4001 853 4070 -ι-
888 4017 1077 4058 manus
1101 4001 1376 4057 Liodoaldi
1407 4003 1842 4073 recognoscentis
1867 4002 1932 4056 ad
1953 4017 2068 4056 om~

485 4093 568 4144 nia
598 4093 986 4160 suprascripta.

554 4181 594 4251 ἦε
631 4182 942 4238 Valerianus
968 4186 1105 4238 hanc
1137 4186 1380 4255 paginam
1412 4188 1779 4256 promissionis
1808 4189 2071 4245 cautionis

488 4289 516 4327 a
544 4275 698 4329 nobis
730 4276 920 4330 tactam
948 4276 1388 4345 subscripsimus,
1414 4278 1625 4333 relectze
1649 4281 1884 4335 scribere
1914 4281 2072 4336 obtu-

491 4369 548 4434 li,
578 4369 824 4424 rohnravi
853 4380 904 4425 et
925 4371 1242 4438 subscripsi,
1270 4373 1384 4426 auri
1411 4372 1610 4427 solidos
1633 4389 1723 4428 sex
1749 4383 1802 4428 et
1831 4375 1939 4430 duo
1963 4387 2070 4431 tre-

484 4461 647 4515 misse
680 4462 881 4528 accepi.

487 4576 778 4652 adialiquot
797 4593 986 4642 annos,
1009 4595 1208 4649 eosque
1240 4581 1502 4652 interdum
1527 4582 1747 4644 multos,
1774 4584 2070 4652 liaptismns

490 4648 818 4721 ditior-retur,
853 4653 1004 4718 isque
1033 4648 1258 4705 solemni
1287 4657 1387 4704 ritu
1439 4651 1490 4705 in
1541 4655 1814 4721 pervigilio
1846 4648 2068 4708 'tantum

491 4719 765 4792 Paschalis
793 4733 846 4773 et
877 4721 1220 4776 Pentecostes
1275 4719 1662 4786 celebraretur,
1694 4719 1701 4721 “
1727 4727 1826 4780 nisi
1864 4726 2075 4792 pericu-

493 4791 602 4844 lum
658 4792 780 4843 vita!
829 4793 1112 4846 imminens
1156 4795 1568 4846 ministrandum
1630 4807 1751 4848 ante
1803 4791 2074 4850 suaderet.

493 4861 802 4931 'l‘uncetjgo
831 4871 953 4915 ante
983 4863 1304 4931 baptismum
1358 4865 1646 4918 inf-intibus
1692 4883 1883 4920 nomen
1912 4870 2076 4920 daha-

496 4940 607 4985 tur.
641 4930 770 4983 Vide
803 4930 1087 4987 Beroldum
1121 4937 1172 4987 in
1203 4937 1584 4989 dissertatione
1635 4953 1733 4990 LVII
1777 4940 1842 4989 de
1875 4939 2080 4992 ltiiibus

501 5003 893 5078 Ambrosianis.
924 5003 1092 5078 Porro
1119 5005 1438 5078 adeoinsita
1468 5017 1550 5060 est
1589 5007 1638 5059 in
1673 5010 1876 5078 pOpulis
1919 5011 2083 5063 libido

500 5081 556 5149 et
597 5076 928 5149 consuetudo
988 5076 1290 5149 hujusmodi
1324 5081 1684 5132 vetustissima
1738 5076 2081 5149 agnominum

503 5144 977 5218 imponendorum,
1025 5159 1080 5200 ut
1129 5148 1304 5201 adhuc
1355 5144 1795 5204 constantissima
1834 5151 2087 5218 perduret

506 5215 646 5289 inter
672 5217 932 5284 plurimos
971 5217 1133 5272 Italia:
1166 5220 1411 5286 populos.
1461 5223 1498 5271 Α
1555 5215 1845 5277 Mutinensi
1872 5224 2085 5289 quidem

503 5287 637 5340 urbe
674 5301 810 5356 pene
841 5304 1061 5355 prorsus
1092 5290 1343 5353 excessit,
1378 5301 1430 5343 ut
1475 5306 1586 5344 rem
1618 5287 1913 5349 domestico
1943 5297 2090 5348 testi—

507 5358 690 5433 monio
709 5361 1044 5415 continuem.
1081 5360 1277 5414 Verum
1313 5362 1361 5415 in
1397 5363 1652 5428 castellis,
1683 5375 1736 5419 et
1778 5366 1884 5419 ruri
1925 5367 2091 5433 potis-

509 5430 728 5505 simum,
762 5433 958 5485 multus
987 5442 1068 5486 est
1118 5448 1242 5484 usus
1294 5434 1656 5500 agumninum,
1717 5430 2092 5505 vixque'ullus

507 5499 776 5574 interdum
827 5512 906 5553 e~t
952 5520 979 5555 e
1027 5505 1236 5556 rusticis
1271 5509 1318 5556 in
1345 5506 1518 5570 aliquo
1543 5507 1678 5569 vico,
1705 5511 1792 5574 qui
1823 5499 1884 5561 ex
1931 5526 2092 5573 agno-

513 5571 676 5640 gnine,
708 5585 865 5639 quam
916 5589 978 5627 ex
1024 5579 1263 5640 nomine,
1296 5591 1401 5628 non
1433 5576 1496 5627 sit
1530 5571 1934 5632 notior'vicinis
1959 5571 2088 5632 Suis.

513 5635 656 5692 Idem
684 5635 908 5695 a’Gallis
941 5645 991 5698 in
1017 5646 1205 5698 militia
1234 5635 1428 5700 factum
1454 5648 1826 5700 animadverti.
1853 5651 1974 5702 llaec
1998 5667 2092 5703 an-

517 5716 623 5763 tem
641 5714 959 5791 agnomina,
991 5731 1293 5784 quanquam
1347 5717 1642 5791 necessitas
1693 5720 1978 5791 aliquando
2014 5723 2094 5773 in-

520 5781 744 5837 vexisse
772 5781 1035 5850 videatur,
1069 5781 1303 5841 attamen
1346 5781 1806 5856 progredientibus
1858 5792 2093 5858 saeculis,

2159 3168 2390 3238 Bagnula
2419 3168 2484 3222 de
2530 3171 2685 3223 tertia
2719 3182 2870 3237 parte
2901 3170 3162 3239 praedicto
3194 3171 3333 3236 ribo,
3366 3172 3457 3238 qui
3506 3169 3748 3225 decernit

2157 3261 2294 3315 inter
2349 3261 2442 3314 has
2485 3270 2664 3316 curtes
2725 3273 2777 3316 et
2826 3272 2963 3317 terra
3014 3262 3217 3331 prn'fali
3272 3263 3635 3325 monasterii,
3681 3261 3746 3315 de

2155 3364 2344 3423 quarta
2376 3363 2523 3423 parte
2547 3356 2652 3408 line
2684 3355 2905 3420 ribulus,
2933 3355 3022 3423 qui
3056 3356 3214 3408 intrat
3242 3355 3293 3407 in
3323 3355 3582 3422 prardicto
3612 3354 3748 3419 ribo,

2159 3456 2215 3500 et
2236 3446 2463 3514 qualiter
2493 3446 2734 3500 ascendit
2758 3447 3012 3514 praedicto
3035 3447 3237 3500 ribulus
3254 3459 3419 3515 uSque
3442 3447 3492 3501 iu
3527 3462 3592 3500 eo
3610 3445 3751 3509 loco,

2162 3539 2300 3594 unde
2353 3540 2663 3608 egreditur,
2720 3549 2774 3593 et
2809 3541 2874 3594 ab
2914 3539 3037 3594 inde
3079 3541 3128 3592 in
3187 3541 3299 3610 ipsa
3346 3552 3640 3610 surgente,
3689 3554 3752 3593 ex

2162 3631 2355 3700 quibus
2381 3646 2515 3701 aqua
2543 3633 2659 3684 viva
2689 3631 2980 3702 egreditur,
3011 3640 3064 3684 et
3093 3631 3160 3684 ab
3189 3631 3312 3686 inde
3358 3635 3407 3685 in
3440 3630 3754 3700 prmdictum

2168 3731 2351 3798 pedem
2408 3731 2474 3784 de
2511 3739 2693 3784 monte
2741 3730 2910 3783 sancti
2960 3728 3286 3792 Leuttherii,
3345 3727 3434 3797 qui
3488 3738 3570 3782 est
3608 3729 3754 3793 prior

2169 3822 2312 3876 linis.
2345 3821 2450 3876 llas
2481 3830 2656 3875 autem
2691 3820 2977 3888 praedictas
3010 3828 3190 3873 curtes
3215 3818 3442 3886 qualiter
3465 3818 3530 3870 de
3563 3818 3670 3872 ﬁne
3701 3820 3752 3870 in

2171 3913 2276 3967 ﬁne
2325 3907 2740 3981 pras'notahimns
2789 3927 2908 3964 cum
2965 3911 3190 3963 diversis
3219 3910 3508 3978 cespitibus
3540 3909 3676 3973 suis,
3707 3917 3761 3962 et

2170 4021 2290 4060 cum
2324 4004 2421 4058 hiis
2453 4013 2506 4057 et
2551 4004 2727 4072 aquis,
2762 4018 2882 4057 cum
2915 4003 3161 4057 omnibus
3187 4001 3521 4072 pertinentiis
3551 4016 3757 4055 earum.

2175 4097 2392 4151 Insimnl
2450 4114 2570 4150 cum
2615 4099 2725 4163 ipsa
2781 4096 3012 4151 ecclesia
3045 4096 3213 4150 sancti
3243 4094 3422 4149 Cecilii
3457 4095 3591 4146 infra
3625 4110 3762 4161 ιιι-πα

2174 4191 2342 4245 dictas
2391 4191 2524 4245 ﬁnes
2565 4189 2846 4254 aedificata,
2878 4197 2931 4243 et
2958 4203 3080 4242 cum
3130 4198 3329 4256 septem
3377 4188 3671 4241 condomas
3698 4187 3763 4240 de

2177 4284 2372 4339 nostris
2402 4282 2572 4338 serbis
2603 4281 2652 4336 in
2677 4280 2946 4350 prazdictis
2991 4281 3230 4334 curtibus
3277 4278 3674 4334 habitantibus:
3711 4277 3760 4331 id

2177 4383 2262 4428 est
2300 4373 2394 4428 ﬁlii
2433 4383 2488 4428 et
2533 4382 2753 4440 nepotes
2797 4371 3086 4425 Gaidosolii
3134 4386 3256 4424 cum
3306 4370 3427 4422 ﬁliis
3465 4379 3518 4423 et
3559 4369 3765 4422 ﬁliabus

2098 4501 2152 4561 D
2179 4483 2365 4524 eorum
2390 4475 2444 4521 et
2473 4465 2562 4519 ﬁlii
2593 4477 2647 4519 et
2680 4475 2902 4534 nepotes
2929 4463 3206 4528 Sinoaddi,
3260 4471 3310 4515 et
3338 4461 3428 4514 ﬁlii
3457 4471 3509 4515 et
3541 4471 3771 4529 nepotes

2182 4598 2236 4641 et
2281 4597 2462 4639 nostro
2491 4583 2811 4650 prtcsertitn,
2843 4579 3165 4652 improbitas
3203 4578 3502 4652 hominum,
3551 4587 3605 4630 et
3647 4575 3769 4652 qui-

2182 4658 2305 4711 dam
2333 4656 2470 4708 male
2495 4649 2718 4708 feriatus
2734 4649 3125 4718 ardor,'eadem
3155 4650 3436 4704 instituere
3462 4649 3767 4703 consuevit.

2184 4728 2387 4795 Nempe
2419 4725 2470 4780 in
2499 4741 2654 4778 sacro
2684 4727 2894 4778 lavacro
2946 4738 3101 4776 suum
3133 4723 3325 4795 cuique
3356 4735 3550 4775 nomen
3599 4719 3772 4786 impo-

2187 4793 2454 4853 uehatur:
2509 4796 2601 4850 sed
2632 4796 2852 4868 rsrepins
2898 4793 3221 4862 praevalebat
3271 4793 3496 4868 alterum
3534 4805 3769 4868 nomen,

2187 4870 2328 4940 quod
2357 4878 2449 4921 aut
2477 4879 2602 4940 ante
2628 4862 3080 4940 baptismum,_aut
3107 4879 3288 4940 postea
3318 4862 3623 4940 domestici,
3651 4862 3773 4940 vici-

2192 4932 2332 5005 nive,
2358 4955 2421 4992 ex
2457 4938 2679 4993 arbitrio
2703 4932 2820 4990 suo
2878 4937 3058 4991 invitis
3107 4937 3421 5004 plerumque
3451 4932 3774 5005 hominibus

2190 5003 2547 5078 apponebant.
2583 5013 2837 5073 Honesta,
2871 5006 3134 5081 fateor,et
3158 5017 3304 5075 grata
3329 5003 3390 5081 ex
3425 5003 3492 5081 iis
3513 5013 3774 5081 perquam

2193 5077 2356 5136 multa
2395 5081 2577 5143 fuere;
2626 5081 2718 5132 sed
2752 5095 2855 5133 non
2890 5093 3058 5148 pauca
3088 5077 3491 5149 vituperationis
3514 5079 3572 5125 et
3598 5084 3775 5149 scom-

2194 5156 2356 5206 matis
2397 5141 2632 5218 speciem
2675 5141 2994 5204 referebant.
3029 5151 3109 5199 An
3160 5141 3370 5218 antiqui
3413 5141 3775 5218 Langobardi,

2193 5225 2366 5278 donec
2399 5212 2582 5276 eorum
2604 5235 2826 5286 regnum
2851 5235 2913 5273 ac
2941 5219 3146 5272 fortuna
3179 5216 3230 5268 in
3265 5213 3604 5286 Italiagstetit,
3631 5212 3782 5286 hisce

2195 5295 2437 5350 ludibriis
2485 5283 2906 5356 delectarentur,
2959 5289 3192 5342 nondum
3245 5283 3781 5356 deprehendi._llltra

2195 5367 2337 5420 enim
2385 5380 2544 5434 quam
2600 5363 2854 5423 creditur,
2893 5352 3163 5429 'quidquid
3206 5352 3498 5410 nobilitatis
3543 5352 3783 5434 colorem

2198 5426 2416 5492 laedere'
2451 5444 2677 5504 poterat,
2731 5433 2805 5486 illi
2853 5426 3274 5508 aversa-bantur}
3328 5441 3499 5508 neque
3555 5426 3787 5508 fortasse

2198 5498 2476 5578 quisquam
2509 5505 3083 5579 tolerassetejusmodi
3124 5499 3425 5579 ιιριηίιρρκεὶ
3449 5498 3784 5579 dicteriim-

2200 5568 2304 5634 tam
2340 5568 2739 5646 importassent.
2772 5568 2968 5629 Ve'rum
3002 5575 3103 5628 suh
3143 5571 3407 5646 Carolinis
3455 5568 3785 5646 Gaesaribus,

2199 5665 2261 5705 ac
2289 5640 2481 5704 deinde
2504 5648 2840 5716 trequentius
2867 5648 2970 5703 sub
2997 5646 3205 5712 regibus
3251 5641 3570 5707 subsecutis,
3596 5640 3786 5694 eadem

2201 5721 2485 5794 agnomina
2519 5723 2570 5776 in
2603 5737 2702 5774 usu
2731 5718 2898 5776 fuisse
2914 5717 3262 5788 deprehendi.
