4026 6352
324 376 463 438 1395

1392 377 1787 437 DIPLOMATA
1831 378 2109 437 ECCLES.
2154 374 2495 436 SELECTA.

3455 362 3592 432 459's

319 495 655 561 Marzuccoli,
694 505 751 552 et
800 492 895 552 ﬁlii
939 502 995 551 et
1024 502 1242 565 nepotes
1288 494 1503 563 Lupicis
1530 509 1650 549 cum
1700 493 1821 550 ﬁtiis
1848 502 1903 549 et
1931 497 1982 555 Α
2009 493 2169 548 dente
2224 506 2319 561 per
2368 491 2484 560 ipso
2524 489 2687 545 ﬂuvio
2730 498 2898 559 usque
2944 489 3008 544 ad
3038 501 3229 559 aquam
3265 502 3370 559 que
3398 486 3597 544 dicitur

318 590 527 647 ﬁliabus
547 607 756 659 eorum,
788 600 843 647 et
871 589 966 646 ﬁlii
992 598 1047 646 et
1074 600 1298 661 nepotes
1320 589 1618 659 Luperissi,
1649 598 1703 645 et
1730 589 1823 644 ﬁlii
1844 597 1898 644 et

316 696 539 755 nepotes
591 686 829 753 Sanduli,
875 695 931 743 et
969 684 1063 741 ﬁlii
1101 694 1157 742 et
1201 693 1425 756 nepotes
1471 685 1746 751 Bonusoli,
1776 698 1895 739 cum

315 776 438 831 ﬁliis
478 787 533 833 et
559 776 769 834 ﬁliabus
796 792 1005 834 eorum.
1046 776 1172 833 Haec
1200 778 1379 833 omnia
1403 794 1521 848 quae
1553 777 1900 846 praediximus

312 876 495 925 nostra
535 869 989 927 excellentissima
1030 880 1265 942 potestas
1323 872 1376 927 in
1428 872 1687 943 praedicto
1714 878 1902 927 sancto

313 960 562 1017 ctenobio
617 962 859 1018 concessi
909 963 977 1020 ad
1022 965 1402 1036 perpetualiter
1456 964 1799 1031 habendum,
1847 972 1902 1020 et

312 1052 717 1123 possidendum.
771 1051 986 1127 Scripto
1040 1067 1309 1128 praecepto
1364 1056 1481 1127 ipse
1536 1072 1630 1126 per
1695 1053 1901 1110 Bertari

311 1143 542 1199 notario.

384 1240 570 1291 Actum
596 1237 648 1293 in
674 1237 814 1293 hunc
840 1252 1049 1295 sacrum
1074 1239 1504 1296 Benebentanum
1538 1246 1778 1294 nostrum
1810 1252 1901 1310 pa-

309 1328 517 1398 latium,
542 1345 727 1387 mense
740 1330 1101 1402 Septembrio,
1116 1333 1408 1390 indictione
1420 1342 1605 1404 quarta
1623 1332 1899 1388 decima...

990 1443 1181 1499 XXXI.

307 1531 631 1610 Praeceptum
662 1536 917 1610 Desidet-ii
960 1540 1092 1610 regis
1138 1538 1589 1610 Langobardorum
1613 1555 1706 1609 pro
1732 1537 1900 1593 Theo-

381 1606 608 1662 dentario
634 1608 814 1662 abbate
843 1606 1160 1664 Cassinensis
1175 1606 1469 1666 monasterii
1494 1606 1652 1682 (anno
1672 1610 1825 1680 768).

871 1721 987 1783 (Ex
1012 1721 1170 1786 Tosti,
1196 1723 1338 1785 ibid.)

384 1802 440 1857 In
472 1804 687 1861 nomine
713 1821 939 1862 summa;
965 1816 1019 1863 et
1052 1807 1335 1864 individua:
1362 1808 1671 1876 Trinitatis,
1703 1809 1894 1875 Patris,

305 1903 361 1951 et
409 1894 552 1963 Filii,
581 1905 636 1952 et
680 1898 909 1969 Spiritus
938 1901 1131 1957 sancti.
1179 1900 1485 1957 Desiderius
1520 1903 1707 1959 aeterni
1754 1904 1895 1972 regis

305 1986 632 2057 suﬂ'ragante
698 1989 933 2060 potentia
1011 1992 1483 2063 Langobardorum
1543 2008 1662 2050 rex.
1728 1993 1896 2064 Regni

306 2080 477 2134 nostri
504 2090 724 2147 statum,
756 2090 812 2139 et
839 2085 962 2139 vita:
990 2094 1333 2154 augmentum
1388 2086 1451 2140 ad
1503 2085 1605 2141 hoc
1632 2086 1896 2156 proﬁcere

307 2173 603 2241 credimus,
648 2173 695 2229 si
742 2173 1087 2231 ecclesiarum
1117 2175 1215 2231 Dei
1241 2190 1426 2231 curam
1477 2185 1721 2247 gerentes
1767 2191 1895 2232 con-

308 2258 472 2315 tinnis
522 2275 668 2329 eam,
724 2277 957 2334 suosque
1002 2266 1297 2321 servitores
1340 2264 1574 2321 ditcmus
1624 2266 1896 2324 beneﬁciis

305 2361 467 2422 atque
488 2356 821 2413 muneribus.
851 2356 1111 2425 Quocirca
1142 2368 1447 2415 nostrorum
1490 2358 1722 2416 ﬁdelium
1744 2376 1898 2432 saga-

310 2442 446 2498 citas
491 2446 719 2512 noverit,
773 2447 1005 2518 qualiter
1038 2451 1103 2504 ad
1132 2450 1446 2519 petitionem
1504 2464 1601 2506 nos
1650 2452 1897 2522 religioso

309 2536 429 2591 viro
454 2536 823 2594 Tlteuttumari
848 2539 1026 2596 abbati
1047 2557 1109 2595 ex
1133 2542 1460 2598 monasterio
1483 2542 1652 2597 sancti
1682 2543 1897 2598 confes-

313 2630 453 2682 soris
474 2628 672 2684 Christi
714 2630 1007 2699 Benedicti,
1036 2631 1177 2702 quod
1203 2641 1286 2687 est
1306 2639 1671 2703 constructum
1699 2631 1752 2686 in
1781 2632 1900 2688 loco

308 2720 398 2788 qui
458 2719 654 2775 dicitur
701 2720 955 2777 Casinum
999 2722 1247 2779 Castrum
1277 2763 1291 2788 ,
1340 2724 1428 2779 ubi
1479 2724 1899 2781 sacratissimum

310 2825 504 2882 corpus
526 2811 643 2884 ejus
670 2815 944 2870 humatum
986 2826 1090 2885 est,
1120 2818 1228 2874 tale
1253 2817 1569 2874 beneﬁcium
1614 2819 1753 2874 circa
1783 2834 1900 2874 mo-

313 2906 609 2963 nasterium
653 2907 825 2979 ipsum
868 2910 965 2965 visi
1008 2909 1208 2966 inimus
1236 2911 1588 2977 concessisse,
1618 2912 1762 2968 unde
1789 2928 1903 2971 mo-

315 2998 467 3053 aacbi
490 2997 602 3055 Deo
627 2999 938 3068 servientes,
966 3010 1023 3058 et
1052 3017 1149 3071 pro
1186 3002 1364 3072 nobis,
1388 3011 1443 3059 et
1468 3010 1661 3059 cuncto
1709 3005 1905 3074 populo

1999 583 2156 653 Cosa,
2175 593 2230 640 et
2248 583 2370 639 salit
2388 598 2478 653 per
2501 583 2673 653 ipsum
2690 590 2927 638 montem
2950 581 3038 652 qui
3061 580 3260 637 dicitur
3282 583 3451 638 sancti
3482 580 3589 636 Do-

2002 676 2132 728 nati.
2159 674 2234 729 De
2251 682 2437 744 quarta
2456 682 2605 745 parte
2628 672 2733 729 ﬁne
2762 672 2934 728 media
2953 686 3104 727 serra
3128 672 3192 727 de
3209 681 3389 729 monte
3414 672 3592 730 sancti

2002 766 2217 832 Donati,
2270 781 2323 823 et
2349 766 2617 837 quomodo
2646 767 2928 822 descendit
2954 780 3117 835 super
3148 764 3247 834 ipsi
3297 763 3591 822 monticelli

2001 859 2069 916 de
2097 861 2282 930 Marri,
2313 869 2367 918 et
2386 860 2533 915 vadit
2553 861 2618 915 ad
2648 860 2748 930 ipsi
2777 860 2942 930 pescli
2982 858 3073 929 qui
3112 867 3235 913 sunt
3264 857 3331 912 ad
3361 857 3496 927 pede
3524 857 3593 915 de

2002 963 2185 1010 monte
2230 954 2324 1024 qui
2378 954 2573 1009 dicitur
2630 953 2789 1009 Balba
2818 998 2833 1022 ,
2877 961 2933 1009 et
2972 954 3243 1023 quomodo
3279 952 3423 1008 vadit
3467 950 3593 1009 inde

2003 1060 2164 1115 super
2191 1047 2327 1101 duos
2354 1046 2558 1111 leones,
2615 1055 2669 1102 et
2714 1044 2838 1101 inde
2867 1044 2992 1101 salit
3037 1060 3198 1113 super
3219 1045 3332 1115 ipse
3357 1059 3506 1099 serre
3527 1044 3595 1109 de

2003 1135 2213 1205 Casale,
2250 1149 2302 1194 et
2333 1140 2454 1194 inde
2482 1138 2757 1195 descendit
2775 1152 2935 1209 super
2965 1139 3139 1209 ipsum
3169 1147 3407 1193 montem
3431 1150 3595 1207 super

2004 1229 2117 1300 ipsa
2159 1231 2282 1286 villa
2333 1233 2400 1288 de
2444 1232 2753 1300 Gareliano,
2782 1241 2836 1288 et
2864 1233 2989 1288 inde
3027 1231 3170 1286 vadit
3216 1246 3378 1301 super
3420 1231 3595 1301 ipsum

2006 1325 2247 1396 pesclum
2279 1326 2368 1396 qui
2402 1327 2711 1382 nominatur
2735 1326 2915 1396 Cripta
2945 1325 3308 1395 imperatoris,
3343 1330 3511 1396 usque
3540 1325 3597 1381 in

2002 1416 2167 1472 ﬂuvio
2212 1419 2300 1488 qui
2341 1419 2648 1475 nominatur
2691 1419 3002 1485 Gareliano,
3032 1428 3085 1473 et
3116 1418 3440 1473 ascendente
3497 1431 3595 1487 per

2003 1510 2119 1582 ipso
2141 1510 2301 1566 ﬂuvio
2325 1526 2489 1583 usque
2516 1512 2581 1567 ad
2605 1512 2811 1583 priores
2838 1511 2992 1567 ﬁnes.
3022 1508 3415 1566 Conﬁrmamus
3430 1508 3594 1564 etiam

2004 1605 2058 1660 in
2099 1613 2416 1675 perpetuum
2463 1604 2640 1660 eidem
2681 1602 2973 1660 venerabili
3019 1602 3136 1659 loco
3166 1600 3422 1658 ecclesias
3457 1599 3596 1657 has:

2003 1699 2176 1754 sancti
2219 1698 2401 1755 Jacobi
2434 1698 2488 1753 in
2534 1697 2779 1765 Tremiti,
2824 1697 2998 1755 sancti
3022 1696 3245 1753 Joannis
3272 1695 3327 1752 in
3361 1694 3592 1764 Venere,

2003 1799 2203 1847 sanctae
2220 1791 2399 1846 Maria:
2425 1790 2477 1847 in
2495 1790 2702 1862 Cingla,
2720 1800 2917 1847 sanctae
2947 1789 3127 1846 Maria:
3150 1789 3200 1844 in
3230 1788 3591 1856 Plumbarola,

1927 1865 1977 1927 Β
2002 1884 2171 1939 sancti
2209 1883 2385 1938 Focati
2411 1884 2463 1939 in
2490 1883 2684 1939 Lesina
2711 1899 2835 1939 cum
2863 1885 3085 1951 piscaria
3109 1897 3225 1939 sua.
3250 1880 3309 1938 ln
3333 1883 3593 1939 comitatu

2003 1990 2133 2031 vero
2188 1976 2483 2032 Marsorum
2548 1975 2680 2032 cella
2735 1976 2905 2033 sancti
2970 1975 3240 2031 Benedicti
3306 1976 3357 2031 in
3418 1974 3594 2040 'l‘ilia,

2002 2080 2223 2125 sanctus
2247 2070 2547 2126 Victorinus
2570 2069 2623 2126 in
2645 2069 2864 2126 Celano.
2896 2069 2953 2125 in
2985 2070 3151 2127 Teate
3180 2077 3398 2125 sanctus
3428 2067 3593 2125 Libe-

1999 2170 2144 2217 rator
2173 2176 2333 2232 super
2362 2162 2583 2217 ﬂuvium
2608 2161 2893 2230 Laentum,
2915 2162 3083 2218 sancti
3111 2160 3294 2232 Angeli
3326 2161 3378 2216 in
3412 2166 3597 2214 monte

1997 2250 2210 2321 Plano,
2253 2253 2533 2308 castellum
2587 2254 2758 2309 saneti
2810 2254 3040 2325 Angeli,
3087 2254 3367 2310 castellum
3420 2253 3596 2307 sancti

1999 2345 2166 2414 Petri,
2222 2356 2430 2402 curtetn
2462 2348 2631 2403 saneti
2662 2346 2900 2404 Januarii
2946 2362 3065 2402 cum
3097 2344 3435 2417 pertinentiis
3478 2342 3594 2399 suis

2001 2441 2140 2496 inter
2194 2440 2290 2495 has
2338 2441 2505 2505 ﬁnes;
2550 2444 2617 2496 ab
2663 2456 2770 2497 uno
2805 2440 2978 2498 latere
3007 2440 3112 2495 ﬁne
3152 2440 3321 2510 cripta
3347 2436 3595 2494 Latronis

1998 2551 2118 2605 qua!
2145 2544 2229 2591 est
2257 2536 2356 2591 Sili)
2379 2536 2687 2592 monticello
2717 2536 3090 2603 Sarracenico,
3124 2544 3181 2592 et
3200 2534 3324 2592 inde
3354 2533 3598 2591 ascendit

2002 2625 2055 2681 in
2108 2626 2347 2682 Staﬁlum
2401 2628 2468 2683 de
2518 2629 2773 2699 Magella;
2831 2630 2897 2684 de
2949 2629 3055 2684 alio
3103 2628 3271 2683 latere
3327 2622 3597 2698 quomodo

2005 2717 2281 2772 descendit
2319 2718 2371 2771 in
2424 2733 2615 2787 aquam
2646 2718 3064 2787 Frassiningam,
3088 2718 3157 2773 ed
3187 2717 3310 2772 inde
3337 2716 3499 2772 mittit
3538 2715 3597 2771 in

2005 2812 2177 2867 rivom
2230 2812 2520 2866 Bacinnutn
2564 2820 2617 2866 et
2654 2810 2795 2865 vadit
2834 2811 2887 2865 in
2927 2819 3141 2880 puteum
3179 2809 3248 2865 de
3300 2807 3598 2878 Capetano,

2008 2901 2134 2959 inde
2158 2903 2209 2957 in
2244 2904 2496 2957 fossatum
2521 2903 2689 2958 sancti
2714 2901 2974 2972 Januarii,
3016 2910 3069 2958 et
3099 2902 3153 2956 in
3185 2900 3505 2967 Rosentem;
3528 2898 3599 2956 de

2009 2993 2116 3049 alio
2147 2994 2313 3049 latere
2346 2994 2465 3048 linis
2498 2993 2677 3049 Bisara
2708 2993 2759 3048 in
2790 2993 2931 3049 viam
2959 3007 3062 3064 que
3092 2992 3235 3046 vadit
3265 2993 3317 3046 in
3348 2991 3594 3046 lacunam

310 3087 614 3147 Christiano
637 3101 947 3160 exorantes,
974 3094 1160 3149 vivere
1188 3093 1419 3150 valeant.
1450 3092 1509 3149 id
1535 3105 1615 3150 est
1646 3105 1836 3162 terras,
1853 3104 1899 3152 et

2010 3103 2171 3159 supra
2213 3095 2451 3142 santtutn
2479 3086 2781 3154 Donatum;
2813 3086 2939 3143 hinc
2981 3085 3034 3142 in
3081 3086 3350 3156 Figarum,
3394 3084 3518 3140 inde
3539 3083 3597 3139 in

312 3181 477 3238 silvas
504 3183 646 3239 sacri
671 3184 842 3239 nostri
899 3185 1078 3255 palatii
1122 3186 1453 3255 pertinentes
1496 3202 1591 3256 per
1619 3187 1713 3243 bas
1745 3190 1898 3246 ﬁnes.
1932 3227 1978 3291 ο
2014 3181 2269 3237 fossatum
2301 3180 2368 3236 de
2388 3192 2572 3237 saneta
2602 3180 2783 3248 LUCia.
2823 3189 2877 3237 ει
2905 3181 3147 3238 θεοεηάίι
3175 3197 3267 3250 ρετ
3288 3194 3479 3250 aqua“!
3504 3177 3601 3234 ίτῖσ

311 3274 354 3329 Α
390 3272 558 3343 prima
592 3275 698 3332 ﬁne
727 3275 796 3332 de
816 3275 934 3348 ipsu
974 3277 1247 3344 Carnellu,
1275 3287 1329 3333 et
1353 3279 1621 3349 quomodo
1645 3280 1768 3335 salit
1808 3296 1901 3350 per

316 3365 429 3435 ipsa
453 3366 674 3435 Bantra,
703 3384 871 3439 usque
897 3370 952 3424 in
981 3370 1095 3426 rivo
1119 3370 1287 3440 sicco,
1310 3379 1364 3425 et
1386 3370 1610 3426 saliente
1639 3387 1804 3440 usque
1834 3373 1901 3429 ad

308 3460 591 3517 ecclesiam
622 3463 792 3518 sancti
837 3464 1071 3532 Martini,
1096 3472 1150 3520 et
1174 3461 1443 3533 quomodo
1463 3463 1632 3533 pergit
1657 3479 1752 3535 per
1783 3465 1899 3534 ipse

307 3553 475 3611 criste
520 3555 588 3611 de
629 3566 813 3613 monte
834 3559 1007 3613 sancti
1057 3557 1220 3613 Petri.
1254 3557 1332 3614 De
1359 3557 1591 3613 secunda
1612 3568 1762 3627 parte
1794 3559 1900 3615 ﬁne

310 3661 458 3713 serra
482 3649 551 3705 de
580 3662 763 3707 monte
792 3652 882 3722 qui
904 3652 1101 3708 dicitur
1124 3652 1330 3720 Cismo,
1356 3661 1409 3709 et
1429 3651 1700 3723 quomodo
1730 3651 1899 3723 pergit

310 3754 407 3809 per
427 3756 574 3796 serra
600 3742 667 3799 de
697 3753 878 3799 monte
921 3744 1010 3815 qui
1041 3743 1235 3800 dicitur
1262 3744 1547 3815 Aquilone,
1578 3751 1631 3800 et
1660 3744 1803 3799 vadit
1832 3742 1898 3798 ad

309 3829 485 3886 locum
515 3833 605 3902 qui
658 3834 853 3889 dicitur
880 3835 945 3890 de
973 3834 1198 3905 Pupplo,
1239 3846 1292 3890 et
1338 3835 1605 3905 quomodo
1635 3835 1806 3906 pergit
1832 3833 1898 3890 ad

306 3920 482 3977 locum
544 3923 885 3993 Viticusum,
941 3935 998 3983 et
1048 3927 1193 3982 vadit
1245 3928 1507 3983 directum
1563 3927 1631 3981 ad
1692 3928 1898 3998 Aquam

308 4012 603 4082 laudatam,
658 4027 711 4071 et
755 4019 1023 4086 quomodo
1071 4018 1313 4074 ascendit
1337 4035 1429 4090 per
1453 4019 1625 4088 ipsum
1660 4028 1898 4075 montem

305 4107 394 4175 qui
424 4120 508 4163 est
534 4124 699 4180 super
730 4110 943 4178 Casale,
973 4122 1028 4167 et
1068 4114 1313 4183 pervenit
1346 4114 1413 4169 ad
1442 4106 1636 4169 badum
1668 4113 1901 4170 ﬂuminis

308 4197 400 4267 qui
431 4198 627 4255 dicitur
655 4199 869 4269 Rapidi,
900 4212 954 4257 et
984 4204 1227 4271 pervenit
1249 4204 1299 4258 in
1326 4219 1517 4274 aquam
1544 4203 1804 4272 Melarini,
1844 4212 1899 4260 et

306 4289 580 4358 quomodo
630 4292 803 4363 pergit
846 4308 941 4361 per
988 4294 1128 4363 ipsas
1158 4296 1349 4350 cristas
1389 4296 1672 4359 montium,
1697 4306 1750 4349 et
1771 4309 1897 4363 per-

306 4382 456 4435 venit
482 4381 547 4435 ad
578 4390 773 4438 terram
802 4383 978 4439 albam
1006 4401 1020 4448 ;
1051 4384 1177 4441 inde
1207 4385 1354 4442 venit
1381 4385 1446 4440 ad
1501 4387 1702 4441 furcam
1730 4386 1898 4442 sancti

306 4466 600 4539 Valentini,
636 4478 690 4526 et
730 4473 997 4543 quomodo
1027 4475 1266 4530 ascendit
1305 4491 1398 4544 per
1425 4474 1613 4531 eri-tas
1641 4476 1898 4529 montium

2008 3274 2184 3345 gidam
2234 3274 2284 3328 in
2337 3274 2504 3329 limite
2534 3276 2601 3330 de
2631 3289 2811 3331 monte
2843 3275 3032 3342 Plano,
3064 3285 3118 3331 et
3146 3274 3283 3330 sicut
3314 3274 3457 3329 vadit
3498 3274 3601 3328 sub

2007 3368 2134 3437 ipsis
2191 3366 2444 3423 limitibus
2496 3369 2547 3422 in
2586 3368 2786 3423 iossatu
2834 3366 3092 3432 Gariiuli,
3140 3373 3196 3423 et
3236 3367 3307 3420 ita
3349 3365 3491 3420 vadit
3543 3362 3596 3420 in

2005 3459 2219 3514 Mento.
2255 3458 2397 3513 Inter
2425 3473 2557 3527 quos
2587 3461 2719 3514 lines
2745 3458 2874 3513 nulli
2898 3456 3309 3524 bominialiquid
3327 3456 3595 3521 dedimus.

2002 3550 2097 3605 sed
2150 3551 2287 3605 sicut
2327 3551 2455 3605 ﬁsco
2502 3551 2667 3620 regali
2719 3550 3020 3621 pertinebat
3066 3549 3244 3605 omnia
3302 3550 3353 3602 in
3408 3547 3598 3604 eodem

2001 3642 2253 3699 cmnobio
2309 3642 2619 3698 obtulimus.
2669 3641 2875 3697 Dehinc
2929 3642 3152 3697 ecclesia
3189 3649 3387 3696 sanctae
3413 3637 3596 3695 Mariae

2003 3737 2055 3792 in
2099 3737 2363 3803 Bacinno;
2398 3738 2567 3792 sancti
2602 3727 2790 3792 Felicis
2816 3735 2870 3790 in
2913 3733 3240 3799 Pastoricio;
3290 3734 3461 3787 sancti
3501 3733 3599 3788 lle-

2005 3830 2200 3886 nedicti
2227 3831 2279 3883 in
2303 3829 2493 3896 'i‘erri;
2542 3830 2711 3885 sancti
2744 3827 2846 3883 Viti
2874 3842 3035 3896 supra
3064 3827 3260 3882 ﬂumen
3301 3825 3591 3881 Lavinum:

2003 3921 2171 3977 sancti
2223 3920 2386 3977 ilelite
2432 3922 2484 3976 itt
2536 3921 2882 3990 Selangario;
2948 3920 3117 3974 sancti
3171 3917 3385 3974 Comitii
3441 3916 3594 3987 juxta

2002 4016 2173 4070 rivum
2199 4014 2458 4078 Trulum;
2491 4011 2661 4068 sancti
2689 4011 2855 4067 Felici
2885 4013 2937 4066 in
2969 4012 3245 4077 Pulverio;
3276 4011 3443 4067 sancti
3485 4010 3590 4067 Ca-

2002 4106 2109 4162 listi
2161 4107 2213 4160 in
2272 4105 2473 4171 lliano;
2538 4104 2704 4159 sancti
2767 4103 3064 4158 Mammetis
3124 4103 3352 4171 ibidem;
3399 4112 3598 4158 sancta)

2002 4195 2183 4251 llarim
2236 4195 2290 4249 in
2343 4194 2666 4259 Ponctiano;
2711 4193 2877 4248 sancti
2930 4192 3087 4248 Marci
3140 4194 3366 4257 ibidem;
3425 4193 3595 4248 sancti

2008 4287 2301 4343 Eletttberii
2353 4288 2404 4341 in
2455 4285 2623 4357 Rupi;
2680 4287 2849 4341 sancti
2910 4285 3017 4339 Pali
3070 4283 3274 4339 ibidem
3318 4298 3420 4338 una
3469 4299 3591 4338 cum

2004 4376 2195 4433 Castro
2239 4378 2515 4443 Calcaria;
2571 4377 2741 4432 sancti
2798 4377 3007 4431 Erasmi
3054 4376 3107 4429 in
3141 4373 3348 4430 Cerritu
3398 4375 3594 4446 planu;

2006 4471 2175 4525 sancti
2202 4461 2544 4525 Salvatori'et
2573 4469 2741 4524 sancti
2772 4468 2980 4523 Martini
3012 4468 3241 4533 ibidem;
3293 4468 3460 4523 sancti
3495 4468 3592 4525 Be-

305 4563 395 4629 qui
440 4572 564 4617 sunt
606 4562 746 4619 inter
772 4564 927 4619 Atina
957 4574 1011 4619 et
1057 4564 1363 4631 Vallelucis,
1421 4581 1473 4620 et
1505 4577 1653 4620 recto
1680 4564 1895 4621 tramite
1926 4603 1978 4663 Β
2007 4560 2225 4627 nedicti,
2276 4567 2476 4613 sanctae
2528 4558 2725 4621 Mariae,
2771 4568 2825 4614 et
2864 4560 3031 4613 sancti
3086 4556 3297 4613 Comitii
3329 4559 3380 4612 in
3412 4558 3595 4625 Orno;

304 4654 552 4720 pervenit
601 4655 667 4709 ad
708 4668 909 4726 pretam
958 4658 1233 4726 scriptam,
1263 4666 1317 4713 et
1339 4658 1581 4713 ascendit
1605 4656 1671 4711 ad
1692 4672 1895 4713 serram

304 4743 500 4799 montis
551 4748 640 4817 qui
682 4748 876 4803 dicitur
929 4748 1205 4817 Ordicosa,
1255 4760 1305 4804 et
1352 4751 1521 4818 pergit
1573 4764 1735 4817 super
1782 4749 1897 4818 ipse

306 4837 575 4904 pesclora,
626 4840 716 4909 qui
766 4840 961 4895 dicitur
1013 4840 1313 4907 Falconari,
1344 4848 1396 4895 et
1422 4841 1661 4910 pervenit
1690 4842 1755 4896 ad
1781 4842 1898 4911 ipse

306 4923 428 4980 ﬁnis
482 4929 570 4997 qui
618 4937 745 4984 sunt
790 4929 929 4985 inter
974 4941 1205 4994 montes,
1238 4946 1268 4985 e
1292 4930 1486 5000 quibus
1519 4945 1654 4987 unus
1679 4940 1897 4987 vocatur

306 5015 610 5085 Spiuacius,
664 5029 721 5075 et
776 5020 910 5075 alter
963 5021 1268 5087 Porcasius,
1302 5031 1357 5077 et
1408 5021 1533 5076 inde
1562 5022 1801 5077 ascendit
1829 5021 1897 5077 ad

305 5107 500 5163 cristas
524 5110 720 5165 montis
751 5112 840 5180 qui
863 5121 1081 5168 vocatur
1107 5113 1281 5181 Caira,
1313 5123 1366 5169 et
1394 5115 1638 5182 pervenit
1676 5114 1744 5168 ad
1786 5115 1901 5184 ipse

309 5207 461 5269 petre
513 5216 674 5271 super
698 5218 832 5274 aqua
864 5204 1054 5272 vivola,
1102 5214 1156 5261 et
1184 5206 1425 5261 ascendit
1470 5207 1534 5261 ad
1587 5208 1780 5263 collem
1809 5207 1902 5278 qui

307 5303 532 5350 vocatur
550 5294 857 5352 Gimbiruti.
878 5298 952 5353 De
974 5299 1129 5353 tertia
1162 5313 1309 5370 parte
1334 5302 1604 5372 quomodo
1626 5300 1905 5358 descendit

307 5401 405 5455 per
433 5388 607 5458 ipsum
640 5390 1033 5460 querquitulum
1064 5403 1116 5447 et
1145 5392 1293 5448 vadit
1338 5393 1600 5449 directum
1632 5394 1684 5449 in
1730 5394 1904 5464 ipsum

311 5486 564 5541 fossatum
608 5486 755 5555 juxta
808 5487 1093 5543 ecclesiam
1144 5489 1314 5544 sancti
1369 5490 1602 5557 Damasi,
1647 5500 1703 5545 et
1738 5490 1906 5561 pergit

306 5575 567 5635 directum
614 5580 666 5637 in
715 5581 866 5637 silice
916 5580 981 5635 ad
1030 5581 1204 5637 locum
1258 5582 1346 5653 qui
1401 5582 1594 5638 dicitur
1651 5586 1789 5639 Arcu
1841 5585 1907 5641 de

308 5664 540 5737 Gixzuli,
571 5681 625 5727 et
651 5673 918 5744 quomodo
942 5673 1088 5728 vadit
1114 5674 1177 5727 aii
1229 5674 1399 5730 lacum
1444 5676 1804 5745 Radeprandi,
1849 5687 1902 5733 et

306 5758 436 5816 inde
466 5763 637 5834 pergit
659 5768 724 5819 ad
755 5768 928 5821 rivum
961 5766 1052 5835 qui
1081 5778 1297 5822 vocatur
1326 5768 1653 5834 Marozze,ct
1673 5770 1901 5839 qualiter

307 5850 588 5914 descendit
614 5857 666 5913 in
690 5857 912 5916 ﬂuvium
943 5859 1032 5932 qui
1054 5868 1281 5919 vocatur
1307 5861 1582 5931 Carnellu,
1611 5870 1664 5919 et
1707 5876 1893 5919 ascen-

2004 4651 2175 4707 sancti
2222 4649 2431 4716 Calisti,
2470 4651 2641 4708 sancti
2699 4651 2839 4706 Petri
2884 4652 2936 4706 in
3003 4651 3354 4716 Mallianella;
3424 4652 3597 4707 sancti

2005 4744 2195 4809 Mauri,
2225 4754 2281 4800 et
2302 4746 2471 4800 sancti
2501 4744 2691 4801 Renati
2715 4746 2766 4799 in
2785 4745 3165 4812 Taratunlano,
3193 4758 3245 4800 et
3278 4745 3429 4815 piczu
3456 4748 3593 4801 Cor-

2006 4839 2246 4905 varium;
2312 4838 2484 4893 sancti
2551 4837 2733 4893 Calisti
2792 4836 2843 4891 in
2903 4836 3038 4893 valle
3092 4852 3252 4907 supra
3301 4838 3595 4905 Laentnm;

2004 4940 2205 4986 sancta:
2230 4930 2411 4986 Mariae
2451 4946 2609 5000 supra
2656 4930 2825 4983 lavam
2854 4929 2919 4983 de
2945 4929 3182 4995 Laenio;
3212 4930 3379 4985 sancti
3415 4928 3597 4984 δινίυί

2006 5023 2058 5079 in
2090 5023 2412 5090 Trevanico,
2458 5022 2627 5078 sancti
2672 5022 2934 5078 Clementi
2983 5024 3034 5079 in
3069 5023 3364 5087 Plnmbata,
3397 5031 3597 5075 sancta:

2009 5116 2188 5173 Maria;
2220 5118 2269 5173 itt
2300 5117 2458 5172 ﬂuvio
2506 5116 2669 5184 Foro,
2717 5116 2887 5171 sancti
2939 5116 3079 5172 Petri
3113 5116 3161 5168 in
3193 5114 3449 5183 Lolliano,
3484 5130 3594 5173 nio-

2011 5210 2303 5266 nasterium
2336 5209 2505 5263 sancti
2532 5208 2811 5275 Severini;
2846 5218 3045 5262 sancta:
3095 5204 3270 5260 Mariae
3316 5205 3368 5260 in
3423 5205 3595 5277 Ripa;
3622 5224 3650 5247 ο

2011 5302 2181 5359 sancti
2212 5301 2438 5356 Androm
2488 5300 2540 5355 iu
2581 5301 2718 5357 colle
2746 5302 2812 5356 de
2836 5300 2989 5368 Albe,
3017 5298 3185 5356 sancti
3213 5298 3353 5354 Petri
3382 5298 3435 5354 in
3477 5296 3596 5365 Ari,

2013 5394 2182 5450 sancti
2216 5394 2397 5464 Angcli
2429 5404 2552 5448 ante
2598 5393 2862 5449 civitatem
2904 5395 3180 5447 Ortonam.
3215 5390 3501 5447 Castellum
3530 5389 3601 5449 de

2017 5487 2188 5555 Ungo,
2214 5485 2487 5541 castellum
2518 5486 2584 5541 de
2615 5484 2790 5545 Ptato,
2842 5492 3041 5537 sancta:
3080 5480 3266 5538 Cructs
3310 5486 3361 5537 in
3411 5482 3601 5540 Castra

2012 5579 2222 5643 Casale,
2254 5581 2638 5634 monasterium
2664 5576 2831 5634 saneti
2869 5576 3149 5642 l’ancratii,
3183 5578 3351 5631 sancti
3385 5573 3524 5631 Petri
3542 5576 3598 5633 in

2008 5671 2221 5725 civitate
2249 5671 2462 5725 'l‘eatina
2497 5684 2695 5733 vetere,
2730 5667 2896 5721 sancti
2928 5667 3076 5722 Pauli
3130 5666 3349 5731 ibidem,
3395 5675 3598 5722 sancta

2005 5762 2175 5818 Tecla:
2223 5765 2271 5818 in
2308 5762 2521 5817 civitate
2549 5762 2768 5816 'l'eatina
2800 5776 2956 5825 nova,
3008 5759 3179 5815 sancti
3223 5758 3508 5825 Theodori,
3541 5767 3598 5815 et

2001 5861 2170 5916 saneti
2200 5858 2491 5916 Salvatoris
2520 5857 2574 5914 in
2616 5858 2819 5916 Aternu
2846 5871 2965 5912 cum
2993 5866 3144 5927 portu
3174 5870 3293 5911 suo.
3335 5854 3390 5911 in
3435 5851 3603 5928 comi:
