4026 6352
442 333 592 396 (1805

1597 329 2211 398 LANGOBABDORUM
2253 329 2497 392 REGUM

3589 330 3732 392 {596

434 457 561 512 aut
609 449 878 514 Pennenai
922 448 1161 510 ecclesia
1221 450 1391 512 sancti
1448 447 1643 504 Felicis
1687 447 1738 502 in
1790 445 2029 508 Stabulo,
2059 445 2448 513 Acomitibus,
2489 443 2777 514 episcopis,
2805 441 3107 510 castaldeis,
3133 442 3440 522 judicibus;
3467 453 3526 501 ut
3545 462 3738 518 quem-

434 542 625 603 sancti
645 542 925 606 nemilicti
949 541 1001 596 in
1025 540 1320 608 Lauriano.
1338 549 1536 598 sanctae
1567 538 1872 596 Scotasticze
1889 537 2039 608 juxta

447 629 670 696 ﬂuvium
701 632 866 700 Tabe,
900 634 1068 694 sancti
1092 632 1277 702 Angeli
1305 633 1357 686 iu
1395 631 1702 693 Galbanice.
1737 629 1908 686 sancti
1936 629 2040 684 Fe-

435 718 564 782 Jicis
586 722 646 780 in
677 721 944 788 Bosiecle,
973 731 1172 778 sanctae
1204 722 1383 778 Mariae
1413 723 1476 774 ad
1512 723 1820 788 Paternum,
1869 719 2040 776 sancti

439 811 668 878 Manilii
695 814 752 876 in
786 814 1123 878 Genestrula,
1159 815 1326 868 sancti
1358 815 1521 879 Petri,
1555 814 1799 876 etsancti
1828 813 2042 874 Cet-ilia!

435 903 500 970 in
542 908 912 970 Castrnnlano,
960 916 1177 970 sanctus
1220 907 1410 962 Petrus
1453 908 1507 966 in
1550 909 1821 971 Termule,
1871 908 2040 972 sancti

437 996 750 1064 Benedicti,
790 1009 850 1058 ,ει
889 1007 1088 1056 sancta
1131 999 1289 1056 Narie
1346 1001 1395 1056 in
1442 1000 1676 1054 Maurina
1734 1015 1853 1058 cum
1885 1008 2040 1069 portu

437 1103 586 1158 suo;
614 1091 779 1150 sancti
822 1089 1050 1148 Victoris
1095 1091 1146 1152 in
1172 1091 1313 1144 Silva
1345 1091 1520 1162 plana,
1549 1092 1716 1144 sancti
1744 1090 2037 1154 Benedicti,

443 1190 502 1244 et
556 1192 754 1240 sanctze
802 1183 1096 1246 Scolasticc
1143 1185 1200 1242 in
1254 1184 1440 1251 Pinne,
1488 1193 1686 1240 sancta:
1739 1183 1938 1250 Mariae,
1988 1193 2041 1248 et

433 1273 614 1336 sancti
663 1273 970 1338 Benedicti,
1026 1285 1078 1330 et
1133 1284 1330 1330 sancta:
1369 1274 1624 1330 Colutnbe
1687 1275 1737 1328 in
1785 1273 2037 1340 Alarino,

437 1373 645 1426 sancta:
674 1362 839 1422 Marie
872 1365 925 1418 in
950 1364 1238 1432 Cosentia;
1273 1367 1444 1422 sancti
1490 1367 1755 1420 Benedicti
1792 1368 1844 1420 in
1876 1367 2037 1433 Bari;

441 1456 618 1518 sancti
641 1454 825 1511 Severi
855 1457 907 1510 in
935 1456 1227 1524 Sorrentu;
1257 1461 1424 1514 sancti
1471 1459 1760 1520 Benedicd,
1787 1472 1839 1513 et
1869 1460 2038 1514 sancti

447 1547 646 1611 Andra:
696 1549 750 1602 in
805 1548 1008 1616 Caudi;
1061 1562 1262 1606 sanctze
1313 1553 1524 1623 Sophia:
1587 1553 1640 1606 in
1705 1553 2038 1621 Benevento;

445 1649 645 1704 sancta:
693 1640 906 1696 Cecilia:
969 1645 1023 1704 in
1089 1643 1344 1713 Neapoli;
1414 1648 1582 1708 sancti
1650 1647 1917 1702 Benedicti
1987 1648 2039 1704 itt

448 1734 703 1805 Salerni);
735 1740 904 1798 sancti
941 1739 1210 1796 Benedicti
1264 1741 1314 1796 in
1371 1742 1625 1810 Gagieta;
1651 1744 1822 1796 sancti
1855 1743 2040 1796 Salva-

441 1833 583 1894 toris
629 1834 859 1906 ibidem;
914 1837 1084 1892 sancti
1137 1837 1406 1895 Laurentii
1456 1838 1507 1891 in
1562 1837 1822 1908 Majolisi:
1871 1838 2037 1892 sancti

444 1922 611 1988 Mauri
642 1926 692 1988 in
729 1927 1012 1995 Meranisi;
1073 1940 1272 1984 sancta:
1326 1929 1502 1989 Maria:
1553 1929 1603 1984 in
1651 1929 2038 1994 Maritendulo;

444 2017 619 2074 sancti
668 2015 894 2087 Agapiti,
943 2027 1142 2074 sancta:
1185 2021 1492 2076 Scolasticae
1537 2021 1586 2074 in
1620 2021 1838 2087 Teano;
1867 2021 2038 2075 sancti

444 2103 668 2164 Joannis
698 2109 748 2162 in
797 2108 1040 2176 lrpinisi;
1069 2119 1268 2165 sant-tm
1299 2111 1596 2180 Beparataa,
1623 2113 1794 2165 sancti
1827 2110 2039 2164 Maximi

436 2194 492 2252 in
531 2197 652 2254 rivo
703 2199 936 2266 Bulann;
1001 2201 1425 2271 Campnl'riddu;
1493 2203 1663 2256 sancti
1714 2202 1923 2255 Martini
1988 2200 2040 2255 in

443 2285 710 2348 Yulturnu
741 2306 861 2344 cum
893 2302 1048 2359 portu
1093 2307 1224 2357 suo;
1260 2303 1458 2348 sanetae
1485 2293 1660 2346 Marte
1694 2293 1743 2345 in
1774 2291 2038 2358 Turcinu;

443 2380 614 2440 sancti
633 2379 905 2436 Benedicti
926 2382 975 2434 in
993 2382 1320 2448 Benevento;
1341 2383 1508 2436 sancti
1527 2381 1713 2451 Angeli
1733 2383 1781 2436 in
1803 2381 2039 2447 Alel'rid;

444 2471 500 2538 in
531 2475 742 2534 cominu
772 2476 940 2528 sancti
979 2475 1274 2542 Victorini;
1323 2477 1492 2530 sancti
1551 2476 1796 2539 Erasmi;
1842 2486 2040 2529 sancta:

443 2560 651 2634 Marim,
693 2574 745 2620 et
775 2567 944 2620 sancti
987 2568 1186 2638 Qnirici
1220 2570 1272 2622 in
1303 2570 1463 2635 Arci;
1512 2569 1681 2624 sancti
1729 2568 1939 2623 Comitii
1983 2568 2036 2625 in

439 2653 717 2722 ,Piscaria;
749 2658 917 2720 sancti
949 2658 1092 2712 Petri
1119 2662 1168 2712 in
1199 2657 1460 2714 Ceccaum
1482 2676 1495 2725 ;
1518 2659 1685 2713 sancti
1716 2658 2040 2713 Liberatoris

441 2747 499 2804 in
559 2745 838 2816 Puscolle;
893 2753 1063 2805 sancti
1118 2752 1346 2822 Lopardi
1384 2797 1397 2819 ,
1442 2761 1496 2806 et
1550 2752 1718 2806 sancti
1777 2751 1918 2806 Petri
1986 2751 2039 2806 in

441 2839 776 2909 Tezzanico;
807 2846 979 2900 sancti
1010 2844 1197 2915 Angeli
1220 2848 1271 2900 in
1306 2847 1539 2911 Laianu;
1573 2845 1741 2900 sancti
1768 2845 2037 2901 Benedicti

446 2933 506 2991 in
568 2936 983 3007 Casagenzana;
1043 2938 1213 2992 sancti
1280 2938 1553 2992 Benedicti
1624 2939 1674 2992 in
1737 2938 2036 3004 Lauriaua;

443 3027 614 3083 sancti
674 3028 947 3088 Benedicti
1003 3028 1054 3083 in
1106 3028 1289 3084 Cilicia
1315 3073 1328 3096 ,
1360 3029 1530 3094 sancti
1560 3029 1702 3084 Petri
1735 3031 1784 3084 in
1829 3029 2036 3096 Conca;

441 3117 612 3187 sancti
647 3118 916 3176 Benedicti
948 3122 999 3174 in
1030 3119 1298 3184 Pantanu;
1334 3121 1503 3178 saneti
1537 3121 1708 3192 \‘igilii
1741 3122 1790 3175 in
1825 3131 2026 3189 monte,

2141 536 2424 592 admodum
2496 535 2563 590 ad
2617 536 2863 592 eumdem
2912 537 3269 597 venerabilem
3345 542 3734 598 monasterium

2141 629 2313 682 sancti
2355 627 2624 683 Benedicti
2656 643 2917 698 possessa:
2958 629 3195 696 fuerunt,
3220 646 3318 704 per
3347 631 3485 690 hanc
3535 645 3737 692 nostra:

2140 720 2566 776 conﬁrmationis
2596 722 2968 784 auctoritatem
3024 725 3222 779 nostris
3272 726 3571 796 futurisque
3595 738 3734 786 tem-

2138 813 2357 893 poribus
2405 815 2568 867 ahhas
2633 815 2798 884 ipsius
2853 814 2954 870 loci
2997 817 3168 870 sancti
3223 817 3494 874 Benedicti
3554 819 3739 874 firmi-

2142 913 2327 969 terque
2377 905 2859 976 inviolabiliterquc
2910 917 3112 973 teneat,
3146 916 3200 963 et
3251 910 3543 980 possideat,
3579 920 3738 978 prout

2140 994 2365 1052 facultas
2415 999 2494 1052 vel
2535 998 2736 1052 utilitas
2765 997 2931 1064 ipsius
2962 1000 3285 1060 venerabilis
3324 1002 3425 1057 loci
3479 1003 3734 1071 exigerit.

2141 1085 2216 1141 Ita
2247 1097 2305 1141 ttt
2337 1087 2514 1143 nullus
2539 1087 2705 1156 judex
2758 1091 3019 1158 publicus,
3075 1091 3329 1158 quislibet
3368 1107 3433 1146 ex
3465 1092 3737 1157 judicialia

2140 1187 2406 1248 potestate
2435 1181 2487 1233 in
2516 1181 2680 1234 cellas
2709 1191 2763 1234 et
2806 1182 2978 1243 villas,
3007 1191 3095 1234 aut
3121 1198 3300 1252 agros,
3331 1199 3425 1236 seu
3457 1184 3598 1248 loca,
3623 1187 3739 1239 sive

2141 1272 2373 1338 reliquas
2408 1271 2960 1338 possessionesnostri
2983 1274 3212 1327 cmnohii
3242 1279 3408 1327 sancti
3439 1274 3738 1341 Benedicti,

2142 1378 2271 1432 quas
2313 1363 2572 1416 moderno
2603 1374 2841 1431 tempore
2872 1365 2922 1416 in
2967 1365 3390 1434 quibuscumque
3422 1366 3648 1434 paginis,
3680 1374 3740 1421 et

2144 1454 2415 1508 territorio
2448 1454 2581 1508 infra
2615 1453 2765 1519 regni
2795 1455 2962 1507 nostri
2989 1454 3200 1508 dicione
3242 1455 3380 1522 justc
3403 1465 3457 1510 et
3490 1456 3738 1524 legaliter

2143 1545 2404 1614 possidet,
2455 1546 2538 1599 vel
2595 1545 2848 1614 quidquid
2899 1545 3152 1614 deinceps
3195 1545 3372 1599 divina
3423 1547 3739 1613 pietasipoo

2144 1638 2265 1692 loco
2291 1637 2520 1691 voluerit
2546 1652 2741 1706 augere
2768 1637 2834 1691 ad
2867 1653 3054 1690 causas
3083 1637 3395 1703 audiendas,
3458 1639 3538 1691 vel
3598 1635 3736 1692 {redi

2144 1742 2235 1784 aut
2285 1731 2478 1784 tributa
2517 1730 2775 1799 exigenda
2807 1771 2822 1796 ,
2883 1732 2961 1784 vel
3014 1731 3319 1784 mansiones
3372 1739 3464 1783 aut
3519 1739 3740 1796 paratas

2065 1803 2433 1887 Biaciendas,
2494 1824 2576 1876 vel
2623 1823 2964 1890 ﬁdeiussores
3003 1821 3292 1884 tollendos,
3341 1831 3435 1875 aut
3487 1821 3739 1876 homines

2147 1915 2314 1984 ipsius
2340 1916 2647 1968 monaSIerii
2679 1924 2784 1967 tam
2815 1914 3012 1968 liberos
3035 1930 3194 1984 quam
3235 1929 3442 1977 servos,
3492 1928 3594 1968 seu
3613 1930 3740 1969 car-

2145 2009 2342 2063 tnlatos
2373 2009 2453 2062 vel
2482 2007 2721 2073 oﬂ‘ertos,
2767 2015 2820 2060 et
2846 2009 2934 2076 qui
2962 2022 3128 2076 super
3175 2016 3319 2060 terra
3352 2006 3516 2075 ipsius
3547 2022 3739 2060 mona-

2145 2101 2293 2154 sterii
2347 2098 2601 2165 resident,
2651 2099 2951 2152 nullatenus
2993 2098 3410 2166 distringendos,
3453 2113 3555 2152 nec
3593 2098 3736 2152 ullas

2148 2190 2504 2246 redivitiones
2572 2197 2664 2244 aut
2724 2191 2936 2244 illicitas
2999 2191 3309 2244 occasiones
3391 2191 3740 2258 requirendas

2144 2283 2344 2338 nostris
2375 2283 2564 2336 tuturis
2616 2281 2854 2350 utrisque
2903 2284 3229 2351 temporibus
3279 2283 3487 2350 ingredi
3521 2284 3739 2351 audeat,

2143 2389 2245 2430 nec
2269 2391 2330 2428 ea
2363 2391 2482 2444 qua:
2509 2374 2754 2444 superius
2805 2386 3099 2428 memorata
3125 2387 3246 2426 sunt
3278 2374 3490 2442 penitus
3517 2373 3737 2440 exigere

2144 2477 2454 2536 praesumat,
2508 2466 2601 2520 sed
2641 2465 2801 2519 liceat
2839 2475 3103 2534 prmsente
3133 2464 3477 2518 Tlieothmari
3511 2479 3739 2519 venera-

2141 2559 2303 2615 bilem
2353 2563 2586 2625 abatem,
2615 2558 2839 2629 ejusque
2864 2571 3204 2613 successores
3231 2572 3336 2612 una
3365 2572 3486 2613 cum
3515 2572 3742 2626 congre-

2143 2657 2356 2721 gatione
2385 2654 2579 2709 ibidem
2621 2653 2731 2708 Deo
2771 2653 3060 2707 famulante
3088 2653 3186 2706 sub
3227 2663 3424 2707 nostra:
3454 2653 3741 2708 munitatis

2142 2749 2452 2804 defensione
2506 2749 2686 2817 quieto
2741 2746 2929 2803 ordine
3001 2747 3184 2800 vivere
3232 2758 3294 2799 ac
3348 2745 3629 2808 residere,
3685 2751 3749 2800 et

2138 2838 2428 2894 Dominum
2470 2853 2568 2908 pro
2598 2849 2779 2892 nostra
2809 2837 2986 2892 anima
3029 2836 3348 2906 supplicare.
3376 2835 3450 2890 Et
3487 2836 3746 2905 quiequid

2145 2931 2332 2998 ﬁscus,
2368 2941 2420 2984 et
2442 2931 2562 3000 jure
2583 2933 2692 3000 jam
2729 2930 2976 3000 prephati
3008 2931 3315 2984 monasterii
3358 2943 3483 2998 pars
3525 2929 3744 2997 publica

2143 3038 2372 3093 sperare
2409 3031 2623 3093 poterat
2644 3038 2742 3092 pro
2769 3023 2961 3076 animm
2989 3030 3187 3076 nostra:
3227 3019 3479 3076 mercede
3503 3020 3747 3075 inminu-

2145 3119 2296 3173 ribus
2349 3119 2518 3189 ipsius
2567 3115 2892 3172 venerabilis
2938 3115 3248 3171 monasterii
3306 3123 3488 3192 nostra
3525 3121 3752 3169 maneat

444 3183 616 3262 Sancti
649 3208 871 3279 Angeli;
906 3221 1103 3264 sancta:
1132 3210 1309 3264 Marim
1341 3210 1394 3264 in
1419 3179 1632 3277 Calvo:
1661 3211 1830 3266 sancti
1862 3211 2032 3273 Mauri
2063 3179 2108 3243 Ο
2140 3209 2456 3266 auctoritate
2478 3224 2817 3264 concessum.
2846 3207 2954 3262 Nec
2984 3223 3088 3263 non
3115 3211 3276 3262 etiam
3327 3222 3356 3260 a
3403 3207 3562 3263 nobis
3613 3205 3748 3260 addi

446 3300 501 3357 in
542 3302 739 3371 gualdo
789 3302 1042 3370 Liburie;
1093 3316 1292 3360 sanctae
1334 3305 1636 3362 Scolastica:
1686 3307 1735 3360 in
1795 3303 2033 3371 Padule;

446 3396 616 3450 sancti
668 3394 878 3452 Martini
932 3399 983 3452 iu
1014 3398 1239 3470 Cupuli;
1271 3401 1438 3454 sancti
1471 3399 1743 3455 Benedicti
1775 3401 1827 3453 in
1856 3400 2031 3454 Atina.

450 3485 506 3542 l'n
531 3488 786 3542 comitatu
818 3489 1104 3570 Mutinensi
1137 3493 1518 3547 monasterium
1563 3492 1733 3547 sancti
1763 3492 2037 3548 Benedicti

447 3575 503 3630 in
553 3577 732 3644 Adili;
769 3582 1152 3635 monasterium
1182 3583 1349 3639 sancti
1381 3583 1588 3637 Martini
1618 3582 1762 3653 justa
1813 3589 2037 3638 stratam

445 3665 758 3736 Petrosam;
821 3672 1202 3728 monasterium
1271 3675 1439 3729 sancti
1491 3673 1710 3728 Joannis
1773 3671 1824 3727 in
1881 3677 2038 3728 curto

445 3755 857 3826 Frassenetula;
904 3765 1282 3820 monasterium
1327 3767 1500 3820 sancti
1536 3766 1778 3820 Domnini
1807 3765 1859 3819 in
1889 3775 2040 3820 curte

453 3849 684 3918 Argele;
745 3855 1130 3909 monasterium
1161 3857 1326 3910 sancti
1372 3855 1559 3911 Vitalis
1591 3858 1642 3910 in
1672 3865 1821 3910 curte
1845 3853 2038 3910 Calde-

446 3941 619 4004 raria;
663 3947 1040 3998 monasterium
1085 3957 1283 4002 sanctte
1316 3948 1495 4002 Maria:
1541 3946 1592 4002 in
1645 3947 2038 4003 Laurentiatico

343 4103 350 4109 .
445 4043 566 4083 cum
616 4033 862 4089 omnibus
892 4037 1226 4103 pertinentiis
1260 4053 1465 4104 eorum,
1513 4041 1563 4094 in
1620 4041 2040 4109 quibuscumque

449 4122 582 4178 locis
609 4124 818 4194 positis,
851 4142 945 4180 seu
975 4129 1259 4195 casalibus,
1307 4140 1397 4183 aut
1426 4131 1672 4186 fundoris
1701 4141 1803 4185 tam
1833 4132 2039 4186 domui-

452 4223 654 4281 catum,
688 4216 824 4271 villis
854 4233 976 4272 cum
1006 4219 1218 4273 rusticis
1250 4228 1303 4274 et
1324 4221 1550 4286 colonis,
1586 4231 1639 4276 et
1669 4238 1786 4275 cum
1813 4222 2037 4286 colonis,

451 4318 505 4362 et
536 4308 746 4364 lamulis
771 4310 1045 4382 utriusque
1074 4327 1232 4368 sexus
1259 4328 1351 4382 per
1374 4313 1610 4382 singulas
1637 4322 1835 4378 curtes,
1872 4322 1928 4366 et
1948 4327 2042 4382 per

450 4401 660 4471 singula
694 4407 1018 4460 monasteria
1051 4421 1155 4474 que
1184 4405 1429 4477 superius
1476 4408 1739 4476 leguntur,
1791 4422 1890 4461 una
1919 4421 2041 4461 cum

450 4495 634 4564 terris,
691 4495 887 4562 vineis,
915 4499 1101 4566 pratis,
1135 4500 1364 4567 pascuis,
1396 4498 1571 4562 silvis,
1625 4499 2038 4569 pescationibus,

449 4585 861 4652 venationibus,
919 4589 1395 4657 occupationibus,
1451 4591 1688 4654 cultum,
1737 4589 2038 4658 incultum,

453 4675 710 4742 divisum,
771 4687 825 4733 et
881 4677 1163 4734 indivisum
1195 4721 1209 4745 ,
1262 4680 1537 4734 arboribus
1597 4681 1883 4735 fructiferis
1915 4723 1929 4749 ,
1986 4691 2041 4736 et

447 4766 816 4835 intructileris,
866 4778 920 4825 et
973 4772 1248 4842 pomiferis
1295 4773 1490 4828 diversi
1539 4775 1768 4841 generis,
1817 4784 1869 4828 et
1918 4789 2040 4829 cum

449 4860 702 4914 omnibus
728 4875 890 4930 super
912 4877 988 4927 se,
1017 4873 1070 4918 et
1098 4864 1231 4918 infra
1255 4879 1314 4919 se
1346 4864 1665 4920 habentibus
1693 4866 1748 4919 in
1779 4866 2043 4936 integrum

449 4954 504 5009 in
535 4953 723 5009 eodem
754 4956 1076 5010 monasterio
1106 4957 1383 5014 Casiuensi
1430 4958 1795 5017 concessimus
1824 4960 1878 5015 in
1918 4976 2043 5029 per-

448 5057 666 5119 petuum
713 5063 928 5118 semper
953 5051 1278 5107 habendum.
1306 5053 1518 5110 Pariter
1547 5055 1707 5112 etiam
1751 5056 1803 5109 in
1848 5055 2036 5110 eodem

345 5209 366 5223 ‘
450 5138 571 5195 loco
618 5143 963 5197 concedimus
1012 5154 1234 5201 cunctas
1281 5159 1367 5201 res
1421 5161 1526 5217 que
1585 5148 1638 5200 in
1679 5146 1868 5202 eodem
1921 5146 2044 5202 loco

450 5231 629 5286 oblata
655 5243 781 5290 sunt
811 5250 907 5304 per
927 5249 1114 5290 omnes
1157 5235 1306 5306 regni
1337 5238 1504 5292 nostri
1543 5237 1702 5305 ﬁnes,
1746 5251 1842 5292 seu
1869 5245 2046 5308 etque

2136 3314 2292 3372 atque
2343 3302 2649 3357 conﬁrmari
2704 3301 2928 3370 placeat,
2960 3309 3019 3354 ut
3046 3315 3111 3354 ex
3139 3298 3388 3355 omnibus
3447 3297 3610 3353 rebus
3657 3297 3750 3351 vel

2138 3398 2419 3464 mancipiis
2441 3411 2508 3452 ex
2539 3397 2655 3466 ipso
2687 3393 3016 3450 monasterio
3046 3394 3436 3462 pertinentibus
3459 3391 3755 3446 cartalatis

2142 3491 2229 3545 vel
2255 3489 2480 3555 oﬁ‘ertis,
2511 3489 2711 3543 liberos
2742 3497 2902 3557 atque
2934 3499 3118 3540 servos
3157 3485 3245 3538 ubi
3275 3498 3400 3554 pars
3428 3482 3594 3552 ipsius
3625 3496 3754 3535 mo-

2139 3581 2362 3640 nasterii
2394 3579 2660 3652 eligerint,
2693 3586 2853 3647 atque
2907 3575 3330 3630 adclamaverint
3382 3571 3612 3628 ministri
3659 3573 3753 3627 vel

2137 3675 2476 3735 exactoribus
2535 3673 2780 3744 publicus
2839 3685 2936 3741 per
2986 3677 3095 3724 tres
3147 3674 3244 3723 aut
3280 3667 3414 3722 duos
3444 3666 3584 3720 circa
3620 3678 3750 3718 ma-

2141 3781 2329 3826 nentes
2347 3779 2507 3839 atque
2521 3767 2879 3823 consistentes
2901 3761 3384 3818 veracesbomines
3404 3771 3540 3831 quos
3563 3757 3757 3827 ipsius

2140 3860 2452 3920 monasterii
2507 3857 2754 3914 monachi
2804 3854 3239 3920 acclamaverint,
3293 3851 3566 3922 inquisitio
3609 3849 3760 3903 [iant

2141 3957 2372 4028 qualiter
2414 3962 2467 4010 et
2513 3953 2592 4008 rei
2629 3952 2827 4006 veritas
2867 3949 3073 4005 facilius
3105 3946 3469 4014 investigetur,
3516 3950 3569 3998 et
3621 3956 3760 4004 mo:

2142 4047 2298 4104 nacbi
2348 4047 2514 4114 ipsius
2544 4042 2855 4099 monasterii
2899 4055 3050 4096 suam
3072 4039 3288 4094 valeant
3312 4035 3565 4107 justitiam
3609 4048 3762 4090 cnn-

2142 4140 2319 4210 sequi.
2353 4138 2426 4192 Ita
2471 4147 2528 4192 ut
2567 4144 2689 4205 post
2731 4133 2869 4188 facta
2916 4131 3260 4202 inquisitione
3298 4143 3410 4183 rem
3441 4139 3602 4196 quam
3629 4125 3762 4180 ela-

2144 4233 2406 4288 maverint
2455 4229 2695 4302 praedicti
2753 4242 2975 4284 veraces
3034 4225 3276 4280 homines
3321 4224 3432 4293 jam
3483 4221 3763 4290 pradiete

2145 4329 2411 4400 pertinere
2432 4322 2760 4381 monasterio
2780 4323 2940 4379 liceat
2961 4320 3211 4377 monachi
3232 4319 3410 4388 quiete
3437 4314 3759 4386 possidere,

2145 4429 2202 4474 ut
2260 4419 2390 4473 nulli
2442 4418 2599 4473 liceat
2633 4417 2882 4471 monachi
2935 4415 3003 4469 de
3046 4411 3295 4482 praedicta
3330 4407 3668 4464 monasterio
3697 4410 3762 4464 in

2151 4514 2350 4585 palatio
2379 4525 2842 4584 quorumcumque
2871 4510 3047 4564 taliter
3081 4504 3406 4575 respondere
3433 4513 3523 4557 aut
3551 4516 3762 4557 sacra-

2151 4617 2391 4664 mentum
2419 4604 2767 4674 compellere.
2797 4601 2855 4658 Si
2889 4616 3018 4655 vero
3044 4600 3111 4655 de
3131 4598 3300 4653 servis
3321 4605 3412 4650 aut
3431 4593 3650 4648 ancillis
3668 4593 3766 4648 vel

2145 4705 2212 4758 de
2242 4699 2565 4770 quibuslibet
2595 4699 2754 4752 rebus
2781 4696 2934 4750 horta
2961 4694 3114 4747 fuerit
3157 4690 3400 4752 intentio,
3446 4687 3608 4742 liceat
3636 4699 3772 4739 mo-

2146 4795 2301 4851 nachi
2331 4792 2573 4864 ejusdem
2606 4789 2991 4844 monasterium
3017 4785 3163 4851 ipsos
3183 4784 3438 4845 retinere,
3459 4791 3774 4848 quousque

2146 4887 2198 4943 in
2229 4894 2408 4940 nostra
2459 4880 2728 4953 prescntia
2771 4893 2869 4934 seu
2921 4878 2988 4931 de
3017 4874 3266 4929 eumdem
3299 4871 3771 4941 predecessorum

2149 4988 2456 5035 nostrorum
2499 4971 2782 5044 praesentia
2812 4975 3011 5031 vernat,
3044 4976 3098 5022 et
3129 4965 3325 5020 ibidem
3367 4977 3546 5017 coram
3595 4962 3778 5016 nobis

2148 5074 2539 5131 deliberentur.
2598 5065 2934 5134 Quicumque
3002 5061 3140 5114 hanc
3206 5066 3441 5111 nostram
3506 5053 3775 5122 regalem

2150 5167 2408 5221 adversus
2463 5156 2854 5214 institutionem
2894 5153 2973 5207 ire
3028 5148 3426 5218 temptaverint,
3481 5151 3782 5214 avetaque

2151 5269 2311 5324 supra
2335 5259 2630 5310 memorata
2659 5246 2743 5300 vel
2765 5241 3150 5313 comprehensa
3167 5237 3524 5294 suntminime
3557 5235 3784 5292 obser-

2154 5365 2282 5404 vare
2313 5347 2439 5422 quia
2489 5345 2717 5400 fortasse
2764 5341 2965 5394 violare
3016 5345 3108 5390 aut
3152 5333 3486 5402 dirrumpere
3513 5339 3785 5402 tempta—

2152 5444 2351 5508 verint,
2411 5439 2544 5494 sciat
2578 5451 2638 5493 se
2671 5449 2804 5504 pena
2845 5431 3257 5502 persolviturum
3290 5424 3533 5482 abati’bus
3580 5423 3787 5493 ipsius

2149 5532 2501 5596 monasterii,
2550 5539 2604 5586 et
2649 5527 2912 5582 munitate
2954 5534 3135 5577 nostra
3175 5534 3330 5591 quam
3386 5518 3436 5574 in
3493 5516 3785 5573 omnibus

2147 5624 2521 5683 constituimus
2575 5617 2858 5684 ecclesiis,
2904 5615 3111 5669 scilicet
3162 5619 3378 5666 centum
3423 5606 3596 5662 libras
3633 5613 3787 5669 auri

2149 5711 2356 5777 obtinui.
2387 5712 2718 5786 Precipimus
2745 5696 2907 5765 etiam
2939 5708 3265 5775 ubicumque
3311 5707 3561 5773 repertus
3587 5695 3792 5760 fuerit

2151 5834 2215 5876 ex
2246 5815 2404 5872 rebus
2436 5812 2603 5884 ipsius
2634 5806 2946 5868 monasterii
2975 5805 3060 5861 vel
3101 5799 3296 5866 ceteris
3323 5797 3539 5860 illicitas
3585 5804 3791 5876 atque

448 5323 644 5378 amodo
689 5323 744 5382 in
791 5337 947 5383 antea
1004 5327 1408 5399 qualiscumque
1461 5328 1623 5386 homo
1691 5331 1892 5386 donare
1959 5329 2049 5387 vel

450 5415 646 5472 oﬂ'erre
699 5432 765 5474 ex
811 5421 971 5476 rebus
1017 5423 1150 5477 suis.
1185 5421 1313 5478 Item
1341 5423 1408 5477 de
1434 5425 1611 5492 terris,
1640 5427 1799 5489 casis,
1845 5426 2037 5492 vineis,

456 5507 778 5564 molendinis
828 5511 881 5565 in
939 5513 1196 5582 praedicto
1253 5522 1440 5568 sancto
1481 5523 1532 5568 et
1577 5515 1865 5571 venerabili
1921 5515 2042 5572 loco

399 5595 402 5602 ’
459 5601 729 5658 voluerint
757 5603 1026 5660 licentiam
1059 5615 1116 5662 et
1145 5614 1460 5675 potestatem
1493 5606 1722 5663 habeant
1760 5607 1959 5663 donare
1987 5616 2045 5664 et

459 5692 676 5750 oﬁ’erire
723 5709 845 5750 cum
892 5698 1036 5768 quali
1085 5699 1291 5756 ratione
1344 5697 1615 5756 voluerint
1671 5714 1888 5755 suorum
1937 5701 2046 5756 sint

457 5787 725 5849 lice‘utlam
749 5791 867 5851 sine
895 5793 1273 5853 contrarietate
1289 5794 1568 5869 principis,
1595 5793 2041 5866 archiepiscopis,
