4026 6352
457 308 587 361 159υ

1581 278 2202 349 LANGOBARDORUM
2240 283 2485 345 πρωί

3597 279 3736 337 1100

457 420 759 476 Placentina
810 424 895 472 est
936 415 1065 471 urbs
1113 414 1251 485 ignis
1290 409 1542 467 incendio
1593 413 1961 468 concremata,
1992 400 2127 460 etA
2151 403 2509 474 Lupertianus
2556 404 2843 474 episcopus
2886 402 3123 459 dicens:
3159 399 3303 473 quod
3353 399 3737 471 baptisterium

455 527 641 566 omnes
691 508 981 564 munimina
1014 506 1260 561 ecclesia:
1286 513 1477 558 vestrae
1499 542 1513 565 ,
1543 516 1663 569 quae
1693 501 1760 555 ab
1787 507 2039 552 anteces-

457 618 638 658 sorum
664 611 969 655 uostronum
1001 607 1245 667 tempore
1270 610 1407 649 nunc
1430 607 1600 662 usque
1631 588 2039 650 fuerantfactte,

456 694 525 748 ab
554 694 740 747 eodem
775 690 1023 745 inccndio
1068 696 1191 741 sunt
1237 687 1531 739 COlllbllaliB
1556 723 1570 747 ,
1624 696 1721 752 per
1751 678 1942 748 quibus
1973 675 2043 731 ibi

456 786 685 856 singulis
736 786 885 838 fuere
934 782 1093 836 rebus
1137 776 1364 833 collatis.
1430 774 1581 830 Unde
1618 784 1795 827 vestra
1828 770 2045 825 almitas

458 880 751 951 postulavit
798 876 1167 932 excellentiam
1222 882 1499 935 nostram,
1550 878 1607 923 ut
1640 882 1732 935 per
1762 863 2047 921 serenissi—

458 989 602 1027 mutn
664 981 902 1025 nostrum
963 975 1289 1035 praeceptum
1356 964 1535 1017 omnia
1586 960 1844 1031 quidquid
1905 973 2048 1012 nunc

462 1082 629 1135 usque
663 1064 941 1123 habuistis,
976 1060 1329 1129 praescribere
1358 1057 1601 1112 ecclesia:
1624 1067 1817 1110 vestrae
1841 1053 1925 1108 vel
1958 1069 2051 1107 vo-

458 1159 542 1215 bis
568 1158 885 1213 deberemus
910 1155 1146 1218 lirmare,
1178 1161 1307 1219 ctc.,
1341 1162 1393 1207 et
1427 1152 1705 1206 ﬁrmantes
1732 1152 1783 1204 in
1817 1165 1915 1203 vos
1945 1148 2051 1217 pri-

467 1266 611 1304 mum
641 1248 819 1301 omnia
871 1244 1122 1314 quidquid
1168 1244 1235 1298 ab
1278 1244 1510 1312 antiquis
1545 1242 1879 1312 temporibus
1912 1253 2051 1294 nunc

466 1356 633 1410 usque
662 1340 890 1394 ecclesia
922 1338 1036 1407 ipsa
1069 1336 1304 1405 possedit
1328 1337 1378 1389 in
1404 1335 1564 1399 casis,
1605 1335 1825 1406 peculiis
1849 1374 1863 1399 ,
1892 1342 2052 1403 atque

462 1431 677 1487 familiis
709 1431 983 1497 utriusque
1015 1444 1177 1483 sexus
1224 1430 1309 1484 vel
1359 1429 1531 1484 aetatis
1555 1470 1571 1497 ,
1614 1429 1771 1483 simul
1803 1427 1967 1482 etiam
1998 1434 2054 1482 et

462 1522 784 1577 monasteria
814 1562 829 1586 ,
881 1520 931 1574 id
962 1530 1044 1574 est
1078 1520 1372 1575 beatissimi
1406 1522 1457 1575 in
1500 1520 1715 1575 Christo
1748 1518 1972 1587 apostoli
2002 1526 2056 1572 et

463 1616 717 1686 martyris
750 1615 974 1674 'l'ltomae
1002 1624 1163 1683 atque
1199 1613 1319 1684 Syri
1364 1614 1694 1669 confessoris
1726 1627 1890 1682 prope
1919 1610 2051 1665 civi-

461 1718 623 1762 tatem
677 1718 915 1761 nostram
965 1706 1369 1771 Placentinum,
1421 1720 1515 1760 seu
1566 1702 1889 1760 monasteria
1932 1702 2053 1756 Floo

2143 498 2312 553 sancti
2339 496 2563 562 Felicis;
2594 495 2966 564 baptisterium
2997 503 3199 550 sanctae
3226 492 3483 548 Mariaein
3512 492 3731 555 Pacina,

2145 591 2515 661 baptisterium
2544 592 2716 646 sancti
2744 590 2851 646 Viti
2873 590 3028 661 juxta
3059 590 3327 655 Vescona,
3362 587 3736 658 baptisterium
3758 589 3778 623 ³

2145 685 2313 738 sancti
2342 683 2600 749 Joannis;
2647 668 3250 751 baptisterium°sanctte
3280 681 3468 735 matris
3494 678 3739 734 ecclesia

2147 776 2202 831 in
2230 777 2525 842 Sesciano;
2557 776 2937 845 baptisterium
2983 776 3156 831 sancti
3195 774 3425 830 Andreas
3466 759 3741 829 in‘Malce—

2148 883 2248 934 no;
2301 869 2671 939 baptisterium
2717 869 2891 924 sancti
2925 869 3153 924 Andreae
3194 870 3425 923 Asciano
3478 866 3597 938 [AL
3633 868 3739 920 Ae-

2149 961 2365 1035 ciano];
2396 965 2767 1033 baptisterium
2800 973 2999 1020 sanctze
3038 965 3224 1019 matris
3256 962 3517 1018 Ecclesia:
3551 962 3608 1017 in
3641 964 3742 1017 Co-

2151 1072 2317 1121 sona;
2352 1057 2725 1127 baptisterium
2775 1058 2947 1113 sancti
3000 1058 3264 1113 Valentini
3316 1055 3368 1111 in
3412 1054 3600 1111 Urimo
3631 1056 3739 1130 [ΑΙ.

2156 1148 2381 1215 Urcino;
2434 1150 2807 1218 baptisterium
2863 1162 3086 1217 ,sanctze
3142 1150 3331 1206 matris
3384 1149 3633 1205 ecclesia!
3689 1150 3742 1205 in

2154 1244 2387 1299 Castello
2418 1244 2707 1310 Politiano,
2750 1246 3129 1316 baptisterium
3164 1244 3332 1299 sancti
3370 1244 3468 1298 Viti
3503 1244 3558 1297 in
3593 1242 3745 1299 Ruti-

2156 1339 2333 1405 liano;
2366 1338 2743 1407 baptisterium
2773 1340 2943 1395 sancti
2979 1340 3180 1407 Quirici
3212 1340 3263 1393 in
3290 1339 3541 1403 Osenna;
3574 1337 3749 1408 bapti-

2155 1430 2372 1495 sterium
2419 1439 2617 1485 sanctae
2667 1432 2853 1486 matris
2894 1431 3143 1487 ecclesiae
3170 1431 3222 1485 in
3258 1432 3432 1497 Pava;
3483 1430 3752 1499 baptiste-

2158 1522 2293 1576 rium
2319 1532 2519 1577 sanctae
2550 1523 2857 1589 Restitute,
2893 1523 3265 1590 baptisterium
3304 1534 3511 1577 sancta:
3557 1523 3752 1578 matris

2157 1616 2400 1671 ecclesia:
2444 1616 2495 1670 in
2544 1616 2729 1670 Misula
2757 1658 2772 1680 ,
2820 1630 2918 1670 nec
2968 1630 3074 1669 non
3121 1616 3515 1671 monasterium
3568 1615 3751 1672 sancti

2160 1706 2347 1779 Angeli
2378 1708 2429 1762 in
2463 1706 2639 1773 Luco;
2687 1708 3073 1762 monasterium
3102 1707 3273 1762 sancti
3318 1708 3461 1763 Petri
3512 1708 3565 1761 in
3611 1708 3753 1771 Axo,

459 1801 688 1855 rentiola
737 1811 790 1855 et
836 1800 984 1854 Tolla
1006 1840 1020 1863 ,
1065 1808 1225 1867 atque
1268 1798 1564 1864 Graviaco,
1594 1806 1700 1853 etc.
1742 1796 2045 1852 Firmamus
2074 1792 2121 1852 B
2151 1814 2252 1854 una
2284 1815 2403 1855 cum
2446 1800 2697 1854 omnibus
2727 1798 3008 1864 ecclesiis,
3046 1808 3100 1855 et
3124 1800 3462 1870 pertinentiis
3493 1801 3610 1854 suis
3637 1816 3650 1851 :
3686 1797 3754 1853 ad

463 1893 625 1948 etiam
658 1893 809 1947 vobis
835 1936 849 1960 ,
908 1900 963 1943 ut
1012 1905 1200 1945 omnes
1246 1892 1497 1945 mulieres
1528 1890 1645 1945 illas
1684 1889 1900 1955 liberas,
1933 1905 2052 1961 qua:

462 2003 632 2056 usque
686 2004 867 2056 nunc,
922 1989 1047 2043 dum
1099 1988 1279 2042 liberae
1324 1993 1544 2051 essent,
1596 1986 1766 2041 servis
1810 1984 2052 2040 ecclesiae

464 2090 659 2135 vestrae
694 2080 745 2133 itt
777 2082 1123 2135 matrimonio
1158 2078 1491 2133 tradiderunt
1519 2120 1533 2141 ,
1567 2079 1652 2133 vel
1682 2078 1803 2131 ﬁliis
1833 2087 1887 2132 et
1920 2077 2054 2130 ﬁlia-

460 2175 559 2227 lzus
588 2175 679 2243 qui
708 2191 777 2229 ex
826 2178 904 2229 eis
947 2176 1055 2229 nati
1103 2184 1245 2227 sunt.
1292 2173 1362 2225 Ita
1394 2187 1524 2226 sane
1556 2182 1612 2225 ut
1640 2173 1748 2225 sint
1780 2170 2052 2240 proaldio-

460 2282 595 2331 nes,
648 2278 700 2321 et
749 2267 985 2323 ltabeant
1031 2283 1121 2336 per
1172 2276 1331 2335 caput
1361 2265 1727 2334 unusquisque
1778 2262 2053 2317 mundiutn

461 2359 663 2413 solidos
690 2374 872 2428 senos,
899 2360 1035 2413 sicut
1060 2358 1210 2414 vobis
1234 2367 1388 2413 antea
1419 2374 1447 2411 a
1482 2358 1635 2411 bonze
1662 2354 2056 2412 recordationis

466 2448 686 2521 domino
728 2460 781 2503 et
824 2460 975 2517 patre
1024 2458 1209 2503 nostro
1256 2463 1513 2505 concessa
1565 2456 1711 2503 sunt.
1771 2447 2054 2515 Similique

468 2540 629 2593 modo
681 2541 956 2596 firmamus
1007 2542 1159 2597 vobis
1211 2544 1522 2612 pensionem
1558 2541 1701 2595 illam
1732 2540 1800 2597 de
1824 2555 2051 2608 sapone,

469 2637 571 2688 hoc
622 2645 707 2689 est
757 2636 919 2691 libras
970 2653 1074 2691 xxx
1124 2653 1242 2706 quae
1284 2636 1479 2706 palatio
1531 2644 1715 2701 nostro
1747 2652 1813 2689 ex
1840 2635 2055 2690 civitate

467 2724 777 2782 Placentina
826 2728 1213 2794 inferebantur,
1265 2739 1318 2784 et
1354 2731 1421 2783 ab
1464 2729 1695 2798 ipspntet
1733 2737 1924 2798 patruo
1954 2742 2054 2781 no-

462 2828 578 2873 stro
602 2819 667 2873 ad
711 2835 973 2891 pauperes
1020 2821 1303 2875 lavandum
1353 2834 1609 2875 concessa
1636 2828 1781 2874 sunt.
1834 2818 2055 2885 Verum,

464 2911 587 2978 quia
634 2922 687 2965 et
716 2912 1026 2981 suggessisti
1073 2913 1227 2966 nobis
1254 2957 1267 2979 ,
1307 2912 1448 2982 quod
1491 2927 1521 2965 a
1550 2914 1701 2968 bonae
1731 2911 2059 2967 recordatio-

469 3005 552 3059 ris
602 3004 821 3058 domino
874 3014 1060 3058 nostro
1107 3018 1363 3059 concessa
1410 3004 1576 3059 fuisse
1615 3018 1682 3058 ex
1716 3013 1905 3073 portu,
1939 3017 2058 3074 quas

473 3096 669 3149 dicitur
693 3095 976 3161 Codaleto,
1008 3098 1221 3165 quando
1251 3097 1322 3151 ibi
1356 3111 1519 3152 naves
1563 3095 1857 3151 mililorum
1888 3094 2058 3165 appli-

2158 1892 2538 1962 prrenominata
2586 1892 2937 1965 baptisteria,
3007 1910 3038 1948 a
3084 1902 3328 1962 tempore
3376 1893 3754 1947 Romanorum

2158 1988 2544 2057 imperatorum
2574 2002 2791 2055 semper
2819 1988 2975 2043 sedes
2998 1990 3169 2044 sancti
3199 1990 3385 2043 Donati
3408 1988 3556 2057 ipsas
3577 1987 3758 2043 eccle-

2157 2079 2263 2133 sias
2315 2080 2728 2147 prtenominatas
2776 2080 3073 2142 ordinavit;
3146 2090 3199 2135 et
3248 2089 3648 2135 sacramentum
3701 2078 3754 2134 in

2159 2173 2502 2242 presbyteros
2533 2171 2680 2236 fecit,
2712 2183 2766 2227 et
2796 2173 3032 2227 chrisma
3064 2187 3281 2241 semper
3312 2171 3378 2225 de
3404 2170 3596 2225 eadem
3628 2170 3756 2226 sede

2161 2263 2471 2331 petierunt,
2505 2273 2560 2316 et
2609 2263 2948 2333 presbyteros
2977 2304 2992 2329 ,
3044 2264 3132 2333 qui
3178 2262 3340 2317 modo
3372 2271 3676 2331 praesentes
3701 2262 3753 2317 in

2160 2356 2275 2409 istis
2304 2356 2547 2411 ecclesiis
2591 2371 2713 2412 esse
2762 2368 3076 2423 noscuntur,
3129 2368 3500 2414 antecessores
3558 2356 3752 2422 nostri,

2157 2456 2212 2502 et
2258 2463 2357 2502 nos
2401 2448 2597 2503 ibidem
2644 2449 3033 2504 ordinavimus.
3107 2451 3187 2504 Ad
3236 2450 3350 2504 haec
3390 2449 3755 2517 respondebat

2160 2542 2576 2608 praenominatus
2623 2542 2888 2598 Deodatus
2933 2543 3220 2613 episcopus
3264 2540 3527 2599 Senensis
3559 2543 3755 2597 civita-

2160 2633 2226 2687 tis
2253 2650 2267 2698 ;
2299 2634 2440 2702 quod
2470 2634 2709 2689 ecclesia:
2735 2635 2852 2689 ista:
2884 2634 2964 2688 vel
2990 2634 3172 2689 'liocia
3196 2633 3329 2705 [Al.,
3357 2632 3583 2703 Diocia],
3615 2631 3755 2687 unde

2161 2725 2375 2795 agimus
2407 2725 2458 2780 in
2489 2728 2762 2781 territorio
2792 2725 3019 2783 Senensi
3069 2725 3253 2794 posita:
3281 2734 3440 2787 sunt,
3472 2735 3525 2779 et
3554 2724 3623 2778 ad
3655 2723 3754 2779 Se-

2162 2833 2383 2873 nensem
2408 2818 2695 2873 ecclesiam
2719 2818 2917 2874 debent
2951 2818 3240 2887 pertinere,
3280 2814 3402 2885 quia
3427 2815 3554 2869 dum
3600 2815 3755 2869 Lon-

2164 2908 2387 2979 gobardi
2419 2908 2667 2964 Tusciam
2717 2916 3109 2977 occupassent,
3155 2909 3206 2963 in
3249 2907 3492 2964 Senense
3534 2906 3756 2960 civitate

2162 3000 2383 3056 minime
2410 3000 2697 3071 episcopus
2728 3001 2915 3057 fuisset
2944 3002 3219 3057 ordinatus
3257 3020 3269 3055 :
3321 3002 3609 3070 episcopus
3642 3000 3747 3066 ille,

2162 3093 2250 3162 qui
2289 3093 2343 3147 in
2393 3093 2616 3150 Aretino
2649 3105 2773 3150 tunc
2821 3095 3075 3161 temporis
3127 3101 3283 3161 erat,
3337 3092 3597 3149 ecclesias
3630 3093 3753 3146 istas

469 3187 715 3242 caverint
746 3189 811 3243 ad
843 3189 1222 3258 negotiandum
1246 3231 1264 3258 ,
1306 3204 1496 3245 navem
1529 3204 1689 3244 unam
1733 3187 1959 3244 tuleritis
1989 3185 2057 3242 ad
2084 3175 2130 3238 C
2165 3185 2489 3255 possidebat,
2541 3196 2597 3245 et
2623 3188 2808 3255 etiam,
2840 3188 2983 3259 quod
3022 3196 3226 3243 certum
3268 3196 3370 3257 est,
3400 3186 3749 3258 presbyteros

473 3296 628 3335 usum
659 3297 1050 3351 pauperorum;
1100 3297 1199 3337 nos
1246 3296 1374 3335 vero
1404 3281 1558 3351 juxta
1602 3281 1832 3351 qualiter
1869 3279 1963 3335 tibi
1992 3279 2058 3334 ab

473 3374 589 3441 ipso
620 3389 878 3430 concessa
906 3382 1010 3439 est,
1034 3381 1089 3430 et
1119 3388 1287 3444 usque
1318 3390 1459 3428 nunc
1491 3374 1709 3439 tulistis,
1741 3372 1813 3429 ita
1842 3372 1936 3427 tibi
1970 3372 2060 3426 frr-

470 3480 697 3531 mamus,
730 3476 785 3521 ut
812 3466 988 3520 taliter
1017 3466 1172 3521 tollas
1194 3467 1245 3520 itt
1262 3478 1386 3522 ante
1406 3466 1544 3522 sicut
1570 3466 1688 3535 ipso
1704 3465 2056 3534 vivente,etc.

479 3557 554 3609 Ex
591 3557 735 3612 dicto
759 3558 961 3613 domini
992 3561 1157 3630 regis,
1191 3568 1242 3614 et
1270 3575 1334 3614 ex
1367 3558 1564 3614 dictato
1594 3558 1837 3629 magistri
1870 3557 2059 3613 notarii

468 3650 657 3719 scripsi
690 3666 790 3722 ego
827 3652 1091 3708 Andreas.
1133 3654 1271 3708 Acto
1298 3653 1485 3709 Ticino
1528 3654 1581 3709 in
1614 3654 1815 3723 palatio
1843 3653 1944 3709 sub
1972 3652 2060 3708 die

472 3756 504 3792 ιι
532 3740 639 3795 kal.
674 3744 973 3811 Aprilium,
1023 3760 1166 3799 anno
1212 3745 1509 3802 felicissimi
1537 3745 1689 3817 regni
1717 3745 1890 3805 nostri
1917 3758 2060 3802 nono

470 3849 564 3901 per
597 3835 887 3893 indictione
918 3854 992 3892 χιι
1019 3837 1263 3895 feliciter.

1126 3958 1363 4015 XXXIV.

470 4052 494 4078 η
517 4043 852 4116 Privilegium
872 4047 1129 4188 Ambrosii
1146 4051 1563 4191 majogiisﬁglomus
1592 4051 1725 4124 regis
1748 4050 2061 4119 Liutprandt'

1122 4136 1258 4173 anno
1418 4160 1433 4175 .

1122 4136 1258 4173 anno
1282 4136 1309 4175 Ἰ
1322 4136 1433 4175 101.

546 4202 680 4257 Dum
704 4219 756 4259 tn
786 4206 882 4261 Dei
912 4208 1132 4263 nomine
1162 4223 1226 4263 ex
1254 4208 1498 4277 jussione
1532 4212 1753 4281 piissimi
1795 4221 1850 4267 et
1887 4228 1916 4266 a
1946 4213 2060 4268 Deo

476 4299 778 4352 conservati
804 4300 1009 4355 domini
1041 4301 1353 4371 Luitprandi
1381 4304 1521 4373 regis
1548 4304 1781 4359 directus
1814 4303 2055 4359 fuissem.

469 4390 785 4446 Ambrosius
810 4392 1037 4449 illustris
1069 4394 1243 4465 major
1271 4395 1462 4451 domus
1486 4396 1727 4466 partibus
1753 4397 2054 4453 Tusciae....

474 4482 525 4536 in
557 4485 770 4540 civitate
805 4488 1056 4555 Aretina,
1109 4490 1293 4560 ibique
1326 4490 1545 4545 veniens
1588 4491 1653 4545 ad
1685 4504 1783 4545 nos
1815 4490 2059 4546 beatissi-

2160 3280 2453 3347 ordinavit,
2481 3291 2538 3338 et
2558 3282 2917 3337 sacrationem
2948 3282 2998 3335 in
3029 3280 3173 3350 ipsas
3199 3280 3357 3345 fecit,
3402 3279 3497 3334 sed
3528 3293 3629 3347 per
3654 3291 3745 3332 no—

2161 3383 2328 3430 stram
2377 3375 2731 3444 petitionem;
2778 3390 2843 3431 eo
2892 3374 3031 3442 quod
3081 3374 3225 3430 Sena
3264 3373 3487 3428 minime
3529 3372 3753 3427 haberet

2162 3465 2513 3535 episcopum;
2560 3474 2614 3521 et
2662 3476 2943 3535 postquam
2983 3464 3317 3535 Langobardi
3347 3464 3399 3518 in
3430 3462 3639 3517 Italiam
3672 3462 3753 3515 in-

2161 3558 2331 3627 gressi
2361 3566 2519 3624 sunt,
2562 3558 2792 3627 primum
2822 3558 3035 3627 quidem
3074 3567 3316 3627 tempore
3346 3555 3554 3609 Rotarii
3588 3554 3753 3622 regis,

2163 3649 2446 3705 ordinatus
2494 3658 2580 3705 est
2619 3650 2671 3705 in
2717 3650 2935 3706 civitate
2957 3650 3183 3706 Senensi
3213 3650 3501 3720 episcopus
3533 3647 3755 3701 nomine

2163 3743 2405 3807 Maurus,
2431 3754 2487 3798 et
2520 3744 2565 3798 si
2596 3759 2691 3813 per
2720 3753 2954 3799 vestram
2985 3744 3295 3813 petitionem
3326 3741 3470 3808 ipsas
3498 3739 3759 3796 ecclesias

2163 3835 2469 3890 ordinasset
2494 3876 2509 3903 ,
2561 3834 2645 3889 cui
2677 3848 2770 3889 eas
2812 3835 2969 3889 nobis
3016 3834 3083 3889 ab
3113 3834 3228 3902 ipso
3270 3831 3548 3901 episcOpo,
3582 3829 3666 3885 vel
3693 3830 3760 3883 ab

2163 3928 2281 3999 ejus
2308 3928 2543 3999 posteris
2572 3928 2818 3983 dimissa:
2845 3937 3005 3993 sunt,
3037 3927 3173 3983 sicut
3198 3939 3291 3981 eas
3327 3934 3480 3980 antea
3517 3932 3761 3994 tempore

2169 4021 2542 4078 Romanorum
2577 4022 2919 4091 possedimus
2945 4022 3083 4076 sicut
3112 4017 3592 4089 Langobardorum
3626 4025 3763 4072 tem-

2164 4129 2319 4184 pore,
2348 4116 2468 4171 sine
2496 4115 2674 4183 aliqua
2720 4113 2940 4183 querela
2970 4127 3000 4167 a
3032 4112 3156 4183 jure
3186 4111 3356 4168 sancti
3388 4110 3604 4175 Donati,
3632 4123 3759 4179 per-

2166 4208 2442 4264 tinuerunt
2483 4223 2720 4277 semper,
2775 4216 2830 4263 et
2856 4214 2917 4261 ut
2950 4206 3275 4276 completum
3315 4219 3614 4275 cognoscas
3641 4216 3761 4259 esse

2164 4302 2585 4372 manuscriptum
2621 4301 3057 4372 presbyterorum
3081 4342 3097 4367 ,
3147 4300 3236 4371 qui
3276 4300 3520 4356 fecerunt
3559 4300 3627 4354 ad
3671 4313 3759 4354 se-

2163 4393 2285 4449 dem
2315 4393 2485 4447 sancti
2529 4393 2721 4448 Donati
2750 4433 2766 4460 ,
2810 4392 3025 4462 quando
3070 4392 3122 4446 in
3156 4390 3359 4447 honore
3386 4407 3511 4457 suo,
3545 4406 3575 4444 a
3605 4388 3758 4445 nobis

2164 4486 2396 4541 ordinati
2427 4494 2573 4549 sunt,
2626 4492 2682 4539 et
2710 4524 2724 4538 .
2752 4522 2769 4539 .
2794 4522 2809 4538 .
2836 4523 2850 4538 .
2884 4524 2900 4549 ,
2950 4484 3275 4538 sacramenti
3306 4482 3394 4536 ubi
3432 4477 3758 4550 iuraverunt

468 4590 584 4629 mus
626 4577 709 4631 vir
754 4577 1111 4649 Lupertianus
1140 4582 1425 4652 episcopus
1473 4580 1633 4650 hujus
1667 4585 1902 4639 Aretinae
1926 4585 2059 4640 civi-
2092 4580 2145 4641 D
2169 4581 2236 4635 ad
2264 4581 2574 4649 praedictam
2608 4578 2814 4643 sedem,
2845 4576 3138 4632 secundum
3168 4574 3399 4643 qualiter
3424 4572 3762 4630 consuetudo

470 4670 594 4722 tatis
638 4671 923 4739 ecclesiae,
982 4677 1247 4743 suggessit
1298 4677 1476 4742 nobis,
1540 4692 1607 4731 eo
1660 4679 1800 4747 quod
1857 4680 2058 4733 multas

472 4758 754 4815 violentias
805 4765 1126 4819 sustinuerit
1170 4769 1237 4820 ab
1286 4767 1542 4836 episcopo
1587 4767 1811 4824 Senensi
1843 4769 2059 4824 nomine

472 4851 710 4908 Deodato
761 4856 827 4910 de
876 4856 1140 4923 ecclesiis,
1172 4860 1254 4914 vel
1298 4860 1542 4929 plebibus
1566 4902 1579 4926 ,
1608 4876 1741 4930 quas
1762 4877 1790 4916 a
1820 4870 2060 4929 tempore

468 4942 832 5001 Romanorum
883 4948 1041 5004 sedes
1101 4953 1271 5006 sancti
1320 4953 1509 5007 Donati
1556 4954 1886 5022 possidebat.
1948 4953 2060 5008 Hoc

468 5036 652 5093 audito
683 5040 907 5095 fecimus
954 5047 1378 5114 suprascriptum
1430 5045 1764 5102 Adeodatum
1799 5061 1900 5099 una
1934 5058 2054 5100 curn

470 5128 725 5199 Taiperto
765 5135 1026 5189 caStaldio
1058 5138 1311 5193 Senensis
1341 5138 1636 5193 civilatis..
1656 5178 1669 5192 .
1691 5176 1704 5192 .
1736 5140 1787 5192 in
1820 5148 2059 5192 nostram

470 5222 655 5276 venire
692 5226 1068 5294 praesentiam;
1112 5240 1409 5298 quatenus,
1439 5246 1560 5284 cum
1608 5229 1719 5300 jam
1751 5230 1924 5284 dictus
1958 5229 2064 5284 Lu-

470 5315 748 5381 pertianus
799 5320 1086 5390 episcopus
1127 5324 1361 5377 Aretinae
1391 5324 1655 5389 civitatis,
1689 5326 1756 5379 de
1786 5325 2058 5395 pradictis

472 5407 719 5463 ecclesiis
749 5426 967 5467 causam
998 5415 1178 5470 dicere
1204 5415 1427 5469 deberet
1455 5434 1467 5467 :
1508 5417 1600 5470 sed
1633 5432 1753 5471 cunt
1783 5432 1841 5472 se
1881 5417 2056 5471 ambae

470 5512 653 5567 partes
683 5503 734 5557 in
782 5510 986 5562 nostris
1027 5510 1424 5577 conjunxcrunt
1474 5512 1772 5579 praesentiis
1812 5510 1863 5563 in
1907 5520 2058 5566 curte

472 5590 610 5663 ML,
657 5595 826 5668 curia]
876 5598 1083 5654 Domini
1129 5603 1305 5671 regis,
1352 5602 1402 5657 in
1463 5603 1580 5657 loco
1624 5604 1712 5671 qui
1763 5602 1954 5655 dicitur
1992 5604 2056 5656 ad

473 5698 715 5743 sanctum
762 5689 1078 5758 lllartinum;
1127 5696 1440 5752 asserebat.
1470 5736 1485 5751 .
1517 5732 1533 5749 .
1561 5736 1578 5752 .
1644 5697 2058 5763 praenominatus

548 5812 575 5845 ι
613 5802 724 5863 iloe
750 5808 1081 5883 privilegium
1111 5822 1167 5872 et
1203 5813 1485 5888 sequentia
1519 5827 1586 5872 ex
1615 5810 1779 5867 Italia
1811 5827 1963 5869 sacra
1994 5813 2061 5871 ab
2104 5811 2354 5884 Ugltellio
2382 5819 2509 5870 sunt
2532 5818 2811 5899 excerpta.
2966 5820 2973 5835 ‘
3043 5824 3049 5837 '
3116 5864 3119 5867 λ
3226 5821 3256 5837 τ’
3288 5827 3297 5836 ·
3348 5830 3355 5835 τ
3476 5821 3490 5831 ⁸
3526 5814 3537 5829 ⁸

2169 4681 2272 4728 est.
2316 4672 2467 4726 Nunc
2510 4684 2608 4724 nos
2657 4669 2747 4739 qui
2795 4684 2960 4738 supra
2990 4668 3329 4733 Ambrosius,
3362 4665 3539 4736 major
3569 4667 3761 4719 domus

2167 4766 2411 4828 illustris,
2442 4764 2566 4819 dum
2599 4762 2664 4817 ad
2706 4772 2975 4818 tantorum
3018 4776 3282 4817 annorum
3323 4760 3592 4816 curricula
3623 4774 3763 4829 pos-

2167 4864 2465 4918 sessionem
2510 4862 2687 4917 sancti
2748 4860 2936 4914 Donati
2982 4859 3033 4913 in
3084 4856 3356 4927 praedictis
3404 4852 3761 4924 baptisterlis,

2169 4958 2251 5013 vel
2283 4957 2480 5012 Tiociis
2501 4954 2637 5029 [At.,
2666 4952 2882 5025 Doceis]
2914 4967 3036 5007 esse
3062 4951 3526 5021 cognovissemus,
3554 4946 3759 5016 justum

2169 5051 2323 5106 nobis
2357 5050 2565 5118 paruit,
2606 5056 2663 5102 ut
2691 5048 2949 5117 qualiter,
2991 5061 3095 5116 quo
3119 5055 3382 5112 tempore,
3412 5057 3521 5112 quo
3549 5041 3763 5110 Longo-

2169 5143 2323 5200 bardi
2356 5142 2561 5197 Italiam
2592 5139 2822 5209 ingressi
2850 5147 2976 5193 sunt
3000 5176 3015 5202 ,
3062 5152 3232 5207 usque
3261 5136 3313 5191 in
3344 5135 3596 5207 praesenti
3630 5142 3762 5188 tem-

2171 5252 2318 5307 pore,
2354 5236 2510 5291 sedes
2539 5232 2709 5289 sancti
2742 5232 2931 5285 Donati
2965 5232 3165 5298 saepius
3210 5228 3467 5298 repetitas
3501 5223 3761 5280 ecclesias

2169 5326 2446 5398 possedit;
2493 5324 2674 5390 modo,
2720 5334 2775 5379 et
2822 5322 3080 5392 deinceps
3120 5322 3239 5375 sine
3268 5320 3440 5389 aliqua
3470 5317 3759 5383 taxatione,

2166 5435 2260 5476 eas
2292 5420 2449 5475 liceat
2476 5417 2736 5474 canonico
2782 5415 2972 5469 ordine
3024 5413 3281 5478 iudicare,
3316 5420 3369 5467 et
3399 5411 3679 5479 ordinare,
3709 5414 3766 5467 et

2173 5513 2364 5570 nullam
2414 5500 2723 5565 facundiam
2769 5506 2902 5580 [Al.,
2961 5502 3299 5576 facultatem]
3334 5502 3550 5571 habeat,
3591 5514 3765 5573 neque

2171 5605 2478 5661 Adeodatus
2527 5604 2814 5671 episcopus
2848 5596 3143 5667 Senensis,
3176 5612 3277 5653 nec
3320 5596 3517 5668 posteri
3546 5608 3762 5651 succes-

2171 5713 2318 5750 sores
2375 5696 2526 5763 ejus,
2581 5702 2775 5747 contra
2832 5690 3263 5762 Lupertianum,
3320 5697 3374 5744 et
3420 5695 3763 5744 successores

3664 5874 3729 5921 "n1:
