4026 6352
260 311 396 369 MD!

1350 318 1746 377 DlPLOMA'l'A
1787 313 2076 375 ECCLES.
2120 318 2458 381 SELECTA.

3391 319 3538 384 1402

254 429 374 483 eius
402 466 417 480 .
449 464 464 479 .
489 465 507 482 .
534 465 548 480 .
591 425 862 496 loquendi,
889 429 972 485 vel
995 431 1289 488 causandi:
1325 434 1417 489 sed
1447 434 1500 488 in
1529 434 1675 488 omni
1707 445 1844 490 tem-
1870 432 1926 490 Δ
1950 429 2074 490 745.
2135 434 2248 505 Ego
2306 434 2663 504 Luitprandus
2706 451 2801 492 rex
2859 439 3012 508 regni
3036 480 3054 506 ,
3099 440 3236 498 etin
3278 439 3534 496 omnibus

257 536 390 590 pore
419 520 473 574 in
495 519 683 574 eadem
717 519 1106 578 deliberatione
1132 564 1148 590 ,
1197 525 1368 579 ambae
1417 537 1594 593 partes
1615 526 1850 582 debeam

255 627 596 683 permanere.

330 703 486 761 Unde
519 703 655 759 banc
694 706 938 760 notitiam
983 723 1079 776 pro
1119 717 1375 778 perpetua
1415 711 1666 768 firmitate
1709 711 1848 783 Sigi-

255 795 467 851 fredum
515 797 778 852 notarium
835 799 974 867 regis
1018 802 1255 858 scribere
1277 803 1672 870 admonuimus,
1705 805 1847 862 facta

253 889 442 944 notitia
504 906 688 947 mense
743 893 1011 970 Augusti,
1067 906 1328 964 regnante
1383 898 1845 956 excellentissimo

253 984 455 1039 domno
483 985 811 1056 Luitprando
843 1004 968 1058 rege
997 1006 1138 1044 anno
1169 1007 1249 1058 ιιι,
1279 992 1571 1048 indictione
1600 992 1658 1048 2.

325 1079 519 1135 Actum
551 1081 606 1136 in
632 1091 782 1138 curte
812 1082 1015 1142 d.0mini
1048 1087 1189 1154 regis
1220 1087 1276 1142 in
1307 1088 1522 1144 civitate
1549 1088 1727 1145 Senis.

935 1198 1151 1254 XXXV.
1227 1232 1234 1239 -

252 1283 586 1354 Con/irmatio
615 1287 1190 1434 Antbrost't'(donati;i|n§;
1243 1311 1275 1347 α
1321 1311 1438 1365 rege
1483 1294 1836 1366 Liutprando.

900 1380 1035 1417 anno
1197 1405 1212 1419 .

900 1380 1035 1417 anno
1064 1380 1212 1419 ’1ιῦ).

323 1450 540 1507 Flavius
568 1452 934 1524 Luitprandus
976 1461 1342 1526 perexcellens
1387 1478 1479 1516 rex
1523 1463 1638 1517 viro
1677 1479 1843 1519 vene-

250 1542 407 1596 rabili
437 1546 573 1612 patri
607 1555 796 1602 nostro
828 1549 1155 1616 Lupertiano
1185 1553 1460 1622 episcopo.
1504 1555 1754 1610 Obtulisti
1785 1556 1837 1611 in

251 1637 539 1704 praesentia
574 1639 720 1708 regni
756 1642 928 1696 nostri
970 1642 1261 1711 judicatum
1297 1645 1517 1700 illustris
1566 1647 1834 1715 majordos

251 1730 322 1783 mi
355 1733 524 1785 nostri
559 1734 828 1790 Ambrosii
856 1777 870 1800 ,
925 1737 974 1790 in
1023 1753 1130 1808 quo
1169 1740 1566 1806 continebatur,
1598 1756 1664 1796 eo
1692 1740 1834 1811 quod

1953 527 2264 595 apostolicae
2293 528 2461 596 sedis,
2493 538 2546 583 et
2575 537 2774 584 sancta:
2799 529 3056 586 Ecclesiae
3084 531 3357 598 defensor,
3381 531 3452 587 do
3479 539 3537 588 et

1951 621 2188 676 concedo
2219 636 2313 690 per
2356 623 2493 677 hanc
2542 633 2782 678 nostram
2830 625 3254 681 conﬁrmationis
3299 626 3533 682 tabulam

1952 711 2110 767 beato
2143 713 2336 768 Evasio
2356 755 2372 781 ,
2419 723 2475 770 et
2522 716 2928 772 successoribus
2958 717 3071 772 suis
3113 717 3167 772 in
3195 728 3532 788 perpetuum,

1951 804 2209 874 quidquid
2237 804 2409 862 habeo
2433 808 2596 862 modo
2621 807 2673 862 in
2698 822 2819 862 meo
2845 808 3085 862 dominio
3111 807 3163 863 in
3193 809 3293 864 hac
3318 809 3536 865 civitate

1951 895 2163 953 Sedulze
2190 939 2206 963 ,
2254 900 2392 954 sicut
2425 914 2455 953 a
2487 901 2972 970 prmdecessoribus
3005 902 3140 958 meis
3182 916 3352 970 usque
3393 914 3535 958 nunc

1950 992 2002 1044 in
2031 1006 2148 1046 mea
2179 1000 2440 1060 potestate
2473 1004 2630 1050 teneo
2655 1033 2674 1061 ,
2723 995 2995 1052 civitatem
3027 1009 3148 1050 cum
3192 995 3330 1049 vicis
3352 993 3534 1048 omni.

1949 1081 2049 1136 bus
2075 1129 2088 1150 ,
2124 1091 2181 1138 et
2229 1085 2516 1140 territoriis
2556 1084 2674 1154 ejus
2716 1086 2984 1141 montanis
3008 1126 3026 1152 ,
3071 1096 3128 1142 et
3158 1085 3407 1141 litoribus
3428 1124 3446 1152 ,
3477 1094 3534 1138 et

1951 1179 2190 1246 portibus
2211 1221 2226 1246 ,
2261 1179 2330 1234 ita
2365 1180 2541 1236 tribuo
2563 1189 2754 1236 sancto
2781 1180 2980 1235 Evasio
3007 1194 3129 1236 cum
3171 1179 3386 1235 cunctis
3434 1176 3534 1232 hov-

1948 1273 2206 1328 minibus.
2247 1275 2349 1340 Qui
2395 1275 2498 1330 hoc
2547 1275 2842 1345 infringere
2891 1274 3208 1340 tentaverit,
3249 1274 3364 1328 sive
3401 1271 3530 1337 dux,

1948 1366 2066 1420 sive
2097 1367 2360 1432 marcbio,
2389 1369 2502 1424 sive
2531 1369 2632 1423 alia
2659 1378 2924 1437 potestas,
2949 1368 3083 1424 sciat
3109 1381 3168 1422 se
3204 1364 3532 1435 compositu.

1949 1474 2067 1512 rum
2092 1470 2308 1514 centum
2335 1462 2721 1531 quinquaginta
2743 1461 3000 1516 librarum
3027 1460 3165 1525 auri,
3187 1458 3527 1512 medietatem

1946 1564 2200 1617 camera},
2225 1559 2278 1606 et
2301 1552 2644 1608 medietatem
2676 1553 2919 1608 ecclesia:
2950 1552 3204 1621 praefatae.
3233 1549 3343 1619 Ego
3366 1548 3532 1604 Joan-

1946 1657 2064 1705 nes,
2095 1641 2259 1710 judex
2289 1645 2428 1699 sacri
2460 1645 2683 1714 palatii,
2725 1646 2917 1715 scripsi
2959 1645 3191 1699 tabulam
3223 1641 3526 1711 plumbeam

1947 1732 1998 1785 in
2027 1733 2414 1791 testimonium.
2476 1735 2757 1791 Amantius
2801 1738 2870 1792 de
2908 1734 3196 1792 Valdebrat
3222 1745 3442 1807 comes,
3475 1737 3532 1787 et

247 1832 433 1884 causa,
468 1837 586 1892 quae
617 1826 926 1881 vertebatur
956 1804 1092 1883 inter
1129 1841 1180 1885 te
1215 1818 1268 1885 et
1300 1804 1598 1887 Deodatuin
1627 1804 1834 1898 episco-
1869 1804 1920 1867 Β
1948 1826 2280 1883 Flondonius
2306 1829 2472 1899 episc.
2501 1838 2685 1885 testes.

251 1925 376 1980 pum
405 1913 635 1968 civitatis
677 1915 968 1984 Senensis,
1001 1918 1066 1973 de
1109 1921 1354 1975 ecclesiis
1400 1932 1706 1976 sanctorum
1743 1923 1836 1978 Dei

250 2018 301 2057 .n
335 2004 527 2072 quibus
553 2005 812 2074 baptisma
843 2010 1170 2066 consuetudo
1193 2021 1275 2068 est
1300 2013 1548 2082 faciendi,
1570 2017 1837 2084 audierat,

249 2093 317 2149 de
347 2111 451 2166 qua
480 2101 758 2166 respirasti
799 2101 866 2155 ad
906 2112 1144 2157 nostram
1189 2107 1572 2172 praeexcelsam
1608 2119 1841 2177 potesta-

251 2197 382 2256 tem,
415 2205 508 2260 per
527 2193 721 2249 Aldiun
753 2194 885 2267 [Al.,
917 2197 1192 2270 Aloinum]
1236 2201 1448 2256 fidelem
1481 2212 1752 2271 nostrum,
1783 2214 1840 2260 ut

249 2278 425 2347 ipsum
451 2282 746 2351 jndicatum
800 2288 1028 2362 qualiter
1073 2306 1103 2344 a
1153 2294 1520 2362 suprascripto
1550 2295 1835 2351 Ambrosio

256 2371 464 2428 finitum
497 2384 615 2442 est,
665 2393 758 2445 per
797 2361 1035 2436 nostrum
1077 2393 1402 2452 praeceptum
1433 2387 1646 2442 firmare
1672 2387 1838 2443 debe-

252 2479 458 2520 remus.
500 2467 609 2524 Nos
637 2471 846 2540 quidem
877 2472 1043 2542 ipsius
1071 2475 1353 2532 audientes
1379 2516 1391 2530 .
1421 2518 1434 2531 .
1469 2518 1483 2533 .
1513 2515 1530 2532 .
1562 2490 1612 2534 et
1641 2494 1841 2550 Cogno-

249 2569 463 2612 scentes
491 2576 582 2628 per
611 2563 783 2630 ipsum
818 2564 1110 2633 judicatum
1135 2610 1149 2632 ,
1181 2583 1274 2623 seu
1307 2576 1361 2624 et
1388 2585 1482 2638 per
1527 2571 1836 2639 Taipertun

251 2653 604 2721 castaldium;
636 2658 758 2724 quia
789 2667 875 2713 tua
901 2659 1011 2729 jam
1043 2662 1200 2716 dictze
1225 2664 1466 2720 ecclesia:
1497 2666 1835 2735 Lupertiana

253 2743 410 2813 longa
435 2757 518 2800 est
543 2752 845 2818 possessio;
875 2767 1090 2823 prepter
1111 2758 1414 2812 mercedem
1433 2761 1624 2814 animae
1642 2773 1838 2817 nostra:

257 2859 497 2912 prtesens
527 2848 794 2904 firmitatis
821 2859 1018 2906 nostrae
1042 2866 1366 2924 praeceptum
1394 2867 1498 2913 tum
1523 2859 1835 2916 beatitudini

251 2936 425 2989 emitti
461 2941 848 3010 praecepimus;
897 2942 968 2996 ita
1004 2954 1061 2998 ut
1090 2946 1320 3002 admodo
1348 2965 1443 3004 eas
1475 2951 1640 3007 dictas
1664 2953 1838 3009 eccle-

247 3028 354 3081 sias
375 3068 390 3092 ,
417 3044 534 3097 quae
566 3032 618 3085 in
661 3032 898 3100 iudicatu
934 3036 1202 3106 leguntur,
1248 3040 1511 3098 universae
1547 3044 1598 3098 in
1625 3053 1712 3100 tua
1739 3061 1837 3116 po-

249 3128 466 3188 testate,
495 3124 855 3196 ordinatione,
887 3139 1044 3198 atque
1072 3130 1436 3189 dominatione
1465 3148 1810 3205 permaneant

246 3215 390 3270 sicut
430 3232 460 3271 a
510 3217 671 3289 longe
720 3231 958 3288 tempore
1007 3239 1176 3293 usque
1222 3226 1481 3285 hactenus
1521 3247 1832 3298 permanse-

252 3317 417 3362 runt.
445 3345 460 3362 .
485 3349 499 3364 .
528 3349 542 3363 .
574 3313 652 3365 Ad
686 3321 740 3368 te
768 3316 850 3370 vel
885 3325 1006 3371 tuos
1035 3332 1377 3376 successores
1414 3324 1604 3378 futuris
1635 3335 1834 3394 tempo-

247 3400 397 3457 ribus
441 3417 852 3477 conscrventur,
906 3419 960 3464 et
1008 3412 1260 3468 custodes
1301 3414 1354 3467 in
1399 3431 1491 3470 eas
1517 3417 1834 3474 ordinentur

249 3509 347 3551 seu
380 3505 434 3550 et
463 3499 786 3569 presbyteri,
819 3503 900 3557 vel
933 3506 1109 3560 omnis
1137 3507 1406 3562 ordinatio
1430 3524 1458 3562 a
1493 3510 1642 3564 vobis
1673 3527 1834 3568 cano-

251 3593 375 3647 nice
401 3603 455 3648 et
481 3595 799 3663 regulariter
829 3599 952 3665 fiat,
1001 3610 1160 3671 atque
1193 3603 1560 3670 baptisterium
1581 3650 1594 3675 ,
1629 3617 1682 3660 et
1713 3607 1832 3661 nul-

244 3685 350 3738 lam
387 3685 684 3741 facundiam
711 3687 819 3758 jam
848 3691 1024 3746 dictus
1051 3693 1361 3749 Adeodatus
1392 3699 1677 3767 episcopus
1704 3714 1835 3753 con-

245 3785 324 3831 tra
363 3789 414 3832 te
437 3778 520 3834 vel
552 3789 670 3836 tuos
697 3795 1039 3840 successores
1073 3786 1285 3855 habeat,
1313 3789 1524 3858 aliquod
1551 3792 1616 3845 de
1638 3804 1830 3858 supra-

245 3871 466 3937 scriptis
490 3872 732 3927 ecclesiis
757 3873 1010 3944 loquendi
1039 3895 1053 3932 :
1087 3879 1178 3931 sed
1210 3895 1308 3934 nec
1334 3879 1400 3935 de
1429 3884 1833 3939 consecratione

244 3974 458 4026 earum,
483 3971 574 4016 aut
608 3965 1063 4036 presbyterorum,
1097 3979 1186 4023 aut
1216 3973 1659 4043 qualemcumque
1689 3975 1832 4030 ordi-

244 4052 518 4108 nationem
544 4095 560 4121 ,
589 4065 680 4108 aut
709 4058 1111 4126 dispositionem
1141 4078 1153 4114 :
1187 4063 1281 4117 sed
1316 4074 1373 4117 ut
1413 4080 1573 4131 supra
1625 4069 1829 4134 praefati

243 4158 428 4200 sumus
455 4161 552 4215 per
580 4158 721 4204 tuam
763 4151 1064 4206 instantiam
1090 4193 1104 4219 ,
1137 4163 1297 4224 atque
1329 4171 1426 4226 per
1454 4173 1828 4215 successorum

247 4239 518 4306 pmdicta:
545 4243 787 4297 ecclesiae
811 4246 1146 4315 ordinentur,
1179 4259 1340 4318 atque
1360 4290 1374 4304 .
1400 4292 1414 4307 .
1441 4291 1456 4306 .
1489 4253 1624 4308 sicut
1658 4263 1833 4311 textus

241 4331 467 4400 judicati
495 4336 737 4390 noscitur
763 4339 1064 4405 contineri;
1098 4341 1179 4395 vel
1205 4356 1233 4395 a
1263 4345 1573 4412 supradicto
1599 4347 1830 4403 Ambro-

244 4423 328 4477 sio
382 4422 679 4480 deffinitum
735 4439 898 4498 atque
947 4433 1208 4486 sancitum
1267 4444 1368 4490 est.
1447 4437 1720 4504 Quatenus
1765 4439 1833 4495 ab

1815 3181 1831 3207 ’
1864 3174 1909 3239 C

2605 1917 2868 1974 XXXVII.

2014 2006 2242 2064 Donatio
2268 2009 2500 2078 Speciosi
2526 2012 2751 2079 episcopi
2779 2009 3073 2065 Florentini
3114 2009 3276 2082 (anno
3303 2006 3454 2078 724).

2012 2101 2068 2157 In
2101 2105 2314 2160 nomine
2340 2103 2547 2159 Domini
2582 2114 2636 2160 et
2683 2104 2973 2160 Salvatoris
3000 2105 3169 2160 nostri
3215 2103 3342 2159 Jesu
3367 2099 3530 2158 Chri-

1940 2195 2035 2260 sti,
2088 2206 2342 2266 regnante
2373 2197 2634 2266 piissimo,
2691 2207 2851 2268 atque
2882 2205 3142 2267 perpetuo
3169 2210 3200 2251 a
3259 2196 3368 2250 Deo
3396 2208 3529 2251 con-

1941 2289 2210 2344 servando
2255 2288 2472 2344 domino
2535 2289 2865 2360 Luitprando
2919 2289 3372 2346 eccellentissimo
3402 2302 3529 2360 rege

1941 2383 2115 2451 gentis
2165 2381 2666 2453 Lungubardorum,
2699 2397 2841 2438 anno
2869 2383 3178 2438 felicissimo
3226 2383 3378 2451 regni
3409 2382 3527 2451 ejus

1941 2475 2282 2542 duodecimo,
2306 2476 2597 2532 indictione
2622 2477 2849 2546 septima
2867 2476 3109 2532 feliciter.
3139 2475 3203 2530 Et
3232 2475 3354 2530 ideo
3376 2475 3531 2530 Chri-

1942 2576 2029 2622 sto
2051 2568 2276 2623 ductore
2301 2583 2400 2637 ego
2425 2569 2718 2636 Speciosus
2745 2571 3031 2640 episcOpus
3062 2569 3219 2624 nimis
3253 2577 3528 2638 peccator,

1939 2667 1992 2712 et
2021 2657 2268 2726 indignus
2301 2673 2394 2726 per
2417 2669 2740 2726 praesentem
2771 2661 3026 2727 salutem,
3058 2669 3115 2714 et
3141 2671 3421 2724 aeternam,
3450 2661 3530 2714 sic

1943 2751 2065 2805 volo
2093 2762 2251 2820 atque
2300 2749 2549 2820 dispono,
2607 2753 2837 2821 qualiter
2879 2753 3102 2806 Domino
3145 2752 3432 2807 adiuvante
3458 2752 3526 2806 de

1939 2855 2113 2911 curte,
2143 2856 2197 2900 et
2236 2848 2394 2901 rebus
2427 2849 2477 2902 in
2501 2848 2600 2913 eis,
2634 2864 2754 2917 qua:
2799 2857 2925 2904 sunt
2976 2849 3163 2919 posita
3194 2848 3246 2903 in
3273 2849 3391 2903 loco
3413 2847 3519 2902 flu-

1943 2940 2030 2994 vio
2059 2941 2255 3008 Greve,
2287 2942 2374 2996 ubi
2395 2944 2554 2996 etiam
2584 2943 2818 2998 Cintoria
2846 2945 3174 3013 nominatur,
3194 2944 3330 3000 infra
3348 2944 3525 3014 plebe,

1938 3043 1990 3089 et
2018 3037 2287 3104 episcopio
2318 3035 2456 3092 beati
2508 3036 2727 3092 Joannis
2777 3036 3045 3107 Baptistm,
3108 3038 3188 3094 vel
3239 3034 3521 3104 Reparake

1941 3130 2215 3200 martyris,
2249 3128 2392 3186 unde
2424 3145 2524 3200 ego
2577 3131 2863 3200 episcopus
2895 3146 3014 3188 esse
3033 3130 3241 3197 videor,
3269 3145 3362 3186 seu
3393 3129 3527 3186 infra

1943 3221 2098 3290 plebe
2129 3263 2143 3286 ,
2173 3231 2229 3277 et
2277 3223 2549 3277 territorio
2599 3225 2772 3279 sancti
2820 3223 3041 3292 Juliani,
3070 3224 3214 3280 dicto
3267 3223 3522 3293 septimo,

1935 3313 2025 3382 qui
2059 3313 2272 3368 fuerunt
2300 3314 2559 3384 genitoris
2586 3323 2640 3371 et
2665 3316 2945 3386 genitricis
2995 3331 3153 3385 mete,
3183 3315 3384 3372 exinde
3405 3313 3522 3372 fieri

1935 3402 2153 3458 debeat.

2007 3494 2132 3549 ldeo
2155 3497 2440 3564 confirmo,
2462 3503 2517 3552 et
2535 3505 2734 3565 statuo,
2763 3506 2922 3566 atque
2959 3497 3266 3555 otl‘ersionis
3302 3499 3520 3555 nomine

1935 3586 2126 3656 offero,
2159 3597 2212 3643 et
2260 3590 2413 3645 trado
2459 3597 2563 3644 tam
2593 3591 2957 3660 supradictam
3009 3602 3237 3658 curtem,
3267 3606 3426 3661 quam
3464 3600 3523 3647 et

1935 3696 2056 3736 cum
2088 3681 2338 3738 omnibus
2382 3682 2543 3738 rebus
2574 3685 2640 3738 ad
2674 3683 2844 3754 ipsam
2896 3683 3377 3754 pertinentibus....
3423 3697 3521 3737 an-

1936 3773 2247 3844 garialibus,
2284 3775 2476 3843 vineis,
2509 3776 2678 3843 silvis,
2707 3778 2890 3846 pratis,
2922 3777 3153 3847 pascuis,
3197 3774 3328 3832 locis
3354 3789 3520 3844 aqua-

1936 3869 2049 3937 riis,
2109 3870 2191 3925 vel
2251 3871 2569 3942 ubicumque
2599 3871 2664 3926 ad
2703 3871 3009 3941 praedictam
3040 3883 3245 3927 curtem
3294 3870 3520 3926 inveniri

1935 3974 2109 4032 potest
2164 3965 2554 4034 pertinentibus
2609 3967 2661 4020 in
2709 3965 2960 4033 ecclesia,
2993 3975 3048 4022 et
3075 3964 3330 4021 canonica
3377 3961 3520 4019 beati

1935 4058 2157 4114 Joannis
2188 4059 2460 4128 Baptistae,
2492 4066 2596 4112 tam
2627 4060 2692 4112 ad
2721 4059 2865 4128 ipsos
2905 4059 3219 4127 canonicos,
3246 4057 3335 4129 qui
3363 4057 3524 4112 modo

1938 4166 2033 4218 pro
2068 4160 2308 4219 tempore
2338 4157 2482 4217 sunt,
2520 4163 2680 4220 quam
2731 4150 2821 4220 qui
2851 4157 2977 4204 tunc
3028 4150 3193 4205 futuri
3247 4157 3440 4214 erunt,
3471 4155 3528 4202 ut

1938 4243 2172 4299 habeant
2230 4243 2558 4314 firmiterque
2604 4252 2842 4309 teneant,
2905 4242 3236 4312 possideant,
3278 4241 3525 4296 laborare

1938 4335 2155 4401 faciant,
2183 4345 2234 4389 et
2271 4349 2336 4390 ex
2360 4335 2488 4405 ipsis
2519 4333 2760 4404 frugibus
2787 4334 3144 4389 communiter
3175 4347 3234 4388 se
3255 4331 3523 4400 reficiant,

1937 4435 1992 4482 et
2024 4429 2140 4484 lnec
2173 4429 2416 4483 chartula
2447 4426 2753 4481 ofl'ersionis
2781 4425 3002 4480 nomine
3031 4426 3183 4478 firma
3229 4431 3286 4479 et
3314 4420 3524 4478 stabilis

247 4515 510 4572 hodierna
538 4520 625 4574 die
647 4521 823 4575 nullus
847 4522 980 4590 dux,
1007 4539 1206 4593 comes,
1234 4528 1525 4592 castaldus,
1558 4532 1640 4586 vel
1669 4533 1834 4588 aetio—
1860 4533 1912 4594 D
1941 4529 2251 4589 Ρθηυθιιειη
2285 4534 2518 4588 εθηιρθνο
2550 4519 2698 4574 Unde
2731 4533 3012 4588 Precamur
3041 4516 3330 4588 praedictos
3360 4531 3526 4572 “"0"

248 4609 435 4665 narius
464 4621 648 4666 noster
677 4624 861 4667 contra
896 4629 1132 4682 praesens
1166 4628 1363 4674 nostrae
1390 4619 1658 4676 firmitatis
1687 4638 1824 4690 pra:-

247 4712 461 4768 ceptum
487 4704 564 4761 ire
585 4706 1008 4777 quandocunque
1037 4719 1340 4778 prmsumat,
1371 4710 1466 4765 sed
1496 4719 1554 4765 ut
1578 4712 1826 4781 supradi-

243 4804 388 4849 ctum
414 4804 525 4863 est,
555 4797 664 4868 jam
692 4799 924 4868 praefata:
954 4804 1195 4858 ecclesiae
1226 4804 1278 4857 in
1313 4813 1399 4858 tua
1430 4812 1587 4874 atque
1614 4820 1828 4862 succes-

243 4901 425 4941 surum
496 4897 711 4945 tuorum
760 4905 1110 4961 permaneant
1155 4905 1461 4964 potestate,
1533 4899 1825 4954 secundum

245 4980 524 5048 antiquam
555 4986 1004 5040 consuetudinem
1035 5004 1100 5042 ex
1139 4989 1318 5043 edicto
1345 4989 1525 5044 domui
1559 4992 1701 5061 regis
1734 5007 1830 5062 per

245 5071 511 5128 Posonem
541 5077 828 5143 notarium,
858 5089 911 5133 et
939 5095 1005 5133 ex
1037 5080 1216 5134 edicto
1243 5082 1492 5152 Sigifredi
1519 5085 1736 5141 notarii.
1799 5143 1810 5152 ε

323 5163 512 5219 Datum
543 5165 710 5222 Ticini
741 5169 792 5222 in
827 5170 1020 5235 palatio
1047 5172 1194 5241 regio
1225 5173 1258 5228 6
1302 5175 1388 5229 die
1445 5179 1642 5232 mensis
1687 5180 1828 5234 Maro

247 5257 305 5313 tii
335 5274 426 5313 an.
457 5258 751 5316 felicissimi
782 5264 929 5332 regni
974 5264 1142 5318 nostri
1191 5281 1281 5331 ιιι,
1318 5267 1506 5323 indict.
1544 5269 1634 5336 15,
1662 5271 1833 5328 fclici-

247 5359 351 5415 ter,
385 5365 436 5407 et
471 5361 527 5407 ut
577 5355 757 5410 verius
799 5354 1050 5410 credatur
1098 5356 1164 5411 de
1195 5359 1392 5414 annulo
1423 5370 1614 5416 nostro
1643 5362 1832 5420 subtus

240 5443 616 5513 sigillavimus.

922 5539 1155 5598 XXXVI.

332 5651 556 5709 Domitio
590 5654 897 5799 Luitprand:
923 5674 1015 5724 pro
1038 5659 1346 5798 γςςίιςιειενὶο
1373 5661 1538 5714 sancti
1569 5659 1744 5717 Evasit'

894 5747 1025 5782 anno
1090 5747 1155 5780 tu
1187 5767 1201 5782 .

894 5747 1025 5782 anno
1061 5747 1201 5782 Μαι.

319 5820 475 5879 Anno
503 5821 572 5879 ab
597 5822 963 5884 incarnatione
1010 5823 1219 5884 Domini
1261 5828 1430 5885 nosu'i
1465 5826 1594 5888 Jcsu
1620 5824 1823 5888 Christi

1934 4613 2104 4680 nicus,
2135 4613 2224 4680 qui
2251 4611 2410 4667 modo
2430 4619 2575 4679 sunt,
2607 4621 2698 4665 aut
2727 4611 2779 4665 in
2809 4619 2966 4666 antea
2996 4610 3206 4666 venturi
3229 4619 3389 4666 erunt
3427 4623 3520 4679 per

1933 4705 2179 4758 timorem
2212 4705 2446 4772 Domini,
2471 4715 2890 4772 sanctorumque
2905 4703 3167 4771 omnium,
3199 4713 3255 4759 ut
3283 4717 3378 4773 pro
3406 4718 3514 4770 me,

1932 4798 2173 4865 meisque
2223 4797 2550 4868 genitoribus
2608 4796 2891 4852 Dominum
2933 4797 3212 4867 deprecari
3267 4811 3371 4851 non
3399 4811 3518 4851 ces-

1931 4899 2070 4955 sent,
2105 4897 2371 4959 quatenus
2402 4897 2584 4942 nostra
2619 4888 2961 4943 remittantur
2984 4887 3202 4956 delicta,
3235 4897 3286 4944 et
3325 4901 3518 4942 conse-

1931 4996 2157 5051 quamur
2186 4981 2423 5051 requiem
2451 4981 2854 5050 sempiternam.
2889 4980 3015 5036 ldeo
3044 4995 3143 5038 nec
3167 4995 3267 5051 ego
3296 4979 3511 5048 quidem

1932 5074 2220 5144 Speciosus
2251 5075 2552 5144 episcopus,
2611 5088 2782 5144 neque
2811 5074 2902 5129 ulli
2933 5075 3195 5144 episc0pi,
3250 5071 3337 5140 qui
3397 5079 3517 5141 post

1934 5184 2110 5223 meum
2139 5169 2414 5222 decessum
2447 5168 2628 5223 sedem
2656 5168 2924 5238 accepturi
2955 5178 3077 5223 sunt
3128 5175 3329 5220 sancta:
3387 5165 3514 5220 Flo-

1933 5263 2158 5319 rentina:
2188 5263 2430 5318 ecclesize
2464 5263 2755 5319 habeamus
2784 5263 3075 5326 licentiam,
3107 5270 3162 5316 et
3192 5268 3514 5329 potestatem

1935 5355 2206 5425 praefatam
2263 5368 2490 5421 curtem,
2543 5370 2665 5410 cum
2718 5354 2952 5424 praefatis
3003 5352 3164 5408 rebus
3208 5351 3276 5406 ab
3306 5350 3518 5406 illorum

1934 5449 2360 5516 supradictorum
2408 5448 2787 5503 canonicorttm
2845 5453 3130 5514 potestate,
3166 5445 3252 5500 vel
3277 5443 3517 5500 dominio

1936 5541 2202 5607 retollere,
2257 5541 2568 5598 etaliorum
2602 5541 2877 5595 hominum
2935 5537 3178 5600 manibus
3231 5536 3516 5604 deputare,

1936 5651 2034 5690 nec
2059 5651 2151 5704 per
2177 5635 2474 5692 chartulam
2527 5633 3001 5690 concambiationis
3023 5671 3037 5698 ,
3068 5645 3242 5702 neque
3264 5646 3360 5701 per
3384 5645 3519 5685 con-

1937 5728 2258 5784 venientiam
2297 5728 2482 5793 libelli,
2518 5742 2691 5798 neque
2724 5741 2818 5797 per
2869 5726 3015 5780 illum
3048 5725 3359 5792 inczcnium,
3414 5721 3520 5780 nisi

1937 5825 2080 5898 sicut
2120 5838 2295 5898 supra.
2333 5821 2586 5892 diximus,
2626 5819 2693 5879 ad
2723 5819 2941 5878 illorum
2971 5819 3378 5888 canonicorutn,
3429 5811 3523 5892 qui
