4026 6352
196 319 332 376 1409

1258 310 1652 369 DIPLOMATA
1692 307 1976 370 ECCLES.
2019 314 2348 372 SELECTA.

3317 318 3456 376 M10

190 429 369 487 abbati
419 427 668 494 deinceps
708 425 900 480 futuris
957 425 1304 496 temporibus,
1355 427 1621 495 patribus,
1670 438 1762 478 seu
1790 424 1844 484 Δ
1870 429 2028 494 casis,
2055 439 2108 484 et
2141 430 2284 497 filiis,
2317 439 2372 486 et
2407 429 2643 500 familiis,
2673 433 2956 501 omniaque
2998 434 3064 489 ad
3103 450 3289 491 manus
3324 454 3450 494 suas

189 524 445 581 fratribus
475 521 699 576 cunctis.
740 519 872 574 Cum
918 520 1198 588 prmeeptis
1239 519 1498 573 Tonantis
1539 519 1770 572 arbitriis

188 620 411 688 speciali
437 632 580 687 saepe
607 616 908 670 muniamur
935 616 1180 684 insignia,
1217 616 1356 670 celsa
1390 617 1648 684 regalium
1680 631 1770 670 su-

191 709 407 765 blimati
459 709 509 762 in
556 708 715 761 fascia
765 705 1000 760 habitum
1029 707 1092 760 ad
1131 708 1320 775 januas
1351 706 1598 775 praebere
1641 708 1771 776 juge

188 804 457 873 polorum,
488 810 541 856 et
587 800 677 856 tali
711 799 905 855 itinere
938 801 1039 870 piis
1068 799 1438 855 incedentibus
1471 801 1768 868 gressibus,

186 911 248 952 ea
277 910 395 965 qua:
418 895 740 950 conveniunt
763 893 1170 948 subministrare
1195 893 1405 958 solatia,
1438 907 1618 961 operte
1653 907 1768 960 pre-

186 990 317 1044 tium
340 988 589 1042 duximus
617 986 753 1040 inter
774 985 1088 1039 salutarium
1117 993 1459 1038 monumenta
1485 984 1765 1049 virtutum,

185 1092 240 1136 et
272 1081 580 1148 temporalis
611 1077 742 1132 lucri
775 1077 954 1146 largiri
980 1076 1240 1131 subsidia.
1273 1075 1399 1128 Nam
1439 1076 1764 1130 conveniens

184 1186 306 1226 esse
353 1170 566 1224 videtur
612 1169 676 1222 iis
720 1168 808 1237 qui
854 1166 1090 1222 ctelestis
1139 1169 1286 1236 regni
1333 1176 1516 1234 optata
1573 1167 1764 1234 gaudia

183 1262 556 1331 perfruuntur,
604 1259 827 1314 terrenis
871 1265 928 1312 ut
977 1257 1201 1327 gaudeat
1250 1257 1458 1326 opibus.
1517 1256 1764 1312 Necesse

182 1355 325 1410 enim
359 1361 570 1408 constat
607 1366 725 1407 esse
778 1360 991 1421 propter
1041 1351 1438 1406 adventantium
1478 1351 1746 1418 hospitum

179 1447 575 1515 susceptionem
605 1445 942 1514 quietemque
983 1443 1292 1512 fraternam,
1340 1444 1442 1497 huc
1491 1443 1764 1497 stabilita-

184 1548 290 1592 tem
321 1538 498 1607 gentis
537 1545 757 1600 nostrae,
797 1545 851 1590 et
899 1533 1046 1605 regni
1093 1535 1210 1602 opis
1259 1535 1507 1589 unanime
1549 1545 1748 1589 sancta:

177 1629 610 1700 congregationis
639 1627 851 1683 deferre
879 1645 893 1681 :
917 1635 972 1683 et
999 1628 1119 1696 quia
1142 1627 1347 1682 cunctis
1370 1635 1511 1696 patet
1541 1637 1590 1683 te
1614 1643 1760 1696 pra:-

179 1721 351 1775 fatum
384 1721 628 1774 abbatem
669 1719 824 1774 anxie
854 1719 920 1772 ad
967 1709 1334 1774 mona’chalem
1362 1707 1600 1774 habitum
1630 1734 1764 1774 con-

1874 520 2118 575 habentia
2148 565 2162 590 ,
2211 538 2332 577 cum
2381 523 2662 578 duodecim
2701 524 2869 578 unciis
2911 526 2964 579 in
3009 527 3137 594 ipsis
3168 528 3450 593 .casalibus

1870 615 2025 668 aldiis
2053 629 2145 684 per
2172 616 2457 670 alditiones
2486 632 2692 683 servas,
2721 616 2962 672 etservis
2989 617 3269 687 utriusque
3285 635 3448 674 sexus

1871 708 2161 761 secundum
2201 709 2577 776 pertinentiam
2607 725 2776 769 suam.
2818 708 2958 778 quod
2987 717 3093 764 tua:
3123 711 3453 767 venerationi

1871 811 1936 853 eo
1962 799 2198 853 cedimus
2221 801 2431 866 ordine,
2461 809 2517 853 ut
2544 800 2656 855 sive
2688 801 2741 854 in
2772 801 3155 855 monasterium
3181 802 3454 872 relinque-

1872 905 1950 956 re,
1981 892 2093 946 sive
2134 893 2326 947 liheras
2374 893 2646 948 dimittere
2690 895 2741 948 in
2791 902 2880 948 tua
2911 903 3127 950 maneat
3159 903 3452 964 potestate,

1869 982 2118 1037 similiter
2146 993 2198 1038 et
2225 985 2452 1038 molinas
2483 995 2612 1050 tres,
2643 987 2730 1055 qui
2756 985 2924 1055 posita
2957 995 3083 1040 sunt
3107 987 3158 1040 in
3182 986 3344 1042 fluvio
3373 988 3456 1040 vi-

1871 1087 1936 1128 vo
1959 1089 2078 1128 cum
2111 1077 2270 1142 casis,
2302 1075 2385 1129 vel
2419 1077 2684 1142 homines,
2716 1086 2771 1131 et
2815 1078 2904 1147 qui
2933 1078 3076 1146 ipsas
3106 1079 3337 1134 molinas
3368 1095 3457 1135 re-

1869 1177 1994 1232 gere
2015 1166 2280 1234 videntur,
2315 1177 2370 1222 et
2401 1168 2539 1222 sicut
2563 1177 2730 1222 tectas
2757 1167 2888 1238 ipsis
2918 1170 3078 1235 casis,
3115 1171 3196 1224 vel
3221 1171 3452 1225 molinas

1871 1268 1963 1322 per
2009 1256 2235 1321 taurula,
2285 1263 2338 1310 et
2391 1256 2570 1312 ursula
2625 1273 2744 1312 cum
2795 1259 2972 1312 omnia
3023 1258 3274 1330 quicquid
3318 1260 3450 1330 ipsis

1868 1357 1991 1396 suas
2017 1359 2204 1398 manus
2259 1344 2456 1400 habere
2479 1347 2587 1400 visa
2617 1357 2760 1413 sunt,
2805 1357 2859 1403 et
2885 1363 2976 1403 sex
3007 1351 3189 1403 uncias
3216 1351 3283 1404 de
3315 1359 3454 1406 terra

1867 1434 2180 1489 adauximus
2207 1435 2415 1491 illorum
2443 1438 2667 1493 habendi
2718 1438 2983 1506 similiter,
3009 1450 3062 1494 et
3081 1443 3444 1497 concessimus

1870 1533 2041 1580 terras
2086 1537 2139 1581 et
2165 1524 2326 1583 silvas
2354 1543 2522 1599 prope
2547 1529 2688 1598 ipsas
2723 1531 2971 1598 molinas,
3004 1532 3176 1598 lacus,
3203 1533 3292 1603 qui
3317 1534 3450 1588 dici-

1868 1624 1952 1669 tur
1995 1617 2210 1686 Cagiolo
2247 1619 2586 1674 adveterreto
2634 1620 2914 1676 Dominico
2963 1623 3124 1676 simul
3175 1623 3229 1677 in
3283 1640 3444 1680 unum

1867 1706 2007 1775 jugis
2050 1725 2330 1764 numerum
2361 1710 2630 1777 ducentis,
2679 1720 2732 1768 et
2781 1714 3052 1782 pertinere
3093 1715 3302 1772 videtur
3341 1717 3454 1787 jam

178 1816 415 1876 volasse.
451 1813 842 1868 contemnendo
881 1813 1091 1868 divitias
1123 1823 1403 1882 parentum
1435 1815 1620 1870 accola
1663 1813 1764 1870 de-

1873 1801 2044 1855 dictas
2077 1817 2250 1868 casas,
2305 1813 2359 1858 et
2388 1804 2635 1871 molinas,
2667 1804 2748 1860 vel
2771 1815 2912 1861 terra
2953 1821 3076 1863 cum
3106 1809 3238 1864 silva
3262 1810 3329 1865 de
3357 1811 3461 1866 sub

177 1907 428 1962 siderans
471 1906 608 1961 eltlci
645 1905 894 1974 paradisi,
943 1914 1102 1975 atque
1150 1905 1463 1975 impetrasse
1510 1905 1664 1960 nobis
1713 1913 1770 1960 ut

179 1998 336 2052 vobis
376 1999 428 2051 in
459 1997 746 2052 remotiore
777 1995 896 2050 loco
943 2006 1100 2050 terrae
1132 1994 1283 2049 istius
1312 1994 1608 2049 mdiftcandi
1639 2009 1766 2048 ms-

180 2089 400 2144 nasterii
430 2087 608 2157 largiri
651 2095 968 2156 potestatem
992 2085 1224 2140 votivum
1269 2087 1343 2139 tui
1371 2086 1550 2156 operis
1579 2086 1765 2155 imple-

181 2191 294 2235 tum
313 2196 436 2235 esse
460 2179 808 2248 prospicimus
821 2192 1059 2242 cursum,
1088 2187 1142 2232 et
1165 2177 1464 2232 aedificandi
1484 2177 1760 2232 basilicam

177 2275 249 2329 ad
281 2274 536 2328 honorem
568 2270 774 2327 Domini
809 2271 1098 2327 Salvatoris
1130 2271 1340 2325 diversa
1370 2270 1462 2323 tibi
1495 2271 1607 2324 loca
1637 2284 1765 2322 con-

177 2379 336 2420 cessa
359 2365 495 2420 sicut
528 2372 706 2421 vestro
731 2363 956 2418 relatum
983 2364 1328 2433 cognovimus
1361 2377 1457 2416 nos
1484 2362 1593 2417 Deo
1621 2377 1761 2431 prm-

175 2459 303 2510 sule
332 2457 556 2510 maxima
587 2456 872 2510 devotione
913 2455 979 2510 ad
1012 2454 1307 2525 perfectum
1353 2455 1596 2524 cupimus
1639 2469 1764 2524 per-

176 2546 384 2601 ducere
412 2563 560 2615 opus,
611 2557 665 2602 et
709 2545 906 2600 Christi
957 2545 1166 2600 famulis
1215 2559 1431 2613 semper
1480 2556 1762 2613 augmenta

174 2638 442 2710 praebere.
496 2638 623 2706 Qua:
679 2637 816 2692 dona
866 2647 1106 2692 nostrum
1165 2635 1437 2691 stabilitati
1491 2635 1765 2690 firmamus

172 2734 589 2798 monimentum,
623 2733 940 2801 diversaque
997 2732 1109 2786 loca
1159 2731 1474 2786 nominatim
1519 2732 1766 2788 decerni-

176 2841 328 2892 mus,
359 2825 410 2879 id
440 2836 524 2880 est
552 2826 746 2880 casalia
778 2826 905 2890 duo,
966 2842 1084 2895 qua:
1134 2825 1383 2879 dicuntur
1441 2825 1661 2892 Paliani,
1710 2835 1766 2882 et

175 2913 454 2982 Casulani,
487 2917 552 2971 de
581 2919 680 2971 ista
710 2917 816 2972 duo
845 2917 1043 2972 casalia
1087 2917 1359 2985 portiones
1409 2927 1536 2983 tres,
1578 2920 1665 2988 qui
1698 2920 1765 2974 de

177 3023 294 3062 uno
323 3009 492 3076 capite
523 3019 769 3063 tenentur
796 3009 847 3062 in
881 3018 1061 3062 monte
1105 3009 1339 3073 Amiato.
1366 3018 1421 3062 et
1442 3007 1549 3064 alio
1584 3009 1634 3063 in
1666 3008 1763 3064 Pa-

178 3101 251 3155 Iia
280 3100 518 3166 nomine,
551 3100 618 3154 ab
648 3116 752 3154 uno
810 3101 976 3154 latere
1030 3101 1149 3153 finis
1200 3099 1501 3169 Suanense,
1548 3117 1615 3157 ex
1660 3104 1760 3156 alia

176 3204 336 3262 parte
363 3192 556 3262 adjacit
585 3191 748 3247 casali
793 3193 963 3246 sancti
1015 3191 1263 3260 Philippi,
1300 3193 1348 3246 id
1380 3202 1460 3247 est
1521 3208 1616 3263 pro
1655 3193 1765 3248 fos-

174 3295 304 3336 sato
340 3282 426 3352 qui
469 3293 688 3336 vocatur
721 3283 886 3347 Pali-i,
940 3292 996 3338 et
1040 3283 1279 3352 pervenit
1313 3284 1366 3338 in
1406 3285 1545 3354 rigo,
1570 3285 1660 3352 qui
1691 3285 1770 3339 di-

178 3376 328 3427 citur
379 3373 586 3442 ﬂigule,
644 3374 768 3427 inde
813 3388 938 3428 vero
992 3373 1230 3428 extendit
1280 3388 1448 3442 usque
1494 3375 1546 3428 in
1593 3385 1773 3431 monte

39 3499 74 3527 ,τ
169 3463 416 3530 Amiato,
445 3473 496 3518 et
523 3467 652 3533 jam,
683 3475 733 3518 et
765 3465 866 3516 alia
915 3465 1028 3518 loca
1072 3465 1138 3519 de
1169 3465 1362 3519 finibus
1389 3467 1582 3522 nostris
1612 3482 1774 3536 super

10 3567 67 3606 nt»:
170 3557 351 3609 muris
377 3557 580 3611 scilicet
608 3555 840 3611 Clusinis
871 3556 987 3609 haec
1015 3565 1144 3610 sunt
1172 3558 1369 3611 casalia
1405 3558 1532 3624 duo,
1567 3559 1655 3629 qui
1682 3574 1775 3614 vo-

10 3641 68 3721 ἐπ’
168 3659 374 3702 cantur
418 3648 651 3704 lieodola
687 3650 890 3717 majore
922 3658 975 3702 et
1008 3647 1239 3704 Reodola
1287 3652 1517 3717 minore,
1553 3653 1640 3721 qui
1689 3668 1774 3707 re-

22 3279 72 3310 ‘.1

169 3741 324 3808 gitur
367 3757 459 3808 per
508 3739 797 3804 lionvaldo,
850 3749 904 3794 et
940 3739 1278 3807 Cninullum,
1327 3746 1540 3796 neerion
1589 3741 1781 3798 Urs‘uL

170 3833 302 3883 vizo
323 3839 376 3883 et
399 3831 624 3886 Martino
653 3846 774 3885 cum
811 3832 1089 3898 uxoribus,
1143 3832 1284 3898 filiis,
1329 3843 1382 3887 et
1421 3833 1657 3901 familiis,
1693 3838 1775 3892 vel

170 3932 438 3988 quantum
486 3921 549 3973 ad
594 3936 806 3976 manum
837 3938 988 3977 suam
1042 3923 1244 3989 habuit,
1293 3923 1407 3979 haec
1436 3933 1562 3978 sunt
1592 3927 1775 3981 uncias

12 3855 84 3899 511';

173 4010 274 4076 55,
305 4021 358 4064 et
399 4011 510 4080 ipsa
543 4020 706 4077 terra,
741 4029 856 4080 qua:
883 4024 1105 4067 vocatur
1133 4014 1496 4078 Gualfridula,
1529 4026 1583 4070 et
1614 4031 1772 4070 casa-

172 4108 346 4175 libns,
391 4115 443 4160 et
485 4106 643 4160 terris
686 4122 804 4160 cum
838 4107 982 4171 filiis,
1017 4107 1108 4176 qui
1153 4118 1373 4161 vocatur
1405 4109 1614 4176 Bitena,
1647 4123 1767 4162 cum

12 4217 80 4265 κίε·
175 4203 302 4271 ipsa
336 4212 498 4268 terra,
541 4203 629 4272 qui
673 4213 893 4258 vocatur
935 4204 1235 4271 Haundula,
1280 4205 1346 4258 de
1398 4221 1505 4258 uno
1552 4206 1656 4260 lato
1696 4216 1776 4261 est

12 4289 104 4372 ,τέδέ
175 4304 351 4357 terra,
381 4293 469 4361 qui
504 4303 721 4347 vocatur
744 4294 977 4361 Clantio,
1016 4305 1069 4348 et
1108 4295 1174 4348 de
1208 4298 1340 4364 pede
1377 4306 1459 4350 est
1501 4295 1656 4365 Pojo,
1683 4298 1774 4367 qui

171 4396 409 4440 vocatur
439 4387 704 4440 Arnanise
737 4403 830 4456 per
855 4389 967 4440 loca
990 4387 1263 4456 designata
1298 4391 1440 4443 venit
1475 4391 1523 4442 in
1559 4387 1770 4464 Rivulo,

46 4467 79 4491 Αἰ

15 4621 22 4632 ,
54 4577 89 4617 ιε
168 4570 250 4625 de
286 4568 460 4635 capite
484 4577 565 4622 est
593 4571 677 4622 via
709 4569 942 4638 publica,
976 4580 1031 4624 et
1068 4584 1219 4626 curte
1251 4572 1342 4625 illa
1383 4587 1524 4637 mea,
1557 4571 1647 4640 qui
1681 4588 1773 4626 voc

19 4665 108 4731 “‘5'”.
167 4671 338 4717 catur
362 4658 608 4728 Moxona,
635 4660 727 4730 qui
765 4663 968 4730 regitur
996 4677 1088 4730 per
1110 4663 1383 4731 Magnum,
1425 4671 1476 4715 et
1513 4661 1774 4715 ltestitum

169 4754 245 4808 L.
280 4750 631 4820 Stephanum,
672 4767 878 4807 necnon
914 4753 1175 4807 Ristulum
1207 4753 1408 4812 Lonso,
1453 4763 1506 4806 et
1545 4752 1774 4806 Jordani

169 4843 518 4909 Christiano,
551 4852 607 4896 et
656 4843 898 4899 ftonzino
927 4859 1047 4899 cum
1081 4843 1356 4910 uxoribus,
1394 4844 1539 4909 filiis,
1591 4853 1647 4898 et
1698 4844 1776 4898 fa-

16 4929 124 5008 αμεεξῖ
169 4937 373 5001 miliis,
404 4947 458 4990 et
515 4937 619 4989 alia
668 4938 886 5004 casalia,
932 4937 1019 5004 qui
1063 4947 1283 4990 voc-ator
1341 4937 1613 4990 Erminule
1653 4952 1773 4992 cum

16 5032 126 5142 ι’
171 5086 471 5138 accensus,
515 5079 752 5124 montem
793 5070 900 5140 jam
931 5070 1127 5124 dictum
1159 5068 1280 5125 fidei
1312 5071 1467 5139 petiit
1505 5072 1764 5127 exercitu.

18 5149 136 5214 "at
174 5146 261 5200 At
289 5143 377 5195 ubi
413 5142 750 5196 vidit'locum
781 5143 832 5196 in
855 5157 954 5212 qua
995 5142 1246 5208 prtedicta
1274 5143 1432 5195 arbor
1460 5153 1768 5199 eratammo

16 5235 128 5288 Mr:
175 5214 469 5288 niSSimum
497 5214 808 5288 att-(enitate
831 5228 1126 5288 nemorum,
1153 5227 1514 5288 aquarumque
1547 5225 1772 5288 praeter-

16 5281 76 5362 ᾗζις
116 5281 136 5330 θ’
174 5284 470 5364 ﬂuentium
501 5283 824 5364 abundantia
855 5283 1262 5364 habilissimum,
1317 5283 1558 5364 ingentes
1588 5285 1772 5364 retulit

17 5351 106 5437 {igne
173 5363 379 5437 grates
400 5351 638 5408 Creatori
662 5353 926 5437 omnium.
961 5353 1148 5437 20.5585!
1181 5353 1485 5437 §liml||3lu_5
1507 5357 1691 5433 3.5055.
1717 5357 1770 5437 ἱρ

69 5449 140 5494 Ψ».
176 5423 594 5510 éujnsphonore,
622 5435 683 5510 et
705 5425 920 5510 nomine
966 5423 1334 5510 ibi_fabric‘are.
1354 5423 1634 5510 ecclesiam
1663 5425 1774 5481 vel-

20 5494 80 5583 δυ,
101 5515 136 5555 ςέ
177 5498 288 5582 iet,
313 5494 497 5576 divino
521 5498 754 5577 repletus
774 5496 1010 5583 arbitror;
1029 5495 1296 5563 dogmate,
1323 5494 1510 5583 inquit,
1545 5497 1630 5583 qui
1663 5513 1774 5553 sua:

74 5595 144 5636 μμ
179 5567 421 5636 insignia
451 5569 726 5634 potestatis
753 5567 831 5620 sic
859 5565 1081 5620 mirifice
1114 5573 1426 5636 monstravit
1453 5566 1502 5617 in
1551 5568 1771 5634 lignum,

180 5651 242 5696 ει
275 5629 330 5711 εδ
355 5629 499 5711 ligno
518 5637 690 5691 crucis
715 5653 883 5711 genus
914 5636 1136 5689 salvavit
1168 5635 1478 5711 humanum,
1505 5629 1643 5702 quod
1675 5629 1775 5711 per

183 5708 323 5778 ligni
358 5696 502 5761 vEIiti
555 5696 1016 5778 praesuvmptionem
1051 5709 1248 5760 corruit
1279 5708 1330 5759 in
1383 5696 1687 5778 infernum;
1722 5710 1772 5763 in

18 5755 140 5877 ait;
606 5779 744 5844 alior,
769 5755 824 5833 tit
853 5793 950 5835 nos
973 5789 1142 5848 regat,
1169 5792 1233 5834 ac
1258 5779 1427 5834 salvet
1452 5755 1772 5848 incolumes,

18 5889 120 5950 ,ιλ-εὑ
145 5889 156 5900 Ι

34 5953 154 6025 ωειλ

1787 3153 1834 3216 C

1873 1901 2022 1946 certe
2050 1895 2280 1949 civitatis
2314 1905 2510 1951 nostrae
2537 1891 2796 1964 Clusinus,
2843 1914 3047 1954 necnon
3077 1902 3236 1955 etiam
3267 1917 3462 1958 conce-

1869 1983 2044 2042 dimus
2064 1985 2156 2038 tibi
2175 1986 2311 2040 intra
2341 1986 2534 2042 finibus
2559 1990 2755 2044 nostris
2777 1988 3029 2059 Clusinis,
3061 2003 3112 2047 et
3141 1994 3447 2050 Suanenses

1864 2077 2073 2147 singula
2097 2078 2234 2144 loca,
2267 2080 2316 2134 id
2346 2090 2429 2134 est
2455 2082 2765 2149 supradicto
2794 2095 2975 2139 monte
3000 2086 3238 2151 Amiato,
3278 2087 3344 2141 ad
3375 2090 3457 2142 lo-

1868 2182 1996 2223 cum
2021 2213 2035 2238 ,
2081 2171 2166 2225 ubi
2198 2171 2390 2227 dicitur
2425 2173 2613 2230 Rivulo
2646 2176 2877 2244 putrido,
2921 2187 2977 2233 et
3018 2180 3164 2233 venit
3201 2195 3367 2250 usque
3391 2181 3456 2234 ad

1871 2260 2060 2328 Ripam
2109 2263 2315 2330 albam,
2364 2275 2418 2319 et
2471 2266 2594 2321 inde
2649 2281 2744 2336 per
2791 2269 2950 2324 Serra
2991 2270 3135 2325 venit
3196 2287 3288 2341 per
3338 2274 3453 2330 loca

1870 2353 2147 2424 designata
2201 2357 2266 2409 ad
2339 2358 2509 2426 girum
2573 2360 2768 2413 montis
2823 2375 2988 2431 usque
3044 2362 3097 2416 in
3154 2363 3309 2431 rivo,
3362 2368 3452 2435 qni

1871 2446 2066 2500 dicitur
2096 2447 2338 2515 Armine,
2370 2459 2423 2504 et
2453 2449 2596 2504 venit
2627 2449 2677 2504 in
2711 2452 2882 2506 rivulo
2912 2452 3001 2522 qui
3035 2453 3232 2508 dicitur
3287 2454 3458 2511 Deca-

1868 2539 2095 2604 donem,
2149 2551 2309 2611 atque
2358 2542 2554 2598 exinde
2607 2558 2704 2613 per
2760 2546 3004 2614 arbores,
3063 2556 3118 2602 et
3159 2557 3338 2616 petras
3390 2553 3464 2604 si-

1868 2640 2055 2701 gnatas
2093 2646 2262 2699 usque
2305 2631 2356 2685 in
2389 2634 2503 2700 ripa
2535 2635 2603 2687 de
2633 2636 3014 2704 pratuscellus,
3064 2646 3117 2691 et
3163 2639 3357 2693 deinde
3409 2643 3460 2694 in

1870 2723 2026 2777 horto
2056 2722 2366 2789 Laurentio,
2413 2725 2536 2780 inde
2587 2727 2831 2793 pervenit
2861 2727 2925 2781 ad
2956 2740 3198 2784 sanctam
3238 2731 3459 2786 Mariam

1868 2811 1936 2866 de
1978 2813 2223 2868 Cantaria
2262 2829 2356 2883 per
2405 2816 2629 2870 arbores
2677 2816 3006 2889 designatas,
3056 2831 3216 2892 atque
3266 2826 3460 2881 exinde

1868 2907 2014 2960 vadit
2060 2908 2112 2960 in
2159 2907 2298 2960 viam
2340 2908 2633 2979 publicam,
2669 2914 2792 2967 inde
2826 2928 2918 2982 per
2949 2916 3131 2983 Caono
3169 2917 3449 2974 descendit

1869 3002 1920 3058 in
1969 3003 2171 3058 fossato
2220 3020 2377 3073 capu,
2431 3005 2552 3060 inde
2599 3007 2761 3060 mittit
2791 3008 2844 3061 in
2895 3005 3086 3074 rivulo,
3139 3010 3228 3079 qui
3258 3010 3453 3067 dicitur

1871 3095 2178 3161 Burzolino,
2222 3105 2279 3151 et.
2308 3097 2429 3151 inde
2475 3097 2755 3152 descendit
2800 3099 2852 3153 in
2906 3097 3069 3154 fluvio
3120 3100 3464 3167 Ministorne,

1875 3187 2003 3243 inde
2047 3203 2139 3256 per
2166 3189 2337 3258 signa,
2370 3205 2488 3259 qua:
2516 3200 2640 3244 sunt
2669 3190 2807 3246 inter
2850 3205 3053 3246 serram
3095 3191 3164 3247 de
3206 3195 3377 3266 rugia,
3407 3208 3464 3254 et

1876 3279 1942 3334 de
1970 3280 2070 3334 alia
2111 3295 2261 3349 parte
2287 3289 2371 3334 est
2415 3279 2590 3336 vicum
2642 3283 2954 3353 Spargaria,
3005 3284 3074 3339 de
3104 3285 3208 3340 alia
3237 3286 3467 3357 denique

1874 3380 2024 3440 parte
2053 3372 2172 3425 finis
2201 3374 2449 3427 Clusinus
2477 3390 2569 3441 per
2597 3376 2787 3431 Serras
2830 3377 2899 3432 de
2930 3379 3078 3447 rugia
3111 3382 3252 3436 venit
3301 3398 3465 3451 usque

1873 3467 1939 3518 ad
1989 3477 2226 3533 puteum,
2272 3466 2397 3522 inde
2427 3467 2626 3522 stendit
2672 3485 2766 3537 per
2811 3471 3033 3525 arbores
3063 3471 3368 3544 designatas
3401 3476 3452 3528 in

1874 3556 2043 3611 fluvio
2074 3558 2216 3611 Palia
2242 3559 2436 3612 emittit
2476 3574 2532 3612 se
2557 3559 2610 3613 in
2641 3560 2841 3615 fossato
2865 3562 3030 3628 sicco,
3067 3563 3189 3618 inde
3222 3580 3316 3633 per
3358 3565 3462 3618 fos-

1876 3662 1994 3705 sato
2033 3652 2178 3706 sicco
2203 3668 2371 3721 usque
2397 3654 2449 3706 in
2493 3662 2689 3708 terram
2719 3655 2887 3710 sancti
2921 3655 3170 3726 Philippi,
3200 3658 3459 3714 habentes

1876 3747 1942 3799 de
1986 3745 2142 3800 liuvio
2175 3745 2322 3800 Palia
2355 3761 2521 3816 usque
2562 3747 2613 3800 in
2645 3747 2821 3801 casale
2847 3748 3014 3803 sancti
3048 3748 3275 3818 Philippi
3299 3749 3460 3818 Sugis

1877 3852 2159 3892 numerum
2207 3847 2422 3892 centum
2454 3837 2835 3908 quinquaginta
2863 3851 2981 3904 sex,
3022 3847 3078 3893 et
3110 3837 3254 3908 ipsas
3283 3839 3456 3910 Sugas

1879 3943 1974 3996 per
2027 3942 2458 3996 unamquamque
2533 3927 2796 3981 habentes
2853 3927 3017 3998 pedes
3070 3930 3346 3999 sexaginta
3394 3929 3462 3984 ad

1881 4021 2042 4087 pedes
2073 4021 2359 4087 munichis,
2406 4019 2528 4074 inde
2555 4036 2684 4075 vero
2715 4023 2782 4076 tle
2811 4031 2951 4075 terra
2986 4021 3209 4092 Philippi
3238 4033 3388 4079 recte
3411 4025 3465 4080 in

1878 4110 2199 4165 montecello
2233 4111 2296 4165 ad
2335 4111 2473 4180 ipsas
2501 4114 2766 4181 quercias,
2799 4112 2885 4168 ubi
2913 4122 3040 4168 sunt
3076 4128 3264 4170 cruces
3296 4115 3462 4170 factas

1877 4201 2106 4272 desuper
2131 4216 2340 4271 campo,
2367 4203 2452 4256 ubi
2485 4202 2677 4258 dicitur
2704 4205 2903 4276 Campo
2934 4206 3112 4275 presb.
3151 4207 3275 4261 inde
3306 4216 3453 4262 recte

1876 4294 1949 4346 ad
1970 4294 2067 4346 alia
2099 4295 2334 4362 quercia,
2389 4297 2480 4362 qui
2514 4301 2596 4349 est
2624 4295 2764 4350 circa
2814 4298 3027 4361 semita,
3069 4297 3158 4364 qui
3203 4297 3344 4350 venit
3388 4296 3458 4350 de

1881 4379 2123 4448 i’aliaim,
2174 4395 2227 4439 et
2260 4385 2401 4438 vadit
2445 4397 2590 4440 recte
2623 4389 2740 4440 vieo
2793 4386 3150 4451 Lordoniano,
3201 4397 3254 4440 et
3303 4387 3462 4441 habet

31 4475 108 4548 ,jjs
169 4489 232 4534 et
263 4479 336 4530 de
365 4478 464 4530 alia
509 4487 658 4546 parte
692 4488 774 4531 est
819 4489 984 4546 terra,
1033 4481 1121 4549 qui
1153 4491 1375 4534 vocatur
1406 4481 1688 4546 Cl.msura,
1719 4492 1773 4535 et
1797 4514 1851 4575 Β
1882 4479 2199 4541 ceclaturas,
2230 4475 2352 4529 inde
2383 4490 2509 4530 vero
2547 4485 2693 4530 recte
2719 4476 2771 4529 in
2802 4476 2961 4530 fluvio
3004 4475 3144 4531 Palia
3197 4477 3457 4535 indirecte

1882 4568 2043 4622 intrat
2070 4567 2122 4621 in
2164 4566 2388 4632 fossato,
2435 4569 2522 4637 qui
2563 4577 2784 4622 vocatur
2815 4567 3019 4636 Rigale,
3053 4568 3176 4624 inde
3208 4584 3354 4636 vero,
3398 4579 3455 4624 ut

1881 4662 2126 4731 superius
2157 4662 2350 4730 legitur
2379 4677 2472 4732 per
2500 4662 2699 4717 lossato
2745 4662 2932 4732 Rigale
2982 4677 3150 4731 usque
3197 4663 3249 4716 in
3281 4674 3464 4719 monte

1880 4752 2114 4806 Amiato.
2163 4753 2292 4819 Qua:
2341 4754 2519 4808 omnia
2577 4761 2682 4806 tam
2715 4751 2996 4806 arboribus
3026 4761 3166 4807 terra
3196 4753 3462 4820 umbrata,

1880 4859 2147 4913 quamque
2172 4855 2357 4913 aperta
2392 4845 2442 4898 in
2480 4856 2565 4898 tua
2597 4853 2813 4899 maneat
2841 4855 3127 4913 potestate,
3159 4855 3213 4901 et
3252 4855 3340 4901 tua
3370 4845 3466 4901 de-

1880 4936 2046 4993 claret
2073 4936 2370 5002 veneratio,
2405 4946 2461 4992 et
2491 4946 2727 4992 nostram
2759 4937 3140 4992 excellentiam
3166 4949 3451 5006 monstret,

1879 5072 2069 5126 suimet
2109 5069 2309 5140 flagitat
2357 5069 2468 5124 fieri
2519 5070 2856 5126 vocabulum.
2929 5073 3080 5138 Quod
3119 5072 3318 5137 cuncti,
3367 5072 3456 5136 qui

1879 5143 2122 5207 aderant,
2155 5145 2343 5196 heroes
2371 5141 2647 5211 audientes
2672 5157 2845 5211 regem
2879 5153 3098 5198 strenuo
3127 5158 3279 5196 usum
3327 5157 3456 5196 con-

1879 5213 2000 5266 silio
2030 5213 2452 5266 conclamavere.
2503 5209 2608 5266 Sed
2663 5209 2783 5266 mox
2838 5213 3042 5279 incisis,
3086 5214 3454 5281 radicibusque

1879 5283 2076 5337 evulsis
2101 5281 2479 5351 percircuitum
2506 5284 2605 5336 loci
2635 5283 2778 5337 illius
2800 5285 3096 5347 arboribus,
3125 5285 3174 5336 in
3198 5293 3450 5351 quantum

1881 5355 1955 5407 rei
1981 5353 2290 5418 necessitas,
2314 5353 2705 5422 l'amulatusque
2726 5353 2837 5408 Deo
2857 5355 3188 5408 exhibendus
3203 5369 3456 5420 exposce-

1879 5425 1991 5488 bat,
2013 5425 2233 5478 ecclesia
2268 5432 2580 5491 competens
2612 5427 2662 5478 in
2713 5427 2968 5478 honorem
3013 5423 3304 5479 Salvatoris
3351 5425 3454 5479 Bo-

1880 5497 2010 5550 mini
2058 5497 2227 5548 noSIri
2253 5494 2373 5548 JeSu
2405 5493 2601 5548 Christi
2629 5506 2885 5563 apparatu
2917 5495 3079 5549 celeri
3112 5497 3304 5548 ibidem
3329 5510 3456 5548 con-

1879 5569 2117 5628 struitur,
2153 5566 2338 5633 majori
2383 5567 2448 5618 ibi
2478 5567 2628 5618 altari
2675 5577 3003 5630 constructo,
3036 5569 3122 5619 ubi
3154 5568 3315 5619 arbor
3339 5569 3462 5620 fue-

1880 5646 1981 5702 rat,
2016 5638 2064 5688 iu
2093 5652 2194 5706 qua
2227 5637 2396 5704 fulgor
2427 5637 2568 5689 visus
2598 5644 2712 5688 erat
2739 5637 2944 5703 igneus.
2999 5636 3123 5690 Post
3152 5637 3291 5705 quod
3335 5652 3458 5691 vero

1878 5709 2100 5778 ecclesia
2123 5709 2188 5760 ad
2215 5722 2444 5774 unguem
2472 5706 2718 5778 perducta
2747 5716 2850 5771 est,
2899 5709 3163 5778 regalibus
3207 5722 3325 5762 eam
3357 5710 3461 5762 mi-

1879 5778 2029 5834 rifice
2057 5777 2334 5834 decoravit
2361 5775 2689 5831 muneribus.
2718 5795 2738 5842 ι
2965 5775 2991 5796 "'
