4026 6352
539 337 671 396 NH

1679 325 2295 397 causaanimi:
2336 333 2580 400 alterm

3680 329 3823 397 ﬂii

537 467 696 526 atque
723 456 910 514 omnia
936 464 1041 513 tute
1063 458 1425 524 Veneratioui,
1463 456 1546 512 v'rl
1578 455 1745 528 ipsius
1771 466 1971 513 sancta:
1996 473 2126 512 con-
2150 456 2201 522 Α
2229 475 2391 516 causa
2431 471 2534 527 est,
2568 460 2815 532 quoniam
2844 463 2965 514 ante
3006 458 3104 513 hos
3131 453 3246 514 dies
3270 453 3633 513 concessimus
3661 473 3826 514 vene-

554 549 850 620 gvegationi
891 551 1234 608 concessisse
1271 551 1506 605 videtur.
1548 547 1768 604 Videtur
1795 551 1994 604 etenim
2042 561 2140 606 nos

545 653 646 710 pete
674 643 873 696 Mavis
898 644 1230 712 temporibus
1248 641 1636 711 amplissimam
1657 643 1965 699 ﬁrmitatem
1995 651 2148 714 ρης-ι’

557 727 699 787 Μαι
722 743 813 788 res
838 741 941 803 per
972 741 1209 789 nostram
1249 733 1529 789 ﬁrmamus
1560 734 1930 802 stabilitatem,
1956 746 2140 806 quate-

559 833 666 877 nus
691 825 936 878 enim
973 823 1172 878 amevlo
1192 823 1315 892 jura
1347 831 1667 893 pmestatum
1701 827 1930 893 reclusa,
1963 821 2146 882 securi

550 923 667 969 tam
706 925 812 968 vos
857 925 1022 984 qm
1073 917 1188 984 ipsa
1237 919 1424 970 sancta
1478 919 1823 988 congregatio
1868 919 2138 988 possidere

547 1003 838 1062 valeaer
861 1008 1139 1073 decenter,
1182 1017 1240 1062 ut
1268 1007 1496 1063 Domino
1535 1011 1761 1066 devotas
1793 1013 2024 1082 possetis
2051 1012 2136 1067 di-

549 1109 675 1154 cere
705 1099 908 1165 laudes,
956 1099 1209 1154 videlicet
1254 1102 1412 1166 villis,
1448 1106 1670 1169 mansis,
1724 1105 1994 1170 domibus,
2032 1121 2138 1160 sero

552 1195 652 1258 vis,
675 1191 914 1258 anellis,
950 1194 1134 1258 terris,
1159 1194 1339 1258 cultis,
1383 1201 1439 1250 et
1469 1198 1702 1265 incultis,
1737 1197 1910 1263 silvis,
1946 1201 2132 1269 pratis,

551 1285 785 1356 pascuis,
816 1295 873 1340 ev
893 1287 1206 1355 redditibus,
1232 1287 1702 1352 decimationibus,
1731 1301 1890 1362 atque
1920 1293 2136 1345 univer-

548 1375 646 1440 sis,
678 1385 806 1443 qua!
838 1375 908 1430 ab
935 1376 1160 1446 eisdem,
1191 1379 1276 1434 vel
1315 1382 1370 1434 in'
1400 1379 1600 1434 eisdem
1628 1381 1847 1450 utiliter,
1877 1399 1937 1437 ac
1965 1385 2134 1436 ratio-

549 1466 806 1523 nobiliter
827 1470 1022 1538 accipi,
1055 1471 1142 1525 vel
1187 1470 1302 1525 ﬁeri
1330 1480 1551 1540 possunt
1597 1473 1718 1539 sibi,
1753 1476 1972 1544 suisque
2010 1489 2135 1529 suc-

549 1561 859 1616 cessoribus-
885 1573 986 1634 pet'
1015 1564 1153 1618 hanc
1182 1567 1348 1618 nostri
1382 1567 1541 1620 edicti
1577 1571 1951 1638 prteceptalem
1985 1570 2136 1640 pagi-

553 1671 674 1715 nam
717 1669 973 1731 perpetuo
1006 1661 1246 1718 habenda
1279 1679 1582 1721 censemus.
1615 1665 1927 1733 Statuimus,
1972 1675 2135 1735 atque

554 1751 828 1810 ﬁrmemus
849 1753 990 1826 qu‘od
1007 1757 1058 1812 in
1089 1755 1276 1825 ipsius,
1302 1753 1522 1827 ejusque
1547 1773 1918 1814 successorum
1945 1758 2016 1812 sit
2036 1759 2131 1813 do-

2245 556 2433 610 rationi
2491 564 2590 608 tum
2621 554 2806 608 silvam
2843 568 2908 607 ex
2954 561 3104 606 curte
3135 560 3314 607 nostra
3345 552 3490 607 Gena
3514 554 3826 609 cohaerente

2242 659 2337 716 per
2372 646 2484 702 loca
2511 647 2782 714 designata
2807 661 2869 699 ex
2904 659 3005 699 una
3030 653 3182 714 parte
3204 643 3363 700 ﬂuvio
3393 639 3644 708 Panario,
3676 653 3731 700 et
3761 647 3828 701 ah

2240 738 2338 792 alia
2369 749 2513 808 parte
2569 749 2735 809 usque
2788 733 3133 808 piscationes,
3187 741 3243 789 ct
3269 735 3635 806 suprascripta
3696 737 3832 792 silva

2240 841 2408 900 usque
2446 829 2496 883 in
2532 829 2646 883 rivo
2677 831 2908 889 mortuo,
2949 842 2978 880 a
3011 827 3164 882 tertia
3211 837 3361 898 parte
3390 833 3557 882 strata
3587 825 3827 898 publica,

2238 937 2268 976 a
2299 927 2484 990 quarta
2517 933 2668 987 vero,
2723 920 2972 989 prmdicta
3004 919 3157 986 silva,
3208 928 3261 974 et
3299 917 3520 989 paludes
3548 935 3658 976 una
3706 935 3830 975 cum

2239 1013 2453 1068 basilica
2509 1011 2648 1068 beati
2689 1005 2902 1066 Martini
2938 1005 3265 1066 Confessoris
3293 1005 3515 1076 Christi,
3561 1019 3833 1082 quatenus

2239 1102 2310 1164 ibi
2332 1107 2439 1176 jam
2467 1107 2630 1161 fatum
2654 1105 2956 1161 coenobium
2977 1104 3360 1160 construeretis
3390 1103 3527 1159 sicut
3547 1109 3605 1158 et
3627 1097 3832 1158 factum

2237 1209 2337 1252 est.
2396 1198 2545 1253 Nunc
2580 1207 2756 1252 autem
2789 1187 3079 1266 postulavit
3127 1195 3399 1250 veneratio
3450 1206 3538 1250 tua
3587 1206 3833 1252 nostram

2238 1291 2544 1360 prtecelsam
2571 1300 2903 1358 potestatem,
2936 1297 2992 1342 et
3011 1287 3258 1342 dilectam
3277 1285 3558 1358 conjugem
3587 1296 3832 1342 nostram

2237 1381 2616 1446 Gisaltrudatn,
2645 1378 3035 1448 quatenusjam
3064 1376 3212 1433 dicto
3241 1378 3596 1443 monasterio,
3628 1377 3835 1432 veltua‘.

2235 1475 2567 1530 venerationi
2587 1475 2693 1544 jam
2718 1474 2914 1528 dictam
2933 1472 3142 1537 silvam,
3167 1464 3326 1527 sicuti
3343 1470 3669 1526 cohzerentia
3693 1469 3834 1524 dicta

2235 1573 2320 1622 est
2343 1579 2462 1622 eum
2492 1563 2766 1630 omnibus,
2816 1575 2936 1634 qua:
2962 1566 3209 1634 superius
3258 1565 3402 1629 s’unt‘,
3456 1578 3553 1632 per
3583 1567 3831 1617 nostrum

2236 1665 2561 1730 pra-ceptum
2591 1637 2914 1714 confirmare
2954 1657 3294 1713 deberemus.
3352 1649 3500 1724 Aqua
3547 1653 3616 1711 de
3668 1653 3832 1709 fluvio

2234 1751 2378 1806 Geua
2408 1750 2542 1805 utad
2568 1749 2866 1821 cujuspiam
2892 1748 3124 1803 hominis
3156 1757 3466 1818 potestatem
3499 1748 3836 1802 subtractam

553 1846 724 1900 minio
743 1823 1132 1916 praenominare
1155 1823 1356 1915 curres;
1382 1823 1630 1905 ριἰεηεεις
1652 1851 1810 1905 simul
1827 1861 2136 1921 οοηιρειεη-
2164 1823 2220 1893 Β
2242 1858 2345 1897 non
2379 1844 2488 1907 ﬁat,
2521 1851 2681 1914 atque
2705 1843 2892 1898 subtus
2921 1847 3089 1896 strata
3123 1835 3332 1910 publica
3354 1838 3528 1895 nullus
3562 1839 3836 1894 molendi-

555 1945 636 1992 tcr
659 1945 866 2010 regere,
895 1933 1017 2007 frui,
1043 1951 1201 2011 atque
1228 1941 1316 1998 ubi
1341 1941 1968 2011 oportuerit,monachos
1991 1943 2137 1998 ordi-

557 2043 686 2086 nare
715 2028 952 2087 omnium
984 2031 1434 2101 contradictione,
1482 2037 1884 2106 inquietatione,
1918 2051 1980 2090 ac
2009 2051 2137 2092 con-

557 2124 800 2179 tentione
823 2131 1050 2181 remota.
1082 2123 1465 2181 interdicentes
1506 2127 1854 2195 omnimodis,
1887 2137 1941 2183 et
1975 2129 2139 2182 inter-

556 2213 838 2280 minantes,
893 2224 951 2269 ttt
1004 2213 1179 2272 nullus
1228 2217 1356 2283 dux,
1401 2221 1491 2272 aut
1537 2218 1794 2283 marchio,
1827 2220 2136 2288 episc0pus,

554 2321 756 2372 comes,
789 2307 1116 2376 viceComos,
1145 2325 1239 2364 seu
1268 2303 1504 2374 dal‘cltio,
1549 2328 1640 2366 seu
1668 2311 1787 2380 quis
1813 2313 2142 2364 actionaritts

554 2397 846 2466 cuiuslibet
871 2399 1164 2467 dignitatis,
1197 2395 1280 2455 vel
1313 2401 1637 2457 conditiOnis
1669 2403 1937 2466 sublimis,
1973 2401 2144 2456 humi-

556 2488 696 2544 ltsve‘
720 2497 962 2558 personm
989 2498 1175 2544 contra
1207 2492 1307 2545 hoc
1350 2501 1547 2546 nostrm
1585 2493 1918 2549 auctoritatis
1947 2507 2145 2562 praece-

559 2591 710 2651 ptum
747 2581 980 2649 qualibet
1036 2585 1468 2653 prmsnmptione,
1503 2583 1588 2640 vel
1634 2585 1916 2639 occasione
1957 2600 2138 2654 agere,

559 2683 652 2731 aut
683 2683 888 2729 tentare
938 2686 1247 2744 prmsnmat.
1282 2673 1336 2734 Si
1367 2680 1486 2748 quis
1529 2689 1736 2743 autem,
1782 2675 1922 2748 quod
1978 2678 2142 2743 absit,

559 2781 690 2826 ausu
755 2769 1038 2826 temerario
1093 2763 1384 2842 infringere
1437 2771 1609 2841 ipsum
1672 2771 2146 2841 parvipendendo,

557 2871 650 2920 aut
677 2863 955 2919 annull'are
987 2864 1418 2932 prtesutnpscrit,
1452 2864 1630 2917 debita
1675 2864 1740 2924 ab
1771 2862 1961 2916 eodem
1987 2861 2147 2915 ultio-

559 2973 649 3026 tre,
682 2967 898 3012 centum
931 2959 1043 3012 auri
1080 2958 1241 3012 libras
1289 2957 1489 3011 exsolvi
1539 2955 1842 3020 indicimus,
1889 2957 2148 3009 medieta-

562 3058 667 3105 tem
707 3042 936 3104 emncfa:
970 3057 1191 3113 nostrae,
1221 3063 1282 3104 ac
1307 3049 1645 3104 medietatem
1683 3048 1950 3117 praedictae
1983 3047 2148 3101 abba-

564 3142 671 3207 ιὶξε,
703 3141 918 3210 suisque
960 3140 1282 3206 rectoribus,
1316 3149 1369 3194 et
1421 3149 1681 3209 perpetuo
1711 3141 2054 3193 anathemate
2093 3139 2144 3191 in

563 3236 714 3304 ignea
752 3231 945 3306 abyssi)
991 3235 1200 3303 ligetur.
1239 3227 1306 3288 Et
1345 3245 1401 3288 ut
1445 3233 1546 3288 hoc
1587 3241 1909 3303 praeceptum
1942 3233 2144 3300 absque

567 3320 715 3380 omni
762 3321 1125 3396 inquietudine
1176 3325 1232 3380 iu
1259 3341 1353 3380 sua
1412 3321 1702 3392 soliditate,
1753 3336 1806 3380 et
1850 3324 2143 3380 stabilitate

566 3425 891 3486 perseveret,
935 3426 1091 3471 manu
1124 3427 1305 3472 nostra
1347 3416 1474 3474 illud
1513 3418 1845 3474 ﬁrmavimus
1887 3432 1952 3472 ac
1994 3431 2146 3472 more

566 3517 747 3566 nostro
777 3511 1021 3581 insigniri
1058 3511 1332 3581 iussimus.

636 3605 856 3673 Signum
889 3605 1068 3658 domui
1105 3602 1296 3660 Rachis
1328 3597 1467 3675 regis
1491 3604 1845 3661 invictissimi.

636 3689 1025 3766 Wiucltingbtt's
1074 3697 1573 3751 archicancellarius
1631 3695 1698 3751 ad
1749 3699 1918 3753 vicem
1973 3695 2147 3756 Lede-

565 3785 701 3840 mari
739 3785 1150 3857 arebicap‘ellani
1179 3788 1487 3855 recognovi,
1530 3795 1582 3842 et
1609 3788 1923 3859 subscripsi.

640 3872 834 3931 Datum
861 3873 991 3931 Idib.
1019 3875 1158 3941 Maii,
1190 3889 1332 3931 anno
1361 3879 1740 3934 inearuationis
1773 3877 1981 3934 Domini
2012 3873 2144 3951 742,

561 3972 594 3999 ἰ’
623 3967 914 4024 l'ndiCtione
957 3987 1010 4038 χ,
1064 3985 1205 4026 anno
1258 3971 1406 4043 regni
1455 3973 1785 4028 sereniSsimi
1832 3971 2030 4028 Rachis
2063 3990 2148 4029 re-

571 4058 650 4126 gis
696 4071 756 4111 ttt
782 4056 830 4113 δ.
864 4089 873 4103 ι

643 4149 836 4205 Actum
863 4147 1096 4207 civitatis
1124 4151 1373 4221 Clusinae,
1405 4154 1458 4210 in
1507 4153 1600 4211 Dei
1630 4153 1847 4213 nomine
1897 4155 2146 4216 feliciter.

569 4239 766 4298 limen.

571 4484 852 4558 W
875 4484 1014 4556 ηρσ
1035 4483 1382 4555 privilegium,-
1417 4483 1554 4552 σεοό
1583 4484 1956 4544 Nomium
1979 4497 2160 4546 ωπον

891 4565 904 4575 ’
1003 4555 1082 4610 bio
1115 4557 1360 4610 concessit
1390 4557 1553 4622 (μηηο
1577 4556 1734 4630 755),
1880 4617 1884 4626 ι

646 4669 862 4726 Παπίας
886 4669 1224 4741 Ayatulpbua
1239 4669 1320 4724 vir
1340 4671 1836 4728 eaeellentissimus
1855 4688 1947 4730 rex
1972 4687 2166 4731 meum

578 4761 1199 4818 sterio-beatissimam
1228 4763 1522 4832 principum
1546 4769 1906 4835 apostolorum
1935 4770 2076 4824 Petri
2105 4780 2164 4826 et

582 4853 872 4909 Paulisito
898 4853 1176 4910 territorio
1195 4855 1510 4922 “manune,
1544 4858 1660 4911 loco
1699 4859 1788 4927 qui
1819 4860 2009 4914 dicitur
2053 4862 2160 4916 No-

579 4944 822 5012 naotuln,
852 4953 907 4999 et
933 4947 1224 5000 venerabili
1259 4945 1374 5002 viro
1401 4949 1653 5004 Anselmo
1677 4951 1878 5017 abbati,
1912 4966 2006 5008 seu
2027 4968 2166 5011 cun-'

581 5039 680 5092 ctis
707 5039 1131 5108 congregationis
1155 5040 1349 5097 ibidem
1382 5042 1818 5100 consiswntibus.
1862 5045 1998 5101 Cum
2029 5087 2048 5102 .
2079 5083 2102 5103 .
2140 5089 2162 5106 ι

583 5146 685 5187 nos
698 5146 806 5187 non
834 5133 1007 5188 solum
1030 5147 1220 5187 curam.
1234 5135 1364 5202 Deo,
1391 5137 1486 5192 sed
1507 5152 1686 5193 coram
1714 5141 2020 5197 hominibus
2037 5158 2160 5213 pro-

585 5223 770 5279 videre
812 5225 1027 5280 mouit
1062 5225 1225 5280 bonas
1303 5230 1436 5294 Quid
1462 5231 1615 5285 aliud
1644 5232 1831 5288 docuit
1872 5251 2030 5305 quam
2063 5245 2170 5294 nos

583 5323 768 5370 omnes
787 5315 1008 5386 diligere
1039 5316 1306 5387 homines,
1339 5322 1567 5378 maxime
1589 5327 1980 5386 venerabilibus
2007 5330 2162 5400 locis,

581 5414 634 5460 et
655 5407 986 5476 sapientibus
1007 5409 1075 5464 de
1096 5411 1296 5467 nostris
1315 5413 1503 5482 opibus
1531 5417 1855 5474 subvenire?
1883 5421 2171 5481 Manifesta

651 5539 689 5624 “
719 5540 1069 5623 Scribendum
1101 5545 1288 5624 indict.
1332 5565 1423 5616 xv,
1453 5567 1544 5606 an.
1571 5552 1697 5617 747,
1731 5559 1850 5624 quia
1887 5575 2027 5614 anno
2058 5563 2174 5616 ’λθ

581 5619 701 5694 erat
728 5619 780 5665 in
800 5619 964 5694 vivis.
993 5619 1502 5694 re§_Ltti_tprantlus.
1557 5625 1622 5678 Et
1671 5619 1838 5682 annus
1890 5630 1995 5684 747
2044 5645 2172 5690 (ξι-³ο

583 5682 779 5760 tertius
800 5682 1021 5760 Raetiis.
1053 5686 1184 5744 Vide
1215 5682 1432 5760 l’agiutu
1463 5695 1516 5748 in
1546 5697 1685 5750 Ann.
1724 5698 1969 5754 Baronii.

653 5745 683 5792 Β
700 5822 712 5832 .
732 5749 858 5832 Post
901 5757 1172 5832 fundatum
1222 5745 1400 5828 autem
1419 5745 2175 5830 ‘A'ihmtmﬁ'ﬁimtnm.

585 5820 782 5881 Raetiis
823 5827 961 5898 apud
1014 5841 1250 5888 montem
1297 5820 1550 5894 Casinum
1592 5820 2157 5906 monachuit-tﬂinil-uit:

2239 1951 2362 1989 num
2377 1931 2641 1989 :edilicare
2656 1941 2947 2004 praesumat
2960 1949 3127 2002 usque
3145 1929 3276 1988 lines
3295 1929 3503 1987 illorum
3522 1929 3833 1996 fluminum,

2238 2035 2430 2097 prmter
2459 2025 2593 2082 duos
2623 2025 2960 2081 molendinos
2984 2026 3033 2079 in
3052 2033 3200 2080 curte
3231 2021 3498 2078 Panciano
3515 2021 3834 2077 aediﬁcanda

2240 2119 2354 2174 sine
2394 2121 2630 2191 ipsorum
2665 2119 2877 2174 licentia
2925 2119 3332 2173 monachorum.
3416 2115 3526 2172 Nos
3565 2131 3699 2171 vero
3745 2113 3836 2170 Dei

2240 2209 2627 2279 omnipotentis
2656 2210 2986 2265 confidentes
3026 2201 3468 2274 misericordiam,
3502 2216 3558 2262 et
3593 2216 3834 2260 vestram

2241 2317 2526 2371 congruam
2544 2297 2893 2357 obaudientes
2906 2302 3238 2370 petitionem,
3256 2301 3638 2355 conﬁrmamus
3652 2298 3707 2353 in
3728 2298 3840 2367 ipso

2243 2403 2428 2449 sancto
2460 2394 2788 2450 monasterio
2814 2393 2898 2448 vel
2925 2394 3250 2448 venerationi
3276 2404 3470 2448 vestra:
3495 2393 3608 2464 jam
3636 2391 3838 2445 dictam

2243 2489 2460 2552 silvam,
2493 2487 2640 2557 iusta
2667 2497 2723 2540 ut
2754 2489 3076 2542 cohaerentia
3116 2487 3254 2542 dicta
3284 2495 3386 2542 est.
3440 2485 3842 2542 Conﬁrmatuna

2243 2577 2402 2631 etiam
2447 2578 2497 2630 in
2529 2575 2716 2629 eodem
2750 2586 2933 2629 sancto
2991 2576 3317 2629 monasterio
3371 2579 3552 2630 vestro
3604 2576 3838 2630 insulam

2246 2684 2427 2730 unam,
2485 2683 2602 2736 qua:
2626 2682 2745 2722 esse
2775 2668 2982 2721 videtur
3023 2669 3162 2721 inter
3212 2659 3494 2722 Panarium
3539 2676 3597 2722 et
3641 2667 3838 2722 fossam

2247 2775 2365 2828 qua:
2387 2759 2580 2813 dicitur
2601 2759 2790 2812 Munda
2819 2773 2910 2828 per
2928 2760 3201 2828 designata
3230 2761 3365 2824 loca,
3386 2761 3453 2814 ab
3474 2761 3688 2816 oriente
3707 2777 3840 2829 pra:-

2248 2853 2420 2906 dietus
2446 2849 2636 2905 fluvius
2670 2851 2947 2916 Panarius,
2981 2867 3008 2905 a
3042 2849 3263 2908 meridie
3289 2854 3410 2908 villa
3469 2852 3732 2921 Saliceto,
3775 2853 3841 2910 ab

2249 2947 2525 3000 occidente
2556 2943 2805 3014 praedicta
2832 2945 2966 2998 fossa
2999 2944 3212 3010 Munda,
3244 2956 3296 2998 et
3342 2941 3654 3013 Militantia,
3674 2956 3835 3016 atque

2251 3042 2380 3095 silva
2413 3041 2729 3103 communis,
2774 3047 2826 3092 et
2855 3038 2922 3093 de
2950 3037 3139 3093 subtus
3168 3039 3307 3092 fossa
3333 3048 3539 3092 mortua
3573 3039 3836 3094 existente

2256 3135 2308 3188 in
2342 3129 2588 3196 Panario',
2616 3141 2671 3185 ut
2703 3145 2859 3184 nemo
2890 3129 2939 3184 in
2973 3130 3240 3198 pra-dictis
3289 3129 3448 3184 fossis
3499 3130 3587 3184 vel
3620 3129 3836 3185 flumine

2254 3221 2445 3279 audeat
2473 3222 2838 3278 tnolcndintnn
2869 3222 3134 3277 a-dtﬁcare
3159 3221 3358 3292 absque
3382 3237 3652 3277 consensu
3681 3219 3836 3278 abba-

2249 3316 2316 3373 tis
2344 3329 2432 3371 aut
2475 3319 2878 3372 monachorum.
2932 3314 3037 3370 Nec
3061 3330 3164 3369 non
3187 3313 3564 3368 conﬁrmamus
3596 3314 3693 3369 tibi
3721 3329 3836 3368 om-

2248 3426 2345 3466 nes
2376 3410 2491 3465 illas
2515 3425 2623 3474 res,
2655 3423 2787 3478 quas
2812 3416 2934 3461 ante
2959 3407 3057 3462 hos
3073 3407 3185 3462 dies
3217 3417 3318 3460 tua:
3344 3407 3652 3477 largivimus
3672 3421 3838 3463 vene-

2248 3505 2464 3560 rationi.
2518 3502 2735 3557 Curtcm
2789 3518 3004 3572 quoque
3033 3501 3292 3557 Canetulo
3331 3500 3382 3554 in
3415 3501 3688 3556 territorio
3731 3497 3841 3554 Mu-

2251 3595 2441 3653 tinensi
2469 3612 2588 3650 cum
2618 3595 2862 3650 omnibus
2889 3594 3220 3666 pertinentiis
3247 3593 3378 3657 suis,
3421 3593 3534 3646 sive
3562 3592 3698 3645 duas
3721 3605 3842 3660 por-

2249 3689 2424 3744 tiooes
2473 3689 2539 3744 de
2570 3688 2703 3743 silva
2755 3688 3035 3755 Lupulclo,
3088 3701 3186 3742 seu
3229 3685 3416 3738 silvam
3459 3677 3846 3751 Mutinensem,

2251 3781 2658 3853 Madegaticum,
2719 3781 3034 3851 Caprinam,
3079 3777 3473 3842 Pontenariam,
3529 3787 3585 3832 et
3625 3777 3844 3846 paludes

2254 3871 2640 3930 Gromulenses
2670 3890 2837 3944 usque
2869 3875 2925 3928 in
2957 3871 3175 3927 limitem
3208 3871 3569 3935 decimanum,
3603 3871 3696 3939 qui
3723 3884 3844 3937 per-

2251 3971 2418 4022 currit
2447 3967 2584 4022 iuter
2611 3965 2884 4022 Gavanutn
2919 3974 2973 4020 et
3024 3964 3200 4018 villam
3234 3963 3500 4030 L'lianam,
3550 3971 3603 4017 et
3633 3961 3704 4016 de
3730 3965 3850 4031 ipso

2254 4061 2424 4116 limite
2451 4063 2501 4116 iu
2533 4059 2815 4116 Panarium
2853 4059 3126 4125 veniente,
3169 4068 3221 4114 et
3247 4057 3314 4112 de
3351 4058 3436 4112 via
3466 4057 3849 4114 decimanense

2254 4158 2500 4213 habeatis
2529 4157 2882 4211 communiter
2932 4169 3100 4225 usque
3145 4153 3196 4209 in
3227 4153 3483 4209 fossatum
3530 4151 3693 4207 ﬁnale
3723 4165 3846 4206 cum

2256 4247 2674 4314 Decimanense,
2698 4258 2750 4302 et
2766 4247 3050 4302 Ulianense
3067 4244 3357 4301 secundum
3375 4258 3559 4300 eorum
3573 4242 3849 4298 cohaeren-

2261 4341 2378 4408 tius,
2411 4349 2570 4410 atque
2592 4357 2653 4394 ex
2680 4356 2739 4393 ea
2766 4350 2913 4408 parte
2941 4339 3072 4394 lines
3103 4339 3417 4392 Delamense
3438 4337 3489 4390 in
3513 4335 3707 4390 Casale
3732 4335 3846 4390 Mo-

2257 4431 2529 4494 denulam,
2554 4442 2605 4486 et
2627 4431 2916 4486 secundum
2935 4432 3079 4484 vadit
3099 4431 3281 4500 argine
3295 4429 3467 4484 Salise
3488 4443 3612 4484 cum
3634 4426 3848 4496 paludi-

2181 4540 2244 4614 Β.
2263 4523 2360 4576 bus
2381 4528 2513 4588 suis,
2537 4537 2628 4576 seu
2652 4523 2770 4576 vico
2784 4519 2965 4576 Siculo
2986 4535 3105 4575 cum
3119 4520 3365 4574 omnibus
3381 4518 3722 4588 pertinentiis
3737 4517 3850 4574 suis

2260 4619 2314 4674 in
2337 4618 2620 4685 integrum,
2650 4625 2704 4670 et
2726 4625 2879 4685 porto
2892 4631 3011 4672 cum
3028 4616 3251 4671 ecclesia
3275 4614 3413 4669 beati
3429 4612 3573 4668 Petri
3593 4611 3854 4682 apostoli,

2261 4724 2382 4779 qua:
2407 4711 2474 4762 ab
2503 4708 2629 4774 ipsis
2655 4709 2916 4761 aediﬁcata
2945 4716 3028 4762 est
3059 4707 3329 4762 massariis
3361 4705 3586 4771 nostris,
3613 4720 3726 4760 uno
3753 4719 3848 4761 ca.-

2263 4797 2372 4868 pite
2402 4807 2616 4853 tenente
2647 4798 2698 4852 in
2721 4797 2838 4851 vico
2868 4796 3258 4864 Guarcinense,
3302 4801 3553 4854 veniente
3583 4800 3636 4852 in
3669 4798 3848 4853 Pana-

2263 4890 2421 4955 rium,
2447 4905 2511 4943 ex
2534 4889 2637 4944 alio
2661 4905 2789 4945 vero
2808 4891 2973 4946 latere
2994 4891 3045 4946 iu
3070 4892 3224 4944 ﬁnem
3244 4890 3526 4956 Lamense,
3550 4899 3606 4944 et
3629 4890 3848 4944 fluvium

2261 4977 2590 5045 Scultenam,
2615 4981 2774 5047 quiet
2800 4975 3018 5035 Panaris
3038 4981 3330 5035 deducendi
3350 4982 3545 5035 habent
3573 4980 3850 5036 licentiam

2262 5071 2582 5139 ubicumque
2602 5071 2710 5124 alio
2726 5072 2893 5126 visum
2917 5072 3102 5137 Merit,
3127 5083 3184 5127 ev
3207 5086 3270 5127 ne
3287 5073 3423 5127 ultus
3446 5074 3718 5127 interioris
3741 5087 3853 5125 ma-

2266 5169 2454 5232 gnmve
2497 5163 2771 5231 potestatis
2815 5164 2978 5218 homo
3005 5164 3328 5231 molendina,
3357 5165 3438 5217 vel
3485 5178 3700 5232 portum
3731 5180 3850 5218 cum

2263 5253 2631 5320 Saudonibus,
2669 5265 2758 5308 aut
2788 5271 2950 5310 naves
2971 5255 3028 5310 in
3053 5257 3168 5324 ipso
3199 5255 3390 5321 ﬂuvio,l
3415 5257 3496 5309 vel
3525 5256 3578 5309 in
3609 5254 3827 5310 baratri

2264 5361 2396 5400 nam.
2432 5347 2698 5400 aediﬁcare
2727 5347 2936 5411 audeat,
2991 5347 3458 5416 aut-piscationem
3499 5348 3710 5416 facere,
3766 5357 3864 5404 aut

2263 5453 2384 5493 cum
2414 5438 2624 5508 navigio
2649 5451 2866 5509 pergere
2909 5441 3030 5496 sine
3055 5447 3237 5496 vestra
3258 5441 3489 5498 licentia.
3551 5442 3718 5514 igitur
3767 5457 3852 5498 se—

2267 5575 2473 5652 Deiude
2523 5576 2662 5629 idem
2717 5577 3100 5652 monaSterlum
3149 5576 3376 5634 Carolus
3429 5581 3674 5652 Magnus,
3741 5593 3849 5636 tum

2265 5648 2581 5719 t'eddttibus,
2633 5658 2744 5701 tum
2795 5650 3089 5717 splendidis
3137 5648 3601 5719 iurisdictionibus
3655 5653 3852 5708 mirum

2265 5717 2317 5771 in
2350 5719 2563 5770 modum
2595 5720 2761 5772 auxit.
2819 5722 2954 5784 Quae
2997 5717 3173 5774 omnia
3209 5721 3505 5777 Ludovicus
3546 5725 3670 5778 inde
3725 5720 3859 5783 Plui

2265 5788 2406 5844 ﬁlius
2435 5789 2711 5846 favorabili
2739 5789 3034 5860 diplomate
3062 5792 3430 5851 constabilivit‘
3461 5807 3608 5850 anno
3649 5793 3779 5850 8’16.
