4026 6352
499 331 636 408 riis

1696 327 2306 392 LANGOBARDORUM
2345 323 2582 393 REG‘UM

3636 335 3774 396 ωε

497 479 741 540 persona
768 441 1170 534 impedimento.
1222 454 1611 514 Confirmamus
1637 453 1796 508 etiam
1824 452 2000 516 vobis,
2027 458 2081 506 et
2107 449 2158 510 Δ
2187 451 2380 507 rendas
2400 465 2727 522 consurgere
2743 450 2960 519 audeat,
2991 451 3079 508 vel
3097 451 3315 540 exigere
3335 463 3653 524 pmsumat,
3680 457 3777 513 sed

499 559 752 630 prmdicto
779 552 1105 610 monasterio
1133 560 1334 615 vestro,
1385 557 1443 602 ut
1480 583 1496 600 .
1540 586 1554 601 .
1597 583 1612 599 .
1667 544 1934 600 civitatem
1966 542 2083 596 sive

495 654 564 708 de
594 648 919 714 Ferrariam,
948 644 1034 700 vel
1058 642 1408 706 Comaclium,
1440 647 1493 693 ttt
1537 637 1823 709 quamlibet
1859 633 2084 689 ubilibet

496 743 822 800 functionem
863 779 880 793 .
923 774 940 792 .
981 773 1001 793 .
1057 738 1108 790 in
1136 733 1456 805 quibuslibet
1483 731 1642 794 locis,
1669 738 1724 785 et
1752 727 2080 792 civitatibus,

496 850 592 892 seu
615 834 778 890 clusis
809 831 960 902 regni
991 829 1182 893 nostri,
1231 836 1389 896 atque
1438 825 1688 895 negotiis,
1729 822 1841 878 sive
1892 822 1958 877 de
1996 820 2080 875 in-

496 926 809 983 strumentis
840 927 1144 979 chartarum
1176 917 1598 989 disrumpendis,
1629 931 1723 970 seu
1754 915 1821 970 de
1850 914 2080 969 advoca-

497 1023 563 1076 tis
587 1022 791 1090 quales,
839 1027 892 1072 et
923 1016 1294 1083 undecumque
1323 1011 1519 1081 eligere
1563 1009 1830 1064 voluerint
1855 1007 2080 1062 liberam

499 1113 738 1169 habeatis
770 1117 1106 1181 potestatem.
1179 1105 1286 1159 Nec
1316 1119 1420 1157 non
1450 1112 1503 1158 et
1539 1103 1604 1156 de
1647 1099 2082 1171 inquisitionibus

497 1204 754 1262 faciendis
789 1216 882 1270 per
910 1200 1130 1254 idoneos
1158 1197 1406 1252 homines
1445 1195 1514 1250 de
1542 1193 1995 1264 possessionibus,
2029 1201 2084 1247 et

498 1302 656 1365 rebus
684 1294 992 1352 monasterii
1021 1295 1184 1350 vestri
1215 1309 1309 1362 per
1329 1291 1515 1362 viginti
1546 1306 1736 1357 annos,
1763 1306 1858 1345 seu
1880 1291 1947 1344 de
1970 1290 2084 1359 pla-

497 1393 635 1456 citis,
669 1400 723 1445 et
752 1389 819 1444 de
842 1387 1300 1459 pignoratiouibus
1327 1397 1626 1440 veStrorum
1645 1384 1942 1448 hominum,
1969 1383 2083 1438 sive

495 1485 562 1539 de
587 1483 938 1546 immunitate,
970 1496 1088 1550 quae
1118 1491 1198 1535 est
1229 1480 1444 1549 triginta
1479 1480 1642 1533 libras
1671 1477 1900 1548 argenti,
1935 1487 1988 1532 et
2014 1479 2083 1534 de

496 1580 574 1630 via
603 1592 694 1644 per
722 1574 1165 1638 Wialzachinum,
1217 1587 1308 1626 seu
1365 1572 1430 1625 de
1461 1586 1594 1640 aqua
1631 1571 1773 1624 fluvii
1804 1569 1966 1624 Gens:
2014 1571 2080 1626 ad

495 1670 815 1724 Molendina.
874 1668 1130 1722 Similiter
1177 1676 1229 1720 et
1275 1666 1656 1720 confirmamus
1699 1665 1849 1720 vobis
1879 1705 1894 1729 ,
1936 1675 1987 1719 et
2030 1665 2083 1719 in

496 1763 715 1834 praefato
735 1763 981 1819 ctenobio
1011 1771 1191 1816 vestro
1225 1760 1495 1814 chartulas
1524 1769 1719 1813 vestrae
1751 1758 2079 1823 donationis,

493 1869 626 1922 quas
655 1853 808 1908 vobis
839 1853 1145 1913 Anscausus
1175 1854 1457 1922 episcopus
1484 1861 1536 1906 et
1566 1850 1894 1904 Guidualdus
1916 1850 2084 1904 medi-

491 1960 587 2001 cus
608 1946 902 2001 emiserunt
931 1961 1048 1999 cum
1079 1945 1329 2000 omnibus
1353 1944 1511 1998 rebus
1536 1942 1637 1997 illis
1677 1943 1728 1996 in
1759 1942 1863 2008 his,
1889 1943 2084 2010 quibus

495 2039 547 2093 in
571 2039 649 2093 eis
679 2039 834 2094 liberi
868 2040 1114 2093 homines
1144 2053 1239 2107 per
1266 2038 1537 2091 chartulas
1580 2035 1906 2106 proscriptas
1954 2051 2084 2089 con-

492 2131 745 2196 tulerunt,
777 2140 832 2185 ut
855 2130 1078 2184 firmiter
1106 2145 1200 2183 vos
1230 2139 1283 2183 et
1306 2128 1581 2198 praefatum
1613 2127 1916 2182 coenobium
1957 2141 2080 2194 pos-

492 2223 730 2276 sideatis.
781 2221 1010 2277 Mercata
1041 2221 1200 2276 etiam
1231 2221 1281 2274 in
1314 2219 1543 2287 pr0priis
1571 2219 1810 2287 ejusdem
1835 2219 2083 2272 ecclesia:

492 2314 632 2383 agris
655 2323 710 2368 et
732 2314 889 2368 terris
911 2312 1256 2369 construendi
1287 2313 1555 2367 licentiam
1583 2312 1847 2378 habeatis,
1874 2322 1928 2366 et
1961 2328 2085 2366 con-

490 2405 714 2460 ducendi
747 2404 944 2460 ibidem
975 2405 1184 2460 diversa
1215 2405 1582 2465 mercimonia.
1613 2411 1666 2456 et
1699 2404 2081 2472 negotiatores,

490 2507 847 2567 cunctumque
877 2498 1196 2559 Tunoleum,
1227 2505 1280 2551 et
1305 2495 1553 2566 quicquid
1586 2494 1652 2549 de
1675 2495 1806 2562 ipsis
1836 2496 2084 2550 mercatis

489 2589 634 2658 exigi
666 2598 837 2657 potest
869 2588 1123 2643 fratribus
1173 2587 1366 2643 ibidem
1399 2587 1508 2643 Deo
1565 2587 1938 2641 l‘amulantibus
1963 2602 2083 2656 per-

490 2683 660 2737 tinere
686 2681 804 2736 sine
833 2683 990 2737 ullius
1015 2683 1456 2738 contradictione.
1505 2681 1764 2736 Jubemus
1796 2682 1992 2749 itaque,
2027 2690 2083 2734 ut

489 2773 810 2842 quicumque
858 2790 920 2828 ex
957 2774 1140 2829 liberis
1181 2775 1485 2830 hominibus
1532 2775 1764 2830 voluerit
1791 2775 2082 2828 advocatus

489 2880 673 2920 eorum
711 2866 978 2920 hominum
1022 2866 1158 2931 fieri,
1207 2868 1294 2936 qui
1325 2882 1513 2921 causas
1536 2881 1659 2920 suas
1691 2882 1945 2936 peragere
1990 2882 2084 2922 ne-

490 2957 668 3011 sciunt
689 2959 888 3025 absque
917 2958 1139 3028 alicujus
1170 2961 1449 3028 potestatis
1484 2959 1676 3030 injuria
1723 2959 1888 3013 libera
1934 2970 2082 3029 pote-

490 3055 630 3102 state
655 3049 945 3117 persistere
967 3051 1190 3117 faciatis,
1222 3052 1470 3121 guardias
1494 3067 1680 3106 eorum
1714 3051 1956 3120 recipere
1980 3067 2080 3105 vo-

491 3135 718 3202 lueritis,
746 3148 798 3193 et
819 3139 985 3192 abbas
1015 3141 1094 3194 vel
1129 3141 1465 3208 przepositus,
1486 3155 1582 3194 seu
1629 3141 1944 3206 advocatus,
1987 3150 2081 3196 aut

491 3227 688 3282 missus
718 3242 905 3283 eorum
922 3229 1148 3285 reddere
1173 3231 1423 3299 voluerit,
1457 3231 1630 3285 nullus
1661 3231 1916 3300 impedire
1946 3249 2079 3302 prte-

489 3329 684 3374 sutnat.
747 3319 1006 3375 Addimus
1053 3320 1248 3391 quippe
1280 3322 1448 3385 vobis,
1489 3323 1790 3392 vestrisque
1821 3324 2078 3392 posteris,

488 3420 543 3467 et
565 3413 616 3465 in
642 3412 866 3481 prmfato
898 3413 1223 3468 monasterio
1254 3424 1456 3478 vestro,
1503 3424 1561 3466 ut
1585 3430 1936 3484 quascumque
1965 3431 2084 3484 per-

489 3507 619 3559 sana
649 3507 866 3572 nobilis,
913 3507 999 3562 vel
1045 3507 1292 3576 ignobilis
1320 3508 1370 3561 in
1420 3507 1565 3561 omni
1599 3522 1764 3576 regno
1793 3507 1860 3561 de
1903 3521 2078 3571 sacro,

491 3597 574 3651 vel
601 3599 840 3653 saeculari
859 3600 1066 3666 ordine,
1093 3600 1158 3652 ad
1187 3600 1496 3666 praedictum
1521 3611 1763 3654 sanctum
1779 3601 2082 3654 cmnobium

489 3691 735 3762 refugere
755 3692 1001 3757 voluerit,
1045 3702 1136 3746 aut
1162 3707 1250 3746 res
1281 3708 1405 3746 suas
1436 3693 1632 3748 ibidem
1665 3693 1912 3749 conferre
1933 3710 2083 3763 qua:-

490 3784 642 3837 sierit
667 3799 772 3838 non
803 3799 1007 3852 comes,
1039 3793 1132 3838 aut
1157 3787 1398 3840 minister
1420 3786 1658 3854 publicus
1691 3786 1940 3840 videlicet
1959 3787 2083 3842 mis-

491 3889 584 3928 sus
616 3885 816 3942 noster,
860 3887 914 3931 et
965 3878 1336 3932 contradicere
1363 3878 1577 3939 audeat.
1631 3880 1722 3932 sed
1761 3879 1916 3933 liceat
1940 3879 1988 3933 ei
2021 3880 2084 3933 li-

494 3967 620 4020 bera
653 3977 914 4036 potestate
941 3969 1010 4022 de
1052 3983 1130 4033 se,
1187 3971 1404 4039 suisque
1446 3971 1694 4024 omnibus
1743 3972 1903 4024 rebus
1930 3970 2084 4040 quid-

498 4055 626 4119 quid
646 4057 873 4110 voluerit
891 4057 941 4110 in
967 4059 1153 4110 eodem
1172 4061 1498 4114 monasterio
1520 4062 1788 4117 conferre.
1824 4061 2082 4117 Volumus

494 4159 727 4215 quoque,
751 4155 804 4200 et
832 4147 1202 4215 concedimus,
1235 4159 1290 4203 ut
1325 4152 1757 4219 quandoquidem
1782 4154 1960 4207 divina
1985 4169 2082 4207 vo-

497 4239 707 4294 catione
735 4238 897 4294 abbas
928 4239 1091 4308 ipsius
1125 4243 1456 4311 monasterii,
1477 4242 1695 4312 ejusque
1718 4259 2079 4313 successores,

498 4367 515 4383 .
551 4369 563 4382 .
600 4370 614 4385 .
647 4331 714 4386 de
739 4332 850 4401 ipsa
869 4334 1505 4403 congregatiouequalem
1532 4336 1669 4389 inter
1691 4351 1750 4392 se
1780 4337 2080 4406 digniorem

494 4419 816 4488 invenerint,
841 4424 1108 4478 licentiam
1141 4423 1374 4480 habeant
1400 4426 1628 4495 eligendi
1660 4427 1931 4485 abbatem.
1973 4432 2081 4487 lte-

2109 3188 2156 3252 C

2185 542 2345 599 liceat
2381 543 2554 610 vobis,
2587 553 2643 599 et
2672 543 2863 599 vestris
2891 545 3122 614 posteris
3167 539 3308 600 cum'
3335 546 3589 601 omnibus
3617 550 3778 605 rebus

2183 632 2335 688 vobis
2385 635 2663 705 subjectis,
2717 645 2876 704 atque
2924 635 3230 692 hominibus
3284 639 3385 693 sub
3425 641 3780 698 immunitatis

2183 737 2372 783 vestra:
2397 729 2726 784 defensionis
2755 729 2936 799 quieto
2981 731 3173 785 ordine
3213 733 3531 800 consistere,
3588 751 3651 788 ac
3684 751 3779 806 pro

2184 822 2358 888 nobis,
2389 833 2679 893 nostraque
2704 822 2952 892 conjuge,
2987 826 3258 892 totiusque
3286 828 3435 896 regni
3467 829 3644 885 nostri
3674 843 3782 882 sta-

2182 913 2388 968 bilitate
2437 913 2532 969 Dei
2582 915 3012 970 misericordiam
3072 917 3468 974 delectabiliter
3525 935 3777 975 exorare.

2182 1004 2532 1076 Prascipimus
2562 1007 2799 1076 insuper,
2840 1017 2894 1061 ut
2933 1023 3034 1062 nec
3058 1023 3172 1073 vos,
3217 1025 3320 1065 nec
3364 1010 3530 1065 futuri
3558 1012 3782 1067 abhates

2182 1101 2411 1154 audeant
2461 1101 2762 1170 aliquorum
2822 1100 3098 1156 hominum
3158 1112 3474 1172 potestatein
3532 1106 3782 1162 conferre

2183 1194 2505 1264 scriptiones
2541 1195 2661 1248 sine
2689 1204 2894 1260 nostra,
2929 1194 3011 1249 vel
3043 1196 3276 1250 filiorum
3325 1208 3637 1252 nostrorum
3666 1199 3780 1268 jus-

2184 1287 2354 1353 sione,
2389 1299 2479 1342 aut
2508 1287 2754 1354 consilio,
2781 1290 2863 1342 vel
2892 1304 3162 1343 consensu
3202 1291 3439 1345 omnium
3485 1294 3782 1348 monachov

2185 1393 2328 1444 rum,
2361 1389 2453 1432 aut
2491 1378 2690 1448 injuste
2727 1379 3181 1449 disponendarum
3217 1397 3399 1436 rerum
3450 1385 3784 1440 muneratio~

2187 1485 2308 1524 nem
2331 1469 2600 1539 delegare,
2646 1486 2744 1526 nec
2769 1472 2912 1526 ullus
2942 1475 3233 1528 monachus
3257 1475 3434 1546 aliqua
3486 1489 3781 1544 praesumat

2185 1565 2502 1617 confirmare
2541 1564 2852 1631 scriptione,
2902 1566 2991 1634 qui
3045 1580 3156 1620 sua:
3207 1568 3462 1635 probatur
3507 1586 3615 1625 non
3657 1586 3780 1628 esse

2189 1656 2499 1723 potestatis;
2545 1656 2685 1724 quod
2710 1656 2754 1709 si
2787 1655 2993 1721 fecerit,
3029 1657 3192 1712 robur
3235 1660 3442 1715 nullum
3471 1650 3776 1722 obtineant.

2187 1742 2522 1798 Couferimus
2543 1747 2703 1800 etiam
2727 1747 2900 1814 vobis,
2935 1759 2985 1802 et
3012 1749 3064 1802 in
3089 1749 3260 1818 ipsum
3290 1761 3528 1808 vestrum
3560 1769 3779 1812 sacrum

2114 1815 2160 1874 Β
2191 1835 2496 1890 coenobium
2526 1836 2781 1891 olivetum
2831 1853 2992 1893 unum
3045 1839 3097 1893 in
3133 1840 3482 1899 luminaribus
3533 1848 3784 1903 ecclesiae

2187 1928 2376 1996 positae
2433 1942 2599 1998 prope
2655 1930 2934 1984 castellum
2985 1932 3258 2001 Aginulfi,
3324 1936 3465 2004 quod
3521 1937 3784 2007 pertinuit

2186 2019 2253 2074 de
2306 2029 2458 2075 curte
2512 2032 2689 2077 nostra
2737 2021 3017 2093 Lucense,
3070 2037 3124 2080 et
3165 2027 3296 2081 duas
3333 2043 3486 2085 casas
3544 2035 3784 2089 masari-

2188 2112 2287 2166 tias
2341 2128 2405 2168 ex
2456 2113 2567 2184 ipsa
2623 2125 2794 2182 curte,
2856 2133 2976 2185 quae
3020 2123 3344 2190 regebantur
3401 2139 3495 2192 per
3542 2126 3786 2185 Manifrit

2185 2214 2241 2258 et
2267 2204 2612 2262 Fulculonem
2661 2224 2968 2276 germanos,
3019 2223 3073 2266 et
3129 2225 3350 2283 nepotes
3397 2232 3589 2274 eorum
3645 2222 3781 2277 Cre-

2186 2299 2363 2366 spulo,
2412 2298 2660 2353 Lucciolo
2687 2308 2741 2353 et
2770 2301 3009 2356 Bertulo.
3059 2305 3196 2369 Quin
3221 2307 3381 2361 etiam
3413 2311 3780 2378 prodonamus

2186 2391 2458 2444 sanctitati
2491 2403 2709 2457 vestrae,
2746 2395 3048 2464 vestrisque
3076 2400 3306 2466 posteris
3347 2402 3398 2455 in
3435 2418 3776 2476 perpetuum,

2188 2489 2245 2535 ut
2269 2497 2334 2536 ex
2367 2483 2482 2550 ipso
2531 2493 2716 2538 sancto
2759 2489 3025 2551 coenobio,
3050 2499 3102 2542 et
3134 2491 3312 2558 rebus,
3338 2511 3468 2562 quas
3500 2499 3676 2569 vobis,
3714 2512 3770 2556 et

2186 2575 2254 2629 ibi
2281 2576 2627 2643 contulimus,
2661 2579 2743 2633 vel
2775 2579 2962 2634 futuris
2994 2584 3322 2652 temporibus
3343 2590 3633 2657 acquirere
3666 2593 3778 2649 Deo

2188 2669 2418 2739 propitio
2478 2670 2755 2738 potueritis
2801 2680 2909 2726 tam
2959 2686 3077 2738 vos,
3131 2691 3291 2743 quam
3342 2683 3540 2746 posteri
3582 2685 3776 2752 vestri,

2186 2761 2388 2816 nullum
2439 2760 2743 2826 servitium,
2805 2763 2889 2817 vel
2939 2764 3260 2820 donationes
3306 2782 3335 2820 a
3383 2772 3536 2825 nobis
3585 2775 3782 2833 exinde

2185 2855 2465 2925 exigantur
2497 2869 2592 2922 pro
2635 2855 3010 2911 benedictione
3040 2857 3092 2911 in
3124 2861 3524 2930 quadragesima
3573 2871 3782 2938 majore

2185 2945 2258 3000 40
2279 2947 2470 3012 lucios,
2502 2956 2558 3001 et
2582 2947 2634 3000 in
2658 2947 3065 3018 quadragesima
3094 2954 3262 3008 sancti
3291 2954 3502 3011 Martini
3532 2960 3783 3018 similiter

2187 3054 2282 3110 per
2307 3041 2526 3094 missum
2553 3041 2722 3110 ipsius
2747 3044 3056 3098 monasterii
3083 3049 3422 3118 consignatos
3452 3052 3505 3105 in
3535 3052 3778 3125 Papiam,

2187 3141 2278 3186 aut
2307 3133 2359 3186 in
2391 3133 2686 3199 Mantuam,
2718 3133 2829 3189 sive
2857 3137 2901 3190 si
2932 3132 3189 3194 fuerimus
3231 3141 3565 3199 Ravennam.
3615 3147 3780 3200 Cedi-

2185 3241 2303 3279 mus
2332 3235 2388 3280 et
2426 3235 2619 3280 vestra:
2664 3233 3002 3298 reverentiae,
3051 3246 3532 3307 successorumque
3562 3248 3776 3293 vestro-

2185 3332 2300 3370 rum
2353 3315 2403 3370 in
2454 3318 2869 3387 sempiternum,
2920 3332 2975 3375 ut
3025 3324 3270 3380 habeatis
3321 3327 3598 3383 licentiam
3643 3331 3776 3384 retia

2187 3409 2443 3464 trahenda
2473 3425 2568 3480 per
2601 3411 2803 3466 Padum
2851 3413 2918 3467 ad
2967 3416 3140 3483 pisces
3183 3417 3419 3488 majores
3467 3422 3781 3476 minoresve

2184 3504 2495 3572 capiendos,
2541 3519 2570 3558 a
2622 3506 2760 3572 laco,
2813 3508 2902 3577 qui
2951 3508 3146 3564 dicitur
3188 3511 3488 3582 Fossatum,
3523 3530 3698 3584 usque
3728 3517 3779 3570 in

2185 3610 2355 3660 mare,
2399 3606 2453 3651 et
2495 3597 2818 3667 ubicumque
2851 3600 2904 3654 in
2937 3602 3083 3655 omni
3117 3616 3282 3673 regno
3313 3616 3498 3659 nostro
3532 3605 3781 3663 habeatis

2185 3702 2348 3754 nunc,
2380 3689 2460 3743 vel
2487 3689 2779 3746 habueritis
2808 3691 2862 3746 in
2894 3692 3094 3761 futuro,
3127 3696 3309 3765 sylvas
3335 3710 3653 3753 communes
3686 3699 3782 3751 ha-

2185 3777 2377 3844 beatis,
2410 3789 2462 3833 et
2489 3780 2746 3849 piscarias
2783 3781 2827 3836 si
2868 3783 2940 3838 ibi
2986 3794 3132 3850 sunt,
3186 3801 3249 3840 ac
3298 3789 3476 3842 caeteri
3532 3788 3788 3844 homines

2187 3886 2289 3924 una
2332 3885 2451 3925 cum
2493 3873 2778 3928 medietate
2804 3874 2869 3930 de
2902 3885 3057 3946 porto
3087 3876 3138 3930 in
3165 3891 3301 3946 aqua
3334 3878 3509 3949 longa,
3542 3895 3665 3949 quas
3697 3891 3783 3936 est

2180 3964 2328 4032 juxta
2381 3975 2545 4018 strata
2602 3967 2831 4035 publica,
2883 3978 2938 4022 et
2986 3970 3243 4038 pertinuit
3285 3971 3352 4026 de
3395 3983 3548 4027 curte
3589 3985 3780 4030 nostra

2184 4056 2385 4110 civitati
2459 4073 2632 4112 novae.
2724 4058 2875 4115 Unde
2933 4061 3136 4130 reliqua
3188 4063 3473 4118 medietate
3528 4067 3778 4121 ecclesiae

2185 4151 2357 4205 sancti
2404 4151 2704 4206 Geminiani
2749 4153 2948 4209 habere
3001 4156 3278 4224 probatur,
3326 4166 3485 4227 atque
3539 4176 3770 4228 granum

2187 4241 2331 4296 illum
2375 4244 2514 4311 quod
2567 4258 2744 4299 annue
2792 4247 3061 4317 colligitur
3098 4248 3166 4303 de
3206 4251 3472 4318 portatico
3530 4253 3583 4305 in
3618 4265 3774 4310 curte

2185 4343 2386 4397 nostra,
2405 4348 2523 4402 qua:
2544 4336 2642 4388 sita
2668 4345 2750 4388 est
2779 4335 2830 4389 iu
2858 4337 3072 4392 civitate
3100 4354 3256 4404 nova,
3285 4339 3355 4394 de
3375 4351 3641 4410 quantum
3677 4361 3773 4412 pro

2186 4428 2303 4494 ipso
2349 4426 2623 4496 colligitur
2669 4429 2950 4496 portatico,
2995 4441 3255 4499 quatenus
3298 4432 3368 4487 ab
3396 4432 3658 4489 hodierna
3690 4438 3776 4493 die

497 4528 721 4583 rumque
743 4515 1089 4571 concedimus
1118 4517 1292 4584 vobis,
1319 4519 1622 4589 vestrisque
1650 4524 2076 4590 successoribus,
2106 4541 2158 4603 ι)
2185 4528 2426 4574 nostrum
2478 4521 2735 4575 habentes
2776 4523 3179 4577 serenissimum
3211 4539 3564 4595 prazceptum,
3598 4530 3773 4600 ipsum

497 4613 557 4657 ut
584 4606 651 4659 de
673 4605 896 4675 singulis
925 4607 1146 4662 navibus
1176 4610 1493 4678 portaticum
1544 4612 1709 4667 libera
1753 4626 1929 4670 vestra
1961 4619 2077 4672 exi-

417 4707 422 4712 ‘
493 4698 631 4765 gatis
660 4708 954 4768 potestate;
999 4701 1300 4767 statuimus,
1342 4713 1397 4757 et
1421 4703 1588 4758 modis
1637 4705 1881 4761 omnibus
1921 4710 2080 4777 jube-

500 4805 643 4855 mus,
674 4803 828 4861 prout
874 4808 1032 4864 supra
1064 4795 1265 4850 dictum
1297 4805 1402 4862 est,
1452 4809 1713 4867 quatenus
1771 4801 1822 4854 in
1877 4803 2078 4870 praefati

497 4885 808 4938 monasterii
841 4900 926 4940 res
958 4885 1128 4941 nullas
1167 4888 1486 4956 superioris,
1530 4889 1613 4944 vel
1641 4890 1911 4946 inferioris
1935 4894 2080 4947 ordi-

499 4977 604 5041 nis,
634 4975 716 5029 vel
748 4975 1051 5045 episcopus,
1077 4987 1166 5031 aut
1187 4993 1390 5042 comes,
1424 4989 1514 5032 aut
1543 4982 1834 5050 gastaldus,
1870 4983 1953 5038 vel
2003 4983 2081 5039 rei

502 5070 726 5137 publicae
759 5070 1048 5138 proximior
1095 5073 1146 5123 in
1176 5072 1414 5140 qualibet
1455 5077 1701 5142 praedicta
1749 5078 2077 5134 invasionem

499 5159 678 5215 facere
705 5163 919 5229 audeat,
961 5163 1070 5216 ullo
1099 5164 1151 5216 in
1192 5164 1313 5216 loco
1343 5181 1447 5218 non
1489 5167 1553 5220 ad
1584 5182 1772 5222 causas
1797 5169 2081 5238 judiciario

500 5268 650 5308 more
676 5254 988 5316 audiendas.
1024 5256 1104 5309 vel
1138 5256 1334 5318 flenda,
1369 5258 1649 5327 exigenda,
1699 5271 1790 5313 aut
1845 5263 2080 5316 mansio-

501 5361 616 5415 nes,
655 5348 736 5401 vel
767 5357 974 5415 paratas
1005 5347 1297 5412 faciendas,
1346 5350 1426 5403 vel
1470 5352 1796 5418 perafredos,
1830 5363 1920 5405 aut
1951 5354 2082 5407 fide-

497 5438 737 5508 iussores
763 5439 1044 5505 tollendos,
1066 5453 1157 5494 aut
1185 5442 1428 5495 homines
1456 5451 1561 5494 tam
1602 5441 1882 5510 ingenuos,
1923 5443 2081 5497 liber-

502 5542 606 5596 tos,
626 5545 890 5600 quamque
905 5547 1096 5586 servos
1116 5549 1278 5602 super
1296 5541 1492 5587 terram
1518 5534 1683 5602 ipsius
1706 5535 1947 5592 ecclesia:
1971 5524 2082 5589 ma-

502 5634 709 5690 nentes,
737 5624 853 5679 sive
876 5625 1405 5696 emphyteuticarios,
1430 5639 1482 5682 et
1511 5633 1904 5701 suprascriptos
1928 5672 1942 5687 .
1974 5671 1989 5687 .
2022 5673 2035 5687 .
2065 5672 2082 5688 .

503 5717 648 5772 nullo
671 5719 828 5773 modo
855 5719 1253 5790 distrugendos,
1287 5739 1387 5779 nec
1418 5726 1556 5781 ullas
1578 5727 1820 5796 publicas
1848 5731 2083 5790 functi0¢

505 5823 626 5877 nes,
654 5819 746 5866 aut
771 5809 1180 5882 redhibitiones,
1218 5816 1310 5872 vel
1342 5816 1558 5876 illicitas
1579 5822 1888 5881 occasiones
1909 5827 2082 5896 inqui-

2187 4621 2434 4667 sanctum
2490 4613 2875 4668 monasterium
2939 4627 3182 4671 vestrum
3244 4618 3468 4674 firmiter
3524 4625 3777 4691 superius

2184 4705 2568 4772 comprehensa
2599 4705 2820 4759 valeatis
2845 4707 3140 4776 possidere,
3177 4719 3233 4764 ut
3259 4712 3435 4768 nullus
3462 4714 3771 4786 episcopus,

2185 4795 2268 4848 vel
2310 4795 2558 4863 clericus,
2608 4796 2738 4862 dux,
2769 4810 2973 4868 comes,
3013 4802 3304 4869 gastaldus,
3339 4805 3419 4859 vel
3446 4809 3774 4865 actionarius

2184 4896 2386 4955 noster,
2419 4898 2508 4943 aut
2537 4889 2803 4960 quispiam
2836 4907 3079 4964 magnus,
3130 4911 3432 4969 parvusque
3482 4902 3775 4960 Gasindius

2184 4991 2368 5035 contra
2403 4983 2505 5037 hoc
2534 4994 2778 5040 nostrum
2810 4986 3078 5042 firmitatis
3109 5000 3439 5060 prmceptum
3471 4996 3668 5052 audeat
3695 4999 3772 5054 ire

2183 5078 2656 5148 quandocumque,
2706 5082 2801 5134 sed
2841 5083 2986 5136 omni
3042 5092 3302 5152 tempore,
3352 5087 3403 5139 in
3449 5089 3558 5154 jam
3581 5103 3770 5147 sancto

2185 5174 2515 5226 monasterio
2559 5181 2763 5242 vestro,
2824 5174 2908 5229 vel
2950 5175 3098 5230 vobis
3137 5180 3646 5254 successoribusque
3675 5200 3768 5240 ve-

2185 5267 2312 5318 stris
2334 5266 2535 5320 stabilis
2567 5277 2875 5334 permaneat
2903 5269 2955 5322 in
2990 5280 3325 5339 perpetuum.
3355 5274 3410 5329 Si
3441 5276 3558 5342 quis
3587 5285 3766 5331 autem

2187 5358 2342 5425 hujus
2383 5368 2579 5413 nostra:
2620 5361 2984 5428 inscriptionis
3033 5365 3316 5418 temerario
3363 5381 3492 5419 ausu
3540 5367 3769 5423 violator

2185 5449 2468 5515 exstiterit,
2499 5459 2553 5503 et
2593 5449 2728 5504 hanc
2758 5460 2991 5505 nostram
3015 5456 3307 5521 jussiunem
3339 5473 3428 5524 per
3456 5460 3634 5513 omnia
3665 5474 3767 5514 non

2186 5543 2571 5609 observaverit,
2622 5544 2756 5597 sciat
2799 5559 2858 5598 se
2903 5549 3323 5614 compositurum
3367 5560 3577 5604 centum
3606 5553 3768 5606 libras

2185 5636 2298 5688 auri
2332 5633 2539 5701 optimi,
2575 5635 2917 5690 medietatem
2941 5636 2995 5690 in
3021 5639 3217 5706 palatio
3249 5651 3454 5710 nostro,
3486 5652 3542 5698 et
3569 5644 3770 5700 medie-

2188 5738 2348 5782 tatem
2409 5727 2717 5796 supradicto
2772 5732 3098 5784 monasterio
3154 5745 3352 5788 vestro.
3408 5735 3771 5794 Concedimus

2189 5826 2407 5897 insuper
2455 5824 2633 5881 omnia
2677 5825 2853 5893 vobis,
2903 5829 3204 5898 vestrisque
3255 5831 3660 5885 successoribus
3711 5832 3763 5888 in
