  <div class='ocr_page' id='page_1' title='image "/cluster/home/n/w/nwhite01/storage/ocr_20150623/87/hvd.32044015469471/726.png"; bbox 0 0 4026 6352; ppageno 0'>
   <div class='ocr_carea' id='block_1_1' title="bbox 239 311 381 368">
    <p class='ocr_par' dir='ltr' id='par_1_1' title="bbox 239 311 381 368">
     <span class='ocr_line' id='line_1_1' title="bbox 239 311 381 368; baseline 0.014 -2"><span class='ocrx_word' id='word_1_1' title='bbox 239 311 381 368; x_wconf 72' lang='grc' dir='ltr'><strong>ΝΠ</strong></span> 
     </span>
    </p>
   </div>
   <div class='ocr_carea' id='block_1_2' title="bbox 1339 291 2425 364">
    <p class='ocr_par' dir='ltr' id='par_1_2' title="bbox 1339 291 2425 364">
     <span class='ocr_line' id='line_1_2' title="bbox 1339 291 2425 364; baseline -0.011 -2"><span class='ocrx_word' id='word_1_2' title='bbox 1339 303 1730 364; x_wconf 73' lang='lat' dir='ltr'><strong>DIPLOMATA</strong></span> <span class='ocrx_word' id='word_1_3' title='bbox 1774 299 2048 356; x_wconf 79' lang='lat' dir='ltr'><strong>ECCLES.</strong></span> <span class='ocrx_word' id='word_1_4' title='bbox 2091 291 2425 356; x_wconf 72' lang='lat' dir='ltr'><strong>SELEC’I‘A.</strong></span> 
     </span>
    </p>
   </div>
   <div class='ocr_carea' id='block_1_3' title="bbox 3359 290 3495 347">
    <p class='ocr_par' dir='ltr' id='par_1_3' title="bbox 3359 290 3495 347">
     <span class='ocr_line' id='line_1_3' title="bbox 3359 290 3495 347; baseline 0.015 -2"><span class='ocrx_word' id='word_1_5' title='bbox 3359 290 3495 347; x_wconf 69' lang='grc' dir='ltr'><strong>14η</strong></span> 
     </span>
    </p>
   </div>
   <div class='ocr_carea' id='block_1_4' title="bbox 230 392 3496 496">
    <p class='ocr_par' dir='ltr' id='par_1_4' title="bbox 230 392 3496 496">
     <span class='ocr_line' id='line_1_4' title="bbox 230 392 3496 496; baseline -0.005 -17"><span class='ocrx_word' id='word_1_6' title='bbox 230 434 569 496; x_wconf 78' lang='lat' dir='ltr'><strong>perpetuum,</strong></span> <span class='ocrx_word' id='word_1_7' title='bbox 626 431 684 480; x_wconf 80' lang='lat' dir='ltr'><strong>ut</strong></span> <span class='ocrx_word' id='word_1_8' title='bbox 729 421 794 488; x_wconf 84' lang='lat' dir='ltr'><strong>si,</strong></span> <span class='ocrx_word' id='word_1_9' title='bbox 849 421 990 492; x_wconf 90' lang='lat' dir='ltr'><strong>quod</strong></span> <span class='ocrx_word' id='word_1_10' title='bbox 1040 419 1200 486; x_wconf 85' lang='lat' dir='ltr'><strong>absit,</strong></span> <span class='ocrx_word' id='word_1_11' title='bbox 1248 421 1546 492; x_wconf 79' lang='lat' dir='ltr'><strong>quicunque</strong></span> <span class='ocrx_word' id='word_1_12' title='bbox 1584 435 1699 485; x_wconf 62' lang='lat' dir='ltr'><strong>rex,</strong></span> <span class='ocrx_word' id='word_1_13' title='bbox 1737 418 1814 472; x_wconf 75' lang='lat' dir='ltr'><strong>vel</strong></span> <span class='ocrx_word' id='word_1_14' title='bbox 1850 422 1890 474; x_wconf 83' lang='grc' dir='ltr'><strong>Α</strong></span> <span class='ocrx_word' id='word_1_15' title='bbox 1996 415 2182 466; x_wconf 85' lang='lat' dir='ltr'><strong>Actum</strong></span> <span class='ocrx_word' id='word_1_16' title='bbox 2234 411 2516 465; x_wconf 83' lang='lat' dir='ltr'><strong>Beneventi</strong></span> <span class='ocrx_word' id='word_1_17' title='bbox 2570 410 2620 464; x_wconf 92' lang='lat' dir='ltr'><strong>in</strong></span> <span class='ocrx_word' id='word_1_18' title='bbox 2673 392 2910 479; x_wconf 73' lang='lat' dir='ltr'><strong>palatio,</strong></span> <span class='ocrx_word' id='word_1_19' title='bbox 2949 421 3132 465; x_wconf 84' lang='lat' dir='ltr'><strong>mense</strong></span> <span class='ocrx_word' id='word_1_20' title='bbox 3174 407 3378 478; x_wconf 77' lang='lat' dir='ltr'><strong>Aprili,</strong></span> <span class='ocrx_word' id='word_1_21' title='bbox 3414 409 3496 464; x_wconf 87' lang='lat' dir='ltr'><strong>in-</strong></span> 
     </span>
    </p>
   </div>
   <div class='ocr_carea' id='block_1_5' title="bbox 232 517 1818 589">
    <p class='ocr_par' dir='ltr' id='par_1_5' title="bbox 232 517 1818 589">
     <span class='ocr_line' id='line_1_5' title="bbox 232 517 1818 589; baseline -0.003 -15"><span class='ocrx_word' id='word_1_22' title='bbox 232 523 562 589; x_wconf 77' lang='lat' dir='ltr'><strong>imperator,</strong></span> <span class='ocrx_word' id='word_1_23' title='bbox 615 534 710 572; x_wconf 86' lang='lat' dir='ltr'><strong>seu</strong></span> <span class='ocrx_word' id='word_1_24' title='bbox 750 519 972 588; x_wconf 82' lang='lat' dir='ltr'><strong>quilibet</strong></span> <span class='ocrx_word' id='word_1_25' title='bbox 1020 532 1188 570; x_wconf 74' lang='lat' dir='ltr'><strong>sacra:</strong></span> <span class='ocrx_word' id='word_1_26' title='bbox 1237 517 1368 588; x_wconf 90' lang='lat' dir='ltr'><strong>legis</strong></span> <span class='ocrx_word' id='word_1_27' title='bbox 1420 519 1686 580; x_wconf 81' lang='lat' dir='ltr'><strong>canonici,</strong></span> <span class='ocrx_word' id='word_1_28' title='bbox 1729 529 1818 570; x_wconf 86' lang='lat' dir='ltr'><strong>aut</strong></span> 
     </span>
    </p>
   </div>
   <div class='ocr_carea' id='block_1_6' title="bbox 234 613 1814 682">
    <p class='ocr_par' dir='ltr' id='par_1_6' title="bbox 234 613 1814 682">
     <span class='ocr_line' id='line_1_6' title="bbox 234 613 1814 682; baseline -0.004 -14"><span class='ocrx_word' id='word_1_29' title='bbox 234 623 625 682; x_wconf 68' lang='lat' dir='ltr'><strong>praeceptorum</strong></span> <span class='ocrx_word' id='word_1_30' title='bbox 685 613 1140 680; x_wconf 60' lang='lat' dir='ltr'><strong>praedecessorum</strong></span> <span class='ocrx_word' id='word_1_31' title='bbox 1193 623 1499 665; x_wconf 88' lang='lat' dir='ltr'><strong>nostrorum</strong></span> <span class='ocrx_word' id='word_1_32' title='bbox 1559 627 1814 680; x_wconf 80' lang='lat' dir='ltr'><strong>regnum,</strong></span> 
     </span>
    </p>
   </div>
   <div class='ocr_carea' id='block_1_7' title="bbox 231 706 1816 774">
    <p class='ocr_par' dir='ltr' id='par_1_7' title="bbox 231 706 1816 774">
     <span class='ocr_line' id='line_1_7' title="bbox 231 706 1816 774; baseline -0.002 -15"><span class='ocrx_word' id='word_1_33' title='bbox 231 707 318 761; x_wconf 86' lang='lat' dir='ltr'><strong>vel</strong></span> <span class='ocrx_word' id='word_1_34' title='bbox 344 708 664 770; x_wconf 89' lang='lat' dir='ltr'><strong>futurorum,</strong></span> <span class='ocrx_word' id='word_1_35' title='bbox 689 714 874 758; x_wconf 87' lang='lat' dir='ltr'><strong>contra</strong></span> <span class='ocrx_word' id='word_1_36' title='bbox 904 706 1005 757; x_wconf 92' lang='lat' dir='ltr'><strong>hoc</strong></span> <span class='ocrx_word' id='word_1_37' title='bbox 1033 715 1270 757; x_wconf 87' lang='lat' dir='ltr'><strong>nostrum</strong></span> <span class='ocrx_word' id='word_1_38' title='bbox 1302 715 1624 774; x_wconf 62' lang='lat' dir='ltr'><strong>praceptum</strong></span> <span class='ocrx_word' id='word_1_39' title='bbox 1649 706 1816 757; x_wconf 89' lang='lat' dir='ltr'><strong>dona-</strong></span> 
     </span>
    </p>
   </div>
   <div class='ocr_carea' id='block_1_8' title="bbox 234 797 1818 868">
    <p class='ocr_par' dir='ltr' id='par_1_8' title="bbox 234 797 1818 868">
     <span class='ocr_line' id='line_1_8' title="bbox 234 797 1818 868; baseline -0.003 -16"><span class='ocrx_word' id='word_1_40' title='bbox 234 799 398 853; x_wconf 75' lang='lat' dir='ltr'><strong>tionis</strong></span> <span class='ocrx_word' id='word_1_41' title='bbox 421 799 777 861; x_wconf 87' lang='lat' dir='ltr'><strong>intentaverit,</strong></span> <span class='ocrx_word' id='word_1_42' title='bbox 793 807 880 850; x_wconf 87' lang='lat' dir='ltr'><strong>aut</strong></span> <span class='ocrx_word' id='word_1_43' title='bbox 903 797 1200 852; x_wconf 67' lang='lat' dir='ltr'><strong>cmnobium</strong></span> <span class='ocrx_word' id='word_1_44' title='bbox 1227 799 1533 868; x_wconf 66' lang='lat' dir='ltr'><strong>praedictum</strong></span> <span class='ocrx_word' id='word_1_45' title='bbox 1559 812 1790 852; x_wconf 81' lang='lat' dir='ltr'><strong>vestrum</strong></span> <span class='ocrx_word' id='word_1_46' title='bbox 1805 841 1818 864; x_wconf 88' lang='lat'><strong>,</strong></span> 
     </span>
    </p>
   </div>
   <div class='ocr_carea' id='block_1_9' title="bbox 233 889 1817 960">
    <p class='ocr_par' dir='ltr' id='par_1_9' title="bbox 233 889 1817 960">
     <span class='ocr_line' id='line_1_9' title="bbox 233 889 1817 960; baseline -0.002 -15"><span class='ocrx_word' id='word_1_47' title='bbox 233 892 350 945; x_wconf 90' lang='lat' dir='ltr'><strong>sive</strong></span> <span class='ocrx_word' id='word_1_48' title='bbox 381 907 466 945; x_wconf 90' lang='lat' dir='ltr'><strong>res</strong></span> <span class='ocrx_word' id='word_1_49' title='bbox 487 890 603 957; x_wconf 83' lang='lat' dir='ltr'><strong>ejus</strong></span> <span class='ocrx_word' id='word_1_50' title='bbox 632 890 684 943; x_wconf 89' lang='lat' dir='ltr'><strong>in</strong></span> <span class='ocrx_word' id='word_1_51' title='bbox 716 889 937 943; x_wconf 84' lang='lat' dir='ltr'><strong>fratrum</strong></span> <span class='ocrx_word' id='word_1_52' title='bbox 989 889 1268 960; x_wconf 86' lang='lat' dir='ltr'><strong>stipendiis</strong></span> <span class='ocrx_word' id='word_1_53' title='bbox 1319 891 1558 955; x_wconf 80' lang='lat' dir='ltr'><strong>collatas,</strong></span> <span class='ocrx_word' id='word_1_54' title='bbox 1609 901 1656 945; x_wconf 88' lang='lat' dir='ltr'><strong>el</strong></span> <span class='ocrx_word' id='word_1_55' title='bbox 1693 907 1817 958; x_wconf 81' lang='lat' dir='ltr'><strong>pan-</strong></span> 
     </span>
    </p>
   </div>
   <div class='ocr_carea' id='block_1_10' title="bbox 237 983 1819 1055">
    <p class='ocr_par' dir='ltr' id='par_1_10' title="bbox 237 983 1819 1055">
     <span class='ocr_line' id='line_1_10' title="bbox 237 983 1819 1055; baseline -0.003 -15"><span class='ocrx_word' id='word_1_56' title='bbox 237 1001 422 1054; x_wconf 83' lang='lat' dir='ltr'><strong>perum</strong></span> <span class='ocrx_word' id='word_1_57' title='bbox 455 985 652 1039; x_wconf 87' lang='lat' dir='ltr'><strong>Christi</strong></span> <span class='ocrx_word' id='word_1_58' title='bbox 686 985 1024 1040; x_wconf 88' lang='lat' dir='ltr'><strong>deminorare</strong></span> <span class='ocrx_word' id='word_1_59' title='bbox 1056 987 1476 1055; x_wconf 69' lang='lat' dir='ltr'><strong>pnusumjtscrit,</strong></span> <span class='ocrx_word' id='word_1_60' title='bbox 1505 994 1595 1038; x_wconf 88' lang='lat' dir='ltr'><strong>aut</strong></span> <span class='ocrx_word' id='word_1_61' title='bbox 1622 984 1673 1038; x_wconf 94' lang='lat' dir='ltr'><strong>in</strong></span> <span class='ocrx_word' id='word_1_62' title='bbox 1716 983 1819 1036; x_wconf 78' lang='lat' dir='ltr'><strong>ali—</strong></span> 
     </span>
    </p>
   </div>
   <div class='ocr_carea' id='block_1_11' title="bbox 234 1074 1821 1144">
    <p class='ocr_par' dir='ltr' id='par_1_11' title="bbox 234 1074 1821 1144">
     <span class='ocr_line' id='line_1_11' title="bbox 234 1074 1821 1144; baseline -0.001 -16"><span class='ocrx_word' id='word_1_63' title='bbox 234 1091 344 1142; x_wconf 89' lang='lat' dir='ltr'><strong>quo</strong></span> <span class='ocrx_word' id='word_1_64' title='bbox 384 1075 544 1128; x_wconf 84' lang='lat' dir='ltr'><strong>alicui</strong></span> <span class='ocrx_word' id='word_1_65' title='bbox 569 1091 668 1143; x_wconf 86' lang='lat' dir='ltr'><strong>per</strong></span> <span class='ocrx_word' id='word_1_66' title='bbox 698 1076 1035 1140; x_wconf 76' lang='lat' dir='ltr'><strong>beneﬁcium,</strong></span> <span class='ocrx_word' id='word_1_67' title='bbox 1063 1077 1147 1130; x_wconf 89' lang='lat' dir='ltr'><strong>vel</strong></span> <span class='ocrx_word' id='word_1_68' title='bbox 1183 1091 1278 1144; x_wconf 87' lang='lat' dir='ltr'><strong>pro</strong></span> <span class='ocrx_word' id='word_1_69' title='bbox 1308 1091 1640 1143; x_wconf 89' lang='lat' dir='ltr'><strong>quocumque</strong></span> <span class='ocrx_word' id='word_1_70' title='bbox 1670 1074 1821 1142; x_wconf 83' lang='lat' dir='ltr'><strong>inge-</strong></span> 
     </span>
    </p>
   </div>
   <div class='ocr_carea' id='block_1_12' title="bbox 238 1151 1817 1238">
    <p class='ocr_par' dir='ltr' id='par_1_12' title="bbox 238 1151 1817 1238">
     <span class='ocr_line' id='line_1_12' title="bbox 238 1151 1817 1238; baseline 0 -16"><span class='ocrx_word' id='word_1_71' title='bbox 238 1171 330 1222; x_wconf 85' lang='lat' dir='ltr'><strong>nio</strong></span> <span class='ocrx_word' id='word_1_72' title='bbox 379 1168 612 1234; x_wconf 83' lang='lat' dir='ltr'><strong>dederit,</strong></span> <span class='ocrx_word' id='word_1_73' title='bbox 666 1169 824 1223; x_wconf 86' lang='lat' dir='ltr'><strong>liceat</strong></span> <span class='ocrx_word' id='word_1_74' title='bbox 869 1169 1040 1234; x_wconf 80' lang='lat' dir='ltr'><strong>vobis,</strong></span> <span class='ocrx_word' id='word_1_75' title='bbox 1093 1171 1390 1238; x_wconf 65' lang='lat' dir='ltr'><strong>vestrisque</strong></span> <span class='ocrx_word' id='word_1_76' title='bbox 1440 1151 1666 1237; x_wconf 81' lang='lat' dir='ltr'><strong>posteris</strong></span> <span class='ocrx_word' id='word_1_77' title='bbox 1696 1184 1817 1222; x_wconf 90' lang='lat' dir='ltr'><strong>cum</strong></span> 
     </span>
    </p>
   </div>
   <div class='ocr_carea' id='block_1_13' title="bbox 237 1258 1821 1328">
    <p class='ocr_par' dir='ltr' id='par_1_13' title="bbox 237 1258 1821 1328">
     <span class='ocr_line' id='line_1_13' title="bbox 237 1258 1821 1328; baseline 0.001 -16"><span class='ocrx_word' id='word_1_78' title='bbox 237 1258 442 1321; x_wconf 87' lang='lat' dir='ltr'><strong>omnia,</strong></span> <span class='ocrx_word' id='word_1_79' title='bbox 474 1273 592 1328; x_wconf 68' lang='lat' dir='ltr'><strong>quae</strong></span> <span class='ocrx_word' id='word_1_80' title='bbox 636 1259 999 1326; x_wconf 84' lang='lat' dir='ltr'><strong>suprascripta</strong></span> <span class='ocrx_word' id='word_1_81' title='bbox 1031 1268 1177 1322; x_wconf 91' lang='lat' dir='ltr'><strong>sunt,</strong></span> <span class='ocrx_word' id='word_1_82' title='bbox 1210 1259 1424 1312; x_wconf 82' lang='lat' dir='ltr'><strong>cuilibet</strong></span> <span class='ocrx_word' id='word_1_83' title='bbox 1448 1269 1646 1312; x_wconf 75' lang='lat' dir='ltr'><strong>sancta:</strong></span> <span class='ocrx_word' id='word_1_84' title='bbox 1678 1259 1821 1314; x_wconf 88' lang='lat' dir='ltr'><strong>sedis</strong></span> 
     </span>
    </p>
   </div>
   <div class='ocr_carea' id='block_1_14' title="bbox 239 1349 1814 1420">
    <p class='ocr_par' dir='ltr' id='par_1_14' title="bbox 239 1349 1814 1420">
     <span class='ocr_line' id='line_1_14' title="bbox 239 1349 1814 1420; baseline -0.001 -17"><span class='ocrx_word' id='word_1_85' title='bbox 239 1349 548 1418; x_wconf 78' lang='lat' dir='ltr'><strong>apostolica:</strong></span> <span class='ocrx_word' id='word_1_86' title='bbox 592 1349 694 1402; x_wconf 79' lang='lat' dir='ltr'><strong>PP.</strong></span> <span class='ocrx_word' id='word_1_87' title='bbox 742 1349 855 1403; x_wconf 86' lang='lat' dir='ltr'><strong>sive</strong></span> <span class='ocrx_word' id='word_1_88' title='bbox 903 1350 1333 1419; x_wconf 66' lang='lat' dir='ltr'><strong>imperatoribus,</strong></span> <span class='ocrx_word' id='word_1_89' title='bbox 1378 1361 1536 1420; x_wconf 74' lang='lat' dir='ltr'><strong>atque</strong></span> <span class='ocrx_word' id='word_1_90' title='bbox 1582 1350 1814 1418; x_wconf 82' lang='lat' dir='ltr'><strong>regibus,</strong></span> 
     </span>
    </p>
   </div>
   <div class='ocr_carea' id='block_1_15' title="bbox 239 1441 1820 1512">
    <p class='ocr_par' dir='ltr' id='par_1_15' title="bbox 239 1441 1820 1512">
     <span class='ocr_line' id='line_1_15' title="bbox 239 1441 1820 1512; baseline -0.001 -15"><span class='ocrx_word' id='word_1_91' title='bbox 239 1457 337 1497; x_wconf 84' lang='lat' dir='ltr'><strong>seu</strong></span> <span class='ocrx_word' id='word_1_92' title='bbox 388 1442 506 1495; x_wconf 86' lang='lat' dir='ltr'><strong>aliis</strong></span> <span class='ocrx_word' id='word_1_93' title='bbox 549 1442 952 1512; x_wconf 82' lang='lat' dir='ltr'><strong>quibuscunque</strong></span> <span class='ocrx_word' id='word_1_94' title='bbox 1001 1442 1212 1511; x_wconf 76' lang='lat' dir='ltr'><strong>regibus</strong></span> <span class='ocrx_word' id='word_1_95' title='bbox 1259 1441 1539 1495; x_wconf 90' lang='lat' dir='ltr'><strong>catholicis</strong></span> <span class='ocrx_word' id='word_1_96' title='bbox 1593 1442 1820 1496; x_wconf 75' lang='lat' dir='ltr'><strong>subdere</strong></span> 
     </span>
    </p>
   </div>
   <div class='ocr_carea' id='block_1_16' title="bbox 242 1531 1826 1602">
    <p class='ocr_par' dir='ltr' id='par_1_16' title="bbox 242 1531 1826 1602">
     <span class='ocr_line' id='line_1_16' title="bbox 242 1531 1826 1602; baseline -0.001 -16"><span class='ocrx_word' id='word_1_97' title='bbox 242 1533 522 1602; x_wconf 87' lang='lat' dir='ltr'><strong>potestati,</strong></span> <span class='ocrx_word' id='word_1_98' title='bbox 554 1541 608 1588; x_wconf 89' lang='lat' dir='ltr'><strong>et</strong></span> <span class='ocrx_word' id='word_1_99' title='bbox 634 1533 799 1586; x_wconf 89' lang='lat' dir='ltr'><strong>veluti</strong></span> <span class='ocrx_word' id='word_1_100' title='bbox 846 1534 1100 1586; x_wconf 66' lang='lat' dir='ltr'><strong>saeculum</strong></span> <span class='ocrx_word' id='word_1_101' title='bbox 1133 1533 1402 1585; x_wconf 82' lang='lat' dir='ltr'><strong>hominum</strong></span> <span class='ocrx_word' id='word_1_102' title='bbox 1434 1532 1721 1586; x_wconf 88' lang='lat' dir='ltr'><strong>secundum</strong></span> <span class='ocrx_word' id='word_1_103' title='bbox 1759 1531 1826 1585; x_wconf 89' lang='lat' dir='ltr'><strong>ri-</strong></span> 
     </span>
    </p>
   </div>
   <div class='ocr_carea' id='block_1_17' title="bbox 245 1623 1822 1691">
    <p class='ocr_par' dir='ltr' id='par_1_17' title="bbox 245 1623 1822 1691">
     <span class='ocr_line' id='line_1_17' title="bbox 245 1623 1822 1691; baseline 0 -15"><span class='ocrx_word' id='word_1_104' title='bbox 245 1633 356 1676; x_wconf 86' lang='lat' dir='ltr'><strong>tum</strong></span> <span class='ocrx_word' id='word_1_105' title='bbox 385 1624 615 1691; x_wconf 75' lang='lat' dir='ltr'><strong>antiqum</strong></span> <span class='ocrx_word' id='word_1_106' title='bbox 646 1623 776 1690; x_wconf 89' lang='lat' dir='ltr'><strong>legis</strong></span> <span class='ocrx_word' id='word_1_107' title='bbox 807 1638 902 1690; x_wconf 90' lang='lat' dir='ltr'><strong>per</strong></span> <span class='ocrx_word' id='word_1_108' title='bbox 925 1638 1112 1691; x_wconf 86' lang='lat' dir='ltr'><strong>regum</strong></span> <span class='ocrx_word' id='word_1_109' title='bbox 1155 1632 1419 1691; x_wconf 74' lang='lat' dir='ltr'><strong>prtucepta</strong></span> <span class='ocrx_word' id='word_1_110' title='bbox 1469 1638 1562 1677; x_wconf 89' lang='lat' dir='ltr'><strong>sua</strong></span> <span class='ocrx_word' id='word_1_111' title='bbox 1613 1625 1822 1676; x_wconf 71' lang='lat' dir='ltr'><strong>firmata</strong></span> 
     </span>
    </p>
   </div>
   <div class='ocr_carea' id='block_1_18' title="bbox 245 1712 1822 1782">
    <p class='ocr_par' dir='ltr' id='par_1_18' title="bbox 245 1712 1822 1782">
     <span class='ocr_line' id='line_1_18' title="bbox 245 1712 1822 1782; baseline -0.001 -15"><span class='ocrx_word' id='word_1_112' title='bbox 245 1712 542 1767; x_wconf 87' lang='lat' dir='ltr'><strong>tenentium</strong></span> <span class='ocrx_word' id='word_1_113' title='bbox 593 1714 853 1767; x_wconf 88' lang='lat' dir='ltr'><strong>securiter</strong></span> <span class='ocrx_word' id='word_1_114' title='bbox 906 1724 1106 1776; x_wconf 87' lang='lat' dir='ltr'><strong>tenere,</strong></span> <span class='ocrx_word' id='word_1_115' title='bbox 1141 1716 1449 1782; x_wconf 83' lang='lat' dir='ltr'><strong>possidere,</strong></span> <span class='ocrx_word' id='word_1_116' title='bbox 1503 1724 1662 1782; x_wconf 84' lang='lat' dir='ltr'><strong>atque</strong></span> <span class='ocrx_word' id='word_1_117' title='bbox 1713 1725 1822 1766; x_wconf 87' lang='lat' dir='ltr'><strong>tra-</strong></span> 
     </span>
    </p>
   </div>
   <div class='ocr_carea' id='block_1_19' title="bbox 244 1803 1827 1873">
    <p class='ocr_par' dir='ltr' id='par_1_19' title="bbox 244 1803 1827 1873">
     <span class='ocr_line' id='line_1_19' title="bbox 244 1803 1827 1873; baseline -0.001 -14"><span class='ocrx_word' id='word_1_118' title='bbox 244 1805 399 1865; x_wconf 87' lang='lat' dir='ltr'><strong>dere.</strong></span> <span class='ocrx_word' id='word_1_119' title='bbox 432 1819 549 1872; x_wconf 71' lang='lat' dir='ltr'><strong>qua:</strong></span> <span class='ocrx_word' id='word_1_120' title='bbox 578 1803 729 1858; x_wconf 85' lang='lat' dir='ltr'><strong>vobis</strong></span> <span class='ocrx_word' id='word_1_121' title='bbox 762 1805 1046 1873; x_wconf 82' lang='lat' dir='ltr'><strong>placuerit.</strong></span> <span class='ocrx_word' id='word_1_122' title='bbox 1082 1805 1144 1858; x_wconf 84' lang='lat' dir='ltr'><strong>Et</strong></span> <span class='ocrx_word' id='word_1_123' title='bbox 1173 1813 1228 1858; x_wconf 92' lang='lat' dir='ltr'><strong>ut</strong></span> <span class='ocrx_word' id='word_1_124' title='bbox 1258 1804 1457 1858; x_wconf 85' lang='lat' dir='ltr'><strong>certius</strong></span> <span class='ocrx_word' id='word_1_125' title='bbox 1483 1805 1549 1858; x_wconf 89' lang='lat' dir='ltr'><strong>ab</strong></span> <span class='ocrx_word' id='word_1_126' title='bbox 1578 1805 1827 1858; x_wconf 89' lang='lat' dir='ltr'><strong>omnibus</strong></span> 
     </span>
    </p>
   </div>
   <div class='ocr_carea' id='block_1_20' title="bbox 246 1897 1826 1968">
    <p class='ocr_par' dir='ltr' id='par_1_20' title="bbox 246 1897 1826 1968">
     <span class='ocr_line' id='line_1_20' title="bbox 246 1897 1826 1968; baseline -0.001 -17"><span class='ocrx_word' id='word_1_127' title='bbox 246 1899 518 1963; x_wconf 73' lang='lat' dir='ltr'><strong>credatur,</strong></span> <span class='ocrx_word' id='word_1_128' title='bbox 571 1898 1056 1968; x_wconf 87' lang='lat' dir='ltr'><strong>inviolabiliterque</strong></span> <span class='ocrx_word' id='word_1_129' title='bbox 1092 1913 1121 1952; x_wconf 86' lang='lat' dir='ltr'><strong>a</strong></span> <span class='ocrx_word' id='word_1_130' title='bbox 1163 1900 1370 1952; x_wconf 87' lang='lat' dir='ltr'><strong>cunctis</strong></span> <span class='ocrx_word' id='word_1_131' title='bbox 1414 1897 1656 1951; x_wconf 86' lang='lat' dir='ltr'><strong>fidelibus</strong></span> <span class='ocrx_word' id='word_1_132' title='bbox 1691 1913 1826 1966; x_wconf 68' lang='lat' dir='ltr'><strong>pra:-</strong></span> 
     </span>
    </p>
   </div>
   <div class='ocr_carea' id='block_1_21' title="bbox 245 1989 1831 2060">
    <p class='ocr_par' dir='ltr' id='par_1_21' title="bbox 245 1989 1831 2060">
     <span class='ocr_line' id='line_1_21' title="bbox 245 1989 1831 2060; baseline -0.001 -16"><span class='ocrx_word' id='word_1_133' title='bbox 245 1990 512 2052; x_wconf 87' lang='lat' dir='ltr'><strong>sentibus,</strong></span> <span class='ocrx_word' id='word_1_134' title='bbox 565 1989 858 2060; x_wconf 78' lang='lat' dir='ltr'><strong>futurisque</strong></span> <span class='ocrx_word' id='word_1_135' title='bbox 904 1990 1239 2053; x_wconf 86' lang='lat' dir='ltr'><strong>observetur,</strong></span> <span class='ocrx_word' id='word_1_136' title='bbox 1290 1990 1472 2043; x_wconf 91' lang='lat' dir='ltr'><strong>annuli</strong></span> <span class='ocrx_word' id='word_1_137' title='bbox 1519 1990 1681 2043; x_wconf 86' lang='lat' dir='ltr'><strong>nostri</strong></span> <span class='ocrx_word' id='word_1_138' title='bbox 1731 1991 1831 2043; x_wconf 83' lang='lat' dir='ltr'><strong>itit-</strong></span> 
     </span>
    </p>
   </div>
   <div class='ocr_carea' id='block_1_22' title="bbox 247 2085 1829 2154">
    <p class='ocr_par' dir='ltr' id='par_1_22' title="bbox 247 2085 1829 2154">
     <span class='ocr_line' id='line_1_22' title="bbox 247 2085 1829 2154; baseline 0.002 -19"><span class='ocrx_word' id='word_1_139' title='bbox 247 2087 529 2154; x_wconf 74' lang='lat' dir='ltr'><strong>pressione</strong></span> <span class='ocrx_word' id='word_1_140' title='bbox 569 2085 758 2140; x_wconf 90' lang='lat' dir='ltr'><strong>subtus</strong></span> <span class='ocrx_word' id='word_1_141' title='bbox 782 2086 1038 2154; x_wconf 83' lang='lat' dir='ltr'><strong>jussimus</strong></span> <span class='ocrx_word' id='word_1_142' title='bbox 1067 2085 1318 2153; x_wconf 79' lang='lat' dir='ltr'><strong>sigillari.</strong></span> <span class='ocrx_word' id='word_1_143' title='bbox 1356 2085 1427 2138; x_wconf 82' lang='lat' dir='ltr'><strong>Ex</strong></span> <span class='ocrx_word' id='word_1_144' title='bbox 1458 2085 1600 2138; x_wconf 88' lang='lat' dir='ltr'><strong>dicto</strong></span> <span class='ocrx_word' id='word_1_145' title='bbox 1630 2085 1829 2138; x_wconf 83' lang='lat' dir='ltr'><strong>domini</strong></span> 
     </span>
    </p>
   </div>
   <div class='ocr_carea' id='block_1_23' title="bbox 247 2174 1832 2246">
    <p class='ocr_par' dir='ltr' id='par_1_23' title="bbox 247 2174 1832 2246">
     <span class='ocr_line' id='line_1_23' title="bbox 247 2174 1832 2246; baseline 0 -18"><span class='ocrx_word' id='word_1_146' title='bbox 247 2177 392 2244; x_wconf 85' lang='lat' dir='ltr'><strong>regis</strong></span> <span class='ocrx_word' id='word_1_147' title='bbox 426 2192 521 2245; x_wconf 74' lang='lat' dir='ltr'><strong>per</strong></span> <span class='ocrx_word' id='word_1_148' title='bbox 546 2175 742 2233; x_wconf 79' lang='lat' dir='ltr'><strong>Theut.</strong></span> <span class='ocrx_word' id='word_1_149' title='bbox 770 2192 863 2246; x_wconf 89' lang='lat' dir='ltr'><strong>per</strong></span> <span class='ocrx_word' id='word_1_150' title='bbox 892 2185 1213 2246; x_wconf 65' lang='lat' dir='ltr'><strong>praeceptum</strong></span> <span class='ocrx_word' id='word_1_151' title='bbox 1247 2176 1325 2229; x_wconf 90' lang='lat' dir='ltr'><strong>ill.</strong></span> <span class='ocrx_word' id='word_1_152' title='bbox 1353 2177 1491 2244; x_wconf 70' lang='lat' dir='ltr'><strong>regis</strong></span> <span class='ocrx_word' id='word_1_153' title='bbox 1517 2174 1704 2244; x_wconf 85' lang='lat' dir='ltr'><strong>scripsi</strong></span> <span class='ocrx_word' id='word_1_154' title='bbox 1731 2189 1832 2244; x_wconf 80' lang='lat' dir='ltr'><strong>ego</strong></span> 
     </span>
    </p>
   </div>
   <div class='ocr_carea' id='block_1_24' title="bbox 249 2267 672 2334">
    <p class='ocr_par' dir='ltr' id='par_1_24' title="bbox 249 2267 672 2334">
     <span class='ocr_line' id='line_1_24' title="bbox 249 2267 672 2334; baseline 0.005 -16"><span class='ocrx_word' id='word_1_155' title='bbox 249 2267 672 2334; x_wconf 76' lang='lat' dir='ltr'><strong>protonutarius.</strong></span> 
     </span>
    </p>
   </div>
   <div class='ocr_carea' id='block_1_25' title="bbox 329 2357 1832 2427">
    <p class='ocr_par' dir='ltr' id='par_1_25' title="bbox 329 2357 1832 2427">
     <span class='ocr_line' id='line_1_25' title="bbox 329 2357 1832 2427; baseline 0.001 -17"><span class='ocrx_word' id='word_1_156' title='bbox 329 2358 457 2419; x_wconf 85' lang='lat' dir='ltr'><strong>Data</strong></span> <span class='ocrx_word' id='word_1_157' title='bbox 489 2360 542 2411; x_wconf 87' lang='lat' dir='ltr'><strong>in</strong></span> <span class='ocrx_word' id='word_1_158' title='bbox 573 2358 776 2427; x_wconf 88' lang='lat' dir='ltr'><strong>palatio</strong></span> <span class='ocrx_word' id='word_1_159' title='bbox 804 2357 968 2412; x_wconf 85' lang='lat' dir='ltr'><strong>Otaiii</strong></span> <span class='ocrx_word' id='word_1_160' title='bbox 1001 2374 1033 2412; x_wconf 72' lang='grc' dir='ltr'>ι</span> <span class='ocrx_word' id='word_1_161' title='bbox 1061 2357 1146 2413; x_wconf 89' lang='lat' dir='ltr'><strong>die</strong></span> <span class='ocrx_word' id='word_1_162' title='bbox 1190 2358 1387 2413; x_wconf 89' lang='lat' dir='ltr'><strong>mensis</strong></span> <span class='ocrx_word' id='word_1_163' title='bbox 1431 2357 1703 2412; x_wconf 81' lang='lat' dir='ltr'><strong>Februarii</strong></span> <span class='ocrx_word' id='word_1_164' title='bbox 1741 2371 1832 2412; x_wconf 89' lang='lat' dir='ltr'><strong>an.</strong></span> 
     </span>
    </p>
   </div>
   <div class='ocr_carea' id='block_1_26' title="bbox 257 2447 1834 2520">
    <p class='ocr_par' dir='ltr' id='par_1_26' title="bbox 257 2447 1834 2520">
     <span class='ocr_line' id='line_1_26' title="bbox 257 2447 1834 2520; baseline 0 -18"><span class='ocrx_word' id='word_1_165' title='bbox 257 2447 558 2505; x_wconf 70' lang='lat' dir='ltr'><strong>felicissimi</strong></span> <span class='ocrx_word' id='word_1_166' title='bbox 608 2451 758 2518; x_wconf 82' lang='lat' dir='ltr'><strong>regni</strong></span> <span class='ocrx_word' id='word_1_167' title='bbox 813 2448 983 2505; x_wconf 78' lang='lat' dir='ltr'><strong>nosui</strong></span> <span class='ocrx_word' id='word_1_168' title='bbox 1012 2488 1027 2504; x_wconf 94' lang='lat'><strong>.</strong></span> <span class='ocrx_word' id='word_1_169' title='bbox 1059 2487 1074 2505; x_wconf 94' lang='lat'><strong>.</strong></span> <span class='ocrx_word' id='word_1_170' title='bbox 1111 2489 1126 2505; x_wconf 94' lang='lat'><strong>.</strong></span> <span class='ocrx_word' id='word_1_171' title='bbox 1162 2466 1254 2520; x_wconf 89' lang='lat' dir='ltr'><strong>per</strong></span> <span class='ocrx_word' id='word_1_172' title='bbox 1301 2451 1412 2506; x_wconf 91' lang='lat' dir='ltr'><strong>ind.</strong></span> <span class='ocrx_word' id='word_1_173' title='bbox 1464 2465 1536 2505; x_wconf 88' lang='lat' dir='ltr'><strong>vtt</strong></span> <span class='ocrx_word' id='word_1_174' title='bbox 1594 2450 1834 2516; x_wconf 89' lang='lat' dir='ltr'><strong>feliciter,</strong></span> 
     </span>
    </p>
   </div>
   <div class='ocr_carea' id='block_1_27' title="bbox 254 2541 1078 2598">
    <p class='ocr_par' dir='ltr' id='par_1_27' title="bbox 254 2541 1078 2598">
     <span class='ocr_line' id='line_1_27' title="bbox 254 2541 1078 2598; baseline 0.002 -3"><span class='ocrx_word' id='word_1_175' title='bbox 254 2556 403 2596; x_wconf 86' lang='lat' dir='ltr'><strong>anno</strong></span> <span class='ocrx_word' id='word_1_176' title='bbox 431 2543 580 2596; x_wconf 91' lang='lat' dir='ltr'><strong>Dom.</strong></span> <span class='ocrx_word' id='word_1_177' title='bbox 616 2541 824 2597; x_wconf 87' lang='lat' dir='ltr'><strong>lncarn.</strong></span> <span class='ocrx_word' id='word_1_178' title='bbox 861 2556 1078 2598; x_wconf 78' lang='lat' dir='ltr'><strong>occuli.</strong></span> 
     </span>
    </p>
   </div>
   <div class='ocr_carea' id='block_1_28' title="bbox 329 2631 1550 2702">
    <p class='ocr_par' dir='ltr' id='par_1_28' title="bbox 329 2631 1550 2702">
     <span class='ocr_line' id='line_1_28' title="bbox 329 2631 1550 2702; baseline 0.001 -17"><span class='ocrx_word' id='word_1_179' title='bbox 329 2635 522 2686; x_wconf 74' lang='lat' dir='ltr'><strong>Actum</strong></span> <span class='ocrx_word' id='word_1_180' title='bbox 552 2631 714 2702; x_wconf 81' lang='lat' dir='ltr'><strong>Papia</strong></span> <span class='ocrx_word' id='word_1_181' title='bbox 744 2633 796 2687; x_wconf 93' lang='lat' dir='ltr'><strong>in</strong></span> <span class='ocrx_word' id='word_1_182' title='bbox 825 2632 1025 2687; x_wconf 89' lang='lat' dir='ltr'><strong>Christi</strong></span> <span class='ocrx_word' id='word_1_183' title='bbox 1060 2631 1274 2688; x_wconf 88' lang='lat' dir='ltr'><strong>nomine</strong></span> <span class='ocrx_word' id='word_1_184' title='bbox 1305 2632 1550 2687; x_wconf 80' lang='lat' dir='ltr'><strong>feiicitcr.</strong></span> 
     </span>
    </p>
   </div>
   <div class='ocr_carea' id='block_1_29' title="bbox 950 2722 1130 2778">
    <p class='ocr_par' dir='ltr' id='par_1_29' title="bbox 950 2722 1130 2778">
     <span class='ocr_line' id='line_1_29' title="bbox 950 2722 1130 2778; baseline 0.011 -2"><span class='ocrx_word' id='word_1_185' title='bbox 950 2722 1130 2778; x_wconf 79' lang='lat' dir='ltr'>XLIII.</span> 
     </span>
    </p>
   </div>
   <div class='ocr_carea' id='block_1_30' title="bbox 251 2811 1842 2884">
    <p class='ocr_par' dir='ltr' id='par_1_30' title="bbox 251 2811 1842 2884">
     <span class='ocr_line' id='line_1_30' title="bbox 251 2811 1842 2884; baseline 0.001 -16"><span class='ocrx_word' id='word_1_186' title='bbox 251 2811 556 2883; x_wconf 64' lang='lat' dir='ltr'><strong>Capilalttm</strong></span> <span class='ocrx_word' id='word_1_187' title='bbox 585 2812 782 2884; x_wconf 56' lang='lat' dir='ltr'><strong>Arichi}</strong></span> <span class='ocrx_word' id='word_1_188' title='bbox 808 2813 1051 2883; x_wconf 78' lang='lat' dir='ltr'><strong>principis</strong></span> <span class='ocrx_word' id='word_1_189' title='bbox 1077 2829 1168 2884; x_wconf 82' lang='lat' dir='ltr'><strong>pro</strong></span> <span class='ocrx_word' id='word_1_190' title='bbox 1198 2815 1410 2868; x_wconf 74' lang='lat' dir='ltr'><strong>ecclesia</strong></span> <span class='ocrx_word' id='word_1_191' title='bbox 1438 2825 1631 2871; x_wconf 79' lang='lat' dir='ltr'><strong>sancta:</strong></span> <span class='ocrx_word' id='word_1_192' title='bbox 1658 2813 1842 2870; x_wconf 76' lang='lat' dir='ltr'><strong>Maria:</strong></span> 
     </span>
    </p>
   </div>
   <div class='ocr_carea' id='block_1_31' title="bbox 736 2881 1370 2956">
    <p class='ocr_par' dir='ltr' id='par_1_31' title="bbox 736 2881 1370 2956">
     <span class='ocr_line' id='line_1_31' title="bbox 736 2881 1370 2956; baseline 0.009 -21"><span class='ocrx_word' id='word_1_193' title='bbox 736 2881 1006 2938; x_wconf 71' lang='lat' dir='ltr'><strong>Beneventi</strong></span> <span class='ocrx_word' id='word_1_194' title='bbox 1035 2881 1194 2952; x_wconf 71' lang='lat' dir='ltr'><strong>(anno</strong></span> <span class='ocrx_word' id='word_1_195' title='bbox 1225 2886 1370 2956; x_wconf 77' lang='lat'><strong>769).</strong></span> 
     </span>
    </p>
   </div>
   <div class='ocr_carea' id='block_1_32' title="bbox 325 2974 1845 3034">
    <p class='ocr_par' dir='ltr' id='par_1_32' title="bbox 325 2974 1845 3034">
     <span class='ocr_line' id='line_1_32' title="bbox 325 2974 1845 3034; baseline 0.003 -5"><span class='ocrx_word' id='word_1_196' title='bbox 325 2974 384 3029; x_wconf 83' lang='lat' dir='ltr'><strong>in</strong></span> <span class='ocrx_word' id='word_1_197' title='bbox 416 2975 634 3030; x_wconf 90' lang='lat' dir='ltr'><strong>nomine</strong></span> <span class='ocrx_word' id='word_1_198' title='bbox 664 2974 871 3029; x_wconf 90' lang='lat' dir='ltr'><strong>Domini</strong></span> <span class='ocrx_word' id='word_1_199' title='bbox 905 2976 996 3030; x_wconf 91' lang='lat' dir='ltr'><strong>Dei</strong></span> <span class='ocrx_word' id='word_1_200' title='bbox 1023 2978 1314 3032; x_wconf 73' lang='lat' dir='ltr'><strong>Salvatoris</strong></span> <span class='ocrx_word' id='word_1_201' title='bbox 1339 2977 1506 3032; x_wconf 90' lang='lat' dir='ltr'><strong>nostri</strong></span> <span class='ocrx_word' id='word_1_202' title='bbox 1531 2978 1657 3034; x_wconf 86' lang='lat' dir='ltr'><strong>Jesu</strong></span> <span class='ocrx_word' id='word_1_203' title='bbox 1687 2977 1845 3033; x_wconf 69' lang='lat' dir='ltr'><strong>Chrio</strong></span> 
     </span>
    </p>
   </div>
   <div class='ocr_carea' id='block_1_33' title="bbox 1924 502 2430 571">
    <p class='ocr_par' dir='ltr' id='par_1_33' title="bbox 1924 502 2430 571">
     <span class='ocr_line' id='line_1_33' title="bbox 1924 502 2430 571; baseline -0.002 -14"><span class='ocrx_word' id='word_1_204' title='bbox 1924 502 2156 558; x_wconf 80' lang='lat' dir='ltr'><strong>dictione</strong></span> <span class='ocrx_word' id='word_1_205' title='bbox 2185 504 2430 571; x_wconf 83' lang='lat' dir='ltr'><strong>septima.</strong></span> 
     </span>
    </p>
   </div>
   <div class='ocr_carea' id='block_1_34' title="bbox 2621 591 2800 647">
    <p class='ocr_par' dir='ltr' id='par_1_34' title="bbox 2621 591 2800 647">
     <span class='ocr_line' id='line_1_34' title="bbox 2621 591 2800 647; baseline -0.017 0"><span class='ocrx_word' id='word_1_206' title='bbox 2621 591 2800 647; x_wconf 78' lang='lat' dir='ltr'>XLIV.</span> 
     </span>
    </p>
   </div>
   <div class='ocr_carea' id='block_1_35' title="bbox 1997 681 3424 753">
    <p class='ocr_par' dir='ltr' id='par_1_35' title="bbox 1997 681 3424 753">
     <span class='ocr_line' id='line_1_35' title="bbox 1997 681 3424 753; baseline 0.001 -17"><span class='ocrx_word' id='word_1_207' title='bbox 1997 685 2216 738; x_wconf 71' lang='lat' dir='ltr'><strong>Donatio</strong></span> <span class='ocrx_word' id='word_1_208' title='bbox 2249 683 2455 738; x_wconf 80' lang='lat' dir='ltr'><strong>Teducii</strong></span> <span class='ocrx_word' id='word_1_209' title='bbox 2487 701 2578 753; x_wconf 79' lang='lat' dir='ltr'><strong>pro</strong></span> <span class='ocrx_word' id='word_1_210' title='bbox 2609 684 2820 737; x_wconf 78' lang='lat' dir='ltr'><strong>ecclesia</strong></span> <span class='ocrx_word' id='word_1_211' title='bbox 2855 681 3066 736; x_wconf 81' lang='lat' dir='ltr'><strong>Reatina</strong></span> <span class='ocrx_word' id='word_1_212' title='bbox 3093 687 3250 752; x_wconf 81' lang='lat' dir='ltr'><strong>(anno</strong></span> <span class='ocrx_word' id='word_1_213' title='bbox 3273 683 3424 753; x_wconf 73' lang='lat'><strong>772).</strong></span> 
     </span>
    </p>
   </div>
   <div class='ocr_carea' id='block_1_36' title="bbox 1991 772 3496 847">
    <p class='ocr_par' dir='ltr' id='par_1_36' title="bbox 1991 772 3496 847">
     <span class='ocr_line' id='line_1_36' title="bbox 1991 772 3496 847; baseline 0 -18"><span class='ocrx_word' id='word_1_214' title='bbox 1991 775 2030 847; x_wconf 71' lang='grc' dir='ltr'><strong>ἰ-</strong></span> <span class='ocrx_word' id='word_1_215' title='bbox 2057 776 2110 829; x_wconf 91' lang='lat' dir='ltr'><strong>ln</strong></span> <span class='ocrx_word' id='word_1_216' title='bbox 2143 776 2356 829; x_wconf 86' lang='lat' dir='ltr'><strong>nomine</strong></span> <span class='ocrx_word' id='word_1_217' title='bbox 2389 775 2502 835; x_wconf 88' lang='lat' dir='ltr'><strong>Dei,</strong></span> <span class='ocrx_word' id='word_1_218' title='bbox 2531 786 2581 828; x_wconf 90' lang='lat' dir='ltr'><strong>et</strong></span> <span class='ocrx_word' id='word_1_219' title='bbox 2613 775 2904 828; x_wconf 86' lang='lat' dir='ltr'><strong>Salvatoris</strong></span> <span class='ocrx_word' id='word_1_220' title='bbox 2929 776 3096 827; x_wconf 88' lang='lat' dir='ltr'><strong>nostri</strong></span> <span class='ocrx_word' id='word_1_221' title='bbox 3124 772 3247 828; x_wconf 78' lang='lat' dir='ltr'><strong>Jesu</strong></span> <span class='ocrx_word' id='word_1_222' title='bbox 3277 775 3496 829; x_wconf 74' lang='lat' dir='ltr'><strong>Christi.</strong></span> 
     </span>
    </p>
   </div>
   <div class='ocr_carea' id='block_1_37' title="bbox 1923 866 3501 936">
    <p class='ocr_par' dir='ltr' id='par_1_37' title="bbox 1923 866 3501 936">
     <span class='ocr_line' id='line_1_37' title="bbox 1923 866 3501 936; baseline -0.001 -14"><span class='ocrx_word' id='word_1_223' title='bbox 1923 866 2199 936; x_wconf 81' lang='lat' dir='ltr'><strong>Regnante</strong></span> <span class='ocrx_word' id='word_1_224' title='bbox 2237 868 2432 921; x_wconf 90' lang='lat' dir='ltr'><strong>domno</strong></span> <span class='ocrx_word' id='word_1_225' title='bbox 2471 876 2652 920; x_wconf 90' lang='lat' dir='ltr'><strong>nostro</strong></span> <span class='ocrx_word' id='word_1_226' title='bbox 2686 867 2992 930; x_wconf 72' lang='lat' dir='ltr'><strong>Desiderio,</strong></span> <span class='ocrx_word' id='word_1_227' title='bbox 3021 875 3075 920; x_wconf 90' lang='lat' dir='ltr'><strong>et</strong></span> <span class='ocrx_word' id='word_1_228' title='bbox 3108 867 3362 920; x_wconf 82' lang='lat' dir='ltr'><strong>Aldechio</strong></span> <span class='ocrx_word' id='word_1_229' title='bbox 3393 867 3501 920; x_wconf 88' lang='lat' dir='ltr'><strong>filio</strong></span> 
     </span>
    </p>
   </div>
   <div class='ocr_carea' id='block_1_38' title="bbox 1925 958 3505 1028">
    <p class='ocr_par' dir='ltr' id='par_1_38' title="bbox 1925 958 3505 1028">
     <span class='ocr_line' id='line_1_38' title="bbox 1925 958 3505 1028; baseline 0.001 -18"><span class='ocrx_word' id='word_1_230' title='bbox 1925 958 2040 1025; x_wconf 89' lang='lat' dir='ltr'><strong>ejus</strong></span> <span class='ocrx_word' id='word_1_231' title='bbox 2083 959 2334 1025; x_wconf 83' lang='lat' dir='ltr'><strong>piissimis</strong></span> <span class='ocrx_word' id='word_1_232' title='bbox 2372 959 2603 1028; x_wconf 79' lang='lat' dir='ltr'><strong>regibus,</strong></span> <span class='ocrx_word' id='word_1_233' title='bbox 2631 973 2769 1012; x_wconf 86' lang='lat' dir='ltr'><strong>anno</strong></span> <span class='ocrx_word' id='word_1_234' title='bbox 2802 959 2947 1026; x_wconf 81' lang='lat' dir='ltr'><strong>regni</strong></span> <span class='ocrx_word' id='word_1_235' title='bbox 2987 974 3169 1011; x_wconf 85' lang='lat' dir='ltr'><strong>eorum</strong></span> <span class='ocrx_word' id='word_1_236' title='bbox 3210 971 3357 1012; x_wconf 69' lang='lat' dir='ltr'><strong>svnt.</strong></span> <span class='ocrx_word' id='word_1_237' title='bbox 3396 961 3505 1027; x_wconf 66' lang='lat' dir='ltr'><strong>Ego</strong></span> 
     </span>
    </p>
   </div>
   <div class='ocr_carea' id='block_1_39' title="bbox 1926 1048 3503 1104">
    <p class='ocr_par' dir='ltr' id='par_1_39' title="bbox 1926 1048 3503 1104">
     <span class='ocr_line' id='line_1_39' title="bbox 1926 1048 3503 1104; baseline 0.001 -3"><span class='ocrx_word' id='word_1_238' title='bbox 1926 1048 1979 1101; x_wconf 88' lang='lat' dir='ltr'><strong>in</strong></span> <span class='ocrx_word' id='word_1_239' title='bbox 2012 1049 2100 1102; x_wconf 89' lang='lat' dir='ltr'><strong>Dei</strong></span> <span class='ocrx_word' id='word_1_240' title='bbox 2134 1050 2347 1104; x_wconf 87' lang='lat' dir='ltr'><strong>nomine</strong></span> <span class='ocrx_word' id='word_1_241' title='bbox 2383 1051 2647 1103; x_wconf 82' lang='lat' dir='ltr'><strong>&#39;f‘educius</strong></span> <span class='ocrx_word' id='word_1_242' title='bbox 2687 1050 3166 1104; x_wconf 74' lang='lat' dir='ltr'><strong>excellentissimus</strong></span> <span class='ocrx_word' id='word_1_243' title='bbox 3199 1052 3302 1102; x_wconf 74' lang='lat' dir='ltr'><strong>dux</strong></span> <span class='ocrx_word' id='word_1_244' title='bbox 3337 1052 3503 1102; x_wconf 88' lang='lat' dir='ltr'><strong>dona-</strong></span> 
     </span>
    </p>
   </div>
   <div class='ocr_carea' id='block_1_40' title="bbox 1928 1139 3507 1208">
    <p class='ocr_par' dir='ltr' id='par_1_40' title="bbox 1928 1139 3507 1208">
     <span class='ocr_line' id='line_1_40' title="bbox 1928 1139 3507 1208; baseline 0.001 -17"><span class='ocrx_word' id='word_1_245' title='bbox 1928 1153 2066 1204; x_wconf 87' lang='lat' dir='ltr'><strong>mus,</strong></span> <span class='ocrx_word' id='word_1_246' title='bbox 2091 1149 2250 1208; x_wconf 89' lang='lat' dir='ltr'><strong>atquc</strong></span> <span class='ocrx_word' id='word_1_247' title='bbox 2278 1141 2618 1194; x_wconf 85' lang='lat' dir='ltr'><strong>concedimus</strong></span> <span class='ocrx_word' id='word_1_248' title='bbox 2649 1141 2958 1194; x_wconf 84' lang='lat' dir='ltr'><strong>lsertnundo</strong></span> <span class='ocrx_word' id='word_1_249' title='bbox 2980 1152 3175 1193; x_wconf 76' lang='lat' dir='ltr'><strong>sancta:</strong></span> <span class='ocrx_word' id='word_1_250' title='bbox 3197 1141 3342 1193; x_wconf 89' lang='lat' dir='ltr'><strong>sedis</strong></span> <span class='ocrx_word' id='word_1_251' title='bbox 3369 1139 3507 1193; x_wconf 62' lang='lat' dir='ltr'><strong>Rea-</strong></span> 
     </span>
    </p>
   </div>
   <div class='ocr_carea' id='block_1_41' title="bbox 1930 1230 3510 1301">
    <p class='ocr_par' dir='ltr' id='par_1_41' title="bbox 1930 1230 3510 1301">
     <span class='ocr_line' id='line_1_41' title="bbox 1930 1230 3510 1301; baseline 0 -17"><span class='ocrx_word' id='word_1_252' title='bbox 1930 1230 2055 1286; x_wconf 64' lang='lat' dir='ltr'><strong>tina</strong></span> <span class='ocrx_word' id='word_1_253' title='bbox 2102 1233 2344 1287; x_wconf 75' lang='lat' dir='ltr'><strong>ecclesia:</strong></span> <span class='ocrx_word' id='word_1_254' title='bbox 2393 1233 2640 1288; x_wconf 83' lang='lat' dir='ltr'><strong>venerab.</strong></span> <span class='ocrx_word' id='word_1_255' title='bbox 2692 1233 2942 1301; x_wconf 84' lang='lat' dir='ltr'><strong>episcopo</strong></span> <span class='ocrx_word' id='word_1_256' title='bbox 3001 1246 3096 1299; x_wconf 91' lang='lat' dir='ltr'><strong>pro</strong></span> <span class='ocrx_word' id='word_1_257' title='bbox 3145 1231 3510 1301; x_wconf 76' lang='lat' dir='ltr'><strong>redemptione</strong></span> 
     </span>
    </p>
   </div>
   <div class='ocr_carea' id='block_1_42' title="bbox 1929 1323 3506 1392">
    <p class='ocr_par' dir='ltr' id='par_1_42' title="bbox 1929 1323 3506 1392">
     <span class='ocr_line' id='line_1_42' title="bbox 1929 1323 3506 1392; baseline -0.001 -16"><span class='ocrx_word' id='word_1_258' title='bbox 1929 1323 2121 1376; x_wconf 66' lang='lat' dir='ltr'><strong>anima:</strong></span> <span class='ocrx_word' id='word_1_259' title='bbox 2152 1330 2366 1376; x_wconf 58' lang='lat' dir='ltr'><strong>nostra.</strong></span> <span class='ocrx_word' id='word_1_260' title='bbox 2395 1362 2411 1377; x_wconf 97' lang='lat'><strong>.</strong></span> <span class='ocrx_word' id='word_1_261' title='bbox 2439 1364 2448 1373; x_wconf 96' lang='lat'><strong>.</strong></span> <span class='ocrx_word' id='word_1_262' title='bbox 2481 1362 2495 1378; x_wconf 94' lang='lat'><strong>.</strong></span> <span class='ocrx_word' id='word_1_263' title='bbox 2520 1365 2535 1379; x_wconf 94' lang='lat'><strong>.</strong></span> <span class='ocrx_word' id='word_1_264' title='bbox 2569 1338 2684 1388; x_wconf 88' lang='lat' dir='ltr'><strong>res,</strong></span> <span class='ocrx_word' id='word_1_265' title='bbox 2717 1337 2833 1392; x_wconf 62' lang='lat' dir='ltr'><strong>quae</strong></span> <span class='ocrx_word' id='word_1_266' title='bbox 2864 1339 2890 1376; x_wconf 87' lang='lat' dir='ltr'><strong>a</strong></span> <span class='ocrx_word' id='word_1_267' title='bbox 2923 1323 3074 1377; x_wconf 89' lang='lat' dir='ltr'><strong>nobis</strong></span> <span class='ocrx_word' id='word_1_268' title='bbox 3096 1323 3224 1377; x_wconf 83' lang='lat' dir='ltr'><strong>satis</strong></span> <span class='ocrx_word' id='word_1_269' title='bbox 3257 1324 3506 1392; x_wconf 83' lang='lat' dir='ltr'><strong>pertinet,</strong></span> 
     </span>
    </p>
   </div>
   <div class='ocr_carea' id='block_1_43' title="bbox 1932 1414 3509 1483">
    <p class='ocr_par' dir='ltr' id='par_1_43' title="bbox 1932 1414 3509 1483">
     <span class='ocr_line' id='line_1_43' title="bbox 1932 1414 3509 1483; baseline 0.002 -17"><span class='ocrx_word' id='word_1_270' title='bbox 1932 1417 2033 1468; x_wconf 91' lang='lat' dir='ltr'><strong>hoc</strong></span> <span class='ocrx_word' id='word_1_271' title='bbox 2069 1423 2153 1469; x_wconf 87' lang='lat' dir='ltr'><strong>est</strong></span> <span class='ocrx_word' id='word_1_272' title='bbox 2180 1429 2267 1469; x_wconf 85' lang='lat' dir='ltr'><strong>res</strong></span> <span class='ocrx_word' id='word_1_273' title='bbox 2308 1416 2434 1483; x_wconf 61' lang='lat' dir='ltr'><strong>ipsa:</strong></span> <span class='ocrx_word' id='word_1_274' title='bbox 2473 1414 2522 1468; x_wconf 92' lang='lat' dir='ltr'><strong>in</strong></span> <span class='ocrx_word' id='word_1_275' title='bbox 2563 1415 2830 1469; x_wconf 90' lang='lat' dir='ltr'><strong>territorio</strong></span> <span class='ocrx_word' id='word_1_276' title='bbox 2869 1414 3090 1468; x_wconf 82' lang='lat' dir='ltr'><strong>Reatino</strong></span> <span class='ocrx_word' id='word_1_277' title='bbox 3137 1415 3188 1468; x_wconf 94' lang='lat' dir='ltr'><strong>in</strong></span> <span class='ocrx_word' id='word_1_278' title='bbox 3243 1417 3390 1481; x_wconf 92' lang='lat' dir='ltr'><strong>loco,</strong></span> <span class='ocrx_word' id='word_1_279' title='bbox 3422 1415 3509 1469; x_wconf 88' lang='lat' dir='ltr'><strong>ubi</strong></span> 
     </span>
    </p>
   </div>
   <div class='ocr_carea' id='block_1_44' title="bbox 1930 1505 3513 1576">
    <p class='ocr_par' dir='ltr' id='par_1_44' title="bbox 1930 1505 3513 1576">
     <span class='ocr_line' id='line_1_44' title="bbox 1930 1505 3513 1576; baseline 0 -16"><span class='ocrx_word' id='word_1_280' title='bbox 1930 1505 2125 1560; x_wconf 85' lang='lat' dir='ltr'><strong>dicitur</strong></span> <span class='ocrx_word' id='word_1_281' title='bbox 2145 1506 2372 1570; x_wconf 81' lang='lat' dir='ltr'><strong>Colline,</strong></span> <span class='ocrx_word' id='word_1_282' title='bbox 2399 1510 2515 1576; x_wconf 89' lang='lat' dir='ltr'><strong>ipsa</strong></span> <span class='ocrx_word' id='word_1_283' title='bbox 2543 1516 2697 1563; x_wconf 86' lang='lat' dir='ltr'><strong>curte</strong></span> <span class='ocrx_word' id='word_1_284' title='bbox 2723 1507 2788 1562; x_wconf 89' lang='lat' dir='ltr'><strong>de</strong></span> <span class='ocrx_word' id='word_1_285' title='bbox 2819 1506 3042 1561; x_wconf 84' lang='lat' dir='ltr'><strong>Varanis</strong></span> <span class='ocrx_word' id='word_1_286' title='bbox 3071 1521 3189 1560; x_wconf 92' lang='lat' dir='ltr'><strong>cum</strong></span> <span class='ocrx_word' id='word_1_287' title='bbox 3223 1521 3334 1559; x_wconf 74' lang='lat' dir='ltr'><strong>uti</strong></span> <span class='ocrx_word' id='word_1_288' title='bbox 3361 1521 3513 1560; x_wconf 81' lang='lat' dir='ltr'><strong>man-</strong></span> 
     </span>
    </p>
   </div>
   <div class='ocr_carea' id='block_1_45' title="bbox 1931 1599 3512 1669">
    <p class='ocr_par' dir='ltr' id='par_1_45' title="bbox 1931 1599 3512 1669">
     <span class='ocr_line' id='line_1_45' title="bbox 1931 1599 3512 1669; baseline 0 -19"><span class='ocrx_word' id='word_1_289' title='bbox 1931 1612 2022 1654; x_wconf 88' lang='lat' dir='ltr'><strong>sos</strong></span> <span class='ocrx_word' id='word_1_290' title='bbox 2044 1640 2060 1664; x_wconf 90' lang='lat'><strong>,</strong></span> <span class='ocrx_word' id='word_1_291' title='bbox 2091 1609 2142 1654; x_wconf 90' lang='lat' dir='ltr'><strong>et</strong></span> <span class='ocrx_word' id='word_1_292' title='bbox 2177 1615 2295 1655; x_wconf 91' lang='lat' dir='ltr'><strong>cum</strong></span> <span class='ocrx_word' id='word_1_293' title='bbox 2329 1601 2440 1669; x_wconf 88' lang='lat' dir='ltr'><strong>ipsa</strong></span> <span class='ocrx_word' id='word_1_294' title='bbox 2468 1601 2688 1658; x_wconf 84' lang='lat' dir='ltr'><strong>ecclesia</strong></span> <span class='ocrx_word' id='word_1_295' title='bbox 2717 1601 2885 1654; x_wconf 87' lang='lat' dir='ltr'><strong>sancti</strong></span> <span class='ocrx_word' id='word_1_296' title='bbox 2918 1599 3090 1654; x_wconf 71' lang='grc' dir='ltr'><strong>Μειηηί</strong></span> <span class='ocrx_word' id='word_1_297' title='bbox 3112 1641 3126 1666; x_wconf 87' lang='grc'><strong><em>,</em></strong></span> <span class='ocrx_word' id='word_1_298' title='bbox 3160 1615 3277 1668; x_wconf 79' lang='lat' dir='ltr'><strong>qua:</strong></span> <span class='ocrx_word' id='word_1_299' title='bbox 3305 1607 3383 1652; x_wconf 90' lang='lat' dir='ltr'><strong>est</strong></span> <span class='ocrx_word' id='word_1_300' title='bbox 3417 1600 3512 1653; x_wconf 88' lang='lat' dir='ltr'><strong>ibi-</strong></span> 
     </span>
    </p>
   </div>
   <div class='ocr_carea' id='block_1_46' title="bbox 1933 1690 3513 1759">
    <p class='ocr_par' dir='ltr' id='par_1_46' title="bbox 1933 1690 3513 1759">
     <span class='ocr_line' id='line_1_46' title="bbox 1933 1690 3513 1759; baseline 0.001 -16"><span class='ocrx_word' id='word_1_301' title='bbox 1933 1690 2053 1746; x_wconf 88' lang='lat' dir='ltr'><strong>dem</strong></span> <span class='ocrx_word' id='word_1_302' title='bbox 2087 1690 2341 1746; x_wconf 63' lang='lat' dir='ltr'><strong>aedificata</strong></span> <span class='ocrx_word' id='word_1_303' title='bbox 2382 1707 2502 1746; x_wconf 89' lang='lat' dir='ltr'><strong>cum</strong></span> <span class='ocrx_word' id='word_1_304' title='bbox 2542 1693 2733 1759; x_wconf 85' lang='lat' dir='ltr'><strong>terris,</strong></span> <span class='ocrx_word' id='word_1_305' title='bbox 2765 1692 2964 1758; x_wconf 85' lang='lat' dir='ltr'><strong>vineis,</strong></span> <span class='ocrx_word' id='word_1_306' title='bbox 3003 1701 3056 1747; x_wconf 91' lang='lat' dir='ltr'><strong>et</strong></span> <span class='ocrx_word' id='word_1_307' title='bbox 3101 1707 3221 1746; x_wconf 91' lang='lat' dir='ltr'><strong>cum</strong></span> <span class='ocrx_word' id='word_1_308' title='bbox 3269 1691 3513 1745; x_wconf 89' lang='lat' dir='ltr'><strong>omnibus</strong></span> 
     </span>
    </p>
   </div>
   <div class='ocr_carea' id='block_1_47' title="bbox 1939 1781 3514 1851">
    <p class='ocr_par' dir='ltr' id='par_1_47' title="bbox 1939 1781 3514 1851">
     <span class='ocr_line' id='line_1_47' title="bbox 1939 1781 3514 1851; baseline -0.001 -17"><span class='ocrx_word' id='word_1_309' title='bbox 1939 1781 2269 1849; x_wconf 87' lang='lat' dir='ltr'><strong>pertinentiis</strong></span> <span class='ocrx_word' id='word_1_310' title='bbox 2295 1781 2408 1851; x_wconf 86' lang='lat' dir='ltr'><strong>ejus</strong></span> <span class='ocrx_word' id='word_1_311' title='bbox 2439 1784 2626 1850; x_wconf 88' lang='lat' dir='ltr'><strong>cultis,</strong></span> <span class='ocrx_word' id='word_1_312' title='bbox 2660 1791 2714 1837; x_wconf 81' lang='lat' dir='ltr'><strong>et</strong></span> <span class='ocrx_word' id='word_1_313' title='bbox 2740 1782 2951 1838; x_wconf 80' lang='lat' dir='ltr'><strong>incultis</strong></span> <span class='ocrx_word' id='word_1_314' title='bbox 2971 1825 2986 1850; x_wconf 94' lang='lat'><strong>,</strong></span> <span class='ocrx_word' id='word_1_315' title='bbox 3028 1792 3078 1838; x_wconf 90' lang='lat' dir='ltr'><strong>et</strong></span> <span class='ocrx_word' id='word_1_316' title='bbox 3119 1798 3235 1837; x_wconf 92' lang='lat' dir='ltr'><strong>cum</strong></span> <span class='ocrx_word' id='word_1_317' title='bbox 3266 1783 3514 1836; x_wconf 86' lang='lat' dir='ltr'><strong>omnibus</strong></span> 
     </span>
    </p>
   </div>
   <div class='ocr_carea' id='block_1_48' title="bbox 1934 1874 3516 1941">
    <p class='ocr_par' dir='ltr' id='par_1_48' title="bbox 1934 1874 3516 1941">
     <span class='ocr_line' id='line_1_48' title="bbox 1934 1874 3516 1941; baseline 0.001 -14"><span class='ocrx_word' id='word_1_318' title='bbox 1934 1874 2170 1928; x_wconf 69' lang='lat' dir='ltr'><strong>aedificiis</strong></span> <span class='ocrx_word' id='word_1_319' title='bbox 2194 1874 2425 1940; x_wconf 92' lang='lat' dir='ltr'><strong>illorum,</strong></span> <span class='ocrx_word' id='word_1_320' title='bbox 2450 1891 2568 1929; x_wconf 86' lang='lat' dir='ltr'><strong>cum</strong></span> <span class='ocrx_word' id='word_1_321' title='bbox 2595 1875 2786 1941; x_wconf 82' lang='lat' dir='ltr'><strong>servis,</strong></span> <span class='ocrx_word' id='word_1_322' title='bbox 2809 1886 2860 1931; x_wconf 92' lang='lat' dir='ltr'><strong>et</strong></span> <span class='ocrx_word' id='word_1_323' title='bbox 2884 1874 3109 1941; x_wconf 84' lang='lat' dir='ltr'><strong>ancillis,</strong></span> <span class='ocrx_word' id='word_1_324' title='bbox 3135 1875 3287 1929; x_wconf 89' lang='lat' dir='ltr'><strong>sicuti</strong></span> <span class='ocrx_word' id='word_1_325' title='bbox 3319 1883 3516 1929; x_wconf 69' lang='lat' dir='ltr'><strong>nostrae</strong></span> 
     </span>
    </p>
   </div>
   <div class='ocr_carea' id='block_1_49' title="bbox 1937 1964 3516 2035">
    <p class='ocr_par' dir='ltr' id='par_1_49' title="bbox 1937 1964 3516 2035">
     <span class='ocr_line' id='line_1_49' title="bbox 1937 1964 3516 2035; baseline 0 -18"><span class='ocrx_word' id='word_1_326' title='bbox 1937 1965 2214 2032; x_wconf 86' lang='lat' dir='ltr'><strong>potestatis</strong></span> <span class='ocrx_word' id='word_1_327' title='bbox 2240 1973 2322 2020; x_wconf 90' lang='lat' dir='ltr'><strong>est</strong></span> <span class='ocrx_word' id='word_1_328' title='bbox 2353 1981 2471 2020; x_wconf 92' lang='lat' dir='ltr'><strong>cum</strong></span> <span class='ocrx_word' id='word_1_329' title='bbox 2495 1967 2715 2035; x_wconf 90' lang='lat' dir='ltr'><strong>campis,</strong></span> <span class='ocrx_word' id='word_1_330' title='bbox 2743 1973 2797 2020; x_wconf 90' lang='lat' dir='ltr'><strong>et</strong></span> <span class='ocrx_word' id='word_1_331' title='bbox 2824 1965 2990 2031; x_wconf 78' lang='lat' dir='ltr'><strong>silvis,</strong></span> <span class='ocrx_word' id='word_1_332' title='bbox 3015 1979 3133 2019; x_wconf 89' lang='lat' dir='ltr'><strong>cum</strong></span> <span class='ocrx_word' id='word_1_333' title='bbox 3167 1964 3432 2019; x_wconf 75' lang='lat' dir='ltr'><strong>montibus</strong></span> <span class='ocrx_word' id='word_1_334' title='bbox 3462 1971 3516 2018; x_wconf 87' lang='lat' dir='ltr'><strong>et</strong></span> 
     </span>
    </p>
   </div>
   <div class='ocr_carea' id='block_1_50' title="bbox 1938 2054 3517 2128">
    <p class='ocr_par' dir='ltr' id='par_1_50' title="bbox 1938 2054 3517 2128">
     <span class='ocr_line' id='line_1_50' title="bbox 1938 2054 3517 2128; baseline 0.004 -25"><span class='ocrx_word' id='word_1_335' title='bbox 1938 2054 2193 2123; x_wconf 89' lang='lat' dir='ltr'><strong>planitiis,</strong></span> <span class='ocrx_word' id='word_1_336' title='bbox 2224 2069 2344 2110; x_wconf 89' lang='lat' dir='ltr'><strong>cum</strong></span> <span class='ocrx_word' id='word_1_337' title='bbox 2376 2057 2611 2123; x_wconf 91' lang='lat' dir='ltr'><strong>selectis,</strong></span> <span class='ocrx_word' id='word_1_338' title='bbox 2638 2065 2691 2111; x_wconf 83' lang='lat' dir='ltr'><strong>et</strong></span> <span class='ocrx_word' id='word_1_339' title='bbox 2723 2056 2976 2125; x_wconf 87' lang='lat' dir='ltr'><strong>pratibus,</strong></span> <span class='ocrx_word' id='word_1_340' title='bbox 3005 2066 3058 2111; x_wconf 89' lang='lat' dir='ltr'><strong>et</strong></span> <span class='ocrx_word' id='word_1_341' title='bbox 3087 2057 3325 2111; x_wconf 84' lang='lat' dir='ltr'><strong>decursis</strong></span> <span class='ocrx_word' id='word_1_342' title='bbox 3355 2072 3517 2128; x_wconf 80' lang='lat' dir='ltr'><strong>aqua-</strong></span> 
     </span>
    </p>
   </div>
   <div class='ocr_carea' id='block_1_51' title="bbox 1937 2148 3516 2218">
    <p class='ocr_par' dir='ltr' id='par_1_51' title="bbox 1937 2148 3516 2218">
     <span class='ocr_line' id='line_1_51' title="bbox 1937 2148 3516 2218; baseline 0.004 -22"><span class='ocrx_word' id='word_1_343' title='bbox 1937 2159 2084 2210; x_wconf 80' lang='lat' dir='ltr'><strong>rum,</strong></span> <span class='ocrx_word' id='word_1_344' title='bbox 2115 2148 2288 2201; x_wconf 85' lang='lat' dir='ltr'><strong>omnia</strong></span> <span class='ocrx_word' id='word_1_345' title='bbox 2321 2148 2372 2201; x_wconf 94' lang='lat' dir='ltr'><strong>in</strong></span> <span class='ocrx_word' id='word_1_346' title='bbox 2398 2149 2671 2217; x_wconf 90' lang='lat' dir='ltr'><strong>omnibus,</strong></span> <span class='ocrx_word' id='word_1_347' title='bbox 2702 2149 2835 2203; x_wconf 91' lang='lat' dir='ltr'><strong>sicut</strong></span> <span class='ocrx_word' id='word_1_348' title='bbox 2863 2149 3224 2218; x_wconf 80' lang='lat' dir='ltr'><strong>supradiclum</strong></span> <span class='ocrx_word' id='word_1_349' title='bbox 3251 2157 3353 2216; x_wconf 91' lang='lat' dir='ltr'><strong>est,</strong></span> <span class='ocrx_word' id='word_1_350' title='bbox 3384 2164 3516 2203; x_wconf 65' lang='lat' dir='ltr'><strong>cono</strong></span> 
     </span>
    </p>
   </div>
   <div class='ocr_carea' id='block_1_52' title="bbox 1935 2240 3518 2312">
    <p class='ocr_par' dir='ltr' id='par_1_52' title="bbox 1935 2240 3518 2312">
     <span class='ocr_line' id='line_1_52' title="bbox 1935 2240 3518 2312; baseline 0.003 -18"><span class='ocrx_word' id='word_1_351' title='bbox 1935 2241 2177 2294; x_wconf 89' lang='lat' dir='ltr'><strong>cedimus</strong></span> <span class='ocrx_word' id='word_1_352' title='bbox 2197 2240 2353 2295; x_wconf 71' lang='lat' dir='ltr'><strong>dicta:</strong></span> <span class='ocrx_word' id='word_1_353' title='bbox 2380 2242 2620 2295; x_wconf 71' lang='lat' dir='ltr'><strong>ecclesiae</strong></span> <span class='ocrx_word' id='word_1_354' title='bbox 2644 2252 2695 2297; x_wconf 89' lang='lat' dir='ltr'><strong>et</strong></span> <span class='ocrx_word' id='word_1_355' title='bbox 2717 2241 2833 2311; x_wconf 68' lang='lat' dir='ltr'><strong>ejus</strong></span> <span class='ocrx_word' id='word_1_356' title='bbox 2854 2242 3270 2297; x_wconf 64' lang='lat' dir='ltr'><strong>successoribus.</strong></span> <span class='ocrx_word' id='word_1_357' title='bbox 3302 2243 3518 2312; x_wconf 78' lang='lat' dir='ltr'><strong>Insuper</strong></span> 
     </span>
    </p>
   </div>
   <div class='ocr_carea' id='block_1_53' title="bbox 1938 2331 3520 2403">
    <p class='ocr_par' dir='ltr' id='par_1_53' title="bbox 1938 2331 3520 2403">
     <span class='ocr_line' id='line_1_53' title="bbox 1938 2331 3520 2403; baseline 0.002 -19"><span class='ocrx_word' id='word_1_358' title='bbox 1938 2331 2280 2384; x_wconf 88' lang='lat' dir='ltr'><strong>concedimus</strong></span> <span class='ocrx_word' id='word_1_359' title='bbox 2308 2331 2562 2398; x_wconf 60' lang='lat' dir='ltr'><strong>praedicto</strong></span> <span class='ocrx_word' id='word_1_360' title='bbox 2584 2334 2833 2401; x_wconf 81' lang='lat' dir='ltr'><strong>episcopo</strong></span> <span class='ocrx_word' id='word_1_361' title='bbox 2861 2349 3075 2403; x_wconf 62' lang='lat' dir='ltr'><strong>suaeque</strong></span> <span class='ocrx_word' id='word_1_362' title='bbox 3102 2333 3361 2398; x_wconf 74' lang='lat' dir='ltr'><strong>ecclesim,</strong></span> <span class='ocrx_word' id='word_1_363' title='bbox 3385 2334 3520 2388; x_wconf 82' lang='lat' dir='ltr'><strong>suis-</strong></span> 
     </span>
    </p>
   </div>
   <div class='ocr_carea' id='block_1_54' title="bbox 1938 2423 3521 2491">
    <p class='ocr_par' dir='ltr' id='par_1_54' title="bbox 1938 2423 3521 2491">
     <span class='ocr_line' id='line_1_54' title="bbox 1938 2423 3521 2491; baseline 0.003 -17"><span class='ocrx_word' id='word_1_364' title='bbox 1938 2435 2045 2491; x_wconf 89' lang='lat' dir='ltr'><strong>que</strong></span> <span class='ocrx_word' id='word_1_365' title='bbox 2073 2424 2470 2477; x_wconf 90' lang='lat' dir='ltr'><strong>successoribus</strong></span> <span class='ocrx_word' id='word_1_366' title='bbox 2493 2433 2654 2477; x_wconf 85' lang='lat' dir='ltr'><strong>totam</strong></span> <span class='ocrx_word' id='word_1_367' title='bbox 2680 2433 2896 2490; x_wconf 90' lang='lat' dir='ltr'><strong>terram,</strong></span> <span class='ocrx_word' id='word_1_368' title='bbox 2926 2423 3010 2477; x_wconf 90' lang='lat' dir='ltr'><strong>ubi</strong></span> <span class='ocrx_word' id='word_1_369' title='bbox 3035 2424 3230 2478; x_wconf 90' lang='lat' dir='ltr'><strong>dicitur</strong></span> <span class='ocrx_word' id='word_1_370' title='bbox 3257 2425 3521 2479; x_wconf 82' lang='lat' dir='ltr'><strong>Mam-ian-</strong></span> 
     </span>
    </p>
   </div>
   <div class='ocr_carea' id='block_1_55' title="bbox 1941 2515 3523 2586">
    <p class='ocr_par' dir='ltr' id='par_1_55' title="bbox 1941 2515 3523 2586">
     <span class='ocr_line' id='line_1_55' title="bbox 1941 2515 3523 2586; baseline 0.004 -21"><span class='ocrx_word' id='word_1_371' title='bbox 1941 2527 2068 2565; x_wconf 90' lang='lat' dir='ltr'><strong>num</strong></span> <span class='ocrx_word' id='word_1_372' title='bbox 2091 2551 2106 2577; x_wconf 92' lang='lat'><strong>,</strong></span> <span class='ocrx_word' id='word_1_373' title='bbox 2136 2521 2208 2565; x_wconf 90' lang='lat' dir='ltr'><strong>et.</strong></span> <span class='ocrx_word' id='word_1_374' title='bbox 2234 2549 2250 2566; x_wconf 96' lang='lat'><strong>.</strong></span> <span class='ocrx_word' id='word_1_375' title='bbox 2280 2553 2294 2567; x_wconf 95' lang='lat'><strong>.</strong></span> <span class='ocrx_word' id='word_1_376' title='bbox 2319 2550 2335 2566; x_wconf 95' lang='lat'><strong>.</strong></span> <span class='ocrx_word' id='word_1_377' title='bbox 2362 2553 2376 2568; x_wconf 97' lang='lat'><strong>.</strong></span> <span class='ocrx_word' id='word_1_378' title='bbox 2405 2530 2525 2568; x_wconf 92' lang='lat' dir='ltr'><strong>cum</strong></span> <span class='ocrx_word' id='word_1_379' title='bbox 2559 2515 2684 2583; x_wconf 68' lang='lat' dir='ltr'><strong>ipsa:</strong></span> <span class='ocrx_word' id='word_1_380' title='bbox 2710 2515 2948 2570; x_wconf 71' lang='lat' dir='ltr'><strong>ecclesia:</strong></span> <span class='ocrx_word' id='word_1_381' title='bbox 2972 2558 2985 2582; x_wconf 90' lang='lat'><strong>,</strong></span> <span class='ocrx_word' id='word_1_382' title='bbox 3021 2531 3136 2586; x_wconf 64' lang='lat' dir='ltr'><strong>quae</strong></span> <span class='ocrx_word' id='word_1_383' title='bbox 3176 2515 3368 2571; x_wconf 79' lang='lat' dir='ltr'><strong>ibidem</strong></span> <span class='ocrx_word' id='word_1_384' title='bbox 3397 2528 3523 2571; x_wconf 90' lang='lat' dir='ltr'><strong>sunt</strong></span> 
     </span>
    </p>
   </div>
   <div class='ocr_carea' id='block_1_56' title="bbox 1941 2607 3520 2678">
    <p class='ocr_par' dir='ltr' id='par_1_56' title="bbox 1941 2607 3520 2678">
     <span class='ocr_line' id='line_1_56' title="bbox 1941 2607 3520 2678; baseline 0.005 -20"><span class='ocrx_word' id='word_1_385' title='bbox 1941 2607 2214 2662; x_wconf 64' lang='lat' dir='ltr'><strong>aediﬁcatae</strong></span> <span class='ocrx_word' id='word_1_386' title='bbox 2245 2616 2351 2663; x_wconf 89' lang='lat' dir='ltr'><strong>tam</strong></span> <span class='ocrx_word' id='word_1_387' title='bbox 2385 2611 2435 2662; x_wconf 93' lang='lat' dir='ltr'><strong>in</strong></span> <span class='ocrx_word' id='word_1_388' title='bbox 2489 2610 2757 2664; x_wconf 87' lang='lat' dir='ltr'><strong>montibus</strong></span> <span class='ocrx_word' id='word_1_389' title='bbox 2797 2625 2951 2678; x_wconf 86' lang='lat' dir='ltr'><strong>quam</strong></span> <span class='ocrx_word' id='word_1_390' title='bbox 2986 2609 3036 2664; x_wconf 93' lang='lat' dir='ltr'><strong>in</strong></span> <span class='ocrx_word' id='word_1_391' title='bbox 3069 2610 3399 2676; x_wconf 86' lang='lat' dir='ltr'><strong>planiticbus.</strong></span> <span class='ocrx_word' id='word_1_392' title='bbox 3431 2611 3520 2668; x_wconf 81' lang='lat' dir='ltr'><strong>Ivi-</strong></span> 
     </span>
    </p>
   </div>
   <div class='ocr_carea' id='block_1_57' title="bbox 1942 2701 3522 2775">
    <p class='ocr_par' dir='ltr' id='par_1_57' title="bbox 1942 2701 3522 2775">
     <span class='ocr_line' id='line_1_57' title="bbox 1942 2701 3522 2775; baseline 0.006 -23"><span class='ocrx_word' id='word_1_393' title='bbox 1942 2713 2102 2769; x_wconf 85' lang='lat' dir='ltr'><strong>super</strong></span> <span class='ocrx_word' id='word_1_394' title='bbox 2128 2701 2369 2756; x_wconf 88' lang='lat' dir='ltr'><strong>dedimus</strong></span> <span class='ocrx_word' id='word_1_395' title='bbox 2397 2703 2504 2771; x_wconf 87' lang='lat' dir='ltr'><strong>jam</strong></span> <span class='ocrx_word' id='word_1_396' title='bbox 2539 2704 2682 2757; x_wconf 88' lang='lat' dir='ltr'><strong>dicto</strong></span> <span class='ocrx_word' id='word_1_397' title='bbox 2721 2704 2970 2772; x_wconf 74' lang='lat' dir='ltr'><strong>episcopo</strong></span> <span class='ocrx_word' id='word_1_398' title='bbox 2999 2705 3161 2759; x_wconf 88' lang='lat' dir='ltr'><strong>etiam</strong></span> <span class='ocrx_word' id='word_1_399' title='bbox 3204 2708 3522 2775; x_wconf 79' lang='lat' dir='ltr'><strong>supradictae</strong></span> 
     </span>
    </p>
   </div>
   <div class='ocr_carea' id='block_1_58' title="bbox 1943 2793 3522 2864">
    <p class='ocr_par' dir='ltr' id='par_1_58' title="bbox 1943 2793 3522 2864">
     <span class='ocr_line' id='line_1_58' title="bbox 1943 2793 3522 2864; baseline 0.001 -18"><span class='ocrx_word' id='word_1_400' title='bbox 1943 2793 2186 2848; x_wconf 63' lang='lat' dir='ltr'><strong>ecclesiae</strong></span> <span class='ocrx_word' id='word_1_401' title='bbox 2208 2838 2222 2860; x_wconf 92' lang='lat'><strong>,</strong></span> <span class='ocrx_word' id='word_1_402' title='bbox 2253 2795 2468 2864; x_wconf 82' lang='lat' dir='ltr'><strong>suisque</strong></span> <span class='ocrx_word' id='word_1_403' title='bbox 2497 2795 2898 2850; x_wconf 75' lang='lat' dir='ltr'><strong>successoribus</strong></span> <span class='ocrx_word' id='word_1_404' title='bbox 2928 2795 2979 2849; x_wconf 88' lang='lat' dir='ltr'><strong>in</strong></span> <span class='ocrx_word' id='word_1_405' title='bbox 3012 2797 3280 2849; x_wconf 72' lang='lat' dir='ltr'><strong>territorio</strong></span> <span class='ocrx_word' id='word_1_406' title='bbox 3315 2797 3522 2850; x_wconf 82' lang='lat' dir='ltr'><strong>Narna-</strong></span> 
     </span>
    </p>
   </div>
   <div class='ocr_carea' id='block_1_59' title="bbox 1945 2885 3524 2957">
    <p class='ocr_par' dir='ltr' id='par_1_59' title="bbox 1945 2885 3524 2957">
     <span class='ocr_line' id='line_1_59' title="bbox 1945 2885 3524 2957; baseline 0.001 -14"><span class='ocrx_word' id='word_1_407' title='bbox 1945 2885 2076 2957; x_wconf 85' lang='lat' dir='ltr'><strong>tino,</strong></span> <span class='ocrx_word' id='word_1_408' title='bbox 2109 2887 2161 2941; x_wconf 92' lang='lat' dir='ltr'><strong>in</strong></span> <span class='ocrx_word' id='word_1_409' title='bbox 2193 2887 2307 2942; x_wconf 93' lang='lat' dir='ltr'><strong>loco</strong></span> <span class='ocrx_word' id='word_1_410' title='bbox 2346 2887 2434 2956; x_wconf 92' lang='lat' dir='ltr'><strong>qui</strong></span> <span class='ocrx_word' id='word_1_411' title='bbox 2462 2887 2653 2941; x_wconf 90' lang='lat' dir='ltr'><strong>dicitur</strong></span> <span class='ocrx_word' id='word_1_412' title='bbox 2678 2887 2742 2941; x_wconf 91' lang='lat' dir='ltr'><strong>ad</strong></span> <span class='ocrx_word' id='word_1_413' title='bbox 2774 2885 2982 2941; x_wconf 86' lang='lat' dir='ltr'><strong>Ulmum</strong></span> <span class='ocrx_word' id='word_1_414' title='bbox 3011 2901 3146 2941; x_wconf 75' lang='lat' dir='ltr'><strong>casm</strong></span> <span class='ocrx_word' id='word_1_415' title='bbox 3183 2903 3256 2942; x_wconf 75' lang='lat' dir='ltr'><strong>stt</strong></span> <span class='ocrx_word' id='word_1_416' title='bbox 3294 2903 3411 2957; x_wconf 75' lang='lat' dir='ltr'><strong>qua:</strong></span> <span class='ocrx_word' id='word_1_417' title='bbox 3442 2899 3524 2945; x_wconf 87' lang='lat' dir='ltr'><strong>tc-</strong></span> 
     </span>
    </p>
   </div>
   <div class='ocr_carea' id='block_1_60' title="bbox 1944 2976 3525 3051">
    <p class='ocr_par' dir='ltr' id='par_1_60' title="bbox 1944 2976 3525 3051">
     <span class='ocr_line' id='line_1_60' title="bbox 1944 2976 3525 3051; baseline -0.002 -17"><span class='ocrx_word' id='word_1_418' title='bbox 1944 2989 2140 3051; x_wconf 92' lang='lat' dir='ltr'><strong>guntur</strong></span> <span class='ocrx_word' id='word_1_419' title='bbox 2169 2994 2258 3049; x_wconf 89' lang='lat' dir='ltr'><strong>per</strong></span> <span class='ocrx_word' id='word_1_420' title='bbox 2279 2978 2550 3041; x_wconf 77' lang='lat' dir='ltr'><strong>Mellitum,</strong></span> <span class='ocrx_word' id='word_1_421' title='bbox 2578 2987 2631 3032; x_wconf 90' lang='lat' dir='ltr'><strong>et</strong></span> <span class='ocrx_word' id='word_1_422' title='bbox 2662 2978 3014 3042; x_wconf 87' lang='lat' dir='ltr'><strong>Palummum,</strong></span> <span class='ocrx_word' id='word_1_423' title='bbox 3043 2976 3150 3031; x_wconf 74' lang='lat' dir='ltr'><strong>[iac</strong></span> <span class='ocrx_word' id='word_1_424' title='bbox 3173 2978 3444 3047; x_wconf 78' lang='lat' dir='ltr'><strong>Uisilinm,</strong></span> <span class='ocrx_word' id='word_1_425' title='bbox 3470 2991 3525 3036; x_wconf 88' lang='lat' dir='ltr'><strong>et</strong></span> 
     </span>
    </p>
   </div>
   <div class='ocr_carea' id='block_1_61' title="bbox 253 3067 3526 3176">
    <p class='ocr_par' dir='ltr' id='par_1_61' title="bbox 253 3067 3526 3176">
     <span class='ocr_line' id='line_1_61' title="bbox 253 3067 3526 3176; baseline 0.002 -54"><span class='ocrx_word' id='word_1_426' title='bbox 253 3069 346 3122; x_wconf 85' lang='lat' dir='ltr'><strong>sti.</strong></span> <span class='ocrx_word' id='word_1_427' title='bbox 380 3067 606 3122; x_wconf 83' lang='lat' dir='ltr'><strong>Arechis</strong></span> <span class='ocrx_word' id='word_1_428' title='bbox 637 3067 894 3122; x_wconf 89' lang='lat' dir='ltr'><strong>Dominus</strong></span> <span class='ocrx_word' id='word_1_429' title='bbox 921 3068 1004 3125; x_wconf 87' lang='lat' dir='ltr'><strong>vir</strong></span> <span class='ocrx_word' id='word_1_430' title='bbox 1026 3067 1446 3138; x_wconf 88' lang='lat' dir='ltr'><strong>gloriosissimus</strong></span> <span class='ocrx_word' id='word_1_431' title='bbox 1464 3112 1478 3135; x_wconf 91' lang='lat'><strong>.</strong></span> <span class='ocrx_word' id='word_1_432' title='bbox 1509 3080 1669 3142; x_wconf 83' lang='lat' dir='ltr'><strong>atque</strong></span> <span class='ocrx_word' id='word_1_433' title='bbox 1697 3087 1843 3127; x_wconf 83' lang='lat' dir='ltr'><strong>sutn-</strong></span> <span class='ocrx_word' id='word_1_434' title='bbox 1871 3110 1919 3176; x_wconf 59' lang='grc' dir='ltr'><strong>Β</strong></span> <span class='ocrx_word' id='word_1_435' title='bbox 1947 3091 2070 3131; x_wconf 88' lang='lat' dir='ltr'><strong>cura</strong></span> <span class='ocrx_word' id='word_1_436' title='bbox 2091 3073 2362 3138; x_wconf 88' lang='lat' dir='ltr'><strong>fratribus,</strong></span> <span class='ocrx_word' id='word_1_437' title='bbox 2387 3081 2440 3127; x_wconf 85' lang='lat' dir='ltr'><strong>et</strong></span> <span class='ocrx_word' id='word_1_438' title='bbox 2461 3071 2582 3124; x_wconf 79' lang='lat' dir='ltr'><strong>filiis</strong></span> <span class='ocrx_word' id='word_1_439' title='bbox 2603 3086 2809 3126; x_wconf 89' lang='lat' dir='ltr'><strong>eorum.</strong></span> <span class='ocrx_word' id='word_1_440' title='bbox 2838 3071 2960 3126; x_wconf 66' lang='lat' dir='ltr'><strong>Haec</strong></span> <span class='ocrx_word' id='word_1_441' title='bbox 2981 3071 3154 3125; x_wconf 87' lang='lat' dir='ltr'><strong>omnia</strong></span> <span class='ocrx_word' id='word_1_442' title='bbox 3186 3073 3526 3127; x_wconf 77' lang='lat' dir='ltr'><strong>Concedimus</strong></span> 
     </span>
    </p>
   </div>
   <div class='ocr_carea' id='block_1_62' title="bbox 259 3161 1842 3236">
    <p class='ocr_par' dir='ltr' id='par_1_62' title="bbox 259 3161 1842 3236">
     <span class='ocr_line' id='line_1_62' title="bbox 259 3161 1842 3236; baseline 0.003 -20"><span class='ocrx_word' id='word_1_443' title='bbox 259 3176 384 3216; x_wconf 87' lang='lat' dir='ltr'><strong>mus</strong></span> <span class='ocrx_word' id='word_1_444' title='bbox 410 3163 516 3216; x_wconf 73' lang='lat' dir='ltr'><strong>dux</strong></span> <span class='ocrx_word' id='word_1_445' title='bbox 539 3161 714 3231; x_wconf 83' lang='lat' dir='ltr'><strong>gentis</strong></span> <span class='ocrx_word' id='word_1_446' title='bbox 740 3161 1234 3233; x_wconf 80' lang='lat' dir='ltr'><strong>Langobardorum,</strong></span> <span class='ocrx_word' id='word_1_447' title='bbox 1261 3180 1355 3234; x_wconf 89' lang='lat' dir='ltr'><strong>per</strong></span> <span class='ocrx_word' id='word_1_448' title='bbox 1379 3180 1562 3236; x_wconf 83' lang='lat' dir='ltr'><strong>rogum</strong></span> <span class='ocrx_word' id='word_1_449' title='bbox 1588 3165 1842 3221; x_wconf 85' lang='lat' dir='ltr'><strong>Arnoaldi</strong></span> 
     </span>
    </p>
   </div>
   <div class='ocr_carea' id='block_1_63' title="bbox 253 3254 1844 3322">
    <p class='ocr_par' dir='ltr' id='par_1_63' title="bbox 253 3254 1844 3322">
     <span class='ocr_line' id='line_1_63' title="bbox 253 3254 1844 3322; baseline 0.004 -16"><span class='ocrx_word' id='word_1_450' title='bbox 253 3254 467 3308; x_wconf 79' lang='lat' dir='ltr'><strong>abbatis</strong></span> <span class='ocrx_word' id='word_1_451' title='bbox 513 3255 724 3322; x_wconf 85' lang='lat' dir='ltr'><strong>nostri,</strong></span> <span class='ocrx_word' id='word_1_452' title='bbox 770 3254 1160 3311; x_wconf 77' lang='lat' dir='ltr'><strong>absolutionem</strong></span> <span class='ocrx_word' id='word_1_453' title='bbox 1203 3258 1446 3313; x_wconf 58' lang='lat' dir='ltr'><strong>ecclesia</strong></span> <span class='ocrx_word' id='word_1_454' title='bbox 1493 3259 1844 3313; x_wconf 73' lang='lat' dir='ltr'><strong>sanctissimae</strong></span> 
     </span>
    </p>
   </div>
   <div class='ocr_carea' id='block_1_64' title="bbox 257 3347 1844 3418">
    <p class='ocr_par' dir='ltr' id='par_1_64' title="bbox 257 3347 1844 3418">
     <span class='ocr_line' id='line_1_64' title="bbox 257 3347 1844 3418; baseline 0.001 -17"><span class='ocrx_word' id='word_1_455' title='bbox 257 3347 355 3402; x_wconf 92' lang='lat' dir='ltr'><strong>Dei</strong></span> <span class='ocrx_word' id='word_1_456' title='bbox 406 3350 679 3418; x_wconf 76' lang='lat' dir='ltr'><strong>genitricis</strong></span> <span class='ocrx_word' id='word_1_457' title='bbox 737 3351 958 3416; x_wconf 63' lang='lat' dir='ltr'><strong>Mariae,</strong></span> <span class='ocrx_word' id='word_1_458' title='bbox 1020 3360 1075 3404; x_wconf 93' lang='lat' dir='ltr'><strong>et</strong></span> <span class='ocrx_word' id='word_1_459' title='bbox 1135 3351 1303 3403; x_wconf 82' lang='lat' dir='ltr'><strong>sancti</strong></span> <span class='ocrx_word' id='word_1_460' title='bbox 1354 3350 1635 3414; x_wconf 77' lang='lat' dir='ltr'><strong>Martiani,</strong></span> <span class='ocrx_word' id='word_1_461' title='bbox 1686 3364 1844 3418; x_wconf 91' lang='lat' dir='ltr'><strong>quam</strong></span> 
     </span>
    </p>
   </div>
   <div class='ocr_carea' id='block_1_65' title="bbox 253 3441 1847 3509">
    <p class='ocr_par' dir='ltr' id='par_1_65' title="bbox 253 3441 1847 3509">
     <span class='ocr_line' id='line_1_65' title="bbox 253 3441 1847 3509; baseline 0.001 -14"><span class='ocrx_word' id='word_1_462' title='bbox 253 3442 528 3509; x_wconf 87' lang='lat' dir='ltr'><strong>quondam</strong></span> <span class='ocrx_word' id='word_1_463' title='bbox 559 3441 794 3497; x_wconf 86' lang='lat' dir='ltr'><strong>Gardino</strong></span> <span class='ocrx_word' id='word_1_464' title='bbox 821 3443 986 3498; x_wconf 86' lang='lat' dir='ltr'><strong>abbas</strong></span> <span class='ocrx_word' id='word_1_465' title='bbox 1013 3457 1044 3497; x_wconf 89' lang='lat' dir='ltr'><strong>a</strong></span> <span class='ocrx_word' id='word_1_466' title='bbox 1076 3457 1214 3498; x_wconf 92' lang='lat' dir='ltr'><strong>novo</strong></span> <span class='ocrx_word' id='word_1_467' title='bbox 1241 3441 1548 3497; x_wconf 81' lang='lat' dir='ltr'><strong>fundamine</strong></span> <span class='ocrx_word' id='word_1_468' title='bbox 1579 3443 1725 3496; x_wconf 88' lang='lat' dir='ltr'><strong>visus</strong></span> <span class='ocrx_word' id='word_1_469' title='bbox 1749 3442 1847 3496; x_wconf 87' lang='lat' dir='ltr'><strong>fuit</strong></span> 
     </span>
    </p>
   </div>
   <div class='ocr_carea' id='block_1_66' title="bbox 253 3533 1849 3604">
    <p class='ocr_par' dir='ltr' id='par_1_66' title="bbox 253 3533 1849 3604">
     <span class='ocr_line' id='line_1_66' title="bbox 253 3533 1849 3604; baseline 0 -16"><span class='ocrx_word' id='word_1_470' title='bbox 253 3533 311 3588; x_wconf 88' lang='lat' dir='ltr'><strong>in</strong></span> <span class='ocrx_word' id='word_1_471' title='bbox 354 3536 472 3588; x_wconf 90' lang='lat' dir='ltr'><strong>loco</strong></span> <span class='ocrx_word' id='word_1_472' title='bbox 523 3536 612 3604; x_wconf 85' lang='lat' dir='ltr'><strong>qui</strong></span> <span class='ocrx_word' id='word_1_473' title='bbox 657 3535 853 3590; x_wconf 86' lang='lat' dir='ltr'><strong>dicitur</strong></span> <span class='ocrx_word' id='word_1_474' title='bbox 891 3535 1069 3593; x_wconf 84' lang='lat' dir='ltr'><strong>Platca</strong></span> <span class='ocrx_word' id='word_1_475' title='bbox 1095 3576 1111 3601; x_wconf 91' lang='lat'><strong>,</strong></span> <span class='ocrx_word' id='word_1_476' title='bbox 1165 3535 1458 3590; x_wconf 85' lang='lat' dir='ltr'><strong>secundum</strong></span> <span class='ocrx_word' id='word_1_477' title='bbox 1497 3534 1725 3603; x_wconf 88' lang='lat' dir='ltr'><strong>qualiter</strong></span> <span class='ocrx_word' id='word_1_478' title='bbox 1754 3546 1849 3602; x_wconf 86' lang='lat' dir='ltr'><strong>per</strong></span> 
     </span>
    </p>
   </div>
   <div class='ocr_carea' id='block_1_67' title="bbox 253 3625 1846 3695">
    <p class='ocr_par' dir='ltr' id='par_1_67' title="bbox 253 3625 1846 3695">
     <span class='ocr_line' id='line_1_67' title="bbox 253 3625 1846 3695; baseline -0.001 -15"><span class='ocrx_word' id='word_1_479' title='bbox 253 3640 418 3680; x_wconf 88' lang='lat' dir='ltr'><strong>suum</strong></span> <span class='ocrx_word' id='word_1_480' title='bbox 460 3629 827 3683; x_wconf 88' lang='lat' dir='ltr'><strong>membranum</strong></span> <span class='ocrx_word' id='word_1_481' title='bbox 869 3628 1171 3693; x_wconf 84' lang='lat' dir='ltr'><strong>firmitatis,</strong></span> <span class='ocrx_word' id='word_1_482' title='bbox 1207 3638 1263 3683; x_wconf 86' lang='lat' dir='ltr'><strong>et</strong></span> <span class='ocrx_word' id='word_1_483' title='bbox 1292 3628 1670 3694; x_wconf 86' lang='lat' dir='ltr'><strong>absolutionis,</strong></span> <span class='ocrx_word' id='word_1_484' title='bbox 1705 3625 1846 3695; x_wconf 90' lang='lat' dir='ltr'><strong>quod</strong></span> 
     </span>
    </p>
   </div>
   <div class='ocr_carea' id='block_1_68' title="bbox 253 3717 1849 3790">
    <p class='ocr_par' dir='ltr' id='par_1_68' title="bbox 253 3717 1849 3790">
     <span class='ocr_line' id='line_1_68' title="bbox 253 3717 1849 3790; baseline -0.001 -16"><span class='ocrx_word' id='word_1_485' title='bbox 253 3717 495 3774; x_wconf 80' lang='lat' dir='ltr'><strong>Joannes</strong></span> <span class='ocrx_word' id='word_1_486' title='bbox 533 3720 858 3776; x_wconf 83' lang='lat' dir='ltr'><strong>venerabilis</strong></span> <span class='ocrx_word' id='word_1_487' title='bbox 889 3720 1169 3790; x_wconf 87' lang='lat' dir='ltr'><strong>episcopus</strong></span> <span class='ocrx_word' id='word_1_488' title='bbox 1198 3730 1394 3774; x_wconf 72' lang='lat' dir='ltr'><strong>sancta:</strong></span> <span class='ocrx_word' id='word_1_489' title='bbox 1434 3720 1576 3775; x_wconf 90' lang='lat' dir='ltr'><strong>sedis</strong></span> <span class='ocrx_word' id='word_1_490' title='bbox 1605 3717 1849 3774; x_wconf 72' lang='lat' dir='ltr'><strong>ecclesia:</strong></span> 
     </span>
    </p>
   </div>
   <div class='ocr_carea' id='block_1_69' title="bbox 256 3813 1850 3885">
    <p class='ocr_par' dir='ltr' id='par_1_69' title="bbox 256 3813 1850 3885">
     <span class='ocr_line' id='line_1_69' title="bbox 256 3813 1850 3885; baseline -0.001 -17"><span class='ocrx_word' id='word_1_491' title='bbox 256 3825 460 3868; x_wconf 71' lang='lat' dir='ltr'><strong>nostra:</strong></span> <span class='ocrx_word' id='word_1_492' title='bbox 501 3814 892 3870; x_wconf 69' lang='lat' dir='ltr'><strong>Beneventante</strong></span> <span class='ocrx_word' id='word_1_493' title='bbox 932 3815 1188 3885; x_wconf 73' lang='lat' dir='ltr'><strong>prmdicto</strong></span> <span class='ocrx_word' id='word_1_494' title='bbox 1227 3814 1461 3869; x_wconf 87' lang='lat' dir='ltr'><strong>Gardino</strong></span> <span class='ocrx_word' id='word_1_495' title='bbox 1504 3828 1604 3869; x_wconf 92' lang='lat' dir='ltr'><strong>suo</strong></span> <span class='ocrx_word' id='word_1_496' title='bbox 1653 3813 1850 3867; x_wconf 87' lang='lat' dir='ltr'><strong>annulo</strong></span> 
     </span>
    </p>
   </div>
   <div class='ocr_carea' id='block_1_70' title="bbox 254 3905 1847 3977">
    <p class='ocr_par' dir='ltr' id='par_1_70' title="bbox 254 3905 1847 3977">
     <span class='ocr_line' id='line_1_70' title="bbox 254 3905 1847 3977; baseline 0.001 -17"><span class='ocrx_word' id='word_1_497' title='bbox 254 3905 550 3974; x_wconf 75' lang='lat' dir='ltr'><strong>sigillatum</strong></span> <span class='ocrx_word' id='word_1_498' title='bbox 592 3907 816 3961; x_wconf 88' lang='lat' dir='ltr'><strong>emisit:</strong></span> <span class='ocrx_word' id='word_1_499' title='bbox 849 3907 1036 3962; x_wconf 85' lang='lat' dir='ltr'><strong>Nostra</strong></span> <span class='ocrx_word' id='word_1_500' title='bbox 1070 3908 1282 3977; x_wconf 88' lang='lat' dir='ltr'><strong>quidem</strong></span> <span class='ocrx_word' id='word_1_501' title='bbox 1312 3907 1545 3977; x_wconf 86' lang='lat' dir='ltr'><strong>gloriosa</strong></span> <span class='ocrx_word' id='word_1_502' title='bbox 1590 3916 1847 3977; x_wconf 88' lang='lat' dir='ltr'><strong>potestas,</strong></span> 
     </span>
    </p>
   </div>
   <div class='ocr_carea' id='block_1_71' title="bbox 255 3995 1848 4067">
    <p class='ocr_par' dir='ltr' id='par_1_71' title="bbox 255 3995 1848 4067">
     <span class='ocr_line' id='line_1_71' title="bbox 255 3995 1848 4067; baseline 0.003 -21"><span class='ocrx_word' id='word_1_503' title='bbox 255 3995 409 4064; x_wconf 77' lang='lat' dir='ltr'><strong>juxta</strong></span> <span class='ocrx_word' id='word_1_504' title='bbox 441 3996 810 4051; x_wconf 86' lang='lat' dir='ltr'><strong>membranum</strong></span> <span class='ocrx_word' id='word_1_505' title='bbox 835 3997 1002 4066; x_wconf 89' lang='lat' dir='ltr'><strong>ipsius</strong></span> <span class='ocrx_word' id='word_1_506' title='bbox 1020 3996 1244 4053; x_wconf 88' lang='lat' dir='ltr'><strong>Joannis</strong></span> <span class='ocrx_word' id='word_1_507' title='bbox 1263 3997 1499 4067; x_wconf 89' lang='lat' dir='ltr'><strong>episcopi</strong></span> <span class='ocrx_word' id='word_1_508' title='bbox 1523 3998 1575 4051; x_wconf 93' lang='lat' dir='ltr'><strong>in</strong></span> <span class='ocrx_word' id='word_1_509' title='bbox 1602 3997 1848 4066; x_wconf 60' lang='lat' dir='ltr'><strong>praedicta</strong></span> 
     </span>
    </p>
   </div>
   <div class='ocr_carea' id='block_1_72' title="bbox 256 4086 1849 4158">
    <p class='ocr_par' dir='ltr' id='par_1_72' title="bbox 256 4086 1849 4158">
     <span class='ocr_line' id='line_1_72' title="bbox 256 4086 1849 4158; baseline 0.002 -18"><span class='ocrx_word' id='word_1_510' title='bbox 256 4095 444 4140; x_wconf 84' lang='lat' dir='ltr'><strong>sancta</strong></span> <span class='ocrx_word' id='word_1_511' title='bbox 474 4086 700 4142; x_wconf 84' lang='lat' dir='ltr'><strong>ecclesia</strong></span> <span class='ocrx_word' id='word_1_512' title='bbox 738 4088 839 4142; x_wconf 92' lang='lat' dir='ltr'><strong>hoc</strong></span> <span class='ocrx_word' id='word_1_513' title='bbox 878 4096 1120 4142; x_wconf 89' lang='lat' dir='ltr'><strong>nostrum</strong></span> <span class='ocrx_word' id='word_1_514' title='bbox 1147 4090 1496 4144; x_wconf 87' lang='lat' dir='ltr'><strong>absolutionis</strong></span> <span class='ocrx_word' id='word_1_515' title='bbox 1527 4100 1849 4158; x_wconf 65' lang='lat' dir='ltr'><strong>praeceptum</strong></span> 
     </span>
    </p>
   </div>
   <div class='ocr_carea' id='block_1_73' title="bbox 257 4177 1852 4244">
    <p class='ocr_par' dir='ltr' id='par_1_73' title="bbox 257 4177 1852 4244">
     <span class='ocr_line' id='line_1_73' title="bbox 257 4177 1852 4244; baseline -0.001 -12"><span class='ocrx_word' id='word_1_516' title='bbox 257 4177 496 4232; x_wconf 77' lang='lat' dir='ltr'><strong>ﬁrmavit</strong></span> <span class='ocrx_word' id='word_1_517' title='bbox 519 4177 572 4232; x_wconf 93' lang='lat' dir='ltr'><strong>in</strong></span> <span class='ocrx_word' id='word_1_518' title='bbox 601 4193 662 4232; x_wconf 87' lang='lat' dir='ltr'><strong>ea</strong></span> <span class='ocrx_word' id='word_1_519' title='bbox 691 4179 922 4244; x_wconf 80' lang='lat' dir='ltr'><strong>ratione,</strong></span> <span class='ocrx_word' id='word_1_520' title='bbox 948 4187 1005 4231; x_wconf 90' lang='lat' dir='ltr'><strong>ut</strong></span> <span class='ocrx_word' id='word_1_521' title='bbox 1031 4179 1397 4234; x_wconf 85' lang='lat' dir='ltr'><strong>tantummodo</strong></span> <span class='ocrx_word' id='word_1_522' title='bbox 1423 4179 1487 4232; x_wconf 92' lang='lat' dir='ltr'><strong>ad</strong></span> <span class='ocrx_word' id='word_1_523' title='bbox 1514 4193 1724 4234; x_wconf 88' lang='lat' dir='ltr'><strong>sacrum</strong></span> <span class='ocrx_word' id='word_1_524' title='bbox 1758 4193 1852 4232; x_wconf 80' lang='lat' dir='ltr'><strong>no-</strong></span> 
     </span>
    </p>
   </div>
   <div class='ocr_carea' id='block_1_74' title="bbox 254 4267 1854 4336">
    <p class='ocr_par' dir='ltr' id='par_1_74' title="bbox 254 4267 1854 4336">
     <span class='ocr_line' id='line_1_74' title="bbox 254 4267 1854 4336; baseline 0 -12"><span class='ocrx_word' id='word_1_525' title='bbox 254 4277 431 4324; x_wconf 84' lang='lat' dir='ltr'><strong>strum</strong></span> <span class='ocrx_word' id='word_1_526' title='bbox 474 4267 726 4336; x_wconf 86' lang='lat' dir='ltr'><strong>palatium</strong></span> <span class='ocrx_word' id='word_1_527' title='bbox 767 4269 1095 4325; x_wconf 83' lang='lat' dir='ltr'><strong>audientiam</strong></span> <span class='ocrx_word' id='word_1_528' title='bbox 1137 4269 1332 4326; x_wconf 88' lang='lat' dir='ltr'><strong>habere</strong></span> <span class='ocrx_word' id='word_1_529' title='bbox 1369 4270 1596 4336; x_wconf 87' lang='lat' dir='ltr'><strong>debeat,</strong></span> <span class='ocrx_word' id='word_1_530' title='bbox 1627 4270 1762 4324; x_wconf 89' lang='lat' dir='ltr'><strong>sicut</strong></span> <span class='ocrx_word' id='word_1_531' title='bbox 1800 4278 1854 4324; x_wconf 88' lang='lat' dir='ltr'><strong>et</strong></span> 
     </span>
    </p>
   </div>
   <div class='ocr_carea' id='block_1_75' title="bbox 253 4363 1854 4431">
    <p class='ocr_par' dir='ltr' id='par_1_75' title="bbox 253 4363 1854 4431">
     <span class='ocr_line' id='line_1_75' title="bbox 253 4363 1854 4431; baseline -0.002 -15"><span class='ocrx_word' id='word_1_532' title='bbox 253 4369 457 4416; x_wconf 66' lang='lat' dir='ltr'><strong>uetera</strong></span> <span class='ocrx_word' id='word_1_533' title='bbox 488 4371 669 4414; x_wconf 91' lang='lat' dir='ltr'><strong>nostra</strong></span> <span class='ocrx_word' id='word_1_534' title='bbox 703 4363 1024 4416; x_wconf 88' lang='lat' dir='ltr'><strong>monasteria</strong></span> <span class='ocrx_word' id='word_1_535' title='bbox 1057 4363 1108 4416; x_wconf 95' lang='lat' dir='ltr'><strong>in</strong></span> <span class='ocrx_word' id='word_1_536' title='bbox 1148 4373 1328 4417; x_wconf 88' lang='lat' dir='ltr'><strong>nostra</strong></span> <span class='ocrx_word' id='word_1_537' title='bbox 1357 4363 1462 4416; x_wconf 89' lang='lat' dir='ltr'><strong>sint</strong></span> <span class='ocrx_word' id='word_1_538' title='bbox 1501 4378 1715 4430; x_wconf 87' lang='lat' dir='ltr'><strong>semper</strong></span> <span class='ocrx_word' id='word_1_539' title='bbox 1759 4377 1854 4431; x_wconf 79' lang='lat' dir='ltr'><strong>po-</strong></span> 
     </span>
    </p>
   </div>
   <div class='ocr_carea' id='block_1_76' title="bbox 1947 3165 3529 3241">
    <p class='ocr_par' dir='ltr' id='par_1_76' title="bbox 1947 3165 3529 3241">
     <span class='ocr_line' id='line_1_76' title="bbox 1947 3165 3529 3241; baseline -0.002 -18"><span class='ocrx_word' id='word_1_540' title='bbox 1947 3170 2177 3241; x_wconf 88' lang='lat' dir='ltr'><strong>quatiter</strong></span> <span class='ocrx_word' id='word_1_541' title='bbox 2212 3182 2372 3236; x_wconf 88' lang='lat' dir='ltr'><strong>supra</strong></span> <span class='ocrx_word' id='word_1_542' title='bbox 2404 3165 2615 3235; x_wconf 79' lang='lat' dir='ltr'><strong>legitur,</strong></span> <span class='ocrx_word' id='word_1_543' title='bbox 2648 3175 2704 3219; x_wconf 93' lang='lat' dir='ltr'><strong>ut</strong></span> <span class='ocrx_word' id='word_1_544' title='bbox 2733 3166 2888 3220; x_wconf 76' lang='lat' dir='ltr'><strong>dicta:</strong></span> <span class='ocrx_word' id='word_1_545' title='bbox 2917 3165 3155 3220; x_wconf 64' lang='lat' dir='ltr'><strong>ecclesiae</strong></span> <span class='ocrx_word' id='word_1_546' title='bbox 3188 3165 3393 3220; x_wconf 82' lang='lat' dir='ltr'><strong>firmum</strong></span> <span class='ocrx_word' id='word_1_547' title='bbox 3415 3207 3431 3233; x_wconf 93' lang='lat'><strong>,</strong></span> <span class='ocrx_word' id='word_1_548' title='bbox 3473 3174 3529 3222; x_wconf 88' lang='lat' dir='ltr'><strong>et</strong></span> 
     </span>
    </p>
   </div>
   <div class='ocr_carea' id='block_1_77' title="bbox 1948 3256 3532 3330">
    <p class='ocr_par' dir='ltr' id='par_1_77' title="bbox 1948 3256 3532 3330">
     <span class='ocr_line' id='line_1_77' title="bbox 1948 3256 3532 3330; baseline -0.003 -14"><span class='ocrx_word' id='word_1_549' title='bbox 1948 3261 2135 3317; x_wconf 88' lang='lat' dir='ltr'><strong>stabile</strong></span> <span class='ocrx_word' id='word_1_550' title='bbox 2164 3266 2473 3330; x_wconf 89' lang='lat' dir='ltr'><strong>permaneat</strong></span> <span class='ocrx_word' id='word_1_551' title='bbox 2507 3265 2741 3313; x_wconf 89' lang='lat' dir='ltr'><strong>nostrum</strong></span> <span class='ocrx_word' id='word_1_552' title='bbox 2775 3256 2972 3312; x_wconf 91' lang='lat' dir='ltr'><strong>donum</strong></span> <span class='ocrx_word' id='word_1_553' title='bbox 2992 3295 3008 3324; x_wconf 90' lang='lat'><strong>,</strong></span> <span class='ocrx_word' id='word_1_554' title='bbox 3034 3266 3087 3310; x_wconf 88' lang='lat' dir='ltr'><strong>et</strong></span> <span class='ocrx_word' id='word_1_555' title='bbox 3115 3271 3143 3311; x_wconf 87' lang='lat' dir='ltr'><strong>a</strong></span> <span class='ocrx_word' id='word_1_556' title='bbox 3174 3257 3315 3310; x_wconf 87' lang='lat' dir='ltr'><strong>nullo</strong></span> <span class='ocrx_word' id='word_1_557' title='bbox 3346 3266 3532 3316; x_wconf 88' lang='lat' dir='ltr'><strong>nostro</strong></span> 
     </span>
    </p>
   </div>
   <div class='ocr_carea' id='block_1_78' title="bbox 1948 3349 3533 3418">
    <p class='ocr_par' dir='ltr' id='par_1_78' title="bbox 1948 3349 3533 3418">
     <span class='ocr_line' id='line_1_78' title="bbox 1948 3349 3533 3418; baseline -0.002 -9"><span class='ocrx_word' id='word_1_558' title='bbox 1948 3357 2167 3417; x_wconf 88' lang='lat' dir='ltr'><strong>colono,</strong></span> <span class='ocrx_word' id='word_1_559' title='bbox 2201 3353 2283 3407; x_wconf 85' lang='lat' dir='ltr'><strong>vel</strong></span> <span class='ocrx_word' id='word_1_560' title='bbox 2313 3351 2565 3406; x_wconf 88' lang='lat' dir='ltr'><strong>clientulo</strong></span> <span class='ocrx_word' id='word_1_561' title='bbox 2585 3391 2599 3415; x_wconf 92' lang='lat'><strong>,</strong></span> <span class='ocrx_word' id='word_1_562' title='bbox 2627 3365 2719 3405; x_wconf 89' lang='lat' dir='ltr'><strong>seu</strong></span> <span class='ocrx_word' id='word_1_563' title='bbox 2747 3361 2926 3404; x_wconf 89' lang='lat' dir='ltr'><strong>nostro</strong></span> <span class='ocrx_word' id='word_1_564' title='bbox 2954 3357 3134 3405; x_wconf 89' lang='lat' dir='ltr'><strong>actore</strong></span> <span class='ocrx_word' id='word_1_565' title='bbox 3158 3349 3281 3414; x_wconf 91' lang='lat' dir='ltr'><strong>sibi,</strong></span> <span class='ocrx_word' id='word_1_566' title='bbox 3315 3351 3533 3418; x_wconf 82' lang='lat' dir='ltr'><strong>suisque</strong></span> 
     </span>
    </p>
   </div>
   <div class='ocr_carea' id='block_1_79' title="bbox 1947 3439 3533 3510">
    <p class='ocr_par' dir='ltr' id='par_1_79' title="bbox 1947 3439 3533 3510">
     <span class='ocr_line' id='line_1_79' title="bbox 1947 3439 3533 3510; baseline -0.001 -11"><span class='ocrx_word' id='word_1_567' title='bbox 1947 3442 2347 3500; x_wconf 84' lang='lat' dir='ltr'><strong>successoribus</strong></span> <span class='ocrx_word' id='word_1_568' title='bbox 2386 3440 2673 3510; x_wconf 87' lang='lat' dir='ltr'><strong>aliquando</strong></span> <span class='ocrx_word' id='word_1_569' title='bbox 2713 3440 3130 3495; x_wconf 86' lang='lat' dir='ltr'><strong>contradicatur.</strong></span> <span class='ocrx_word' id='word_1_570' title='bbox 3175 3441 3249 3494; x_wconf 81' lang='lat' dir='ltr'><strong>Ex</strong></span> <span class='ocrx_word' id='word_1_571' title='bbox 3291 3439 3533 3509; x_wconf 82' lang='lat' dir='ltr'><strong>jussione</strong></span> 
     </span>
    </p>
   </div>
   <div class='ocr_carea' id='block_1_80' title="bbox 1950 3529 3422 3604">
    <p class='ocr_par' dir='ltr' id='par_1_80' title="bbox 1950 3529 3422 3604">
     <span class='ocr_line' id='line_1_80' title="bbox 1950 3529 3422 3604; baseline -0.004 -14"><span class='ocrx_word' id='word_1_572' title='bbox 1950 3546 2146 3590; x_wconf 77' lang='lat' dir='ltr'><strong>nostra:</strong></span> <span class='ocrx_word' id='word_1_573' title='bbox 2171 3533 2448 3604; x_wconf 87' lang='lat' dir='ltr'><strong>potestatis</strong></span> <span class='ocrx_word' id='word_1_574' title='bbox 2473 3531 2661 3601; x_wconf 90' lang='lat' dir='ltr'><strong>scripsi</strong></span> <span class='ocrx_word' id='word_1_575' title='bbox 2701 3546 2800 3601; x_wconf 82' lang='lat' dir='ltr'><strong>ego</strong></span> <span class='ocrx_word' id='word_1_576' title='bbox 2827 3529 3138 3600; x_wconf 86' lang='lat' dir='ltr'><strong>Langiarius</strong></span> <span class='ocrx_word' id='word_1_577' title='bbox 3168 3534 3422 3584; x_wconf 80' lang='lat' dir='ltr'><strong>notarius.</strong></span> 
     </span>
    </p>
   </div>
   <div class='ocr_carea' id='block_1_81' title="bbox 2025 3618 3529 3694">
    <p class='ocr_par' dir='ltr' id='par_1_81' title="bbox 2025 3618 3529 3694">
     <span class='ocr_line' id='line_1_81' title="bbox 2025 3618 3529 3694; baseline -0.002 -15"><span class='ocrx_word' id='word_1_578' title='bbox 2025 3626 2150 3679; x_wconf 88' lang='lat' dir='ltr'><strong>Data</strong></span> <span class='ocrx_word' id='word_1_579' title='bbox 2187 3625 2354 3694; x_wconf 89' lang='lat' dir='ltr'><strong>jussio</strong></span> <span class='ocrx_word' id='word_1_580' title='bbox 2385 3625 2434 3678; x_wconf 92' lang='lat' dir='ltr'><strong>in</strong></span> <span class='ocrx_word' id='word_1_581' title='bbox 2463 3633 2612 3678; x_wconf 89' lang='lat' dir='ltr'><strong>curtc</strong></span> <span class='ocrx_word' id='word_1_582' title='bbox 2643 3631 2826 3678; x_wconf 90' lang='lat' dir='ltr'><strong>nostra</strong></span> <span class='ocrx_word' id='word_1_583' title='bbox 2859 3622 2910 3675; x_wconf 93' lang='lat' dir='ltr'><strong>in</strong></span> <span class='ocrx_word' id='word_1_584' title='bbox 2943 3618 3141 3677; x_wconf 78' lang='lat' dir='ltr'><strong>Sabelli</strong></span> <span class='ocrx_word' id='word_1_585' title='bbox 3172 3634 3312 3674; x_wconf 88' lang='lat' dir='ltr'><strong>anno</strong></span> <span class='ocrx_word' id='word_1_586' title='bbox 3346 3622 3529 3677; x_wconf 75' lang='lat' dir='ltr'><strong>Durati</strong></span> 
     </span>
    </p>
   </div>
   <div class='ocr_carea' id='block_1_82' title="bbox 1951 3709 3533 3780">
    <p class='ocr_par' dir='ltr' id='par_1_82' title="bbox 1951 3709 3533 3780">
     <span class='ocr_line' id='line_1_82' title="bbox 1951 3709 3533 3780; baseline -0.003 -7"><span class='ocrx_word' id='word_1_587' title='bbox 1951 3717 2120 3773; x_wconf 89' lang='lat' dir='ltr'><strong>nostri</strong></span> <span class='ocrx_word' id='word_1_588' title='bbox 2149 3717 2203 3771; x_wconf 90' lang='lat' dir='ltr'><strong>in</strong></span> <span class='ocrx_word' id='word_1_589' title='bbox 2236 3715 2329 3770; x_wconf 90' lang='lat' dir='ltr'><strong>Dei</strong></span> <span class='ocrx_word' id='word_1_590' title='bbox 2359 3714 2575 3769; x_wconf 90' lang='lat' dir='ltr'><strong>nomine</strong></span> <span class='ocrx_word' id='word_1_591' title='bbox 2604 3728 2669 3778; x_wconf 68' lang='grc' dir='ltr'><strong>χ,</strong></span> <span class='ocrx_word' id='word_1_592' title='bbox 2702 3713 2902 3766; x_wconf 73' lang='lat' dir='ltr'><strong>mensis</strong></span> <span class='ocrx_word' id='word_1_593' title='bbox 2928 3709 3116 3767; x_wconf 79' lang='lat' dir='ltr'><strong>Junius</strong></span> <span class='ocrx_word' id='word_1_594' title='bbox 3136 3751 3152 3776; x_wconf 92' lang='lat'><strong>,</strong></span> <span class='ocrx_word' id='word_1_595' title='bbox 3194 3711 3302 3765; x_wconf 91' lang='lat' dir='ltr'><strong>ind.</strong></span> <span class='ocrx_word' id='word_1_596' title='bbox 3331 3726 3365 3766; x_wconf 77' lang='grc' dir='ltr'>ι</span> <span class='ocrx_word' id='word_1_597' title='bbox 3386 3754 3400 3780; x_wconf 86' lang='grc'><em>,</em></span> <span class='ocrx_word' id='word_1_598' title='bbox 3433 3712 3533 3768; x_wconf 84' lang='lat' dir='ltr'><strong>sub</strong></span> 
     </span>
    </p>
   </div>
   <div class='ocr_carea' id='block_1_83' title="bbox 1950 3803 3280 3875">
    <p class='ocr_par' dir='ltr' id='par_1_83' title="bbox 1950 3803 3280 3875">
     <span class='ocr_line' id='line_1_83' title="bbox 1950 3803 3280 3875; baseline -0.009 -6"><span class='ocrx_word' id='word_1_599' title='bbox 1950 3811 2137 3869; x_wconf 86' lang='lat' dir='ltr'><strong>eodem</strong></span> <span class='ocrx_word' id='word_1_600' title='bbox 2169 3807 2495 3875; x_wconf 86' lang='lat' dir='ltr'><strong>actionario,</strong></span> <span class='ocrx_word' id='word_1_601' title='bbox 2524 3815 2580 3861; x_wconf 90' lang='lat' dir='ltr'><strong>et</strong></span> <span class='ocrx_word' id='word_1_602' title='bbox 2613 3804 2912 3860; x_wconf 87' lang='lat' dir='ltr'><strong>Fabiniario</strong></span> <span class='ocrx_word' id='word_1_603' title='bbox 2939 3803 3280 3859; x_wconf 88' lang='lat' dir='ltr'><strong>conductore.</strong></span> 
     </span>
    </p>
   </div>
   <div class='ocr_carea' id='block_1_84' title="bbox 2020 3897 3249 3974">
    <p class='ocr_par' dir='ltr' id='par_1_84' title="bbox 2020 3897 3249 3974">
     <span class='ocr_line' id='line_1_84' title="bbox 2020 3897 3249 3974; baseline -0.005 -16"><span class='ocrx_word' id='word_1_604' title='bbox 2020 3901 2244 3974; x_wconf 83' lang='lat' dir='ltr'><strong>Signum</strong></span> <span class='ocrx_word' id='word_1_605' title='bbox 2269 3900 2584 3964; x_wconf 83' lang='lat' dir='ltr'><strong>Theuduici,</strong></span> <span class='ocrx_word' id='word_1_606' title='bbox 2616 3899 2704 3968; x_wconf 92' lang='lat' dir='ltr'><strong>qui</strong></span> <span class='ocrx_word' id='word_1_607' title='bbox 2736 3897 2988 3952; x_wconf 91' lang='lat' dir='ltr'><strong>hanc.....</strong></span> <span class='ocrx_word' id='word_1_608' title='bbox 3021 3898 3249 3968; x_wconf 76' lang='lat' dir='ltr'><strong>rogavit.</strong></span> 
     </span>
    </p>
   </div>
   <div class='ocr_carea' id='block_1_85' title="bbox 2022 3987 3535 4064">
    <p class='ocr_par' dir='ltr' id='par_1_85' title="bbox 2022 3987 3535 4064">
     <span class='ocr_line' id='line_1_85' title="bbox 2022 3987 3535 4064; baseline -0.003 -14"><span class='ocrx_word' id='word_1_609' title='bbox 2022 3997 2240 4064; x_wconf 81' lang='lat' dir='ltr'><strong>Signum</strong></span> <span class='ocrx_word' id='word_1_610' title='bbox 2289 4007 2448 4046; x_wconf 88' lang='lat' dir='ltr'><strong>manu</strong></span> <span class='ocrx_word' id='word_1_611' title='bbox 2497 3987 2794 4044; x_wconf 80' lang='lat' dir='ltr'><strong>Albininaci</strong></span> <span class='ocrx_word' id='word_1_612' title='bbox 2839 3988 3049 4043; x_wconf 89' lang='lat' dir='ltr'><strong>comitis</strong></span> <span class='ocrx_word' id='word_1_613' title='bbox 3103 3999 3317 4060; x_wconf 89' lang='lat' dir='ltr'><strong>rogatus</strong></span> <span class='ocrx_word' id='word_1_614' title='bbox 3370 3995 3535 4045; x_wconf 82' lang='lat' dir='ltr'><strong>testes</strong></span> 
     </span>
    </p>
   </div>
   <div class='ocr_carea' id='block_1_86' title="bbox 1950 4085 2406 4144">
    <p class='ocr_par' dir='ltr' id='par_1_86' title="bbox 1950 4085 2406 4144">
     <span class='ocr_line' id='line_1_86' title="bbox 1950 4085 2406 4144; baseline -0.015 0"><span class='ocrx_word' id='word_1_615' title='bbox 1950 4102 2136 4144; x_wconf 84' lang='lat' dir='ltr'><strong>sumus</strong></span> <span class='ocrx_word' id='word_1_616' title='bbox 2162 4085 2406 4140; x_wconf 88' lang='lat' dir='ltr'><strong>feliciter.</strong></span> 
     </span>
    </p>
   </div>
   <div class='ocr_carea' id='block_1_87' title="bbox 2022 4173 2982 4250">
    <p class='ocr_par' dir='ltr' id='par_1_87' title="bbox 2022 4173 2982 4250">
     <span class='ocr_line' id='line_1_87' title="bbox 2022 4173 2982 4250; baseline -0.009 -15"><span class='ocrx_word' id='word_1_617' title='bbox 2022 4181 2242 4250; x_wconf 86' lang='lat' dir='ltr'><strong>Signum</strong></span> <span class='ocrx_word' id='word_1_618' title='bbox 2272 4193 2412 4231; x_wconf 88' lang='lat' dir='ltr'><strong>man.</strong></span> <span class='ocrx_word' id='word_1_619' title='bbox 2448 4173 2712 4230; x_wconf 82' lang='lat' dir='ltr'><strong>Anastasii</strong></span> <span class='ocrx_word' id='word_1_620' title='bbox 2742 4181 2982 4244; x_wconf 69' lang='lat' dir='ltr'><strong>rogatus;</strong></span> 
     </span>
    </p>
   </div>
   <div class='ocr_carea' id='block_1_88' title="bbox 2025 4267 2760 4343">
    <p class='ocr_par' dir='ltr' id='par_1_88' title="bbox 2025 4267 2760 4343">
     <span class='ocr_line' id='line_1_88' title="bbox 2025 4267 2760 4343; baseline -0.015 -13"><span class='ocrx_word' id='word_1_621' title='bbox 2025 4275 2247 4343; x_wconf 86' lang='lat' dir='ltr'><strong>Signum</strong></span> <span class='ocrx_word' id='word_1_622' title='bbox 2278 4285 2421 4326; x_wconf 86' lang='lat' dir='ltr'><strong>man.</strong></span> <span class='ocrx_word' id='word_1_623' title='bbox 2455 4267 2760 4323; x_wconf 82' lang='lat' dir='ltr'><strong>Arderardi.</strong></span> 
     </span>
    </p>
   </div>
   <div class='ocr_carea' id='block_1_89' title="bbox 2022 4359 3388 4435">
    <p class='ocr_par' dir='ltr' id='par_1_89' title="bbox 2022 4359 3388 4435">
     <span class='ocr_line' id='line_1_89' title="bbox 2022 4359 3388 4435; baseline -0.01 -15"><span class='ocrx_word' id='word_1_624' title='bbox 2022 4365 2239 4435; x_wconf 66' lang='lat' dir='ltr'><strong>Signum</strong></span> <span class='ocrx_word' id='word_1_625' title='bbox 2271 4377 2412 4418; x_wconf 92' lang='lat' dir='ltr'><strong>man.</strong></span> <span class='ocrx_word' id='word_1_626' title='bbox 2445 4359 2711 4415; x_wconf 89' lang='lat' dir='ltr'><strong>Creventii</strong></span> <span class='ocrx_word' id='word_1_627' title='bbox 2742 4367 2952 4426; x_wconf 84' lang='lat' dir='ltr'><strong>rogatus</strong></span> <span class='ocrx_word' id='word_1_628' title='bbox 2982 4363 3147 4410; x_wconf 83' lang='lat' dir='ltr'><strong>testes</strong></span> <span class='ocrx_word' id='word_1_629' title='bbox 3181 4368 3388 4410; x_wconf 83' lang='lat' dir='ltr'><strong>sumus.</strong></span> 
     </span>
    </p>
   </div>
   <div class='ocr_carea' id='block_1_90' title="bbox 253 4442 3538 4524">
    <p class='ocr_par' dir='ltr' id='par_1_90' title="bbox 253 4442 3538 4524">
     <span class='ocr_line' id='line_1_90' title="bbox 253 4442 3538 4524; baseline -0.003 -16"><span class='ocrx_word' id='word_1_630' title='bbox 253 4461 464 4508; x_wconf 68' lang='lat' dir='ltr'><strong>testate</strong></span> <span class='ocrx_word' id='word_1_631' title='bbox 488 4451 766 4507; x_wconf 90' lang='lat' dir='ltr'><strong>ordinandi</strong></span> <span class='ocrx_word' id='word_1_632' title='bbox 797 4454 847 4506; x_wconf 91' lang='lat' dir='ltr'><strong>in</strong></span> <span class='ocrx_word' id='word_1_633' title='bbox 879 4455 988 4520; x_wconf 78' lang='lat' dir='ltr'><strong>ipsa</strong></span> <span class='ocrx_word' id='word_1_634' title='bbox 1018 4463 1198 4508; x_wconf 87' lang='lat' dir='ltr'><strong>nostra</strong></span> <span class='ocrx_word' id='word_1_635' title='bbox 1222 4453 1472 4520; x_wconf 80' lang='lat' dir='ltr'><strong>ecclesia,</strong></span> <span class='ocrx_word' id='word_1_636' title='bbox 1494 4454 1725 4523; x_wconf 88' lang='lat' dir='ltr'><strong>qualiter</strong></span> <span class='ocrx_word' id='word_1_637' title='bbox 1751 4469 1846 4507; x_wconf 86' lang='lat' dir='ltr'><strong>no-</strong></span> <span class='ocrx_word' id='word_1_638' title='bbox 1879 4466 1926 4524; x_wconf 77' lang='grc' dir='ltr'><strong>ι)</strong></span> <span class='ocrx_word' id='word_1_639' title='bbox 2024 4455 2136 4523; x_wconf 83' lang='lat' dir='ltr'><strong>Ego</strong></span> <span class='ocrx_word' id='word_1_640' title='bbox 2156 4451 2379 4506; x_wconf 85' lang='lat' dir='ltr'><strong>Cencius</strong></span> <span class='ocrx_word' id='word_1_641' title='bbox 2400 4449 2455 4504; x_wconf 91' lang='lat' dir='ltr'><strong>S.</strong></span> <span class='ocrx_word' id='word_1_642' title='bbox 2473 4449 2536 4502; x_wconf 70' lang='lat' dir='ltr'><strong>ft.</strong></span> <span class='ocrx_word' id='word_1_643' title='bbox 2722 4446 2853 4500; x_wconf 72' lang='lat' dir='ltr'><strong>civis</strong></span> <span class='ocrx_word' id='word_1_644' title='bbox 2876 4443 3142 4498; x_wconf 79' lang='lat' dir='ltr'><strong>Romanus</strong></span> <span class='ocrx_word' id='word_1_645' title='bbox 3165 4454 3318 4499; x_wconf 89' lang='lat' dir='ltr'><strong>natus</strong></span> <span class='ocrx_word' id='word_1_646' title='bbox 3339 4442 3538 4500; x_wconf 81' lang='lat' dir='ltr'><strong>Trans-</strong></span> 
     </span>
    </p>
   </div>
   <div class='ocr_carea' id='block_1_91' title="bbox 257 4545 1851 4616">
    <p class='ocr_par' dir='ltr' id='par_1_91' title="bbox 257 4545 1851 4616">
     <span class='ocr_line' id='line_1_91' title="bbox 257 4545 1851 4616; baseline -0.001 -16"><span class='ocrx_word' id='word_1_647' title='bbox 257 4553 396 4600; x_wconf 67' lang='lat' dir='ltr'><strong>strte</strong></span> <span class='ocrx_word' id='word_1_648' title='bbox 421 4545 713 4601; x_wconf 83' lang='lat' dir='ltr'><strong>esimietati</strong></span> <span class='ocrx_word' id='word_1_649' title='bbox 744 4546 1032 4616; x_wconf 84' lang='lat' dir='ltr'><strong>placuerit,</strong></span> <span class='ocrx_word' id='word_1_650' title='bbox 1063 4557 1116 4602; x_wconf 92' lang='lat' dir='ltr'><strong>et</strong></span> <span class='ocrx_word' id='word_1_651' title='bbox 1152 4562 1181 4600; x_wconf 91' lang='lat' dir='ltr'><strong>a</strong></span> <span class='ocrx_word' id='word_1_652' title='bbox 1221 4547 1366 4601; x_wconf 92' lang='lat' dir='ltr'><strong>nullo</strong></span> <span class='ocrx_word' id='word_1_653' title='bbox 1403 4548 1652 4616; x_wconf 89' lang='lat' dir='ltr'><strong>episcopo</strong></span> <span class='ocrx_word' id='word_1_654' title='bbox 1695 4545 1851 4614; x_wconf 85' lang='lat' dir='ltr'><strong>hujus</strong></span> 
     </span>
    </p>
   </div>
   <div class='ocr_carea' id='block_1_92' title="bbox 255 4637 1850 4704">
    <p class='ocr_par' dir='ltr' id='par_1_92' title="bbox 255 4637 1850 4704">
     <span class='ocr_line' id='line_1_92' title="bbox 255 4637 1850 4704; baseline -0.001 -12"><span class='ocrx_word' id='word_1_655' title='bbox 255 4646 468 4692; x_wconf 77' lang='lat' dir='ltr'><strong>sancta:</strong></span> <span class='ocrx_word' id='word_1_656' title='bbox 507 4637 652 4692; x_wconf 81' lang='lat' dir='ltr'><strong>sedis</strong></span> <span class='ocrx_word' id='word_1_657' title='bbox 692 4638 934 4692; x_wconf 64' lang='lat' dir='ltr'><strong>ecclesia!</strong></span> <span class='ocrx_word' id='word_1_658' title='bbox 978 4650 1175 4692; x_wconf 82' lang='lat' dir='ltr'><strong>nostrae</strong></span> <span class='ocrx_word' id='word_1_659' title='bbox 1220 4641 1638 4704; x_wconf 66' lang='lat' dir='ltr'><strong>Beneventanae,</strong></span> <span class='ocrx_word' id='word_1_660' title='bbox 1684 4639 1767 4692; x_wconf 85' lang='lat' dir='ltr'><strong>vel</strong></span> <span class='ocrx_word' id='word_1_661' title='bbox 1821 4653 1850 4692; x_wconf 88' lang='lat' dir='ltr'><strong>a</strong></span> 
     </span>
    </p>
   </div>
   <div class='ocr_carea' id='block_1_93' title="bbox 259 4725 1850 4798">
    <p class='ocr_par' dir='ltr' id='par_1_93' title="bbox 259 4725 1850 4798">
     <span class='ocr_line' id='line_1_93' title="bbox 259 4725 1850 4798; baseline 0.001 -18"><span class='ocrx_word' id='word_1_662' title='bbox 259 4725 671 4796; x_wconf 86' lang='lat' dir='ltr'><strong>quibuscunque</strong></span> <span class='ocrx_word' id='word_1_663' title='bbox 697 4728 1062 4783; x_wconf 70' lang='lat' dir='ltr'><strong>sacerdotibus</strong></span> <span class='ocrx_word' id='word_1_664' title='bbox 1093 4743 1322 4796; x_wconf 87' lang='lat' dir='ltr'><strong>unquam</strong></span> <span class='ocrx_word' id='word_1_665' title='bbox 1355 4728 1656 4798; x_wconf 89' lang='lat' dir='ltr'><strong>requiratur</strong></span> <span class='ocrx_word' id='word_1_666' title='bbox 1676 4727 1726 4781; x_wconf 93' lang='lat' dir='ltr'><strong>in</strong></span> <span class='ocrx_word' id='word_1_667' title='bbox 1755 4741 1850 4781; x_wconf 88' lang='lat' dir='ltr'><strong>sua</strong></span> 
     </span>
    </p>
   </div>
   <div class='ocr_carea' id='block_1_94' title="bbox 260 4815 1856 4890">
    <p class='ocr_par' dir='ltr' id='par_1_94' title="bbox 260 4815 1856 4890">
     <span class='ocr_line' id='line_1_94' title="bbox 260 4815 1856 4890; baseline 0.003 -20"><span class='ocrx_word' id='word_1_668' title='bbox 260 4815 679 4889; x_wconf 77' lang='lat' dir='ltr'><strong>juris-dictione,</strong></span> <span class='ocrx_word' id='word_1_669' title='bbox 729 4834 829 4874; x_wconf 90' lang='lat' dir='ltr'><strong>nec</strong></span> <span class='ocrx_word' id='word_1_670' title='bbox 881 4821 1020 4874; x_wconf 91' lang='lat' dir='ltr'><strong>ullus</strong></span> <span class='ocrx_word' id='word_1_671' title='bbox 1069 4832 1134 4874; x_wconf 79' lang='lat' dir='ltr'><strong>ex</strong></span> <span class='ocrx_word' id='word_1_672' title='bbox 1187 4821 1384 4875; x_wconf 86' lang='lat' dir='ltr'><strong>nostris</strong></span> <span class='ocrx_word' id='word_1_673' title='bbox 1431 4821 1723 4890; x_wconf 88' lang='lat' dir='ltr'><strong>gastaldis,</strong></span> <span class='ocrx_word' id='word_1_674' title='bbox 1763 4829 1856 4874; x_wconf 88' lang='lat' dir='ltr'><strong>aut</strong></span> 
     </span>
    </p>
   </div>
   <div class='ocr_carea' id='block_1_95' title="bbox 263 4909 1853 4983">
    <p class='ocr_par' dir='ltr' id='par_1_95' title="bbox 263 4909 1853 4983">
     <span class='ocr_line' id='line_1_95' title="bbox 263 4909 1853 4983; baseline 0.003 -20"><span class='ocrx_word' id='word_1_675' title='bbox 263 4909 596 4976; x_wconf 87' lang='lat' dir='ltr'><strong>actionariis,</strong></span> <span class='ocrx_word' id='word_1_676' title='bbox 625 4911 709 4966; x_wconf 87' lang='lat' dir='ltr'><strong>vel</strong></span> <span class='ocrx_word' id='word_1_677' title='bbox 731 4913 1012 4983; x_wconf 90' lang='lat' dir='ltr'><strong>quisquam</strong></span> <span class='ocrx_word' id='word_1_678' title='bbox 1037 4915 1194 4969; x_wconf 92' lang='lat' dir='ltr'><strong>homo</strong></span> <span class='ocrx_word' id='word_1_679' title='bbox 1215 4923 1400 4968; x_wconf 88' lang='lat' dir='ltr'><strong>contra</strong></span> <span class='ocrx_word' id='word_1_680' title='bbox 1422 4929 1504 4978; x_wconf 88' lang='lat' dir='ltr'><strong>ea,</strong></span> <span class='ocrx_word' id='word_1_681' title='bbox 1529 4927 1648 4983; x_wconf 75' lang='lat' dir='ltr'><strong>qua:</strong></span> <span class='ocrx_word' id='word_1_682' title='bbox 1674 4924 1853 4968; x_wconf 84' lang='lat' dir='ltr'><strong>nostra</strong></span> 
     </span>
    </p>
   </div>
   <div class='ocr_carea' id='block_1_96' title="bbox 262 5004 1856 5077">
    <p class='ocr_par' dir='ltr' id='par_1_96' title="bbox 262 5004 1856 5077">
     <span class='ocr_line' id='line_1_96' title="bbox 262 5004 1856 5077; baseline 0.002 -20"><span class='ocrx_word' id='word_1_683' title='bbox 262 5004 499 5058; x_wconf 82' lang='lat' dir='ltr'><strong>firmavit</strong></span> <span class='ocrx_word' id='word_1_684' title='bbox 533 5014 766 5071; x_wconf 83' lang='lat' dir='ltr'><strong>patestas</strong></span> <span class='ocrx_word' id='word_1_685' title='bbox 793 5017 936 5077; x_wconf 83' lang='lat' dir='ltr'><strong>agat,</strong></span> <span class='ocrx_word' id='word_1_686' title='bbox 961 5009 1053 5062; x_wconf 90' lang='lat' dir='ltr'><strong>sed</strong></span> <span class='ocrx_word' id='word_1_687' title='bbox 1084 5008 1385 5077; x_wconf 87' lang='lat' dir='ltr'><strong>perenniter</strong></span> <span class='ocrx_word' id='word_1_688' title='bbox 1414 5007 1463 5060; x_wconf 89' lang='lat' dir='ltr'><strong>in</strong></span> <span class='ocrx_word' id='word_1_689' title='bbox 1493 5022 1605 5060; x_wconf 74' lang='lat' dir='ltr'><strong>sum</strong></span> <span class='ocrx_word' id='word_1_690' title='bbox 1632 5007 1856 5061; x_wconf 83' lang='lat' dir='ltr'><strong>arbitrio</strong></span> 
     </span>
    </p>
   </div>
   <div class='ocr_carea' id='block_1_97' title="bbox 263 5094 1855 5167">
    <p class='ocr_par' dir='ltr' id='par_1_97' title="bbox 263 5094 1855 5167">
     <span class='ocr_line' id='line_1_97' title="bbox 263 5094 1855 5167; baseline 0.003 -18"><span class='ocrx_word' id='word_1_691' title='bbox 263 5094 568 5160; x_wconf 87' lang='lat' dir='ltr'><strong>libertatis,</strong></span> <span class='ocrx_word' id='word_1_692' title='bbox 599 5096 829 5165; x_wconf 76' lang='lat' dir='ltr'><strong>qualiter</strong></span> <span class='ocrx_word' id='word_1_693' title='bbox 868 5111 1064 5152; x_wconf 76' lang='lat' dir='ltr'><strong>nostra:</strong></span> <span class='ocrx_word' id='word_1_694' title='bbox 1112 5099 1409 5153; x_wconf 67' lang='lat' dir='ltr'><strong>clementia:</strong></span> <span class='ocrx_word' id='word_1_695' title='bbox 1450 5096 1740 5167; x_wconf 90' lang='lat' dir='ltr'><strong>placuerit,</strong></span> <span class='ocrx_word' id='word_1_696' title='bbox 1775 5100 1855 5154; x_wconf 69' lang='lat' dir='ltr'><strong>vel</strong></span> 
     </span>
    </p>
   </div>
   <div class='ocr_carea' id='block_1_98' title="bbox 265 5187 1856 5260">
    <p class='ocr_par' dir='ltr' id='par_1_98' title="bbox 265 5187 1856 5260">
     <span class='ocr_line' id='line_1_98' title="bbox 265 5187 1856 5260; baseline 0.002 -19"><span class='ocrx_word' id='word_1_697' title='bbox 265 5187 468 5241; x_wconf 78' lang='lat' dir='ltr'><strong>nostris</strong></span> <span class='ocrx_word' id='word_1_698' title='bbox 499 5189 925 5257; x_wconf 84' lang='lat' dir='ltr'><strong>successoribus,</strong></span> <span class='ocrx_word' id='word_1_699' title='bbox 955 5191 1071 5258; x_wconf 85' lang='lat' dir='ltr'><strong>ipse</strong></span> <span class='ocrx_word' id='word_1_700' title='bbox 1097 5190 1344 5245; x_wconf 76' lang='lat' dir='ltr'><strong>sacerdos</strong></span> <span class='ocrx_word' id='word_1_701' title='bbox 1371 5191 1457 5260; x_wconf 88' lang='lat' dir='ltr'><strong>qui</strong></span> <span class='ocrx_word' id='word_1_702' title='bbox 1489 5190 1682 5245; x_wconf 84' lang='lat' dir='ltr'><strong>ibidem</strong></span> <span class='ocrx_word' id='word_1_703' title='bbox 1713 5191 1856 5244; x_wconf 87' lang='lat' dir='ltr'><strong>ordi-</strong></span> 
     </span>
    </p>
   </div>
   <div class='ocr_carea' id='block_1_99' title="bbox 265 5280 1857 5349">
    <p class='ocr_par' dir='ltr' id='par_1_99' title="bbox 265 5280 1857 5349">
     <span class='ocr_line' id='line_1_99' title="bbox 265 5280 1857 5349; baseline 0.001 -14"><span class='ocrx_word' id='word_1_704' title='bbox 265 5289 427 5335; x_wconf 89' lang='lat' dir='ltr'><strong>natus</strong></span> <span class='ocrx_word' id='word_1_705' title='bbox 457 5280 649 5348; x_wconf 85' lang='lat' dir='ltr'><strong>fuerit,</strong></span> <span class='ocrx_word' id='word_1_706' title='bbox 681 5281 849 5335; x_wconf 71' lang='lat' dir='ltr'><strong>libr-ro</strong></span> <span class='ocrx_word' id='word_1_707' title='bbox 880 5283 1092 5336; x_wconf 89' lang='lat' dir='ltr'><strong>nomine</strong></span> <span class='ocrx_word' id='word_1_708' title='bbox 1123 5282 1298 5336; x_wconf 86' lang='lat' dir='ltr'><strong>vivere</strong></span> <span class='ocrx_word' id='word_1_709' title='bbox 1329 5283 1517 5336; x_wconf 85' lang='lat' dir='ltr'><strong>valeat.</strong></span> <span class='ocrx_word' id='word_1_710' title='bbox 1550 5282 1700 5349; x_wconf 83' lang='lat' dir='ltr'><strong>Quod</strong></span> <span class='ocrx_word' id='word_1_711' title='bbox 1731 5297 1857 5337; x_wconf 89' lang='lat' dir='ltr'><strong>vero</strong></span> 
     </span>
    </p>
   </div>
   <div class='ocr_carea' id='block_1_100' title="bbox 267 5372 1854 5442">
    <p class='ocr_par' dir='ltr' id='par_1_100' title="bbox 267 5372 1854 5442">
     <span class='ocr_line' id='line_1_100' title="bbox 267 5372 1854 5442; baseline 0.002 -17"><span class='ocrx_word' id='word_1_712' title='bbox 267 5383 596 5442; x_wconf 68' lang='lat' dir='ltr'><strong>prmceptum</strong></span> <span class='ocrx_word' id='word_1_713' title='bbox 626 5374 914 5436; x_wconf 86' lang='lat' dir='ltr'><strong>firmitatis,</strong></span> <span class='ocrx_word' id='word_1_714' title='bbox 939 5384 990 5427; x_wconf 90' lang='lat' dir='ltr'><strong>et</strong></span> <span class='ocrx_word' id='word_1_715' title='bbox 1021 5373 1372 5427; x_wconf 67' lang='lat' dir='ltr'><strong>absolutionis</strong></span> <span class='ocrx_word' id='word_1_716' title='bbox 1404 5390 1466 5427; x_wconf 83' lang='lat' dir='ltr'><strong>ex</strong></span> <span class='ocrx_word' id='word_1_717' title='bbox 1491 5372 1735 5442; x_wconf 85' lang='lat' dir='ltr'><strong>jussione</strong></span> <span class='ocrx_word' id='word_1_718' title='bbox 1765 5388 1854 5428; x_wconf 86' lang='lat' dir='ltr'><strong>no-</strong></span> 
     </span>
    </p>
   </div>
   <div class='ocr_carea' id='block_1_101' title="bbox 267 5465 1784 5538">
    <p class='ocr_par' dir='ltr' id='par_1_101' title="bbox 267 5465 1784 5538">
     <span class='ocr_line' id='line_1_101' title="bbox 267 5465 1784 5538; baseline 0.002 -19"><span class='ocrx_word' id='word_1_719' title='bbox 267 5465 488 5520; x_wconf 68' lang='lat' dir='ltr'><strong>minata:</strong></span> <span class='ocrx_word' id='word_1_720' title='bbox 516 5469 816 5536; x_wconf 76' lang='lat' dir='ltr'><strong>potestatis,</strong></span> <span class='ocrx_word' id='word_1_721' title='bbox 851 5467 1036 5534; x_wconf 71' lang='lat' dir='ltr'><strong>SCI’IpSI</strong></span> <span class='ocrx_word' id='word_1_722' title='bbox 1067 5483 1166 5538; x_wconf 81' lang='lat' dir='ltr'><strong>ego</strong></span> <span class='ocrx_word' id='word_1_723' title='bbox 1197 5469 1494 5524; x_wconf 84' lang='lat' dir='ltr'><strong>Emerissus</strong></span> <span class='ocrx_word' id='word_1_724' title='bbox 1525 5469 1784 5523; x_wconf 84' lang='lat' dir='ltr'><strong>notarius.</strong></span> 
     </span>
    </p>
   </div>
   <div class='ocr_carea' id='block_1_102' title="bbox 345 5595 1858 5670">
    <p class='ocr_par' dir='ltr' id='par_1_102' title="bbox 345 5595 1858 5670">
     <span class='ocr_line' id='line_1_102' title="bbox 345 5595 1858 5670; baseline 0.006 -20"><span class='ocrx_word' id='word_1_725' title='bbox 345 5601 370 5670; x_wconf 50' lang='grc' dir='ltr'>ἦ</span> <span class='ocrx_word' id='word_1_726' title='bbox 398 5595 631 5670; x_wconf 83' lang='lat' dir='ltr'><strong>Joannes</strong></span> <span class='ocrx_word' id='word_1_727' title='bbox 664 5597 703 5652; x_wconf 91' lang='lat' dir='ltr'><strong>II</strong></span> <span class='ocrx_word' id='word_1_728' title='bbox 735 5600 834 5653; x_wconf 91' lang='lat' dir='ltr'><strong>sub</strong></span> <span class='ocrx_word' id='word_1_729' title='bbox 868 5600 1122 5658; x_wconf 85' lang='lat' dir='ltr'><strong>Zacharia</strong></span> <span class='ocrx_word' id='word_1_730' title='bbox 1153 5618 1281 5670; x_wconf 87' lang='lat' dir='ltr'><strong>papa</strong></span> <span class='ocrx_word' id='word_1_731' title='bbox 1309 5599 1566 5666; x_wconf 84' lang='lat' dir='ltr'><strong>Gisulpho</strong></span> <span class='ocrx_word' id='word_1_732' title='bbox 1606 5603 1740 5659; x_wconf 81' lang='lat' dir='ltr'><strong>duce</strong></span> <span class='ocrx_word' id='word_1_733' title='bbox 1761 5647 1774 5670; x_wconf 91' lang='lat'><strong>,</strong></span> <span class='ocrx_word' id='word_1_734' title='bbox 1802 5615 1858 5659; x_wconf 93' lang='lat' dir='ltr'><strong>et</strong></span> 
     </span>
    </p>
   </div>
   <div class='ocr_carea' id='block_1_103' title="bbox 269 5667 1854 5742">
    <p class='ocr_par' dir='ltr' id='par_1_103' title="bbox 269 5667 1854 5742">
     <span class='ocr_line' id='line_1_103' title="bbox 269 5667 1854 5742; baseline 0.004 -20"><span class='ocrx_word' id='word_1_735' title='bbox 269 5667 454 5742; x_wconf 77' lang='lat' dir='ltr'><strong>Arichi</strong></span> <span class='ocrx_word' id='word_1_736' title='bbox 482 5670 976 5724; x_wconf 71' lang='lat' dir='ltr'><strong>lieneventanorum</strong></span> <span class='ocrx_word' id='word_1_737' title='bbox 1003 5667 1236 5739; x_wconf 80' lang='lat' dir='ltr'><strong>principe</strong></span> <span class='ocrx_word' id='word_1_738' title='bbox 1260 5673 1410 5726; x_wconf 84' lang='lat' dir='ltr'><strong>vixit.</strong></span> <span class='ocrx_word' id='word_1_739' title='bbox 1436 5671 1727 5742; x_wconf 53' lang='lat' dir='ltr'><strong>Gisnlpba</strong></span> <span class='ocrx_word' id='word_1_740' title='bbox 1758 5667 1854 5728; x_wconf 78' lang='lat' dir='ltr'><strong>au-</strong></span> 
     </span>
    </p>
   </div>
   <div class='ocr_carea' id='block_1_104' title="bbox 268 5739 1854 5817">
    <p class='ocr_par' dir='ltr' id='par_1_104' title="bbox 268 5739 1854 5817">
     <span class='ocr_line' id='line_1_104' title="bbox 268 5739 1854 5817; baseline 0.007 -26"><span class='ocrx_word' id='word_1_741' title='bbox 268 5746 379 5792; x_wconf 85' lang='lat' dir='ltr'><strong>tem</strong></span> <span class='ocrx_word' id='word_1_742' title='bbox 408 5739 612 5796; x_wconf 82' lang='lat' dir='ltr'><strong>Joanne</strong></span> <span class='ocrx_word' id='word_1_743' title='bbox 647 5743 874 5810; x_wconf 78' lang='lat' dir='ltr'><strong>praesule</strong></span> <span class='ocrx_word' id='word_1_744' title='bbox 903 5745 1066 5811; x_wconf 65' lang='lat' dir='ltr'><strong>coepit</strong></span> <span class='ocrx_word' id='word_1_745' title='bbox 1090 5742 1351 5800; x_wconf 67' lang='lat' dir='ltr'><strong>mdiflcare</strong></span> <span class='ocrx_word' id='word_1_746' title='bbox 1382 5739 1635 5817; x_wconf 78' lang='lat' dir='ltr'><strong>templum</strong></span> <span class='ocrx_word' id='word_1_747' title='bbox 1669 5747 1720 5801; x_wconf 85' lang='lat' dir='ltr'><strong>In</strong></span> <span class='ocrx_word' id='word_1_748' title='bbox 1754 5747 1854 5802; x_wconf 82' lang='lat' dir='ltr'><strong>Bc-</strong></span> 
     </span>
    </p>
   </div>
   <div class='ocr_carea' id='block_1_105' title="bbox 553 5833 1265 5916">
    <p class='ocr_par' dir='ltr' id='par_1_105' title="bbox 553 5833 1265 5916">
     <span class='ocr_line' id='line_1_105' title="bbox 553 5833 1265 5916; baseline -0.003 -18"><span class='ocrx_word' id='word_1_749' title='bbox 553 5834 836 5898; x_wconf 69' lang='lat' dir='ltr'><strong>‘Pu&#39;nos.</strong></span> <span class='ocrx_word' id='word_1_750' title='bbox 883 5833 1265 5916; x_wconf 68' lang='lat' dir='ltr'><strong>LXXXVII.</strong></span> 
     </span>
    </p>
   </div>
   <div class='ocr_carea' id='block_1_106' title="bbox 1955 4535 3537 4609">
    <p class='ocr_par' dir='ltr' id='par_1_106' title="bbox 1955 4535 3537 4609">
     <span class='ocr_line' id='line_1_106' title="bbox 1955 4535 3537 4609; baseline -0.008 -8"><span class='ocrx_word' id='word_1_751' title='bbox 1955 4545 2163 4601; x_wconf 90' lang='lat' dir='ltr'><strong>tiberim</strong></span> <span class='ocrx_word' id='word_1_752' title='bbox 2213 4550 2478 4609; x_wconf 88' lang='lat' dir='ltr'><strong>tamquam</strong></span> <span class='ocrx_word' id='word_1_753' title='bbox 2517 4537 2690 4593; x_wconf 90' lang='lat' dir='ltr'><strong>inveni</strong></span> <span class='ocrx_word' id='word_1_754' title='bbox 2731 4538 2898 4590; x_wconf 89' lang='lat' dir='ltr'><strong>in.....</strong></span> <span class='ocrx_word' id='word_1_755' title='bbox 2946 4535 3140 4602; x_wconf 84' lang='lat' dir='ltr'><strong>scripta</strong></span> <span class='ocrx_word' id='word_1_756' title='bbox 3193 4549 3284 4604; x_wconf 89' lang='lat' dir='ltr'><strong>per</strong></span> <span class='ocrx_word' id='word_1_757' title='bbox 3322 4549 3537 4589; x_wconf 88' lang='lat' dir='ltr'><strong>manum</strong></span> 
     </span>
    </p>
   </div>
   <div class='ocr_carea' id='block_1_107' title="bbox 1955 4628 3535 4708">
    <p class='ocr_par' dir='ltr' id='par_1_107' title="bbox 1955 4628 3535 4708">
     <span class='ocr_line' id='line_1_107' title="bbox 1955 4628 3535 4708; baseline -0.004 -17"><span class='ocrx_word' id='word_1_758' title='bbox 1955 4639 2153 4708; x_wconf 83' lang='lat' dir='ltr'><strong>praelati</strong></span> <span class='ocrx_word' id='word_1_759' title='bbox 2193 4635 2456 4704; x_wconf 83' lang='lat' dir='ltr'><strong>Langiarii</strong></span> <span class='ocrx_word' id='word_1_760' title='bbox 2489 4632 2677 4687; x_wconf 89' lang='lat' dir='ltr'><strong>notarii</strong></span> <span class='ocrx_word' id='word_1_761' title='bbox 2716 4633 2868 4686; x_wconf 84' lang='lat' dir='ltr'><strong>bonae</strong></span> <span class='ocrx_word' id='word_1_762' title='bbox 2899 4628 3176 4685; x_wconf 65' lang='lat' dir='ltr'><strong>memoriae</strong></span> <span class='ocrx_word' id='word_1_763' title='bbox 3203 4629 3377 4686; x_wconf 89' lang='lat' dir='ltr'><strong>taliter</strong></span> <span class='ocrx_word' id='word_1_764' title='bbox 3401 4630 3535 4685; x_wconf 90' lang='lat' dir='ltr'><strong>scri-</strong></span> 
     </span>
    </p>
   </div>
   <div class='ocr_carea' id='block_1_108' title="bbox 1957 4721 3539 4802">
    <p class='ocr_par' dir='ltr' id='par_1_108' title="bbox 1957 4721 3539 4802">
     <span class='ocr_line' id='line_1_108' title="bbox 1957 4721 3539 4802; baseline -0.006 -17"><span class='ocrx_word' id='word_1_765' title='bbox 1957 4733 2033 4802; x_wconf 91' lang='lat' dir='ltr'><strong>psi</strong></span> <span class='ocrx_word' id='word_1_766' title='bbox 2067 4747 2172 4785; x_wconf 91' lang='lat' dir='ltr'><strong>non</strong></span> <span class='ocrx_word' id='word_1_767' title='bbox 2217 4739 2405 4800; x_wconf 82' lang='lat' dir='ltr'><strong>sponte</strong></span> <span class='ocrx_word' id='word_1_768' title='bbox 2437 4725 2653 4792; x_wconf 84' lang='lat' dir='ltr'><strong>addidi,</strong></span> <span class='ocrx_word' id='word_1_769' title='bbox 2697 4738 2793 4779; x_wconf 90' lang='lat' dir='ltr'><strong>nec</strong></span> <span class='ocrx_word' id='word_1_770' title='bbox 2828 4721 3004 4777; x_wconf 90' lang='lat' dir='ltr'><strong>minus</strong></span> <span class='ocrx_word' id='word_1_771' title='bbox 3029 4722 3325 4794; x_wconf 81' lang='lat' dir='ltr'><strong>complevi,</strong></span> <span class='ocrx_word' id='word_1_772' title='bbox 3354 4731 3408 4778; x_wconf 85' lang='lat' dir='ltr'><strong>et</strong></span> <span class='ocrx_word' id='word_1_773' title='bbox 3446 4722 3539 4776; x_wconf 85' lang='lat' dir='ltr'><strong>ab-</strong></span> 
     </span>
    </p>
   </div>
   <div class='ocr_carea' id='block_1_109' title="bbox 1956 4822 2114 4880">
    <p class='ocr_par' dir='ltr' id='par_1_109' title="bbox 1956 4822 2114 4880">
     <span class='ocr_line' id='line_1_109' title="bbox 1956 4822 2114 4880; baseline -0.019 0"><span class='ocrx_word' id='word_1_774' title='bbox 1956 4822 2114 4880; x_wconf 89' lang='lat' dir='ltr'><strong>solvi.</strong></span> 
     </span>
    </p>
   </div>
   <div class='ocr_carea' id='block_1_110' title="bbox 2666 4907 2825 4963">
    <p class='ocr_par' dir='ltr' id='par_1_110' title="bbox 2666 4907 2825 4963">
     <span class='ocr_line' id='line_1_110' title="bbox 2666 4907 2825 4963; baseline -0.006 0"><span class='ocrx_word' id='word_1_775' title='bbox 2666 4907 2825 4963; x_wconf 79' lang='lat' dir='ltr'><strong>XLV.</strong></span> 
     </span>
    </p>
   </div>
   <div class='ocr_carea' id='block_1_111' title="bbox 1960 5015 3545 5098">
    <p class='ocr_par' dir='ltr' id='par_1_111' title="bbox 1960 5015 3545 5098">
     <span class='ocr_line' id='line_1_111' title="bbox 1960 5015 3545 5098; baseline -0.009 -15"><span class='ocrx_word' id='word_1_776' title='bbox 1960 5023 2294 5098; x_wconf 79' lang='lat' dir='ltr'><strong>Privilegium</strong></span> <span class='ocrx_word' id='word_1_777' title='bbox 2325 5022 2522 5098; x_wconf 63' lang='lat' dir='ltr'><strong>Arichis</strong></span> <span class='ocrx_word' id='word_1_778' title='bbox 2551 5038 2642 5098; x_wconf 76' lang='lat' dir='ltr'><strong>pro</strong></span> <span class='ocrx_word' id='word_1_779' title='bbox 2668 5015 3308 5098; x_wconf 38' lang='lat' dir='ltr'><strong>ecclesiaitnmonasterio</strong></span> <span class='ocrx_word' id='word_1_780' title='bbox 3350 5023 3545 5068; x_wconf 70' lang='lat' dir='ltr'><strong>sancta</strong></span> 
     </span>
    </p>
   </div>
   <div class='ocr_carea' id='block_1_112' title="bbox 2461 5087 3032 5160">
    <p class='ocr_par' dir='ltr' id='par_1_112' title="bbox 2461 5087 3032 5160">
     <span class='ocr_line' id='line_1_112' title="bbox 2461 5087 3032 5160; baseline -0.016 -12"><span class='ocrx_word' id='word_1_781' title='bbox 2461 5093 2673 5160; x_wconf 77' lang='lat' dir='ltr'><strong>Saphia:</strong></span> <span class='ocrx_word' id='word_1_782' title='bbox 2701 5093 2854 5160; x_wconf 84' lang='lat' dir='ltr'><strong>(anno</strong></span> <span class='ocrx_word' id='word_1_783' title='bbox 2883 5087 3032 5159; x_wconf 74' lang='grc'><strong>774).</strong></span> 
     </span>
    </p>
   </div>
   <div class='ocr_carea' id='block_1_113' title="bbox 2031 5175 3342 5247">
    <p class='ocr_par' dir='ltr' id='par_1_113' title="bbox 2031 5175 3342 5247">
     <span class='ocr_line' id='line_1_113' title="bbox 2031 5175 3342 5247; baseline -0.014 1"><span class='ocrx_word' id='word_1_784' title='bbox 2031 5204 2057 5233; x_wconf 71' lang='grc' dir='ltr'>ι</span> <span class='ocrx_word' id='word_1_785' title='bbox 2089 5192 2144 5247; x_wconf 83' lang='grc' dir='ltr'><strong>1η</strong></span> <span class='ocrx_word' id='word_1_786' title='bbox 2177 5190 2390 5244; x_wconf 88' lang='lat' dir='ltr'><strong>nomine</strong></span> <span class='ocrx_word' id='word_1_787' title='bbox 2415 5185 2622 5240; x_wconf 92' lang='lat' dir='ltr'><strong>Domini</strong></span> <span class='ocrx_word' id='word_1_788' title='bbox 2655 5182 2948 5238; x_wconf 85' lang='lat' dir='ltr'><strong>Salvatoris</strong></span> <span class='ocrx_word' id='word_1_789' title='bbox 2973 5180 3101 5235; x_wconf 86' lang='lat' dir='ltr'><strong>Jesu</strong></span> <span class='ocrx_word' id='word_1_790' title='bbox 3125 5175 3342 5232; x_wconf 87' lang='lat' dir='ltr'><strong>Christi.</strong></span> 
     </span>
    </p>
   </div>
   <div class='ocr_carea' id='block_1_114' title="bbox 2033 5267 3542 5350">
    <p class='ocr_par' dir='ltr' id='par_1_114' title="bbox 2033 5267 3542 5350">
     <span class='ocr_line' id='line_1_114' title="bbox 2033 5267 3542 5350; baseline -0.011 -12"><span class='ocrx_word' id='word_1_791' title='bbox 2033 5282 2232 5350; x_wconf 76' lang='lat' dir='ltr'><strong>Regina</strong></span> <span class='ocrx_word' id='word_1_792' title='bbox 2256 5280 2405 5334; x_wconf 84' lang='lat' dir='ltr'><strong>dives</strong></span> <span class='ocrx_word' id='word_1_793' title='bbox 2425 5291 2584 5343; x_wconf 80' lang='lat' dir='ltr'><strong>Opum</strong></span> <span class='ocrx_word' id='word_1_794' title='bbox 2615 5274 2741 5330; x_wconf 89' lang='lat' dir='ltr'><strong>mihi</strong></span> <span class='ocrx_word' id='word_1_795' title='bbox 2771 5271 3006 5344; x_wconf 89' lang='lat' dir='ltr'><strong>pulchris</strong></span> <span class='ocrx_word' id='word_1_796' title='bbox 3035 5271 3285 5323; x_wconf 77' lang='lat' dir='ltr'><strong>inStructa</strong></span> <span class='ocrx_word' id='word_1_797' title='bbox 3316 5267 3542 5334; x_wconf 86' lang='lat' dir='ltr'><strong>gemmis</strong></span> 
     </span>
    </p>
   </div>
   <div class='ocr_carea' id='block_1_115' title="bbox 1960 5357 3543 5440">
    <p class='ocr_par' dir='ltr' id='par_1_115' title="bbox 1960 5357 3543 5440">
     <span class='ocr_line' id='line_1_115' title="bbox 1960 5357 3543 5440; baseline -0.016 -6"><span class='ocrx_word' id='word_1_798' title='bbox 1960 5388 2273 5434; x_wconf 82' lang='lat' dir='ltr'><strong>oxcrescere</strong></span> <span class='ocrx_word' id='word_1_799' title='bbox 2302 5371 2460 5440; x_wconf 80' lang='lat' dir='ltr'><strong>crepit</strong></span> <span class='ocrx_word' id='word_1_800' title='bbox 2479 5412 2496 5438; x_wconf 92' lang='lat'><strong>,</strong></span> <span class='ocrx_word' id='word_1_801' title='bbox 2525 5371 2652 5424; x_wconf 92' lang='lat' dir='ltr'><strong>dum</strong></span> <span class='ocrx_word' id='word_1_802' title='bbox 2681 5369 2889 5423; x_wconf 87' lang='lat' dir='ltr'><strong>diversa</strong></span> <span class='ocrx_word' id='word_1_803' title='bbox 2927 5374 3255 5434; x_wconf 85' lang='lat' dir='ltr'><strong>gemmarum</strong></span> <span class='ocrx_word' id='word_1_804' title='bbox 3296 5357 3543 5413; x_wconf 85' lang='lat' dir='ltr'><strong>metallo-</strong></span> 
     </span>
    </p>
   </div>
   <div class='ocr_carea' id='block_1_116' title="bbox 1962 5447 3543 5538">
    <p class='ocr_par' dir='ltr' id='par_1_116' title="bbox 1962 5447 3543 5538">
     <span class='ocr_line' id='line_1_116' title="bbox 1962 5447 3543 5538; baseline -0.013 -14"><span class='ocrx_word' id='word_1_805' title='bbox 1962 5482 2186 5538; x_wconf 87' lang='lat' dir='ltr'><strong>rumque</strong></span> <span class='ocrx_word' id='word_1_806' title='bbox 2212 5479 2408 5536; x_wconf 84' lang='lat' dir='ltr'><strong>genera</strong></span> <span class='ocrx_word' id='word_1_807' title='bbox 2437 5463 2818 5526; x_wconf 84' lang='lat' dir='ltr'><strong>redundarent,</strong></span> <span class='ocrx_word' id='word_1_808' title='bbox 2843 5465 2897 5513; x_wconf 91' lang='lat' dir='ltr'><strong>et</strong></span> <span class='ocrx_word' id='word_1_809' title='bbox 2923 5456 3023 5510; x_wconf 88' lang='lat' dir='ltr'><strong>alia</strong></span> <span class='ocrx_word' id='word_1_810' title='bbox 3053 5453 3218 5510; x_wconf 85' lang='lat' dir='ltr'><strong>multa</strong></span> <span class='ocrx_word' id='word_1_811' title='bbox 3248 5447 3543 5522; x_wconf 88' lang='lat' dir='ltr'><strong>:quidquid</strong></span> 
     </span>
    </p>
   </div>
   <div class='ocr_carea' id='block_1_117' title="bbox 1962 5579 3538 5666">
    <p class='ocr_par' dir='ltr' id='par_1_117' title="bbox 1962 5579 3538 5666">
     <span class='ocr_line' id='line_1_117' title="bbox 1962 5579 3538 5666; baseline -0.015 -12"><span class='ocrx_word' id='word_1_812' title='bbox 1962 5607 2219 5663; x_wconf 78' lang='lat' dir='ltr'><strong>.ievcnto,</strong></span> <span class='ocrx_word' id='word_1_813' title='bbox 2264 5595 2403 5666; x_wconf 92' lang='lat' dir='ltr'><strong>quod</strong></span> <span class='ocrx_word' id='word_1_814' title='bbox 2451 5595 2636 5666; x_wconf 57' lang='lat' dir='ltr'><strong>Greco</strong></span> <span class='ocrx_word' id='word_1_815' title='bbox 2675 5587 3225 5666; x_wconf 16' lang='lat' dir='ltr'><strong>vocabulosanctam,</strong></span> <span class='ocrx_word' id='word_1_816' title='bbox 3259 5579 3538 5666; x_wconf 51' lang='lat' dir='ltr'><strong>Syphiam,</strong></span> 
     </span>
    </p>
   </div>
   <div class='ocr_carea' id='block_1_118' title="bbox 1962 5653 3543 5732">
    <p class='ocr_par' dir='ltr' id='par_1_118' title="bbox 1962 5653 3543 5732">
     <span class='ocr_line' id='line_1_118' title="bbox 1962 5653 3543 5732; baseline -0.013 -8"><span class='ocrx_word' id='word_1_817' title='bbox 1962 5653 2019 5724; x_wconf 85' lang='lat' dir='ltr'><strong>id</strong></span> <span class='ocrx_word' id='word_1_818' title='bbox 2053 5681 2136 5723; x_wconf 85' lang='lat' dir='ltr'><strong>est</strong></span> <span class='ocrx_word' id='word_1_819' title='bbox 2175 5653 2414 5723; x_wconf 76' lang='lat' dir='ltr'><strong>sanctam</strong></span> <span class='ocrx_word' id='word_1_820' title='bbox 2454 5662 2772 5732; x_wconf 85' lang='lat' dir='ltr'><strong>Sapientiam</strong></span> <span class='ocrx_word' id='word_1_821' title='bbox 2816 5659 3136 5732; x_wconf 78' lang='lat' dir='ltr'><strong>appellavit,</strong></span> <span class='ocrx_word' id='word_1_822' title='bbox 3177 5665 3232 5706; x_wconf 91' lang='lat' dir='ltr'><strong>ut</strong></span> <span class='ocrx_word' id='word_1_823' title='bbox 3278 5653 3543 5705; x_wconf 77' lang='lat' dir='ltr'><strong>Ostiensis</strong></span> 
     </span>
    </p>
   </div>
   <div class='ocr_carea' id='block_1_119' title="bbox 1962 5727 3545 5801">
    <p class='ocr_par' dir='ltr' id='par_1_119' title="bbox 1962 5727 3545 5801">
     <span class='ocr_line' id='line_1_119' title="bbox 1962 5727 3545 5801; baseline -0.016 -4"><span class='ocrx_word' id='word_1_824' title='bbox 1962 5757 2014 5797; x_wconf 77' lang='grc' dir='ltr'><strong>ιιι</strong></span> <span class='ocrx_word' id='word_1_825' title='bbox 2043 5741 2296 5796; x_wconf 72' lang='lat' dir='ltr'><strong>Chronic.</strong></span> <span class='ocrx_word' id='word_1_826' title='bbox 2326 5747 2503 5794; x_wconf 79' lang='lat' dir='ltr'><strong>narrat</strong></span> <span class='ocrx_word' id='word_1_827' title='bbox 2524 5727 2614 5790; x_wconf 76' lang='lat' dir='ltr'><strong>tib.</strong></span> <span class='ocrx_word' id='word_1_828' title='bbox 2640 5749 2677 5801; x_wconf 83' lang='grc' dir='ltr'><strong>ι,</strong></span> <span class='ocrx_word' id='word_1_829' title='bbox 2708 5745 2826 5800; x_wconf 83' lang='lat' dir='ltr'><strong>cap.</strong></span> <span class='ocrx_word' id='word_1_830' title='bbox 2851 5732 2907 5795; x_wconf 84' lang='lat'><strong>9,</strong></span> <span class='ocrx_word' id='word_1_831' title='bbox 2931 5727 3070 5798; x_wconf 90' lang='lat' dir='ltr'><strong>quod</strong></span> <span class='ocrx_word' id='word_1_832' title='bbox 3100 5733 3271 5781; x_wconf 83' lang='lat' dir='ltr'><strong>morte</strong></span> <span class='ocrx_word' id='word_1_833' title='bbox 3299 5733 3545 5793; x_wconf 64' lang='lat' dir='ltr'><strong>preven-</strong></span> 
     </span>
    </p>
   </div>
   <div class='ocr_carea' id='block_1_120' title="bbox 3025 5816 3106 5878">
    <p class='ocr_par' dir='ltr' id='par_1_120' title="bbox 3025 5816 3106 5878">
     <span class='ocr_line' id='line_1_120' title="bbox 3025 5816 3106 5878; baseline 0.012 -1"><span class='ocrx_word' id='word_1_834' title='bbox 3025 5816 3106 5878; x_wconf 72' lang='grc' dir='ltr'><strong>1ιὸ</strong></span> 
     </span>
    </p>
   </div>
  </div>
