4026 6352
468 276 616 334 ult-

1656 267 2275 330 LANGOBABDODUM
2316 266 2558 324 κιϐωι

3608 266 3636 324 1
3649 267 3744 321 με

471 400 581 448 fere
612 390 801 456 Indus,
833 387 1084 458 quicquid
1112 401 1140 442 a
1171 401 1230 444 ae
1261 395 1394 441 vana
1419 386 1576 442 Creta
1597 426 1613 453 ,
1642 394 1698 442 et
1728 385 1906 440 mollis
1933 385 2056 440 mit-
2088 388 2135 447 Α
2162 383 2377 452 Sephire
2405 382 2622 440 nomine
2647 381 2740 453 qui
2778 396 2838 438 es
2875 395 3002 438 vera
3029 380 3242 437 Domini
3270 381 3554 452 sapientia,
3582 383 3749 438 cura-

473 486 533 539 tit
571 484 771 551 Arabs,
806 481 1126 550 mandatque
1169 481 1332 550 nigra:
1371 478 1520 547 pellis
1555 477 1836 548 )Etbiops',‘
1876 489 1930 533 et
1967 491 2059 532 ve-

472 573 636 629 3tiunt
665 572 822 627 Seres
845 613 860 637 ,
893 570 992 623 huc
1024 571 1222 624 mentis
1248 585 1366 638 quze
1396 570 1662 634 inventio,
1698 568 1799 623 huc
1831 569 2059 638 illucque

471 665 536 718 ad
568 677 738 732 usque
762 661 942 716 mundi
973 661 1262 731 originem,
1297 659 1567 728 finemque
1596 658 1782 725 duxit,
1812 658 2060 714 conside-

471 769 596 808 rans
642 753 770 825 quid
818 755 964 808 luere
1021 753 1279 820 przcterita
1309 793 1325 817 ,
1376 752 1570 820 quidve
1604 752 1708 805 sint
1749 753 2060 818 praesentia,

457 847 667 915 quidve
698 854 853 899 erunt
889 845 1056 899 futura
1077 884 1092 909 ,
1132 844 1308 896 omnia
1349 844 1447 897 sub
1473 844 1586 898 sola
1621 842 1840 911 physica
1872 842 2061 913 conje—

465 944 624 991 ctura
653 938 937 990 vanitatem
969 943 1111 988 ratus
1149 948 1301 998 sum;
1335 949 1558 1003 quorum
1589 933 1821 989 essentia
1843 972 1858 998 ,
1885 941 2063 998 ortus,

472 1029 723 1094 tentatio,
754 1028 922 1094 labor,
949 1036 1006 1082 et
1030 1040 1195 1080 mors.
1219 1025 1302 1080 Nil
1332 1040 1458 1095 ergo
1481 1040 1658 1079 rerum
1685 1025 1838 1094 copia
1867 1025 2066 1094 prode-

474 1121 582 1186 rit,
609 1120 709 1174 nisi
751 1117 858 1173 Deo
909 1117 1200 1188 possessori
1251 1117 1448 1170 oblata.
1493 1114 1822 1184 Quingentos
1863 1117 2067 1183 prisco-

437 1283 439 1285 _
475 1227 598 1266 rum
628 1209 1019 1266 reminiscimur
1040 1224 1206 1264 annos
1230 1208 1356 1264 olim
1387 1208 1799 1262 transcendisse.
1837 1207 1930 1262 V'ix
1951 1206 2062 1276 jam

461 1304 884 1372 sexagenariqu
927 1303 1097 1355 a'tatis
1131 1300 1435 1369 contingit:
1480 1300 1677 1355 etenim
1720 1299 1767 1353 si
1805 1299 2064 1367 quosdam

479 1399 543 1448 ad
576 1404 788 1449 centum
829 1393 1105 1448 retulimus
1146 1391 1452 1462 pervenisse
1492 1400 1749 1455 aestuant,
1793 1398 1850 1444 ut
1889 1390 2066 1442 saltim

483 1496 637 1539 nocte
666 1486 897 1553 quietem
928 1483 1126 1538 habere
1153 1491 1370 1551 queant.
1393 1481 1446 1536 Si
1472 1481 1623 1535 novis
1655 1479 1788 1533 alios
1815 1479 2068 1532 incolumi

462 1575 762 1630 ~dalcediue
790 1575 980 1643 opibus
1008 1588 1125 1628 esse
1153 1573 1367 1642 potitos,
1400 1584 1539 1626 nunc
1565 1570 1953 1624 amarissimam
1977 1569 2071 1622 de-

486 1670 616 1721 llent
663 1667 932 1736 possidere
979 1675 1290 1736 egestatem.
1329 1665 1530 1719 Cuncta
1580 1664 1796 1734 quidem
1845 1672 2070 1731 pra-ter-

481 1766 644 1826 cunt,
685 1758 946 1812 deteriora
985 1772 1238 1826 quaeque,
1291 1756 1575 1824 brevisque
1612 1762 1923 1824 sequuntur.
1955 1753 2070 1808 iam
2106 1743 2148 1802 Β

477 1851 716 1904 mundus
760 1848 1146 1918 ingemiscens,
1177 1847 1504 1916 egestatibus
1531 1855 1874 1916 angustatus,
1907 1846 2074 1898 mori-

484 1942 700 1997 bundus
739 1940 946 2010 dill‘ugit
993 1958 1004 1993 :
1051 1939 1343 1994 Salvatoris
1381 1953 1553 2001 voce,
1594 1938 1786 1992 cretum
1833 1945 2078 2004 terraque

489 2035 717 2090 transire
749 2034 1022 2098 dieuutur;
1058 2033 1354 2102 praesertim
1385 2031 1636 2084 mortales
1668 2029 1909 2099 fragiles,
1941 2043 2076 2098 quo-

490 2143 606 2182 rum
639 2127 742 2180 vita
782 2125 932 2196 quasi
965 2127 1062 2179 llos
1096 2125 1388 2196 egreditur,
1419 2138 1480 2176 ac
1508 2123 1652 2177 velut
1687 2123 1890 2191 lampas
1917 2135 2082 2190 appoo

492 2221 593 2272 sita
622 2227 782 2272 vento
808 2216 1031 2286 rapitur.
1058 2215 1142 2271 Nil
1166 2217 1323 2286 igitur
1352 2213 1554 2280 utilius,
1587 2213 1766 2284 nilque
1793 2213 2078 2276 salubrius,

494 2312 598 2367 nisi
633 2313 820 2366 futura:
847 2312 965 2364 vitae
999 2324 1210 2377 semper
1240 2308 1578 2373 meminisse,
1611 2323 1716 2376 quo
1749 2308 1927 2361 omnia
1955 2321 2081 2375 per-

493 2411 656 2473 gunt,
689 2411 743 2457 et
779 2401 1126 2469 anticipantes
1170 2411 1353 2453 nostra
1389 2399 1612 2453 Domino
1658 2398 1882 2462 ollerrc,
1926 2408 1982 2453 ut
2029 2399 2082 2453 in

500 2494 832 2559 caelestibus,
855 2503 909 2546 et
931 2502 1184 2546 a-ternam
1211 2491 1398 2556 vitam,
1426 2500 1480 2545 et
1510 2491 1738 2558 quietem
1773 2497 2082 2557 perpetuam

496 2585 898 2651 indelicientes,
935 2595 1086 2637 veras
1132 2581 1345 2636 divitias
1389 2581 1613 2644 habere,
1641 2589 1800 2649 atque
1838 2580 2085 2635 obtinere

496 2693 711 2746 semper
742 2677 1030 2738 valeamus,
1057 2674 1195 2727 sicut
1222 2673 1360 2726 idem
1392 2671 1627 2727 caelestis
1655 2670 1906 2739 Magister
1925 2668 2086 2725 disci-

495 2771 648 2838 pulos
676 2766 873 2821 docens
905 2765 1183 2834 pollicetur
1209 2781 1220 2815 2
1251 2762 1424 2817 Nolite
1450 2762 1796 2816 tltesaurizarc
1822 2761 1958 2814 vobis
1981 2761 2084 2814 tlte-

495 2873 673 2910 sauros
713 2858 763 2908 in
795 2867 927 2909 terra
952 2895 966 2921 ,
1003 2855 1086 2907 ubi
1139 2869 1312 2924 mrugo
1350 2863 1394 2906 ct
1432 2855 1564 2906 tinea
1603 2851 1901 2918 demolitur,
1932 2863 1977 2906 et
2003 2853 2085 2905 ubi

487 2949 634 3016 {ures
665 2933 947 3016 eﬂ'odiunl,
978 2954 1024 3000 et
1051 2945 1361 2998 devoranlur
1389 2960 1406 2998 -.'
1439 2942 1776 2997 thesaurizate
1803 2952 1973 2995 autem
2002 2957 2086 2995 vs-

501 3041 574 3094 bis
604 3037 866 3093 thesauros
894 3038 946 3090 in
973 3038 1118 3091 cozlo.
1149 3036 1211 3089 Et
1241 3037 1459 3104 reliqua.
1488 3033 1690 3103 Nempe
1719 3033 2083 3088 difficillimum

2161 487 2274 543 ste;
2307 477 2360 532 in
2383 492 2484 547 qua
2505 477 2666 532 etiam
2698 475 3089 532 xcnodocbium
3116 477 3412 545 puellarum
3441 487 3744 545 exstructis,

2164 569 2330 625 obtuli
2369 584 2434 624 ex
2475 570 2578 624 tuis
2616 567 2806 633 donis,
2856 575 3015 638 atque
3050 567 3232 622 datis:
3263 569 3316 622 in
3358 568 3544 636 primis
3579 571 3754 625 eccle-

2163 662 2296 716 siam
2319 662 2485 716 sancti
2513 661 2801 726 Benedicti,
2825 660 2941 716 loco
2961 659 3048 730 qui
3071 669 3289 715 vocatur
3310 659 3751 727 Xenodochium,

2166 753 2304 823 quod
2337 751 2566 822 positum
2611 761 2695 807 est
2737 750 2886 821 juxta
2931 751 3106 820 ipsum
3157 753 3582 819 monasterium,
3629 767 3754 807 cum

2166 845 2414 900 omnibus
2443 846 2542 900 sibi
2574 845 2982 914 pertinentibus.
3019 845 3128 898 Iloc
3152 845 3314 899 etiam
3341 844 3626 898 statuimus
3645 886 3660 909 ,
3696 849 3754 898 ut

2169 939 2488 1007 praepositus
2521 937 2632 1009 jam
2679 939 2804 993 dicti
2843 949 3044 992 sancta:
3081 937 3300 1007 Sophia:
3341 940 3654 994 monasterii
3685 940 3755 993 ibi

2169 1028 2375 1095 sedeat,
2403 1029 2582 1098 ibique
2610 1029 2680 1084 sit
2703 1038 2851 1097 porta
2879 1029 2944 1082 ad
2974 1030 3212 1096 hospites
3233 1030 3636 1097 suscipiendos;
3663 1045 3758 1098 pro

2169 1135 2273 1188 quo
2302 1129 2354 1174 ct
2392 1121 2664 1185 addimus,
2698 1127 2755 1174 ut
2783 1119 2991 1174 decima
3021 1121 3258 1173 omnium
3305 1120 3515 1189 frugum
3553 1121 3626 1174 ibi
3659 1136 3757 1174 an.

2171 1212 2402 1268 nualiter
2430 1227 2494 1268 ex
2528 1212 2855 1268 monasterio
2882 1213 3040 1268 detur
3072 1213 3139 1266 ad
3167 1213 3489 1280 stipendium
3522 1214 3760 1281 peregri.

2173 1320 2360 1359 norum
2382 1322 2396 1367 ;
2420 1314 2474 1358 et
2494 1304 2632 1358 sicut
2653 1305 2720 1358 ab
2741 1304 2974 1372 antiquis
2997 1305 3291 1358 rectoribus
3315 1303 3566 1372 pradicta
3587 1302 3759 1358 sancti

2175 1402 2442 1457 Benedicti
2468 1401 2693 1456 ecclesia
2724 1415 2969 1470 possessa
3005 1400 3100 1454 fuit
3126 1440 3140 1462 ,
3167 1399 3393 1462 amndo,
3424 1407 3476 1454 et
3505 1398 3762 1468 deinceps

2175 1503 2374 1547 sanctt'e
2400 1493 2612 1561 Sophim
2635 1493 2944 1548 monasterii
2969 1493 3218 1562 potestati
3247 1492 3542 1560 snbjaeeat.
3575 1492 3684 1546 Sed
3707 1501 3758 1545 et

2174 1584 2458 1640 ecclesiam
2507 1589 2676 1638 sancti
2719 1583 2859 1638 Petri
2900 1582 3151 1652 principis
3199 1583 3600 1654 apostolorum,
3645 1595 3762 1650 qua

2177 1676 2436 1730 aediﬁcata
2460 1683 2544 1731 est
2571 1676 2622 1729 in
2642 1674 2764 1744 galo
2795 1675 2968 1745 largiti
2992 1690 3176 1729 sumus
3207 1676 3257 1727 in
3293 1675 3622 1728 territorium
3647 1687 3763 1726 mo-

2179 1768 2412 1822 nasterio
2441 1777 2637 1821 sanctae
2679 1767 2929 1834 Sophim;
2957 1780 2983 1819 a
3029 1767 3131 1819 line
3173 1767 3440 1818 senatoris
3477 1777 3575 1832 per
3616 1777 3762 1816 serra

2177 1873 2343 1925 usque
2371 1859 2422 1911 in
2454 1858 2752 1912 Straslilum
2787 1857 2923 1910 inter
2961 1856 3066 1910 duo
3097 1864 3207 1909 tora
3233 1872 3246 1918 ;
3285 1864 3333 1910 et
3366 1870 3459 1921 per
3484 1855 3764 1908 Carbone-

2178 1950 2312 2005 t'ium
2345 1951 2411 2004 de
2441 1951 2658 2014 Osculo,
2689 1965 2858 2020 usque
2887 1950 2942 2006 in
2983 1949 3138 2004 linem
3181 1953 3248 2006 de
3287 1964 3426 2004 novo
3469 1950 3765 2012 Frontino;

2179 2041 2248 2095 de
2275 2041 2375 2094 alia
2405 2055 2534 2094 vero
2563 2052 2709 2108 parte
2740 2041 2969 2108 primum
3013 2055 3109 2110 per
3136 2041 3274 2094 viam
3305 2040 3570 2109 publicam
3603 2053 3768 2108 usque

2179 2131 2244 2184 ad
2271 2134 2488 2185 ﬂuvium
2513 2131 2810 2186 Calabium.
2835 2131 3042 2186 Deinde
3064 2146 3231 2200 usque
3258 2132 3309 2186 in
3335 2131 3646 2193 terminum,
3679 2131 3766 2196 qui

2181 2221 2373 2275 dicitur
2402 2237 2427 2273 a
2462 2221 2640 2276 Latre.
2674 2222 2743 2274 Ea
2773 2221 3016 2276 concessi
3046 2222 3288 2291 equidem
3322 2229 3521 2275 sancte
3547 2221 3770 2289 Sophia

2178 2318 2526 2373 monasterio.
2563 2318 2727 2372 Porro
2765 2333 2904 2372 casm
2940 2327 3163 2372 numero
3194 2317 3276 2370 his
3305 2325 3450 2368 sunt.
3481 2315 3617 2369 Cosa
3648 2329 3767 2384 qna!

2183 2413 2380 2481 regitur
2426 2425 2520 2480 per
2573 2410 2974 2464 Maurissionem
3023 2422 3142 2464 cum
3191 2423 3389 2471 uxore,
3438 2415 3490 2459 et
3531 2406 3771 2470 liliis,et

2183 2503 2430 2556 omnibus
2471 2501 2569 2555 sibi
2611 2502 3003 2569 pertinentibus
3048 2515 3063 2554 :
3103 2515 3225 2554 casa
3265 2514 3384 2569 quae
3425 2500 3631 2565 regitur
3677 2511 3771 2564 per

2187 2593 2572 2648 Francoaldum
2595 2607 2716 2646 cum
2745 2606 2942 2657 uxore,
2966 2599 3019 2644 ct
3051 2590 3170 2644 [iliis
3193 2589 3294 2643 sibi
3331 2588 3722 2655 pertinentibus
3757 2603 3770 2637 :

2185 2699 2305 2738 casa
2334 2699 2452 2753 quae
2482 2683 2682 2752 regitur
2707 2699 2798 2749 per
2830 2683 3137 2735 Anselmum
3169 2693 3290 2734 cum
3323 2693 3507 2738 uxore.
3540 2687 3596 2731 et
3628 2676 3772 2738 ﬁliis,

2186 2781 2240 2827 et
2267 2773 2514 2828 omnibus
2542 2772 2642 2825 sibi
2681 2769 3097 2839 pertinentibus;
3126 2783 3247 2822 casa
3291 2777 3411 2834 qum
3448 2769 3654 2834 regitur
3674 2782 3776 2834 per

2189 2863 2520 2917 l-‘errandum
2551 2875 2671 2915 cum
2713 2859 2967 2914 Germani
3011 2869 3063 2913 et
3102 2858 3384 2920 uxoribus,
3428 2868 3483 2911 et
3522 2857 3680 2916 ﬁliis,
3726 2867 3776 2908 ct

2187 2951 2437 3005 omnibus
2481 2963 2670 3004 eorum
2706 2966 2717 3001 :
2763 2963 2884 3003 casa
2923 2963 3041 3018 qua:
3075 2950 3283 3016 regitur
3323 2961 3419 3016 per
3458 2947 3773 3001 Sc-dcom-m

2190 3057 2310 3098 cum
2343 3058 2538 3107 uxore,
2571 3050 2627 3096 et
2653 3042 2772 3094 filiis
2797 3042 2929 3107 suis,
2957 3051 3012 3096 et
3042 3041 3287 3094 ottinibus
3313 3040 3414 3092 sibi
3443 3040 3780 3106 pertinenti-

501 3141 620 3199 est,
669 3140 761 3185 aut
795 3138 972 3199 grates
1012 3125 1239 3193 referre,
1284 3135 1533 3195 tantaque
1577 3139 1674 3194 pro
1727 3125 1833 3180 Deo
1874 3134 2084 3193 portare

2194 3134 2290 3188 bus
2323 3150 2337 3189 :
2369 3149 2489 3194 casa
2521 3149 2641 3202 quac
2683 3133 2886 3202 regitur
2917 3145 3007 3202 per
3036 3133 3300 3188 Vinwlum
3331 3146 3451 3186 cum
3489 3145 3700 3194 uxore,
3729 3139 3780 3182 et

495 3231 697 3292 quanta
732 3236 825 3290 pro
857 3216 1156 3272 hominibus
1190 3215 1472 3270 miseratus
1503 3214 1721 3284 pertulit
1749 3231 1763 3281 ;
1793 3229 1914 3270 cunt
1945 3224 2088 3270 esset

493 3317 762 3371 Dominus
794 3311 1116 3381 majestatis,
1150 3326 1240 3364 rex
1278 3307 1621 3378 angelorum,
1649 3309 1859 3363 coalitus
1896 3308 2087 3361 humil-

502 3409 626 3461 lima
656 3417 811 3461 terra:
839 3403 1008 3474 petiit,
1037 3401 1286 3456 servilem
1314 3399 1560 3470 dignatus
1588 3401 1808 3455 induere
1837 3399 2084 3465 formam,

503 3506 692 3567 sponte
714 3511 834 3552 sese
857 3494 1131 3548 sceleratae
1155 3491 1329 3547 intulit
1355 3490 1492 3559 neci,
1519 3500 1572 3544 ct
1603 3506 1882 3560 resurgens
1905 3491 2086 3545 :ctcrni

487 3593 677 3648 «Patris
717 3591 964 3660 repetivit
995 3589 1219 3657 gloriam
1263 3586 1572 3654 relinquens
1611 3585 1966 3653 exemplaria,
2009 3594 2085 3649 ut,

505 3689 752 3754 inquam,
791 3683 842 3736 in
887 3681 1090 3750 vestigii
1139 3680 1326 3735 callent
1369 3677 1630 3732 inelienso
1675 3676 1809 3746 pede
1848 3690 2088 3746 gressum

510 3788 792 3842 ponamus.
825 3773 1004 3842 Itaque
1035 3772 1155 3840 quia
1186 3786 1279 3840 pro
1312 3785 1397 3825 me
1441 3783 1628 3839 passus
1655 3778 1766 3830 est.
1797 3775 1849 3822 et
1878 3767 2090 3835 quidem

493 3880 572 3921 «ex
607 3867 759 3920 bella:
788 3865 1081 3918 voluntatis
1121 3863 1387 3916 hilaritate
1414 3873 1742 3930 quaecunque
1769 3873 1925 3927 supra
1958 3858 2090 3912 inira

505 3958 728 4014 dicenda
760 3968 913 4023 sunt,
946 3957 1146 4025 obtuli,
1173 3973 1278 4014 non
1307 3972 1454 4020 mea.
1485 3955 1578 4010 sed
1608 3970 1939 4026 qumcuuque
1969 3961 2094 4007 sunt

511 4041 608 4107 Dei
637 4054 892 4120 appetens
924 4068 938 4104 :
969 4052 1137 4105 multa
1167 4052 1410 4120 quidem,
1443 4059 1498 4104 et
1535 4049 1810 4103 innumera
1843 4046 1967 4101 mihi
1999 4047 2094 4100 du-

495 4142 662 4196 .navit
705 4141 904 4212 perfrui
946 4140 1139 4210 quibus
1187 4142 1430 4210 indignus
1474 4157 1705 4195 mereor.
1747 4139 1814 4193 At
1842 4154 1974 4210 ego,
2005 4142 2094 4209 qui

505 4233 714 4306 fragilis
749 4243 992 4290 creatura
1021 4247 1171 4297 sum,
1204 4228 1415 4287 Arichis
1444 4231 1668 4286 eximius
1698 4231 1977 4301 princeps,
2008 4245 2097 4284 ca-

488 4331 658 4386 ducae
687 4329 811 4385 vitae
841 4343 995 4385 casus
1027 4341 1377 4398 percurrens,
1405 4336 1458 4382 et
1496 4327 1745 4396 perennis
1777 4326 2094 4380 immortali-

507 4421 635 4476 tatis
664 4434 794 4490 opes
820 4419 1040 4490 adipisci
1066 4420 1284 4488 cupiens
1302 4458 1319 4486 ,
1347 4417 1506 4474 credo
1527 4418 1770 4487 equidem
1790 4459 1804 4484 ,
1836 4433 1933 4471 nec
1960 4432 2092 4470 vana

509 4530 605 4584 spe
632 4513 883 4568 divinitus
909 4511 1197 4582 inspiratus
1226 4510 1534 4566 consecravi
1561 4511 1734 4565 aulam
1764 4519 1865 4565 tua:
1894 4518 2090 4565 sancta:

513 4693 595 4752 tus
625 4681 837 4750 explere
867 4697 970 4734 non
1006 4681 1193 4748 potuit.
1221 4683 1451 4743 Aricltis,
1476 4682 1566 4752 qui
1606 4680 1651 4734 ei
1683 4681 1959 4746 successit,
1994 4682 2091 4734 mi-

511 4751 663 4805 riﬁce
686 4752 812 4804 illud
845 4753 1100 4819 perfecit,
1148 4751 1851 4818 dilatumqueamplissunis
1883 4752 2093 4820 prmdiis

503 4833 568 4876 et
607 4823 831 4890 opibus,
875 4823 1055 4890 ibique
1095 4825 1574 4875 sanctimonialium
1620 4823 1952 4885 casnobiutn,
1987 4833 2095 4875 sta-

516 4895 643 4957 tuit,
670 4901 724 4946 et
763 4891 1036 4945 Uasinensi
1069 4893 1391 4947 monasterio
1428 4893 1679 4961 subjecit,
1717 4897 1766 4944 in
1790 4908 1956 4960 eoque
1988 4894 2093 4945 Go-

518 4965 835 5030 rimbergam
868 4975 1109 5015 sororem
1141 4978 1290 5016 suam
1317 4978 1622 5032 germanam
1655 4964 1973 5032 abbatissam
2008 4980 2097 5013 ora

515 5033 686 5086 dinari
716 5032 861 5087 fecit.
889 5032 1004 5100 lps’e
1032 5035 1154 5084 vero
1180 5031 1423 5101 princeps
1445 5049 1564 5087 cum
1598 5031 1874 5085 invidiosis
1905 5034 2095 5098 opibus

511 5106 619 5158 hoc
657 5103 1035 5156 monasterium
1077 5103 1298 5156 ditasset
1323 5143 1338 5167 ,
1379 5120 1436 5157 se
1477 5103 1811 5156 lundatorem
1856 5103 2094 5170 ejusdem

517 5186 668 5228 vocat
695 5177 745 5228 in
773 5173 1124 5228 concessione
1146 5175 1496 5237 oblationum,
1518 5185 1624 5226 tam
1651 5177 1908 5234 virorum,
1937 5180 2095 5238 quam

512 5256 870 5309 mortuorum,
894 5259 1013 5314 quae
1042 5251 1346 5298 receusctur
1369 5245 1420 5298 in
1446 5246 1649 5299 Clu-ou.
1682 5243 1836 5314 hujus
1864 5246 2095 5297 etenubti

517 5313 657 5385 apud
689 5330 772 5369 me
798 5330 900 5370 tns.

594 5403 613 5438 ι
653 5386 708 5439 In
740 5385 955 5438 nomine
979 5383 1173 5454 (inquit
1198 5384 1422 5452 oblatio)
1451 5383 1660 5438 Domini
1689 5384 1779 5438 Dei
1809 5381 2100 5438 Salvatoris

514 5459 687 5512 nostri
716 5456 842 5526 Jesu
867 5457 1064 5511 Christi
1084 5489 1100 5520 ,
1131 5457 1378 5510 dominus
1406 5457 1594 5510 Arehls
1623 5455 2102 5522 piissimus.atque

521 5527 1005 5582 excellentissimus
1038 5529 1281 5593 princeps
1308 5528 1477 5596 gentis
1505 5526 1996 5592 Longobardorum,
2022 5526 2102 5577 di-

523 5601 638 5652 vina
656 5597 1018 5666 ~pr:ct:tunitus
1049 5612 1239 5660 manu,
1285 5600 1450 5650 ollero
1492 5596 1731 5650 ecclesia!
1769 5606 1965 5647 sancta:
1995 5597 2099 5647 So-

525 5671 679 5733 phim,
703 5681 859 5740 quam
882 5683 910 5718 a
933 5667 1288 5740 fundamentis
1312 5669 1590 5732 a-dilicavi,
1613 5680 1715 5740 pro
1733 5666 2100 5731 redemptione

519 5751 734 5793 attentas
764 5739 915 5801 vita,
947 5751 1076 5803 seu,
1116 5737 1215 5806 pro
1249 5741 1540 5793 salvatione
1577 5737 1748 5805 gentis
1787 5746 1980 5788 nostra:
2004 5776 2018 5802 ,
2048 5745 2104 5790 et

2194 3227 2318 3281 liliis
2339 3269 2354 3294 ,
2381 3235 2437 3280 et
2466 3225 2714 3279 omnibus
2743 3225 2839 3279 sibi
2889 3225 3298 3293 pertinentibus.
3341 3222 3402 3278 lli
3434 3235 3624 3277 omines
3655 3235 3780 3274 cura

2192 3318 2479 3373 mobilibus
2498 3356 2516 3383 ,
2543 3329 2703 3386 atque
2736 3316 3126 3379 immobilibus,
3156 3325 3212 3368 et
3241 3315 3450 3383 pascuis
3472 3352 3487 3377 ,
3516 3323 3573 3366 et
3601 3315 3782 3366 omni-

2192 3409 2290 3466 bus
2322 3409 2423 3463 sibi
2457 3409 2873 3476 pertinentibus,
2901 3409 2990 3476 qui
3021 3407 3234 3461 fuerunt
3263 3407 3329 3461 de
3361 3405 3621 3474 judicaria
3674 3404 3780 3457 Fo-

2195 3501 2365 3555 roaldi
2412 3515 2559 3554 mare
2609 3503 2752 3569 pazis
2801 3511 3018 3562 nostro;
3069 3513 3274 3552 necnon
3325 3497 3550 3551 ecclesia
3607 3495 3782 3549 ευ(ςή

2193 3589 2400 3644 Abundi
2427 3630 2442 3654 ,
2473 3605 2590 3657 quas
2627 3589 2724 3643 sita
2767 3601 2847 3644 cst
2889 3588 2940 3642 itt
2971 3588 3090 3657 galo
3131 3598 3316 3642 nostro
3343 3585 3524 3640 I’alim
3551 3603 3566 3638 :
3599 3600 3786 3637 nostra

2194 3696 2320 3734 vero
2350 3690 2584 3749 potestas
2613 3681 2752 3734 circa
2798 3679 2965 3748 ipsam
3001 3679 3278 3733 ecclesiam
3307 3675 3578 3730 concessit
3619 3678 3788 3728 terrin

2196 3777 2388 3830 torium
2434 3775 2486 3828 in
2516 3784 2715 3830 sancta:
2745 3771 2958 3838 Sephiae
2991 3769 3316 3824 monasterio
3346 3768 3646 3824 modiorum
3679 3768 3787 3820 duo

2194 3878 2353 3922 ceuta
2388 3883 2401 3918 :
2432 3880 2640 3918 necnon
2671 3874 2724 3918 ct
2751 3863 2976 3917 ecclesia
3018 3861 3188 3914 sancti
3224 3859 3498 3922 Mercurii,
3536 3874 3658 3924 qum
3685 3872 3786 3924 po-

2194 3959 2295 4013 sita
2325 3968 2407 4011 est
2439 3958 2489 4010 in
2516 3956 2644 4025 jano
2679 3965 2891 4017 nostro;
2924 3963 2977 4007 et
3015 3952 3084 4005 de
3127 3952 3242 4018 ipso
3273 3950 3403 4017 jano
3437 3951 3580 4002 circa
3611 3947 3788 4014 ipsam

2195 4051 2479 4106 ecclesiam
2505 4049 2680 4118 largiti
2703 4063 2884 4100 sumus
2910 4055 3101 4100 terram
3130 4043 3428 4096 modiorum
3451 4041 3744 4108 quingenta
3769 4055 3788 4091 ι

2197 4144 2289 4198 sed
2322 4151 2376 4198 et
2413 4141 2693 4197 ecclesiam
2724 4150 2923 4193 sancte
2955 4137 3255 4204 Reparatie,
3286 4149 3408 4202 quas
3433 4133 3486 4186 in
3513 4133 3631 4200 ipso
3655 4130 3790 4200 jano

2199 4235 2366 4302 posita
2393 4240 2497 4296 est,
2531 4241 2841 4300 potestatem
2864 4227 3132 4283 concessit
3157 4226 3207 4278 in
3230 4223 3556 4278 monasterio
3585 4232 3790 4275 sancta

2200 4324 2410 4392 Sepliite
2439 4322 2702 4377 territoria
2746 4319 3044 4374 modiorum
3073 4326 3288 4372 centum
3322 4333 3336 4369 :
3371 4327 3580 4368 necnon
3607 4320 3668 4366 et
3693 4326 3792 4365 ec-

2200 4414 2415 4467 clesiam
2439 4414 2606 4466 sancti
2633 4412 2826 4480 Magni,
2850 4425 2969 4478 qum
2993 4408 3248 4463 :edilicata
3273 4417 3356 4462 est
3375 4406 3428 4459 in
3446 4405 3577 4473 jano
3598 4413 3798 4457 nostro.

2201 4506 2437 4572 Noccto,
2468 4515 2523 4560 et
2566 4505 2709 4559 circa
2761 4505 2929 4571 ipsam
2974 4502 3254 4558 ecclesiam
3304 4497 3475 4568 largiti
3512 4513 3708 4553 sumus
3735 4497 3790 4551 in

2199 4686 2412 4754 patrire,
2437 4684 2737 4738 oblationes
2760 4697 2974 4745 omnes,
3009 4693 3116 4737 tam
3161 4683 3402 4735 vivorum
3435 4694 3596 4749 quam
3619 4679 3786 4734 etiam

2199 4767 2551 4816 mortuorum,
2586 4772 2700 4823 qua:
2731 4758 2779 4807 itt
2814 4755 3000 4806 eodem
3034 4754 3382 4823 monasterio,
3409 4769 3436 4802 ει
3464 4766 3786 4819 quocnnque

2202 4827 2470 4879 hominum
2503 4822 2696 4893 genere
2723 4826 2856 4877 datm
2878 4865 2892 4887 ,
2919 4837 3008 4876 seti
3040 4823 3230 4876 obiatte
3264 4822 3497 4883 ftteit‘tnt,
3539 4836 3632 4893 seu
3666 4836 3784 4893 titu-

2201 4912 2294 4950 nes
2329 4891 2575 4950 homines
2613 4897 2769 4956 illos.
2813 4896 2902 4957 qui
2949 4905 3198 4962 tanquam
3249 4907 3333 4944 res
3385 4904 3510 4942 snas
3560 4891 3790 4941 lide'iter

2201 4967 2526 5021 tnuuastetio
2561 4967 2823 5025 «illc-runt,
2868 4968 2981 5018 haec
3019 4966 3198 5016 ottitiia
3229 4963 3555 5016 tttonasterio
3583 4972 3790 5012 sancte

2199 5033 2409 5103 Sophia:
2454 5039 2815 5090 Concessitnus
2865 5034 3203 5104 possidenda.
3251 5034 3412 5100 Quod
3456 5043 3783 5099 prmceptum

2199 5102 2481 5159 oblationis
2514 5123 2573 5158 cx
2615 5102 2881 5174 iussione,
2924 5113 2978 5158 et
3023 5105 3219 5155 dictatu
3269 5113 3463 5174 no~tr,e
3506 5102 3788 5174 poto-statis

2202 5177 2387 5243 θέω-ηικί
2419 5193 2520 5245 ego
2551 5170 2779 5229 Evaldus
2813 5181 3067 5226 nutat-ius.
3095 5201 3164 5213 -—
3195 5175 3381 5226 Actum
3419 5173 3707 5224 lletteventi
3736 5170 3798 5221 itt'

2203 5247 2510 5302 felicissimo
2555 5247 2749 5314 palatio
2795 5251 2843 5297 in
2890 5261 3031 5297 anno
3077 5246 3282 5296 decium
3324 5245 3551 5308 septimo
3601 5250 3790 5293 Iliense

2201 5317 2484 5372 Novembri
2520 5335 2611 5384 pro
2642 5319 2750 5371 ind.
2784 5333 2873 5369 xm
2905 5316 3141 5369 feliciter.
3171 5334 3187 5365 ι
3211 5342 3275 5351 --
3295 5314 3384 5384 Εγιι
3407 5316 3790 5366 documentum

2199 5403 2339 5441 anno
2361 5383 2548 5441 salutis
2575 5387 2696 5443 77$.
2727 5388 2931 5439 Arii-his
2959 5387 3280 5453 principatus
3310 5383 3397 5447 l7,
3420 5401 3538 5436 cum
3566 5397 3790 5450 regnare

2201 5460 2602 5523 cmpissctanno
2619 5459 2742 5521 759,
2769 5458 3060 5510 Februario
3083 5469 3285 5508 mense.
3309 5455 3358 5506 lu
3380 5456 3564 5507 eadem
3583 5456 3785 5506 Chron.

2204 5531 2380 5595 plures
2413 5531 2622 5582 Arichis
2654 5529 2972 5580 donationes
3013 5528 3184 5595 eidem
3227 5529 3551 5578 monasterio
3595 5526 3783 5580 lilii-ra-

2202 5593 2398 5652 lissitne
2435 5599 2584 5652 facta:
2639 5602 2884 5666 leguntur
2914 5615 2924 5648 :
2959 5593 3029 5649 (δι’
3061 5599 3123 5647 iis
3182 5612 3285 5661 pra:
3321 5598 3531 5648 c.i-ti-r‘s
3572 5596 3782 5663 amplis-

2202 5670 2394 5725 simam
2425 5672 2612 5725 codcm
2644 5685 2780 5723 anno
2810 5667 3083 5738 t-largitatn
3119 5667 3201 5719 hic
3235 5667 3569 5720 CVillbL‘lll'JS.
