4026 6352
216 300 389 364 ηυξ

1303 292 1703 354 ῡὶΡωΜᾹΊἉ
1743 288 2028 349 access.
2081 287 2421 353 SELECTA.

3373 275 3523 354 ηπ

214 417 771 481 monasteriosancta'a
785 414 1221 487 Supina-terram
1243 415 1540 471 modiorum
1567 422 1817 472 centum:
1851 412 1899 471 Α
1927 420 2087 465 tatem
2120 410 2549 469 Beneventanam
2595 406 2759 485 prope
2792 409 3034 470 sanetum
3054 413 3287 471 ‘Pattlnm
3307 453 3323 480 ,
3354 427 3513 487 quam

214 516 485 578 quantum
516 507 793 577 prrsbyeer
842 507 1009 576 ipsius
1063 505 1342 574 ecclesiae,
1392 507 1594 576 absque
1644 504 1820 572 palatii

217 600 583 657 concessione
611 599 848 654 tenebat.
883 599 989 654 Sed
1028 609 1082 653 et
1119 600 1408 654 ecclesiam
1452 598 1621 654 sancti
1664 598 1823 652 Joan-

220 694 349 760 nis,
374 706 495 760 quae
512 691 734 746 fundata
758 700 841 746 est
867 693 918 746 in
940 692 1050 761 jalo
1070 701 1256 747 nostro
1277 706 1399 747 casa
1425 690 1659 757 Polluci;
1685 690 1826 745 etab

221 784 336 851 ipsa
373 782 619 838 ecclesia
648 782 824 847 lat-citi
868 798 1055 837 sumus
1097 786 1151 837 in
1197 782 1583 837 monasterium
1621 789 1826 835 sancire

221 871 443 943 Sophia:
468 872 818 937 territorium,
854 873 956 927 hoc
983 883 1067 929 est
1089 876 1157 927 ab
1186 874 1297 943 ipsa
1326 875 1555 929 ecclesia
1572 874 1634 927 'in
1666 872 1829 927 lluvio

223 962 454 1019 Fet-tore
472 1003 489 1027 ,
526 962 616 1017 ubi
649 962 879 1017 Yaeeina
911 961 1112 1021 ﬂumen
1140 978 1201 1019 se
1225 964 1521 1033 coniungit,
1544 972 1600 1018 et
1626 964 1695 1017 de
1724 963 1828 1016 alio

225 1056 400 1111 latere
437 1064 700 1121 quantum
747 1055 991 1110 clausum
1022 1055 1230 1110 habere
1277 1056 1508 1119 videtur,
1547 1063 1603 1109 et
1645 1055 1829 1108 vineas

221 1161 347 1214 qua
377 1145 577 1201 ibidem
611 1146 801 1215 posita
826 1154 954 1200 sunt
987 1165 999 1199 :
1031 1159 1238 1202 necnon
1262 1156 1317 1200 et
1339 1147 1622 1201 ecclesiam
1654 1145 1825 1199 sancti

225 1234 418 1304 Angeli
438 1274 456 1299 ,
482 1249 644 1305 quam
675 1234 948 1291 mdillcare
973 1238 1332 1306 prmcepimus
1378 1238 1429 1291 in
1474 1238 1591 1291 loco
1626 1238 1715 1307 qui
1748 1237 1851 1290 dir

222 1327 369 1382 citur
394 1325 737 1394 Altissimus,
770 1334 827 1382 et
868 1342 936 1382 ex
976 1327 1092 1397 ipso
1120 1329 1241 1398 gain
1267 1329 1412 1383 circa
1454 1328 1623 1398 ipsam
1657 1330 1829 1384 eccleo

1925 502 2251 559 Trasoaldus
2295 503 2528 560 clericus
2575 504 2853 575 possidere
2897 504 3043 560 visus
3096 506 3233 575 fuit,
3279 515 3332 563 et
3378 505 3519 562 sicut

1925 607 2125 651 sortem
2164 612 2314 653 suam
2367 598 2481 667 ipse
2512 598 2851 653 ’l‘rasoaldus
2894 597 2945 652 in
2995 600 3249 668 praedicta
3291 599 3518 656 ecclesia

1927 689 2116 744 obtulit
2146 690 2331 756 nobis,
2361 700 2417 747 et
2455 690 2601 761 quod
2629 690 2697 746 ad
2730 699 2966 746 nostram
2995 692 3250 762 pertinuit
3281 698 3525 762 potesta-‘

1928 790 2034 835 tem
2054 822 2068 843 ,
2102 781 2270 849 ipsam
2300 782 2584 838 ecclesiam
2615 797 2736 839 cum
2766 782 3015 838 omnibus
3063 783 3162 839 sibi
3200 768 3519 853 pertinenti-

1929 871 2025 927 bus
2050 874 2377 928 monasterio
2398 882 2598 929 sancta:
2616 873 2829 945 Sophim
2854 875 3221 931 concessimus
3242 875 3524 946 perfruen-

1928 963 2069 1015 dam.
2115 962 2224 1018 Nec
2267 979 2372 1017 non
2419 973 2472 1018 et
2513 965 2797 1019 ecclesiam
2834 975 3037 1020 sancta:
3070 962 3320 1036 Sophim,
3362 982 3520 1037 quam

1930 1052 2165 1108 Garobiu
2197 1053 2361 1108 abbas
2390 1069 2418 1107 a
2450 1053 2811 1109 fundamentis
2843 1056 3160 1124 mdiﬂcavit,
3196 1057 3285 1112 ubi
3315 1067 3369 1112 et
3398 1074 3525 1113 om-

1932 1160 2027 1198 nes
2058 1144 2334 1199 facultates
2363 1161 2489 1200 suas
2520 1147 2742 1214 obtulit,
2775 1156 2829 1202 et
2858 1148 3012 1202 nobis
3040 1146 3340 1204 oll‘ertio'nis
3361 1148 3525 1204 char—

1934 1234 2097 1289 tulam
2130 1234 2377 1305 tradidit,
2405 1245 2465 1291 ut
2492 1237 2547 1291 in
2580 1247 2762 1293 nostro
2793 1246 2938 1294 esset
2967 1238 3193 1295 arbitrio
3216 1239 3530 1311 judicandi;

1935 1337 2114 1381 nostra
2141 1341 2268 1383 vero
2297 1336 2537 1395 potestas
2562 1330 2888 1385 monasterio
2923 1341 3124 1386 sancta:
3149 1331 3364 1403 Sophim
3389 1347 3525 1388 con-

224 1418 364 1475 siam
393 1417 572 1488 largiti
602 1432 790 1479 sumus
822 1418 873 1471 in
902 1419 1228 1473 monasterio
1250 1430 1449 1474 sancta:
1477 1419 1693 1487 Sophia:
1721 1426 1890 1473 ter-u
1936 1417 2167 1473 lirmavit
2206 1419 2584 1489 possidendam
2620 1437 2633 1475 :
2665 1436 2871 1477 necnon
2922 1432 2976 1478 et
3022 1423 3307 1480 ecclesiam
3357 1425 3531 1480 sancti

230 1510 485 1565 ritorium
516 1508 853 1579 longitudine
884 1510 1130 1565 milliaria
1153 1513 1261 1566 duo
1280 1551 1295 1576 ,
1330 1511 1611 1565 latitudine
1650 1519 1828 1569 autem

230 1616 428 1665 unum,
450 1610 507 1656 et
527 1601 893 1656 concessimus
916 1602 969 1655 in
992 1602 1265 1657 nominato
1288 1604 1614 1659 monasterio
1631 1611 1833 1658 sancttn

229 1691 452 1761 Sophia
480 1692 775 1747 condomas
803 1692 838 1745 4
868 1708 933 1748 ex
975 1694 1093 1763 ipso
1128 1694 1379 1750 Gataldo.
1408 1696 1626 1752 Necnon
1656 1697 1832 1752 eccle-

1935 1510 2200 1582 Grcgorii,
2226 1527 2385 1582 quam
2420 1512 2673 1569 Felicitas
2701 1515 2891 1569 ancilla
2919 1514 3127 1571 Domini
3155 1532 3182 1570 a
3215 1516 3535 1573 fundantem

1937 1602 2007 1657 tis
2033 1603 2350 1669 aediﬁcavit,
2382 1613 2437 1661 et
2464 1619 2562 1676 per
2588 1619 2738 1660 suam
2770 1605 3069 1662 chartulam
3098 1622 3285 1663 omnes
3312 1608 3539 1663 facultas

1940 1703 2021 1748 tes
2047 1707 2176 1748 suas
2204 1694 2382 1749 eidem
2411 1695 2654 1751 ecclesiae
2682 1696 2893 1762 obtulit,
2922 1706 3062 1753 eteo
3084 1697 3223 1767 quod
3252 1697 3316 1753 ad
3343 1702 3543 1752 manus

235 1786 378 1842 siam
433 1787 605 1841 sancti
644 1787 855 1842 Martini
880 1827 898 1854 ,
942 1803 1061 1858 quae
1099 1790 1265 1859 posita
1307 1796 1391 1847 est
1437 1791 1488 1847 in
1531 1792 1746 1858 Motolo,
1779 1794 1827 1847 itt
1866 1764 1911 1824 Β
1942 1794 2141 1840 nostra;
2163 1784 2445 1854 potestatis
2469 1786 2743 1856 pertinuit,
2760 1788 3001 1843 eamdem
3021 1764 3302 1845 ecclesiam
3328 1801 3529 1844 sanctae

237 1888 437 1934 nostro
462 1878 767 1943 territorio,
799 1879 889 1934 ubi
913 1880 1123 1935 Maurus
1154 1882 1431 1955 presbyter
1459 1884 1647 1941 sedere
1670 1887 1832 1941 vide-

238 1982 351 2037 tur,
378 1985 503 2027 cum
532 1972 783 2029 clunibus
808 1974 907 2029 sibi
936 1977 1360 2044 pertinentibus,
1388 1978 1525 2034 sicut
1570 1980 1683 2049 ipse
1715 1994 1833 2052 pre-

233 2062 423 2136 sbyter
452 2078 547 2133 per
577 2078 727 2119 suam
752 2066 992 2122 chartam
1035 2084 1247 2124 omnem
1280 2081 1633 2142 conquestum
1676 2089 1831 2131 suum

232 2164 438 2209 sanctas
467 2154 687 2223 Sophia:
710 2159 1039 2212 monasterio
1074 2159 1291 2215 tradidit
1317 2178 1328 2214 :
1354 2161 1600 2218 similiter
1624 2172 1679 2219 et
1705 2165 1831 2219 sub-

237 2244 515 2299 stantiam
549 2259 652 2314 que
694 2247 797 2302 sub
846 2260 1031 2303 nostro
1080 2251 1278 2319 palatio
1324 2253 1611 2322 supradicti
1663 2256 1834 2311 sancti

242 2336 459 2391 Martini
494 2337 739 2392 ecclesia:
763 2340 1013 2394 tradidit.
1056 2342 1305 2398 Nostram
1347 2359 1474 2399 vero
1514 2357 1836 2416 potestatem

247 2423 579 2477 omiao'hic
604 2425 658 2477 in
683 2435 885 2480 sancta:
912 2426 1126 2498 Sophia:
1156 2433 1481 2489 monasterio
1507 2436 1836 2492 lirmabimus

248 2515 659 2583 tmsidendam,
701 2529 755 2573 et
794 2522 1159 2576 concessimus
1200 2526 1474 2580 nominato
1504 2540 1702 2583 sancta:
1738 2529 1839 2583 So-

247 2608 397 2676 phia
441 2612 772 2665 monasterio
812 2628 881 2667 ex
935 2614 1053 2682 ipso
1096 2615 1218 2686 galo
1264 2616 1459 2672 Motula
1510 2620 1834 2674 territorium

880 2704 1095 2761 Necnon
1136 2717 1190 2762 et
1219 2710 1502 2765 ecclesiam
1536 2714 1706 2766 sancti
1743 2716 1839 2768 Ar-

240 2793 531 2864 chngcli,
558 2810 681 2866 qua:
700 2797 809 2851 sita
837 2808 918 2853 est
949 2800 1000 2852 in
1025 2802 1146 2870 gan
1175 2804 1343 2858 nostri
1376 2804 1588 2873 palatii,
1619 2816 1673 2860 et
1703 2822 1838 2862 con-

244 2885 521 2941 stituimus
538 2926 552 2950 ,
586 2897 746 2956 atque
772 2893 1141 2947 concessimus
1167 2902 1370 2949 sancite
1395 2896 1612 2965 Sophia:
1639 2897 1691 2952 in
1724 2899 1840 2965 ipso

246 2979 367 3034 loco
394 2980 622 3046 Cat-tes,
650 2990 707 3037 et
746 2984 1037 3038 condemns
1085 2999 1177 3041 se:
1216 3001 1339 3042 cum
1381 3001 1577 3055 uxore,
1625 2999 1679 3044 et
1721 2990 1842 3044 filiis

247 3071 385 3128 suis.
416 3072 668 3140 Necnon,
706 3085 762 3131 et
802 3091 865 3131 ex
900 3078 1016 3147 ipso
1057 3079 1184 3149 galo
1212 3081 1556 3136 territorium
1592 3082 1838 3138 milliaria

247 3184 464 3226 novem.
498 3171 602 3227 Sed
634 3178 688 3225 et
707 3172 993 3227 ecclesiam
1035 3174 1203 3227 sancti
1246 3174 1505 3243 Stephani
1538 3187 1841 3247 protomar-

248 3263 385 3330 tyris
407 3276 527 3332 quin
556 3259 727 3333 posita
770 3272 853 3317 est
891 3263 942 3316 in
974 3264 1184 3329 strada,
1218 3280 1375 3331 quam
1407 3266 1590 3319 [limus
1619 3266 1782 3321 abbas
1813 3281 1842 3321 a

250 3353 619 3411 {inminentis
642 3354 951 3418 editicavit,
975 3367 1025 3410 et
1050 3372 1145 3426 per
1165 3370 1314 3410 suam
1343 3357 1638 3411 chartulam
1673 3359 1840 3425 ipsam

245 3446 534 3503 ecclesiam
560 3464 687 3503 euvn
720 3449 969 3503 omnibus
999 3450 1099 3504 sibi
1134 3449 1546 3519 pertinentibus,
1577 3463 1846 3506 monasm-

250 3546 336 3601 rio
384 3557 586 3603 sancta:
628 3549 848 3617 Sophia:
897 3548 1144 3614 tradidit,
1192 3556 1375 3604 nostra
1429 3564 1558 3605 vero
1613 3559 1847 3619 potestas

251 3638 434 3692 omnia
465 3638 519 3693 ln
540 3641 869 3696 monasterio
890 3651 1088 3697 sancta:
1109 3642 1326 3712 Sophia:
1352 3642 1616 3705 firmavit;
1644 3649 1695 3697 et
1721 3658 1846 3697 con-

252 3728 759 3800 cessit‘sttpradicto
790 3744 987 3788 sancta:
1015 3732 1233 3803 Sophize
1273 3732 1597 3788 monasterio
1636 3731 1701 3788 dc
1728 3734 1848 3804 galo

256 3830 445 3878 nostro
483 3824 815 3880 territorium
836 3865 853 3891 ,
901 3826 1107 3882 scilicet
1135 3826 1278 3896 quod
1310 3837 1390 3883 est
1417 3842 1574 3894 supra
1605 3837 1845 3881 sanctum

253 3913 824 3989 Stephanum,usque
862 3919 915 3974 in
955 3920 1113 3973 aliam
1146 3920 1282 3974 viam
1324 3920 1588 3990 Pnldicam
1614 3962 1628 3986 ,
1676 3929 1729 3975 et
1758 3937 1851 3989 per

260 4007 474 4079 longam
501 4024 669 4081 usque
690 4011 741 4067 in
763 4011 942 4067 strada
966 4014 1261 4078 malorena,
1279 4012 1369 4082 qui
1401 4014 1541 4067 vadit
1567 4014 1617 4067 in
1644 4022 1851 4067 torren-

257 4111 396 4157 tum.
433 4101 502 4157 Et
541 4106 910 4169 concessimus
954 4108 1004 4161 in
1049 4108 1375 4162 monasterio
1408 4108 1681 4161 nominato
1718 4122 1848 4161 con-

253 4191 473 4248 dorham
498 4205 736 4250 nostram
769 4198 820 4251 in
853 4195 1044 4265 Cauni,
1076 4198 1127 4252 id
1149 4208 1231 4253 est
1262 4213 1383 4253 cum
1418 4212 1617 4261 uxore,
1650 4206 1702 4251 et
1731 4213 1848 4250 om—

257 4283 420 4340 nibus
448 4285 550 4340 sibi
583 4286 977 4356 pertinentibus
1005 4306 1016 4342 :
1049 4303 1255 4344 necnon
1284 4298 1336 4344 et
1365 4288 1647 4344 ecclesiam
1682 4288 1851 4342 samti

255 4376 472 4446 Angeli,
494 4386 550 4432 et
576 4376 755 4433 Mat-im
776 4420 789 4443 ,
822 4395 941 4450 quae
973 4381 1144 4449 posita
1187 4390 1269 4434 est
1313 4380 1364 4433 in
1391 4379 1512 4449 gttlo
1537 4387 1719 4436 nostro
1746 4378 1854 4433 Ma-

258 4479 430 4534 nere,
461 4465 635 4539 largiti
674 4486 861 4525 sumus
889 4480 944 4526 et
975 4471 1024 4524 in
1058 4471 1383 4525 monasterio
1408 4481 1608 4525 sancta:
1638 4469 1851 4539 Sophim
1880 4481 1933 4542 ι)

258 4558 478 4625 vineas.
506 4568 560 4613 et
591 4561 889 4629 territoria,
930 4576 1047 4630 quae
1091 4561 1369 4632 presbyter
1414 4562 1576 4630 ipsius
1614 4560 1853 4615 ecclesia:

257 4650 383 4705 sine
410 4649 590 4719 palatii
622 4653 915 4707 donatione
946 4654 1181 4707 tenebat.
1223 4653 1285 4706 Et
1331 4653 1547 4721 insuper
1588 4652 1855 4706 concessi—

258 4754 383 4794 mus
411 4740 464 4795 in
491 4738 682 4797 eodem
716 4744 835 4815 galo
878 4759 1127 4814 pascuam
1166 4742 1229 4796 ad
1262 4744 1501 4812 peettalia
1545 4743 1852 4798 monasterii

260 4841 464 4887 sancta:
491 4831 729 4909 SOphise,
762 4835 855 4890 sed
884 4844 939 4891 et
966 4836 1247 4891 ecclesiam
1275 4844 1475 4889 sanctae
1508 4835 1709 4903 Mariae,
1738 4851 1857 4905 qua:

259 4924 363 4979 sita
396 4925 565 4980 estin
590 4926 747 4990 Alil‘a,
780 4928 897 4982 loco
922 4928 1008 4998 qui
1037 4928 1231 4982 dicitur
1257 4926 1497 4982 Messena
1523 4942 1643 4981 cum
1674 4928 1856 4983 omni-

266 5013 367 5069 bus
413 5012 517 5069 sibi
563 5007 988 5082 pertinentibus,
1032 5026 1230 5071 sanctus
1277 5016 1492 5085 Sophia:
1535 5018 1857 5073 monasterio

265 5108 633 5163 concessimus
665 5109 1065 5180 possidendam.
1113 5110 1216 5165 Sed
1249 5121 1299 5163 et
1330 5110 1616 5165 ecclesiam
1656 5121 1856 5165 sancite

268 5195 552 5259 Modestus,
586 5214 743 5267 quam
789 5198 1113 5255 Leomianus
1158 5199 1468 5266 :edilicavit,
1517 5209 1573 5255 et
1617 5216 1709 5270 per
1747 5216 1857 5257 suae

265 5287 566 5344 oll‘ertionis
604 5290 905 5347 chartulam
950 5306 1138 5347 omnes
1179 5300 1468 5361 potestates
1515 5306 1639 5347 suas
1681 5293 1855 5349 eidem

265 5380 519 5435 ecclesia:
546 5383 760 5449 obtulit,
786 5394 839 5439 et
869 5394 1067 5439 nostra:
1100 5383 1344 5452 potestati
1375 5384 1678 5452 praedictam
1702 5385 1857 5440 char-

272 5468 435 5523 tulam
469 5472 722 5537 tradidit,
756 5483 813 5528 ttt
851 5473 902 5527 in
938 5484 1119 5529 nostro
1159 5488 1371 5542 semper
1406 5481 1552 5529 esset
1585 5474 1857 5542 judicandi

268 5564 515 5641 arbitrio.
549 5566 718 5633 Quam
748 5576 800 5621 et
844 5566 1345 5621 ccclesiamnostra
1386 5574 1620 5633 potcStas
1660 5577 1857 5621 sancta:

269 5652 485 5720 Sophia!
518 5642 857 5711 monasterio
908 5657 1137 5712 firmavit
1190 5657 1586 5725 possidendam.
1637 5659 1744 5713 Sed
1799 5668 1852 5713 et

270 5740 553 5803 ecclesiam
584 5748 754 5805 sancti
796 5745 1088 5817 Stephani,
1124 5747 1402 5807 ‘nuze'sita
1434 5756 1527 5804 est
1569 5752 1689 5805 ante
1718 5748 1851 5805 civi-

1935 1873 2150 1945 Sophire
2177 1887 2297 1931 cum
2339 1877 2589 1931 omnibus
2630 1877 2732 1932 sibi
2775 1879 3162 1947 pertinentibus
3193 1878 3529 1935 conﬁrmavit

1940 1966 2335 2036 possidendam.
2377 1967 2758 2023 Concessimus
2787 1969 2944 2024 etiam
2976 1973 3300 2026 monasterio
3328 1982 3528 2026 sancta:

1939 2057 2154 2128 Sophia:
2175 2058 2548 2129 substantiam,
2566 2074 2681 2129 qua:
2704 2058 2797 2114 fuit
2816 2059 3053 2116 Craderii
3076 2060 3189 2129 lilii,
3204 2076 3362 2132 quam
3388 2062 3489 2132 legi
3505 2091 3524 2101 ο
3544 2066 3547 2067 ⁷

1938 2150 2037 2207 bus
2064 2166 2159 2221 per
2179 2151 2388 2220 culpam
2414 2166 2566 2206 suam
2595 2150 2842 2222 perdidit,
2871 2167 2934 2207 eo
2957 2154 3094 2224 quod
3119 2163 3301 2208 contra
3324 2162 3525 2209 statum

1940 2244 2175 2298 animum
2204 2241 2357 2315 [forte
2405 2241 2667 2316 nostrum]
2713 2245 3025 2300 consiliatus
3072 2254 3176 2313 est,
3232 2255 3283 2301 et
3314 2244 3522 2300 furatus

1943 2341 2027 2387 est.
2058 2334 2212 2389 nobis
2246 2333 2439 2389 decem
2489 2334 2657 2389 millia
2686 2336 2887 2390 solidos
2927 2335 2994 2391 de
3025 2336 3215 2404 quibus
3246 2350 3382 2390 unus
3432 2351 3530 2390 nec

1943 2427 2244 2494 comparuit
2278 2442 2293 2481 :
2318 2436 2370 2480 et
2403 2441 2499 2495 pro
2529 2426 2612 2480 his
2633 2424 2839 2481 duabus
2864 2427 3079 2495 perﬁdis
3106 2426 3354 2493 offensis,
3381 2427 3542 2495 equi-

1944 2518 2063 2573 dem
2095 2514 2397 2575 substatitia
2435 2519 2501 2573 ad
2546 2531 2741 2574 nostra:
2783 2518 3059 2588 potcsmtis
3100 2535 3315 2574 manum
3352 2534 3537 2588 perve-

1946 2610 2042 2664 nit.
2093 2611 2277 2681 Itaque
2314 2611 2439 2664 dum
2489 2612 2694 2681 legibus
2737 2611 2804 2665 ad
2846 2627 2945 2666 nos
2979 2612 3251 2681 pervenit,
3284 2610 3539 2679 praedicto

1946 2704 2274 2759 monasterio
2301 2714 2503 2758 sancta:
2532 2704 2747 2774 Sophia:
2775 2694 3037 2775 integrum
3069 2705 3332 2760 concessit
3363 2704 3538 2773 possi-

1945 2797 2202 2862 dendum,
2235 2812 2443 2864 servos,
2475 2807 2527 2851 et
2559 2794 2797 2864 ancillas,
2824 2797 3102 2853 universas
3132 2808 3329 2863 cortes,
3360 2811 3537 2861 casas,

1947 2905 2198 2960 campos,
2233 2899 2414 2959 prata,
2447 2886 2743 2954 territorii,
2776 2886 2966 2954 silvas,
3000 2882 3184 2958 agros,
3216 2887 3454 2953 mobilia,
3484 2898 3541 2941 et

1947 2981 2285 3047 immobilia,
2339 2995 2567 3052 quaeque
2621 2980 2842 3036 haberet
2894 2982 3198 3037 nominatus
3247 2978 3538 3035 Graderius

1950 3073 2235 3145 praedictus
2271 3091 2287 3128 :
2334 3072 2428 3129 sed
2466 3084 2520 3129 et
2563 3074 2915 3128 substantiam
2958 3074 3195 3144 germani
3244 3072 3532 3144 equidem,

1949 3171 2036 3240 qui
2066 3184 2190 3226 cum
2235 3170 2353 3243 ipso
2398 3168 2785 3225 fantiliatitates
2815 3181 2999 3225 eontra
3028 3176 3270 3224 nostram
3300 3168 3538 3223 animum

1947 3271 2032 3319 est
2054 3264 2397 3328 consiliatus;
2421 3273 2474 3318 et
2499 3280 2592 3334 pro
2619 3262 2721 3317 alia
2747 3265 2921 3331 culpa,
2948 3264 3086 3331 quod
3115 3277 3335 3317 uxorem
3358 3275 3535 3326 suam,

1948 3358 2166 3411 nomine
2210 3356 2542 3426 Simpliciam
2568 3397 2583 3422 ,
2615 3372 2773 3427 quam
2824 3356 2874 3409 in
2916 3355 3090 3409 medio
3132 3353 3300 3408 nostri
3332 3352 3536 3424 palatii,

1949 3448 2067 3503 sine
2095 3446 2250 3517 culpa
2294 3447 2559 3502 occidisse
2587 3448 2732 3500 visus
2778 3455 2889 3510 CSl;
2930 3446 3069 3501 unde
3112 3462 3205 3514 pro
3243 3444 3353 3513 ipsa
3380 3442 3537 3511 culpa

1951 3539 2137 3594 debuit
2164 3554 2492 3609 componere
2518 3539 2808 3593 secundum
2842 3538 3013 3609 legem
3038 3537 3238 3592 solidos
3261 3535 3409 3590 mille
3438 3534 3541 3589 du—

1949 3640 2166 3696 centos,
2209 3641 2262 3686 et
2303 3638 2525 3700 propter
2567 3638 2675 3683 tam
2718 3629 2953 3697 iniquum
3001 3617 3319 3690 consilium,
3361 3624 3537 3681 omnis

1951 3724 2247 3778 substantia
2297 3722 2501 3793 legibus
2541 3724 2607 3777 ad
2659 3733 2892 3777 nostram
2938 3722 3153 3780 devenit
3184 3729 3533 3792 potestatem;
3570 3710 3573 3719 ’

1954 3825 2134 3871 nostra
2168 3831 2299 3871 vero
2330 3826 2565 3886 potestas
2603 3817 2822 3870 omnino
2866 3814 3066 3885 integra
3087 3855 3102 3878 ,
3131 3827 3249 3870 eam
3289 3813 3539 3868 substan-

1953 3910 2079 3962 tiam
2099 3950 2115 3973 ,
2146 3917 2399 3977 quantum
2436 3908 2548 3975 ipse
2582 3907 2853 3976 possidere
2876 3906 3018 3960 visus
3048 3905 3160 3970 fuit,
3186 3905 3241 3959 in
3269 3910 3540 3959 monaste-

1958 4002 2038 4055 rio
2076 4009 2275 4054 saneta:
2312 3998 2531 4067 Sophia:
2576 3996 2938 4052 concessimus
2981 3994 3353 4065 perfruendam
3388 4010 3401 4048 :
3443 3993 3538 4048 sed

1955 4104 2007 4147 et
2034 4091 2384 4147 substantiam
2415 4089 2643 4160 aliquam
2677 4088 2883 4143 Domini
2915 4088 3146 4155 ancdlaa,
3178 4102 3318 4158 qum,
3342 4085 3541 4141 dereli-

1957 4193 2042 4238 cto
2071 4183 2343 4254 religionis
2375 4181 2589 4246 habitu,
2619 4181 2796 4235 Tauro
2826 4179 2938 4234 lilio
2968 4179 3246 4248 lianil'uni,
3279 4178 3458 4233 illicito
3485 4192 3544 4232 se

1958 4273 2173 4329 tradidit
2198 4273 2574 4339 matrimonio;
2600 4272 2740 4326 unde
2762 4269 3047 4325 secundum
3072 4270 3327 4333 edictum,
3354 4278 3405 4323 ct
3425 4267 3542 4336 ejus

1959 4376 2226 4431 tenorem,
2253 4364 2428 4420 omnis
2456 4362 2746 4418 substantia
2783 4363 2846 4416 ad
2893 4369 3128 4415 nostram
3168 4360 3344 4415 denuo
3376 4359 3535 4413 deve-
3572 4362 3573 4365 ‘

1958 4458 2037 4512 ttit
2067 4463 2418 4527 potestatem;
2468 4464 2646 4509 nOstra
2692 4469 2817 4509 vero
2860 4462 3094 4523 potestas
3131 4468 3343 4507 omnem
3387 4451 3576 4519 hujus

1958 4550 2222 4619 Alipergae
2251 4546 2603 4602 substantiam
2635 4547 2928 4615 integram,
2966 4559 3068 4599 una
3112 4560 3231 4599 cum
3274 4545 3385 4611 ipsa
3430 4543 3545 4597 Ali.

1961 4656 2118 4711 perga
2150 4639 2473 4695 mtmasterio
2507 4646 2707 4693 sancta:
2746 4637 2960 4708 Sophia:
3001 4638 3216 4692 tradidit
3260 4636 3539 4706 possiden-

1959 4733 2080 4786 dam
2133 4748 2147 4784 :
2198 4731 2293 4785 sed
2345 4740 2398 4784 ct
2443 4730 2732 4783 Condomre
2783 4728 3141 4798 lmpronellzc,
3188 4728 3239 4783 hi
3281 4738 3404 4784 sunt
3449 4720 3574 4783 lilii‘i

1959 4823 2177 4879 Aroaldi
2224 4827 2364 4878 servi
2410 4821 2579 4878 nostri
2608 4862 2623 4887 ,
2668 4837 2805 4893 quos
2852 4822 3154 4892 Stephanus
3199 4832 3395 4878 stratos
3448 4832 3545 4893 per

1961 4930 2284 4989 praeceptum
2328 4917 2515 4971 falsum
2564 4917 2836 4981 liberat-it,
2867 4929 2921 4972 et
2960 4931 3046 4974 res
3071 4932 3255 4973 eorum
3289 4916 3532 4979 abstulit;

1960 5012 2052 5066 sed
2083 5012 2286 5081 legibus
2325 5012 2498 5076 servi,
2531 5021 2586 5065 et
2616 5026 2701 5065 res
2728 5026 2909 5066 earum
2941 5012 3004 5065 ad
3036 5024 3269 5067 nostram
3304 5018 3541 5081 potesta-

1962 5115 2065 5160 tem
2096 5104 2445 5161 devenerunt.
2488 5105 2747 5161 Similiter
2781 5115 2833 5161 et
2877 5108 2928 5161 in
2973 5107 3247 5161 Robhiano
3277 5104 3539 5159 conduma

1962 5211 2062 5249 una
2111 5198 2323 5251 nomine
2368 5195 2514 5263 Ursi,
2556 5210 2677 5251 cum
2723 5212 2916 5260 uxore,
2966 5207 3018 5251 et
3059 5197 3180 5249 liliis
3218 5196 3355 5259 suis,
3386 5210 3541 5265 quam

1965 5291 2266 5344 nominatus
2298 5290 2600 5358 Stephanus
2631 5290 2763 5346 falso
2793 5291 3033 5355 tenebat,
3071 5294 3134 5343 ad
3178 5304 3411 5343 nostram
3446 5304 3542 5358 po-
3574 5288 3581 5295 ’

1963 5390 2209 5436 testatem
2241 5381 2477 5450 pervenit
2508 5395 2520 5435 :
2554 5390 2733 5437 nostra
2775 5397 2898 5436 vero
2938 5390 3169 5448 potestas
3210 5380 3302 5433 bas
3327 5380 3530 5434 condo-
3622 5443 3635 5454 ⁴

1964 5486 2077 5525 mas
2104 5487 2223 5526 cum
2251 5473 2498 5529 omnibus
2525 5474 2625 5529 sibi
2657 5472 3044 5544 pertinentibus
3066 5473 3385 5527 monasterio
3413 5486 3536 5526 san-

1963 5575 2060 5620 etae
2093 5565 2305 5636 Sophim
2337 5567 2549 5621 denavit
2583 5567 2946 5636 possidendas.
2977 5566 3080 5623 Sed
3110 5577 3160 5623 et
3185 5566 3531 5621 substantiam

1965 5655 2307 5726 liupliemize,
2360 5659 2476 5713 lilia?
2512 5659 2752 5724 Aricltis,
2798 5672 2914 5727 qua)
2953 5673 3010 5712 se
3053 5659 3320 5729 religionis
3353 5656 3535 5711 habitu
3578 5640 3585 5653 ’

1963 5750 2014 5806 in
2049 5757 2370 5810 monasterio
2398 5762 2590 5810 sancte
2619 5752 2830 5823 Sophia:
2862 5752 3107 5818 tradidit,
3138 5767 3258 5808 cum
3286 5750 3533 5807 omnibus
3572 5736 3579 5745 ’
