4026 6352
498 263 638 318 μα

1672 268 2290 331 LANGOBARBOIIUM
2330 271 2570 330 REGUM

3631 285 3766 352 “2.5

495 379 602 430 suis
642 376 979 433 facultatibus
1001 421 1016 446 ,
1067 388 1176 434 tam
1223 389 1553 448 maternam,
1597 397 1752 450 quam
1803 392 2074 452 paternam
2106 386 2155 446 Α
2184 382 2409 449 obtulit;
2442 394 2622 441 nostra
2647 400 2772 442 vero
2797 394 3060 455 potestate
3086 389 3376 448 secundum
3405 393 3770 455 testimonium

493 481 706 520 omnem
750 482 899 520 suam
947 471 1259 538 pecuniam,
1301 487 1417 540 qua:
1463 481 1566 524 tam
1601 472 1673 525 illi
1704 489 1768 527 ex
1802 482 1950 542 parte
1976 489 2072 528 sua

493 571 650 624 quam
694 557 969 612 sororlbus
1014 560 1267 630 contigit,
1305 577 1516 614 omnem
1555 577 1705 615 suam
1756 562 2072 630 portionem,

492 647 743 714 mobilia,
787 657 840 702 et
887 649 1176 704 immobilia
1215 653 1425 717 omnia,
1466 662 1518 707 et
1554 654 1608 706 .in
1653 655 1902 708 omnibus
1939 655 2076 709 inte-

491 751 639 805 gram
665 776 679 800 ,
712 739 962 806 pracdicto
993 749 1190 795 sancta:
1220 741 1432 809 Sophia:
1463 746 1786 798 monasterio
1827 745 2072 810 tradidit;

493 827 631 881 unde
654 838 708 881 ct
739 845 831 896 [er
862 830 961 884 hoc
985 834 1343 887 concessimus
1376 845 1697 905 praeceptum
1719 879 1732 900 ,
1763 853 1827 892 ex
1859 837 2072 891 univer-

492 917 567 969 sis
599 920 862 986 praedicta:
894 922 1201 990 Euphcmiie
1233 927 1470 991 pecuniis
1499 935 1700 981 sancta:
1725 927 1937 993 Sophia:
1960 943 2074 982 mo-

491 1012 727 1066 nasterio
751 1013 1010 1082 integrum
1040 1017 1413 1071 constituimus
1433 1057 1448 1083 ,
1480 1029 1531 1071 et
1558 1018 1880 1073 ﬁrmavimus
1907 1037 1920 1072 :
1947 1036 2074 1074 nec-

491 1116 596 1156 non
645 1113 700 1158 et
749 1115 941 1159 terram
991 1107 1042 1160 in
1089 1109 1280 1176 Apulia
1329 1109 1396 1163 ad
1447 1121 1686 1165 sanctum
1735 1111 1964 1166 Felicem
2003 1114 2068 1166 ad

485 1193 810 1248 Sruxianum
843 1213 1004 1266 super
1032 1201 1171 1254 viam
1190 1241 1205 1267 ,
1237 1217 1396 1270 quam
1424 1202 1589 1258 abbas
1618 1206 1920 1258 monasterii
1946 1221 2072 1260 san-

480 1283 555 1336 cti
587 1283 805 1340 Joannis
835 1288 901 1340 de
929 1299 1078 1357 porta
1111 1305 1273 1346 aurea
1306 1294 1544 1361 tenebat,
1572 1305 1754 1349 contra
1782 1296 2068 1365 rationem,

486 1376 608 1443 quia
638 1377 701 1430 ad
731 1394 914 1433 servos
947 1392 1157 1437 nostros
1188 1385 1476 1453 pertinuit,
1505 1395 1556 1440 et
1590 1387 1714 1442 dum
1747 1389 2070 1457 comproba-

491 1476 598 1517 tum
632 1469 846 1535 luisset,
879 1471 1044 1539 ipsam
1071 1489 1218 1526 aram
1239 1474 1495 1545 integram
1521 1479 2066 1549 reciperejussimus;

485 1565 537 1608 et
567 1557 691 1622 quia
736 1559 800 1612 ad
841 1572 1076 1616 nostram
1129 1567 1378 1631 pertinuit
1424 1579 1774 1636 potestatem,
1816 1573 2070 1641 priedicto

483 1659 683 1702 sancta:
712 1650 925 1718 SOphia:
957 1659 1279 1710 monasterio
1309 1657 1563 1727 integram
1588 1663 1947 1716 concessimus
1975 1679 2069 1732 po-

2180 473 2474 530 oﬁertionis
2511 485 2711 532 sancta:
2753 479 2967 548 Sophia
3010 495 3223 550 semper
3274 483 3608 541 ﬁrmavimus
3652 506 3769 556 pcr-

2180 564 2454 620 l'ruendam
2501 583 2516 621 :
2566 584 2773 622 necnon
2839 579 2896 625 et
2962 573 3312 628 substantiam
3364 577 3766 655 Cruarnlperti,

2178 670 2334 721 quam
2358 666 2412 710 et
2441 658 2538 726 ipsi
2567 669 2764 713 sancta:
2787 660 3001 726 Sophia:
3036 665 3364 720 monasterio
3390 667 3649 739 integram
3678 687 3771 740 per

2179 746 2354 798 omnia
2383 747 2606 811 obtulit;
2637 749 2863 819 ideoque
2896 763 3075 806 nostra
3114 756 3335 810 facultas
3373 773 3588 818 omnem
3637 763 3770 816 sub-

2177 838 2424 890 stantiam
2441 841 2731 894 secundum
2756 850 2960 897 textum
2980 845 3278 904 oll‘ertionis
3293 854 3621 907 monasterio
3645 869 3770 910 san-

2177 934 2276 980 cta:
2317 928 2530 994 Sepbia:
2569 931 2907 988 conﬁrmavit
2943 938 3320 1004 possidendam
3360 957 3376 997 :
3408 945 3501 998 sed
3543 956 3597 999 et
3643 949 3772 1004 sub.

2176 1018 2425 1072 stantiam
2455 1020 2674 1089 majoris
2704 1023 2794 1077 lilii
2837 1023 3123 1092 Drabunii,
3163 1031 3250 1099 qui
3291 1041 3345 1086 et
3373 1032 3490 1101 ipse
3518 1035 3770 1091 similiter

2176 1119 2374 1164 sancta:
2401 1111 2618 1180 Sepbia:
2648 1117 2979 1171 monasterio
3001 1134 3190 1176 omnes
3232 1138 3317 1178 res
3361 1139 3484 1179 suas
3527 1127 3766 1181 obtulit:

2176 1209 2356 1253 nostra
2405 1216 2530 1257 vero
2569 1213 2806 1271 potestas
2844 1209 3161 1278 sublimata,
3193 1213 3544 1270 substantiam
3571 1232 3771 1271 secun-

2174 1290 2298 1344 dum
2327 1301 2527 1348 textum
2557 1294 2854 1352 olfertionis
2881 1299 2932 1352 in
2956 1303 3148 1356 eodem
3181 1306 3504 1360 monasterio
3533 1307 3770 1381 ﬁrmavit

2176 1383 2492 1450 possidenda
2519 1403 2533 1438 :
2558 1386 2652 1441 sed
2673 1399 2727 1442 et
2752 1389 3102 1444 substantiam
3129 1392 3426 1463 Peregrina:
3446 1397 3567 1451 ﬁliae
3589 1397 3771 1452 Theu-

2173 1474 2371 1542 sperti,
2416 1490 2572 1544 quam
2621 1493 2803 1532 secum
2842 1495 2962 1534 cum
2991 1483 3243 1536 omnibus
3275 1485 3433 1541 rebus
3461 1488 3564 1542 sibi
3607 1494 3770 1559 perti-

2176 1565 2455 1633 nentibus,
2483 1567 2769 1624 mobilibus
2795 1579 2849 1625 et
2885 1571 3276 1640 immobilibus,
3312 1588 3510 1634 Sancta:
3553 1581 3770 1650 Sophim

2180 1655 2506 1710 monasterio
2553 1659 2733 1712 divina
2778 1663 3127 1730 contemplata
3175 1679 3334 1722 manu
3373 1667 3564 1721 obtulit
3599 1670 3768 1724 ﬁdeli-

486 1747 737 1793 testatcm
770 1743 1166 1809 possidendam.
1207 1747 1310 1802 Sed
1342 1761 1395 1802 et
1431 1750 1792 1818 ollcrtionem,
1822 1730 1988 1820 quam
2014 1755 2064 1808 in
2103 1730 2143 1788 Β
2176 1754 2285 1809 let“;
2323 1755 2502 1800 "03m
2533 1763 2663 1801 νεΓο
2696 1759 2930 1818 Ροιθειεε
2962 1755 3140 1806 ("Nlla
3165 1771 3283 1823 0033
3309 1757 3375 1810 ad
3399 1760 3628 1813 eandem
3661 1758 3760 1816 Pe’

487 1833 808 1898 supradicta:
839 1844 1038 1888 sancta:
1070 1836 1282 1907 Sophia:
1310 1843 1635 1896 niniiasterio
1665 1844 1971 1900 Roderisius
2007 1848 2067 1901 ﬁ-

479 1920 583 1975 litts
615 1921 867 1978 Rodichis
891 1925 1204 1983 habitatoris
1228 1931 1453 1986 civitatis
1478 1945 1673 1988 nostra:
1695 1939 2068 1993 consentiente

476 2026 661 2067 nosua
695 2025 955 2082 potestate
983 2021 1208 2088 obtulit,
1242 2026 1559 2079 servandum
1593 2031 1953 2084 testimoiiium
1981 2032 2065 2084 ol-

481 2103 742 2171 lertionis,
777 2109 1104 2164 ﬁrmavimus
1129 2113 1524 2180 perfruendam.
1555 2117 1662 2172 Nec
1685 2135 1787 2174 non
1809 2131 1863 2174 et
1887 2137 2064 2176 casam

479 2193 531 2246 in
565 2193 798 2265 Papiano
825 2214 986 2270 super
1018 2202 1225 2271 Trane,
1269 2222 1386 2274 qua:
1417 2205 1513 2261 fuit
1556 2209 1623 2264 de
1670 2214 1840 2264 servis
1885 2214 2062 2280 palatii

473 2288 687 2354 nostri,
722 2304 878 2356 quam
909 2291 1141 2347 Joannes
1181 2298 1416 2352 notarius
1465 2315 1559 2366 per
1605 2313 1926 2370 praeceptum
1969 2305 2066 2359 lal-

481 2391 601 2431 sum
645 2381 979 2447 possidebat,
1017 2387 1154 2440 unde
1201 2386 1404 2457 legibus
1443 2392 1517 2442 ad
1567 2403 1800 2446 nostram
1849 2395 2068 2452 devenit

481 2478 822 2535 potestatem.
850 2474 1037 2529 Nostra
1068 2493 1275 2546 quoque
1304 2493 1565 2548 potcState
1596 2485 1766 2554 largiti
1796 2502 1984 2542 sumus
2013 2491 2064 2543 in

477 2563 668 2616 eodem
700 2565 815 2620 loco
843 2583 994 2622 casas
1018 2585 1136 2637 sex,
1163 2589 1278 2640 qua:
1311 2587 1563 2644 reguntur
1592 2592 1684 2644 per
1707 2577 2059 2634 Gaiderisium
2085 2634 2088 2638 .

474 2668 595 2706 cum
629 2671 824 2722 uxore,
854 2668 908 2711 et
939 2660 1093 2729 ﬁliis,
1126 2671 1179 2714 et
1209 2665 1454 2718 omnibus
1491 2667 1590 2720 sibi
1623 2669 2009 2735 pertinentibus
2040 2689 2058 2726 :

475 2759 654 2798 casam
698 2764 813 2814 qua:
847 2753 1047 2817 regitur
1073 2768 1169 2819 per
1205 2753 1559 2810 Creobaldum
1601 2773 1719 2820 cum
1766 2779 1962 2835 lucra,
1997 2783 2061 2827 ,ει

475 2833 629 2900 ﬁliis,
661 2845 715 2889 ct
744 2839 990 2894 munibus
1030 2843 1130 2895 sibi
1175 2857 1593 2921 pertinentibus;
1625 2873 1800 2912 easarn
1831 2877 1948 2931 qua:
1976 2880 2062 2918 re-

466 2936 613 3000 gitur
644 2945 735 3003 per
762 2943 1098 2994 Atii-eranum
1141 2958 1260 2996 cum
1291 2960 1485 3013 uxore,
1519 2956 1573 3001 et
1613 2951 1764 3016 liliis,
1806 2961 1860 3006 et
1890 2955 2062 3010 omni-

471 3027 573 3082 bus
603 3029 700 3083 sibi
735 3031 1120 3096 pertinentibus
1149 3051 1162 3085 :
1193 3050 1369 3090 casam
1408 3054 1525 3105 qua:
1572 3042 1773 3109 regitur
1811 3059 1904 3112 per
1931 3045 2060 3100 Per-

476 3120 640 3174 tulum
672 3136 790 3175 cum
824 3137 1009 3190 uxore,
1043 3135 1096 3179 et
1124 3125 1267 3193 ﬁliis,
1301 3136 1355 3182 et
1385 3130 1628 3184 omnibus
1656 3133 1754 3185 sibi
1784 3136 2056 3202 pertinen-

469 3216 616 3268 tibus
659 3233 672 3268 :
726 3231 902 3271 casam
950 3233 1069 3287 qua:
1120 3223 1318 3288 regitur
1358 3237 1452 3291 per
1497 3223 1892 3282 Tanlecaudum
1936 3246 2053 3286 cum

468 3323 656 3370 uxore,
693 3319 746 3361 et
767 3309 917 3376 ﬁliis,
952 3320 1008 3364 et
1033 3313 1280 3368 omnibus
1305 3315 1402 3369 sibi
1429 3317 1813 3383 pertinentibus
1840 3341 1848 3373 :
1877 3339 2052 3378 casam

470 3415 588 3464 qure
635 3401 832 3470 regitur
877 3419 971 3472 per
1010 3403 1309 3471 Firmium,
1352 3409 1543 3476 singuli
1591 3426 1711 3465 cum
1761 3429 1955 3482 uxore,
2003 3426 2054 3470 et

473 3487 624 3552 ﬁliis,
657 3499 709 3543 et
738 3491 986 3544 omnibus
1020 3493 1120 3547 sibi
1165 3495 1586 3564 pertinentibus,
1635 3516 1754 3569 qua:
1801 3504 1962 3559 l'rater
1988 3505 2055 3561 de

468 3577 747 3641 judiciaria
778 3583 1030 3638 canosina
1070 3584 1136 3639 de
1191 3587 1537 3645 subauctione
1567 3591 1830 3648 Roderisii
1861 3598 2056 3664 gastal—

465 3673 559 3727 dio
585 3684 789 3731 nostro.
815 3677 924 3733 Sed
955 3691 1007 3734 et
1039 3683 1389 3738 substantiam
1421 3685 1783 3755 Teusprandi,
1815 3702 1869 3745 et
1894 3690 2056 3746 Joan-

471 3766 556 3819 nis
582 3805 596 3830 ,
637 3776 692 3820 et
721 3767 998 3839 Frosolghi
1027 3785 1257 3828 nostram
1290 3787 1505 3845 propter
1528 3781 1723 3834 lurtum
1759 3782 2052 3837 solidorum

468 3873 561 3911 sex
598 3860 856 3930 millium,
899 3879 1032 3932 quos
1061 3867 1212 3921 nobis
1244 3868 1401 3924 furati
1441 3881 1596 3936 sunt;
1631 3873 1770 3927 unde
1801 3889 1902 3926 non
1936 3877 2054 3942 plus

468 3967 626 4018 quam
658 3965 882 4021 quatuor
909 3961 1075 4014 millia
1109 3963 1482 4032 recollegimus
1507 3965 1706 4020 solidos
1726 4008 1740 4031 ,
1773 3977 1825 4022 et
1847 3984 1934 4023 res
1961 3983 2052 4023 eo-

469 4059 588 4095 rum
619 4060 805 4100 omnes
836 4049 1040 4116 legibus
1068 4054 1133 4105 ad
1165 4065 1397 4109 nostratn
1423 4069 1782 4126 pervenerunt
1814 4070 2050 4129 potesta-

464 4144 576 4188 tem
613 4152 626 4189 :
662 4148 845 4192 nostra
879 4154 1001 4194 vero
1030 4153 1263 4213 potestas
1290 4146 1463 4214 ipsum
1491 4149 1660 4202 locum
1689 4151 1820 4204 intra
1853 4163 2050 4207 sanctae

464 4226 684 4293 Sapinia:
730 4233 1110 4288 monasterium
1158 4239 1423 4291 concessit
1468 4240 1844 4308 possidendum
1895 4260 1906 4294 :
1951 4258 2049 4298 nec

465 4333 660 4380 nonet
699 4326 752 4380 in
781 4327 1114 4385 Gastraldato
1150 4331 1450 4388 Bisernensi
1479 4336 1844 4390 concessimus
1873 4337 2048 4391 Corti-

2169 1839 2323 1902 regrii
2347 1851 2393 1889 a:
2420 1839 2770 1893 substantiam
2797 1843 3070 1909 pertinent
3101 1855 3301 1901 sancta:
3335 1848 3551 1916 Sephia:
3581 1867 3768 1905 mona-

2167 1928 2336 1977 5terio
2383 1925 2614 1981 ﬁrmavit
2663 1931 2979 1997 possidenda
3024 1949 3047 1985 .:
3097 1949 3304 1989 necnon
3351 1937 3402 1991 in
3444 1937 3673 1992 Salerno
3703 1942 3765 1992 ad

2168 2027 2413 2072 sanctum
2444 2020 2774 2076 Salvatorem
2799 2038 2920 2092 erga
2955 2028 3122 2095 ipsum
3153 2028 3344 2093 lacum,
3367 2029 3545 2099 largiti
3577 2049 3766 2086 sumus

2169 2110 2536 2178 territorium,
2571 2111 2672 2166 hoc
2705 2124 2783 2166 est
2816 2115 2987 2169 modia
3020 2121 3397 2188 quinquaginta
3441 2138 3453 2173 :
3496 2122 3592 2176 sed
3631 2133 3688 2176 et
3717 2126 3765 2175 in

2166 2197 2369 2253 Goaldo
2401 2201 2450 2253 in
2501 2203 2604 2257 ﬁne
2634 2205 2876 2268 conﬁna,
2908 2205 3024 2261 loco
3066 2210 3154 2276 qui
3203 2221 3420 2264 voeator
3455 2214 3533 2265 Ad
3576 2232 3768 2268 monu-

2167 2301 2365 2354 menta,
2396 2306 2516 2346 cuin
2553 2295 2773 2364 integris
2807 2297 3000 2352 ﬁnibus
3030 2302 3138 2355 suis
3169 2314 3364 2356 sanctzc
3399 2305 3617 2371 Sophia:
3646 2323 3764 2360 mo-

2168 2384 2401 2435 nasteiio
2449 2385 2687 2440 concessi
2739 2387 3058 2456 perfruenda
3097 2410 3112 2446 :
3162 2409 3368 2448 necnon
3415 2405 3470 2449 et
3518 2401 3759 2452 concessi

2165 2485 2363 2528 sanctre
2396 2473 2610 2544 Sophiac
2643 2479 2932 2533 condomas
2960 2485 3177 2537 nomine
3207 2485 3440 2539 Allerisii
3473 2501 3594 2540 cum
3627 2505 3762 2541 uxo-

2167 2581 2255 2630 re,
2292 2577 2344 2620 et
2374 2570 2639 2638 germanis
2669 2572 2778 2625 suis
2804 2616 2818 2638 ,
2851 2582 2903 2626 et
2928 2574 3080 2639 ﬁliis,
3113 2576 3428 2650 t~tﬁli1hus,
3461 2583 3540 2640 rei
3573 2592 3754 2640 omnia

2163 2672 2348 2714 eorum
2380 2676 2498 2730 quae
2522 2659 2704 2721 habuit
2729 2664 2780 2724 itt
2803 2667 2972 2726 catuia
3001 2677 3168 2729 teneri
3194 2676 3477 2731 Crastaldo
3502 2695 3516 2731 :
3548 2695 3758 2733 necnon

2164 2768 2217 2811 et
2247 2774 2453 2826 servos,
2485 2777 2581 2817 seu
2613 2765 2860 2830 ancillas,
2893 2780 3098 2821 necnon
3127 2777 3177 2822 et
3223 2770 3426 2835 vineas,
3457 2783 3512 2826 et
3546 2775 3760 2827 territo-

2165 2853 2262 2916 ria,
2288 2865 2544 2920 quantum
2579 2855 2928 2912 mancbaldus
2953 2860 3233 2931 presbyter
3260 2861 3313 2915 in
3331 2863 3564 2917 ecclesia
3589 2867 3759 2916 sancti

2166 2946 2304 3001 l‘etri
2335 2949 2398 3001 ad
2430 2963 2623 3018 aquam
2646 2961 2883 3006 sanctam
2913 2953 3093 3009 lavare
3123 2957 3266 3011 visus
3297 2970 3378 3010 est
3407 2958 3472 3009 ad
3514 2967 3755 3011 nostram

2165 3047 2483 3105 potestatem
2513 3043 2836 3109 pertinentia
2872 3061 2884 3096 :
2917 3045 3056 3098 unde
3082 3054 3136 3098 et
3161 3047 3334 3099 omnia
3363 3087 3378 3112 ,
3412 3047 3464 3100 in
3502 3055 3559 3102 et
3587 3049 3758 3101 enmi-

2167 3131 2265 3184 bus
2309 3144 2510 3187 sancta:
2550 3132 2766 3202 Sophia:
2809 3136 3131 3190 monasterio
3177 3141 3543 3192 concessimus
3588 3142 3756 3206 ress-

2163 3221 2336 3276 demla
2369 3241 2380 3274 :
2411 3223 2505 3278 sed
2537 3234 2591 3279 et
2628 3227 2907 3281 ecclesiam
2945 3230 3112 3282 sancti
3143 3228 3400 3296 Stephani
3431 3231 3484 3283 in
3509 3231 3635 3300 galo
3665 3246 3758 3284 no-

2163 3323 2276 3365 stro
2299 3314 2545 3382 equidem
2574 3316 2901 3371 monasterio
2923 3325 3121 3372 sancta:
3147 3317 3363 3386 Sophia:
3387 3324 3759 3374 concessimus

2164 3401 2541 3469 possidendam
2573 3422 2588 3458 ε
2625 3420 2829 3461 necnon
2869 3418 2923 3462 et
2962 3419 3200 3472 cortem,
3243 3425 3404 3478 quam
3443 3409 3756 3467 Rimetusus

2159 3495 2326 3549 abbas
2356 3497 2470 3551 sine
2501 3507 2767 3565 przccepto
2791 3501 3151 3554 concessionis
3175 3502 3351 3568 palatii
3383 3504 3576 3566 tenuit,
3604 3514 3662 3558 et
3688 3507 3752 3556 ad

2162 3595 2399 3641 nostram
2446 3585 2651 3654 legibus
2701 3590 2933 3657 pertinet
2980 3599 3297 3658 potestatem
3335 3606 3360 3646 ι
3400 3601 3585 3646 nostra
3631 3609 3755 3646 vero

2162 3686 2394 3744 potestas
2425 3678 2602 3732 onmia
2637 3679 2687 3730 in
2717 3677 2978 3749 integrum
3007 3693 3204 3736 sancta:
3236 3682 3449 3751 Sepbia:
3480 3694 3752 3738 monasteo

2160 3771 2240 3822 rio
2288 3772 2554 3824 concessit
2602 3771 2922 3838 possidenda
2972 3790 2984 3826 :
3034 3774 3126 3828 sed
3167 3784 3222 3828 et
3262 3776 3548 3830 ecclesiam
3580 3777 3750 3829 saucii

2159 3863 2420 3929 Marcelli,
2455 3865 2570 3918 loco
2596 3864 2683 3933 qui
2715 3864 2909 3920 dicitur
2939 3866 2988 3920 iu
3022 3866 3375 3922 Indilombalo
3395 3908 3411 3932 ,
3439 3868 3528 3937 qui
3559 3867 3625 3920 ad
3654 3882 3751 3921 no-

2158 3964 2323 4008 stram
2354 3956 2606 4025 pertinuit
2647 3965 2964 4024 potestatem
3001 3977 3013 4012 :
3044 3971 3226 4013 nostra
3259 3974 3471 4026 quoque
3511 3969 3746 4026 potestas

2161 4045 2214 4098 in
2246 4046 2507 4114 integrum
2534 4046 2787 4114 praedicto
2810 4049 3133 4101 monasterio
3154 4057 3352 4102 sancta:
3377 4049 3593 4116 Sophia:
3619 4061 3749 4102 cau-

2158 4137 2318 4191 cessit
2347 4138 2685 4204 possidenda.
2717 4138 2820 4192 Sed
2851 4149 2902 4193 et
2941 4139 3290 4195 substantiam
3338 4138 3606 4207 Thaiarisi
3655 4155 3746 4195 no-

2157 4230 2296 4291 tarii,
2329 4228 2416 4295 qui
2449 4244 2543 4297 pro
2568 4229 2747 4282 multis
2773 4231 3029 4284 chartulis
3054 4231 3200 4284 falsis
3227 4241 3309 4285 est
3331 4232 3740 4298 condemnatus,

2154 4331 2208 4374 et
2235 4319 2452 4388 insuper
2477 4329 2625 4373 extra
2657 4321 3002 4386 provinciam,
3029 4321 3079 4375 id
3103 4331 3184 4375 est
3207 4325 3257 4375 iu
3286 4321 3565 4390 Neapolim
3600 4322 3746 4390 fuga-

466 4429 664 4482 sauos,
702 4417 752 4473 bi
797 4429 1067 4474 suntcum
1107 4422 1359 4477 uxoribus
1386 4425 1526 4489 suis,
1570 4434 1622 4480 et
1663 4427 1909 4482 omnibus
1929 4429 2045 4484 ’sibi

2164 4419 2239 4462 tus
2266 4422 2379 4474 eSt;
2410 4409 2548 4463 unde
2589 4409 2792 4477 legibus
2837 4411 3012 4466 omnis
3055 4411 3346 4467 subsuntia
3389 4413 3453 4466 ad
3503 4425 3744 4467 nostram

469 4509 854 4572 pertinentibus
889 4527 903 4563 :
934 4512 1028 4566 sed
1060 4523 1112 4568 et
1142 4530 1300 4568 unam
1331 4530 1571 4571 sororem
1603 4517 1798 4573 lndari.

542 4598 650 4653 llos
673 4608 846 4655 autem
875 4618 994 4657 cum
1024 4607 1220 4674 integra
1251 4609 1493 4677 portiooe
1515 4625 1700 4664 eorum
1728 4621 1926 4668 sanotre
1951 4616 2048 4670 So-

468 4686 611 4755 phia:
649 4692 972 4746 monasterio
999 4696 1363 4750 concessimus
1395 4699 1796 4767 possidendum.

543 4777 706 4845 ltetn,
734 4790 788 4835 et
810 4781 869 4835 in
905 4784 1092 4839 eodem
1123 4788 1418 4855 gastaldato
1461 4792 1822 4846 concessimus
1863 4793 2049 4847 bacca-

464 4871 578 4924 rios
607 4888 618 4924 :
652 4871 704 4924 hi
735 4881 860 4926 sunt
887 4871 1089 4928 Grauso
1111 4891 1228 4931 cum
1255 4894 1423 4934 uxore
1445 4921 1460 4945 ,
1491 4892 1545 4934 et
1571 4882 1722 4945 ﬁliis,
1754 4885 1845 4935 sed
1875 4893 1926 4936 et
1959 4901 2050 4938 ne-

467 4972 617 5028 potes
645 5003 659 5027 ,
709 4963 994 5033 omniaque
1030 4980 1220 5021 eorum
1271 4971 1590 5036 pertinentia
1637 4989 1648 5023 :
1700 4986 1796 5025 nec
1837 4988 1939 5025 non
1996 4983 2050 5027 ιι

463 5054 767 5121 Syndonem
797 5070 917 5109 cum
955 5070 1120 5111 uxore
1155 5098 1170 5124 ,
1197 5069 1249 5112 et
1281 5060 1404 5114 ﬁliis
1432 5063 1575 5129 suis;
1616 5062 1707 5116 sed
1747 5073 1799 5116 ct
1832 5063 2046 5127 Baccas,

464 5145 555 5212 qui
586 5147 680 5198 fuit
721 5161 912 5200 servus
955 5147 1182 5202 liimiclii
1207 5192 1220 5214 ,
1255 5159 1308 5203 et
1337 5151 1401 5205 de
1427 5167 1682 5220 germano
1711 5155 1800 5220 qui
1828 5170 2022 5223 carpen

463 5238 583 5291 tarii
630 5240 819 5293 nustri.
863 5240 968 5296 Sed
1011 5250 1064 5296 et
1101 5250 1306 5295 cortem
1346 5243 1410 5296 ad
1450 5257 1686 5298 Sanctum
1713 5247 2044 5312 Stephanum

464 5331 604 5385 inter
635 5331 847 5385 ﬁumina
873 5374 887 5397 ,
916 5332 1003 5402 qui
1050 5331 1146 5386 fuit
1185 5332 1407 5388 Andoali
1435 5333 1682 5390 Canosini
1705 5381 1718 5405 ,
1759 5337 1847 5406 qui
1885 5339 2048 5392 nobili

467 5423 760 5479 Perachino
806 5439 995 5479 omnes
1048 5440 1134 5480 res
1183 5440 1307 5481 suas
1353 5428 1566 5483 tradidit
1619 5448 1630 5483 :
1675 5430 1852 5486 locum
1893 5432 2050 5501 igitur

467 5515 624 5567 istum
653 5523 852 5568 sancta:
872 5516 1084 5584 Sophim
1114 5517 1478 5572 concessimus
1502 5519 1875 5588 possidendum
1911 5540 1923 5575 :
1953 5521 2046 5575 sed

464 5614 518 5657 ct
561 5606 843 5659 ecclesiam
892 5608 1059 5661 sancti
1111 5609 1370 5679 Adjutorii
1419 5615 1470 5663 ln
1519 5619 1698 5664 sancta
1727 5613 1952 5678 ‘Agatha
1995 5614 2044 5665 in

464 5699 660 5754 ﬁnibus
689 5699 923 5756 lunatam
953 5709 1152 5757 sancta:
1180 5704 1396 5774 Sophim
1431 5702 1753 5760 mooa-terio
1786 5705 2044 5775 integram

2159 4499 2409 4569 pertinuit
2437 4509 2777 4568 potestatem,
2804 4518 2962 4570 quam
2988 4502 3244 4562 integram
3273 4508 3600 4556 monacterio
3622 4521 3741 4556 san,

2153 4601 2255 4646 ctu:
2286 4591 2499 4662 Sophia:
2531 4592 2893 4646 conceSSiuius
2929 4591 3320 4658 possidendam.
3363 4592 3744 4648 Concessimus

2153 4692 2206 4738 et
2236 4684 2488 4752 pra-dicto
2520 4682 2845 4736 monasterio
2873 4691 3070 4735 sanctae
3099 4680 3315 4749 Sophia:
3341 4695 3554 4735 cervam
3577 4719 3596 4744 ,
3629 4693 3748 4748 quin

2153 4775 2365 4830 videtur
2412 4790 2530 4829 esse
2581 4774 2634 4827 in
2675 4789 2862 4840 campo
2907 4772 3268 4838 St3llt.‘l'('llliis,
3309 4788 3466 4841 quam
3510 4771 3745 4826 Arotarii

2154 4870 2259 4923 ﬁlia
2292 4873 2650 4937 comparavit,
2684 4869 2978 4920 secumlurn
3029 4875 3233 4920 textum
3274 4862 3567 4926 chartula,
3612 4866 3746 4916 inte-

2154 4977 2298 5030 gram
2331 4969 2528 5014 sani-tie
2572 4957 2782 5026 Sophia:
2815 4959 3136 5011 mona~terio
3167 4955 3531 5010 concessimus
3575 4954 3743 5019 possi-

2153 5055 2381 5110 dendam
2426 5071 2438 5106 :
2482 5063 2535 5107 et
2581 5055 2793 5116 insuper
2843 5050 2894 5102 in
2947 5050 3132 5103 eodem
3190 5049 3515 5101 monasterio
3569 5044 3745 5114 largiti

2154 5162 2337 5200 sumus
2367 5145 2417 5197 in
2454 5144 2705 5207 prasdicto
2739 5143 2856 5193 loco
2883 5143 2947 5193 de
2977 5141 3093 5209 galo
3134 5148 3314 5192 nostro
3356 5140 3406 5191 in
3455 5134 3745 5206 longitudi-

2153 5255 2275 5293 nt-m
2318 5238 2556 5290 milliaria
2590 5237 2722 5302 tria,
2771 5234 2821 5286 in
2866 5232 3196 5286 latitudinem
3239 5247 3434 5294 unum,
3485 5246 3603 5297 qua:
3646 5229 3744 5282 fuit

2153 5330 2219 5384 de
2251 5329 2560 5384 suliactione
2590 5325 2832 5380 Faroaldi
2862 5339 3025 5378 mare.
3056 5321 3160 5379 Sed
3185 5331 3237 5376 et
3265 5337 3481 5375 cervam
3512 5319 3578 5374 ad
3612 5319 3743 5372 Pon-

2155 5434 2258 5478 tem
2309 5424 2568 5490 Bianum,
2621 5436 2778 5490 quam
2830 5416 3256 5485 comparavimus
3304 5428 3332 5466 a
3384 5412 3591 5468 Joanne
3631 5410 3742 5462 ﬁlio

2156 5516 2310 5580 Ursi,
2337 5515 2489 5584 juxta
2523 5521 2727 5568 textum
2761 5509 3017 5565 chartula:
3048 5507 3225 5559 omnia
3254 5508 3306 5559 in
3333 5503 3593 5570 integrum
3627 5517 3715 5553 nio

2153 5609 2388 5663 noster-"to
2435 5614 2633 5661 sancta:
2675 5604 2890 5673 Sophia:
2937 5601 3300 5657 concessimus
3351 5595 3670 5666 possidenda
3721 5610 3735 5646 :

2154 5715 2356 5758 necnon
2391 5698 2568 5755 omnia
2597 5713 2714 5770 qua:
2758 5694 3186 5768 comparavimus
3231 5692 3301 5746 ab
3343 5690 3590 5761 llprando
3631 5687 3735 5740 litio
