4026 6352
228 395 371 456 1425

1297 384 1690 443 ωριοπιλτει
1732 381 2011 438 ECCLES.
2058 377 2403 437 SELECTA.

3372 347 3517 429 iter.

227 512 480 583 Aierissl,
514 526 731 578 servos,
766 517 819 565 et
840 509 1093 573 ancillas,
1123 524 1304 572 casas,
1336 515 1391 562 et
1414 506 1625 571 tineas,
1656 503 1813 559 terri-
1845 500 1890 559 Α
1920 497 2129 564 omnia,
2162 507 2216 552 et
2255 498 2306 550 in
2352 492 2603 549 omnibus
2624 537 2638 559 ,
2682 491 2897 548 mobilia
2920 535 2935 559 ,
2965 502 3017 549 et
3056 492 3380 562 immobilia,
3420 509 3507 550 se-

229 609 397 670 toria,
427 618 677 669 campos,
713 610 765 657 et
800 601 1008 671 sylvas,
1052 606 1233 668 prata,
1266 596 1478 651 mobilia
1499 640 1513 662 ,
1545 602 1599 647 et
1626 594 1820 648 immo-

232 698 360 751 bilia
411 696 463 749 in
501 694 739 763 partibus
784 690 1059 754 Luranize,
1102 688 1391 743 secundum
1438 699 1635 740 textum
1667 686 1822 739 char-

232 789 358 843 tnl.-e
400 788 664 857 integrum
708 784 1035 839 nionasterio
1065 790 1265 837 sanctae
1301 779 1514 849 Sepltize
1553 776 1824 831 concessi-

233 894 353 932 mus
397 875 774 946 possidendum
824 891 837 928 :
882 872 977 927 sed
1022 880 1076 926 et
1115 870 1260 941 quod
1299 871 1727 936 comparat-imus
1769 866 1820 919 in

235 967 528 1023 Ponticello
558 981 708 1021 casas
738 981 856 1020 cum
887 963 1124 1018 curtibns
1154 964 1264 1018 suis
1292 964 1358 1017 de
1394 962 1597 1034 Egypto
1630 959 1824 1013 ﬂuvius

232 1063 449 1129 quidam
480 1061 567 1130 qui
610 1068 693 1114 est
731 1058 869 1111 inter
905 1056 1036 1110 d'nas
1082 1057 1224 1118 vias,
1265 1071 1367 1109 una
1398 1069 1514 1121 qua:
1555 1052 1720 1107 tendit
1758 1051 1824 1105 ad

232 1163 476 1207 sanctum
513 1150 875 1208 Valentinum,
908 1148 1074 1200 altera
1105 1146 1169 1200 ad
1196 1156 1437 1199 sanctum
1468 1143 1701 1197 Marcum
1735 1157 1827 1209 per

235 1244 336 1298 bos
370 1242 503 1297 ﬁnes
529 1241 595 1295 de
627 1239 799 1307 capite
834 1239 951 1292 ﬁnis
978 1252 1143 1305 usque
1167 1236 1229 1290 ad
1263 1251 1347 1291 res
1384 1244 1581 1290 sancta:
1608 1233 1826 1302 SOpbire

232 1336 303 1391 de
335 1336 438 1391 ﬁne
465 1336 517 1389 in
544 1334 659 1403 ipso
684 1333 803 1386 rivo
823 1373 841 1397 ,
872 1332 1135 1398 integrum
1165 1328 1490 1384 mouaSterio
1510 1336 1707 1380 sanctae
1732 1325 1828 1378 So-

234 1427 377 1496 phia:
406 1425 772 1481 concessimus
798 1423 1211 1494 possidendum;
1243 1436 1447 1476 necnon
1479 1429 1531 1475 et
1562 1417 1825 1473 Gualdnm

235 1521 295 1575 in
315 1528 497 1575 monte
526 1518 809 1586 Virgineo,
841 1516 930 1585 qui
976 1513 1226 1584 pertinuit
1256 1514 1329 1566 ad
1362 1511 1677 1568 Lucerinum
1707 1526 1827 1567 cum

236 1612 448 1678 integro
480 1609 586 1664 ﬁne
620 1623 750 1673 suo,
792 1606 972 1661 omnia
1007 1607 1326 1660 monasteria
1369 1614 1567 1659 sanctae
1613 1601 1829 1670 Somnia:

236 1701 556 1756 donavimus
588 1698 905 1765 possidenda
933 1716 951 1751 :
973 1699 1065 1753 sed
1088 1707 1144 1753 et
1168 1697 1519 1752 substantiam
1547 1693 1826 1749 Calendini

236 1794 514 1848 Cortisani
540 1793 745 1858 nostri,
770 1792 857 1859 qui
892 1790 1130 1845 habitare
1161 1790 1302 1844 visus
1335 1790 1435 1843 l'ult
1466 1790 1517 1841 in
1549 1786 1829 1852 Uriniano,

238 1886 416 1939 omnia
461 1885 665 1953 integra
697 1884 941 1954 insuper,
970 1893 1023 1938 et
1063 1884 1116 1938 in
1158 1884 1433 1936 nominato
1462 1881 1579 1936 loco
1606 1879 1833 1949 qualiter

242 1976 308 2027 ad
331 1984 527 2029 nostra:
554 1973 832 2043 potestatis
861 1989 1073 2027 manum
1099 1973 1333 2037 devenit,
1359 1971 1684 2027 monasterio
1713 1985 1837 2025 sm-

241 2074 344 2119 ctm
387 2064 599 2131 Sophia:
626 2065 990 2118 concessimus
1031 2063 1349 2131 perfruvnda
1386 2081 1399 2116 :
1432 2077 1637 2117 necnon
1667 2072 1719 2116 et
1748 2076 1839 2114 ca-

241 2174 333 2214 sas
381 2159 519 2213 intra
568 2157 994 2211 Beneventanam
1033 2154 1335 2220 Civitatem;
1384 2156 1474 2208 sed
1526 2164 1583 2208 et
1633 2152 1839 2208 casales

243 2251 394 2319 ejus,
423 2264 558 2318 quos
582 2247 790 2304 Grauso
819 2246 1060 2301 notarius
1089 2261 1181 2313 per
1219 2260 1331 2299 sua:
1359 2242 1654 2298 anertionis
1676 2243 1839 2298 char-

250 2349 450 2412 tutam,
475 2348 772 2416 integrum,
812 2353 866 2397 et
905 2358 1026 2398 cum
1066 2342 1275 2396 duobus
1316 2342 1486 2395 servis
1531 2339 1738 2402 Pitulo,
1785 2348 1842 2393 et
1878 2358 1881 2361 ‘

254 2437 440 2491 Mauro
481 2452 604 2493 cum
643 2434 939 2499 uxoribus,
979 2444 1033 2488 ct
1079 2431 1199 2486 ﬁliis
1235 2432 1347 2485 suis
1387 2439 1586 2486 sanctae
1626 2428 1841 2497 SOp'liiB

254 2528 578 2583 umnasterio
604 2526 845 2603 obtulit;
879 2534 1067 2578 nostra
1095 2538 1225 2579 vero
1268 2531 1503 2592 potestas
1542 2519 1840 2599 secundum

253 2632 454 2676 textum
493 2618 787 2673 oﬁ‘ertionis
816 2617 1095 2683 chartulae,
1138 2614 1409 2683 integrum
1443 2612 1700 2682 pracdicto
1727 2626 1843 2664 mo-

251 2713 489 2766 nasterio
514 2708 745 2764 ﬁrmavit
774 2706 1154 2778 possidendum
1190 2724 1201 2759 :
1234 2720 1442 2761 necnon
1463 2712 1517 2758 et
1546 2703 1599 2757 in
1628 2702 1844 2757 lliarino

248 2819 405 2858 Casas
433 2800 501 2857 de
532 2799 880 2863 Caballariis,
911 2813 1031 2853 cum
1062 2796 1280 2853 caballis
1301 2836 1323 2861 ,
1350 2804 1407 2851 et
1440 2794 1720 2862 stadariis;
1765 2796 1845 2848 ba:

249 2905 418 2950 sunt:
451 2908 573 2949 casa
604 2907 720 2961 quin
762 2892 963 2961 regitur
1008 2904 1099 2957 per
1143 2888 1331 2943 Ursum
1378 2901 1501 2957 cum
1545 2901 1745 2951 uxore,
1793 2894 1846 2939 et

254 2988 373 3040 ﬁliis
401 2985 555 3051 suis,
598 2996 650 3038 et
688 2983 936 3037 omnibus
975 2979 1074 3034 sibi
1120 2978 1542 3047 pertinentibus;
1576 2991 1696 3030 casa
1728 2991 1847 3044 qua“.

252 3080 453 3147 regitur
483 3092 577 3144 [πυτ
606 3075 832 3145 Lupum,
858 3083 911 3126 et
938 3071 1222 3125 Fuscillum
1254 3082 1539 3138 germanos
1567 3081 1688 3119 cum
1717 3079 1848 3119 uxo-

254 3169 400 3222 tibus
422 3210 437 3233 ,
470 3177 523 3223 et
556 3167 709 3229 ﬁliis,
742 3176 793 3218 et
833 3162 1080 3217 omnibus
1110 3161 1213 3215 sibi
1254 3157 1643 3229 pertinentibus
1678 3174 1691 3210 :
1724 3171 1844 3211 casa

253 3278 373 3331 qum
406 3260 610 3327 regitur
642 3273 733 3326 per
769 3254 1069 3310 Vitoaldum
1101 3267 1221 3306 cum
1255 3266 1423 3305 uxore
1445 3291 1461 3317 ,
1502 3258 1560 3305 et
1600 3247 1753 3314 ﬁliis,
1795 3255 1848 3302 et

253 3352 505 3405 omnibus
548 3349 646 3403 sibi
698 3346 1121 3417 pertinentibus;
1164 3356 1321 3405 casa,
1364 3357 1483 3412 qua:
1527 3339 1727 3408 regitur
1755 3353 1848 3407 per

254 3444 519 3498 Jnnmwm
551 3457 668 3495 cum
702 3455 901 3503 uxore,
937 3450 986 3491 et
1022 3437 1170 3500 ﬁliis,
1199 3447 1250 3488 et
1276 3433 1522 3507 omnibus
1546 3432 1644 3485 sibi
1678 3431 1846 3501 perti-

256 3537 508 3591 nentibus
538 3550 553 3589 :
586 3548 708 3587 casa
737 3548 855 3602 qua:
886 3531 1086 3600 regitur
1117 3545 1209 3596 per
1238 3526 1514 3589 lustalum,
1540 3534 1590 3579 et
1623 3523 1849 3578 (laudis-

256 3645 378 3683 sum
406 3641 722 3697 germanos,
757 3640 875 3679 cum
901 3638 1095 3687 uxore,
1125 3631 1177 3676 et
1208 3619 1361 3685 ﬁliis,
1391 3628 1445 3674 et
1467 3618 1714 3672 omnibus
1745 3616 1846 3697 sibi

259 3717 652 3789 pertinentibus
681 3734 692 3769 :
724 3714 1019 3770 secundum
1042 3712 1272 3782 qualiter
1295 3711 1408 3763 bam
1430 3709 1603 3764 omnia
1630 3695 1844 3774 pascua,

256 3809 521 3865 clausaria
540 3852 553 3874 ,
578 3810 771 3872 silvas,
800 3806 980 3859 vincas
1001 3846 1014 3867 ,
1042 3813 1185 3874 prata
1205 3844 1219 3867 ,
1248 3815 1465 3868 campos
1486 3842 1500 3866 ,
1525 3797 1763 3864 mobilia,
1797 3806 1851 3851 et

265 3902 591 3967 immobilia,
625 3908 882 3970 quantum
919 3894 1021 3965 ipsi
1066 3892 1205 3948 svrvi
1251 3890 1521 3959 possidere
1567 3889 1663 3941 visi
1704 3894 1845 3951 sunt,

263 4006 319 4049 et
351 3995 415 4048 ad
444 4004 680 4048 nostram
712 3996 1029 4059 pctcstatem
1071 3986 1479 4055 pertinuerunt,
1509 3980 1684 4034 omnia
1714 3979 1849 4032 inte-

264 4104 359 4158 gra
399 4083 723 4141 monasterio
769 4093 969 4137 sancta:
1017 4080 1231 4149 SOpbia:
1278 4076 1643 4133 concessimus
1681 4071 1851 4144 possi-

264 4180 438 4237 denda
473 4199 485 4234 :
518 4195 724 4235 necnon
772 4185 828 4233 et
866 4190 1017 4231 casas
1059 4174 1225 4236 duas,
1270 4186 1388 4240 qum
1437 4177 1694 4238 reguntur
1728 4180 1850 4220 cum

264 4291 464 4339 uxore,
492 4284 547 4328 et
577 4273 696 4326 (iliis
720 4271 852 4325 suis.
882 4268 943 4322 Et
970 4266 1220 4322 olivetum
1239 4305 1254 4330 ,
1280 4280 1371 4319 seu
1403 4262 1587 4316 vineas
1607 4258 1707 4326 ,.iu
1736 4257 1853 4312 loco

263 4364 354 4434 qui
377 4363 575 4418 dicitur
600 4362 783 4427 Sessa,
811 4375 930 4430 qua:
955 4356 1167 4411 [uerunt
1192 4352 1464 4411 (iodeﬁ-idi
1497 4351 1708 4414 notarii,
1735 4363 1853 4418 quas

265 4463 488 4525 propter
524 4452 715 4506 multas
745 4449 1020 4504 chartulas
1064 4445 1225 4500 falsas
1266 4443 1469 4514 legibus
1510 4439 1771 4510 perdidit,
1801 4448 1854 4493 et

264 4544 335 4600 ad
378 4552 611 4597 nostram
652 4541 919 4596 devenere
956 4546 1272 4607 potestatem
1320 4557 1333 4591 :
1377 4544 1557 4589 nostra
1597 4546 1723 4585 vero
1763 4543 1854 4597 po-

267 4646 466 4703 testas,
498 4636 677 4691 omnia
699 4675 714 4699 ,
745 4645 798 4689 et
827 4634 879 4688 in
911 4631 1191 4696 omnibus,
1222 4635 1479 4698 quantum
1513 4624 1564 4678 in
1593 4625 1707 4693 ipso
1737 4622 1857 4676 loco

267 4727 468 4783 habere
500 4726 648 4781 visus
678 4734 761 4780 est
800 4724 1105 4779 nominatus
1144 4718 1462 4775 Codelridus
1484 4758 1499 4782 ,
1533 4712 1858 4770 monasterio

266 4833 466 4876 sancta:
504 4818 721 4887 Sophia:
754 4817 973 4871 donavit
1015 4812 1357 4885 possidenda,
1399 4810 1615 4864 Necnon
1655 4822 1856 4874 casam,

267 4927 427 4991 quam
455 4909 839 4966 Rodemundus
861 4905 1044 4962 illicite
1069 4903 1243 4959 tenuit
1263 4918 1381 4957 Cillll
1407 4899 1694 4970 nepotibus
1725 4897 1857 4960 suis,

269 5003 391 5059 loco
418 5002 507 5072 qui
536 5002 731 5056 dicitur
756 4998 999 5055 Peretola
1018 5007 1115 5066 ,et
1144 4995 1349 5066 legibus
1381 4992 1446 5046 ad
1479 5002 1713 5044 nostram
1746 5003 1862 5055 per-

269 5094 426 5149 tinuit
454 5100 804 5162 potestatem,
844 5103 1004 5159 quam
1034 5101 1210 5142 casam
1243 5078 1503 5153 iniegram
1535 5089 1729 5135 sanctae
1756 5079 1857 5132 So-

272 5183 413 5253 phiae
458 5182 784 5236 monasterio
814 5178 1180 5236 concessimus
1213 5174 1609 5247 possidendam.
1659 5170 1766 5227 Sed
1808 5180 1859 5223 et

269 5273 555 5327 ecclesiam
600 5271 767 5325 sancti
814 5269 1117 5333 Laurentﬁ,
1158 5282 1315 5338 quam
1356 5261 1636 5319 Tiroal‘dus
1675 5274 1861 5313 mona-

270 5363 408 5418 chus
437 5362 749 5425 azdiﬁcavit,
785 5361 905 5417 loco
932 5359 1021 5428 qui
1053 5356 1242 5413 dicitur
1268 5354 1657 5415 Tenetentum,
1692 5350 1779 5403 ubi
1809 5358 1861 5404 et

269 5470 334 5509 se
351 5497 367 5520 ,
396 5464 449 5511 et
474 5470 696 5509 uxorem
718 5469 869 5508 suam
892 5452 1110 5507 nomine
1132 5450 1381 5505 Gesloara
1402 5491 1416 5517 ,
1441 5459 1492 5502 et
1517 5445 1677 5500 ﬁlium
1705 5458 1859 5499 suum

273 5549 491 5603 nomine
513 5548 843 5615 Stephanum
866 5544 1175 5599 monasticae
1198 5541 1411 5596 tradidit
1436 5536 1856 5602 convcrsationi;

274 5651 459 5708 postea
491 5651 656 5704 vero,
694 5648 749 5692 et
773 5635 1051 5691 ecclesiam
1075 5675 1090 5700 ,
1118 5644 1171 5689 et
1200 5647 1387 5687 omnes
1426 5629 1705 5684 faettltates
1735 5642 1861 5681 suas

273 5729 354 5784 ιὰ
374 5731 640 5799 seipsum,
674 5736 731 5784 et
755 5742 972 5782 uxorem
995 5740 1145 5779 suam
1165 5766 1180 5790 ,
1210 5733 1276 5779 ειν
1294 5724 1458 5777 ﬁlium
1489 5735 1645 5776 suum
1674 5732 1861 5773 mona-

270 5821 438 5892 περ
471 5830 681 5880 sancta
703 5820 917 5893 Sophia:
941 5818 1175 5886 obtulit;
1214 5826 1396 5873 nostra
1429 5828 1555 5875 vero
1596 5819 1855 5887 potestas,

1923 587 2153 640 cundum
2184 594 2382 639 textum
2413 584 2709 640 oﬁ'ertionis
2742 582 3014 653 praedicta:
3055 594 3255 638 sancta:
3294 586 3535 655 Snpbiar

1925 678 2250 732 monasterio
2279 676 2505 731 ﬁrmavit
2539 676 2878 745 possidenda.
2904 673 3155 732 Concchi
3185 687 3383 732 sanctae
3413 676 3518 734 So-

1928 770 2066 837 pliice
2108 772 2434 826 monasterio
2484 771 2863 840 possidendum
2908 769 3137 825 Corvem
3181 771 3233 825 in
3281 770 3519 826 Lucania

1927 868 2045 921 loco
2073 867 2171 936 qui
2192 867 2384 922 dicitur
2409 867 2604 935 Quatra
2636 866 3022 922 acl‘condomas
3052 865 3365 930 duodecim,
3397 881 3528 935 quas

1928 948 2040 1011 hinc
2063 968 2185 1012 sunt
2220 975 2231 1011 :
2260 972 2381 1014 casa
2409 974 2524 1027 qua:
2554 959 2754 1025 regitur
2787 974 2878 1027 per
2915 955 3147 1012 Fuscum
3181 973 3300 1013 cum
3327 946 3543 1024 uxorept

1926 1058 1981 1104 et
2014 1050 2248 1117 ﬁliis,.et
2292 1052 2542 1105 omnibus
2592 1051 2690 1106 sibi
2737 1051 3125 1119 pertinentibus
3175 1069 3185 1103 :
3228 1066 3350 1105 casa
3401 1065 3547 1121 quas

1930 1145 2128 1212 regitur
2158 1160 2249 1211 per
2281 1144 2617 1214 Pelaginncm
2649 1160 2769 1200 cum
2804 1162 2998 1214 uxore,
3041 1155 3096 1202 et
3135 1146 3287 1213 ﬁliis,
3323 1156 3375 1203 ct
3406 1162 3522 1201 om—

1933 1235 2086 1289 nibus
2116 1238 2216 1291 sibi
2249 1238 2637 1303 pertinentibus
2669 1258 2681 1293 :
2712 1255 2866 1306 casa,
2893 1256 3011 1309 qua:
3040 1242 3242 1311 regitur
3262 1255 3355 1310 per
3377 1239 3525 1296 Mau-

1932 1328 2104 1383 tinum
2130 1344 2249 1384 eum
2276 1346 2438 1385 uxore
2453 1328 2477 1393 ,'
2498 1341 2552 1384 et
2583 1330 2701 1384 ﬁliis
2722 1374 2736 1396 ,
2770 1340 2825 1386 et
2850 1330 3098 1386 omnibus
3118 1331 3217 1388 sibi
3251 1329 3526 1400 pertinen-

1932 1424 2075 1477 tibus
2109 1441 2123 1477 :
2156 1439 2278 1479 casa
2318 1440 2436 1492 quae
2479 1425 2682 1494 regitur
2714 1440 2807 1493 per
2847 1423 3134 1479 Gutaulum
3177 1439 3299 1480 cum
3332 1440 3543 1488 uxore,

1931 1522 1987 1570 et
2036 1514 2188 1575 ﬁliis,
2234 1525 2287 1569 et
2329 1516 2577 1569 omnibus
2618 1516 2719 1570 sibi
2768 1516 3155 1585 pertinentibus
3198 1534 3211 1568 :
3254 1531 3371 1570 casa
3404 1530 3525 1585 qam

1934 1604 2135 1674 regitur
2164 1620 2257 1673 per
2289 1605 2596 1661 Fermotum
2627 1621 2746 1661 cum
2781 1621 2969 1673 uxore,
3001 1616 3054 1662 et
3086 1606 3227 1673 ﬁliis,
3261 1617 3314 1661 et
3344 1609 3523 1660 muni-

1936 1697 1949 1745 ι
1973 1690 2031 1749 us
2062 1696 2158 1752 sibi
2195 1699 2586 1765 pertinentibus
2616 1718 2628 1754 :
2652 1713 2772 1753 casa
2797 1715 2914 1769 qua:
2940 1700 3139 1765 regitur
3163 1715 3255 1768 per
3282 1700 3529 1754 Bnnitum

1936 1804 2057 1841 cum
2091 1805 2258 1845 uxore
2279 1830 2294 1856 ,
2325 1799 2380 1845 et
2406 1790 2557 1857 ﬁliis,
2588 1798 2643 1848 et
2671 1791 2919 1847 omnibus
2959 1791 3058 1846 sibi
3093 1792 3481 1860 pertinentibus
3513 1809 3535 1845 ε’

1943 1896 2064 1934 tasa
2096 1896 2212 1949 qua:
2244 1882 2447 1951 regitur
2480 1898 2573 1949 per
2598 1882 2830 1937 Marcum
2859 1898 2978 1937 cum
3010 1898 3194 1942 uxore.
3220 1892 3276 1939 et
3308 1882 3446 1947 ﬁliis,
3477 1892 3533 1938 et

1941 1972 2190 2026 nnmibus
2233 1972 2332 2027 sibi
2382 1973 2779 2041 pertinentibus
2818 1991 2829 2026 :
2874 1988 2996 2027 casa
3042 1988 3160 2044 qua:
3200 1973 3400 2041 regitur
3438 1986 3530 2041 per

1943 2065 2204 2134 Populum
2235 2082 2356 2121 cum
2384 2082 2582 2135 uxore,
2613 2078 2668 2124 et
2703 2068 2857 2135 ﬁliis,
2888 2080 2938 2126 et
2971 2069 3218 2124 omnibus
3246 2068 3345 2123 sibi
3373 2070 3549 2137 perti-t

1942 2163 2190 2216 nantibus
2216 2182 2228 2217 :
2252 2178 2374 2219 casa
2402 2180 2519 2232 qua:
2546 2165 2748 2233 regitur
2774 2180 2868 2232 per
2898 2163 3170 2229 Brutium,
3195 2178 3316 2219 cum
3345 2178 3587 2236 uxore,.,

1943 2263 1996 2307 et
2025 2254 2169 2320 liliis,
2195 2263 2249 2309 et
2276 2255 2526 2309 omnibus
2554 2256 2652 2310 sibi
2686 2256 3079 2324 pertinentibus
3113 2257 3165 2312 in
3194 2255 3384 2311 eodem
3418 2254 3535 2309 loco

1949 2360 2068 2398 cum
2102 2346 2324 2415 integris
2354 2345 2570 2413 ﬁnibus,
2593 2348 2919 2403 monasterio
2943 2355 3142 2403 sanctae
3171 2347 3384 2415 SOpbiaa
3409 2361 3537 2401 con-

1943 2436 2205 2491 cessimus
2227 2436 2574 2506 possidenda,
2597 2452 2716 2507 qua
2741 2439 2953 2493 inerunt
2972 2439 3040 2494 de
3061 2436 3373 2493 subactione
3391 2435 3539 2491 Crai—

1944 2526 2170 2583 mcdarii
2208 2526 2562 2583 referendarii
2595 2529 2798 2592 nostri;
2843 2528 2936 2582 sed
2985 2538 3039 2584 et
3074 2526 3298 2583 Corvem
3339 2528 3391 2581 in
3435 2525 3542 2581 ﬁne

1947 2628 2069 2669 cum
2102 2612 2336 2670 Consina
2368 2614 2487 2670 loco
2516 2617 2605 2685 qui
2646 2617 2843 2673 dicitur
2882 2616 2961 2672 Ad
3004 2626 3445 2681 monumentum,
3487 2627 3544 2672 et

1948 2706 2300 2772 condomam;
2331 2706 2611 2762 duodecim
2652 2721 2835 2776 casas,
2878 2723 3001 2777 quae
3036 2718 3292 2778 reguntur
3323 2723 3417 2777 per
3447 2706 3549 2764 Uro.

1947 2811 2064 2851 sum
2088 2838 2103 2861 ,
2134 2806 2187 2852 et
2216 2796 2553 2866 Lupualdum
2588 2813 2872 2868 germanos
2899 2812 3020 2853 cum
3060 2813 3266 2866 uxore,
3291 2806 3360 2861 ,et
3393 2799 3537 2858 ﬁliis,

1947 2899 2001 2944 et
2023 2889 2275 2944 omnibus
2299 2888 2398 2944 sibi
2426 2892 2855 2959 pertinentibus;
2880 2908 3067 2948 casam,
3087 2907 3206 2962 qua:
3228 2893 3428 2962 regitur
3451 2907 3547 2961 per

1949 2983 2226 3038 Anccllum
2256 2997 2379 3040 cum
2410 2999 2611 3052 uxore,
2641 2995 2695 3040 et
2727 2981 2881 3051 ﬁliis,
2908 2994 2965 3045 et
3006 2984 3382 3041 omnibussibi
3404 3028 3405 3031 η
3425 3000 3546 3050 per-

1952 3075 2281 3143 tinentibus;
2334 3092 2513 3131 casam
2561 3094 2680 3146 quae
2729 3080 2931 3148 regitur
2981 3094 3075 3148 per
3118 3078 3376 3133 Malnnetn
3421 3090 3558 3131 cum.

1955 3182 2155 3234 uxore,
2182 3175 2236 3223 et
2265 3166 2420 3234 ﬁliis,
2448 3177 2502 3222 et
2523 3168 2771 3222 omnibus
2793 3169 2893 3223 sibi
2923 3169 3340 3238 pertinentibus;
3366 3180 3551 3221 casam

1956 3278 2074 3332 qua:
2102 3264 2306 3333 regitur
2336 3278 2429 3331 per
2460 3261 2787 3317 Gaudiosum
2819 3273 2939 3316 cum
2974 3273 3168 3329 uxore,
3215 3267 3270 3316 et
3308 3260 3429 3314 ﬁliis
3451 3300 3465 3323 ,
3496 3270 3548 3313 et

1954 3353 2205 3409 omnbus
2246 3354 2345 3408 sibi
2387 3354 2771 3422 pertinentibus
2805 3370 2818 3406 :
2851 3367 3028 3408 casam
3060 3367 3179 3422 qua:
3220 3351 3421 3420 regitur
3453 3365 3553 3419 pen

1956 3444 2187 3501 Fuscum
2228 3460 2349 3500 cum
2382 3452 2669 3509 uxore,.et
2700 3445 2854 3511 ﬁliis,
2882 3451 2939 3500 et
2972 3444 3219 3499 omnibus
3249 3444 3348 3498 sibi
3382 3446 3545 3510 perti-

1955 3536 2242 3601 nentibus;
2284 3551 2463 3591 casam
2503 3552 2621 3606 qua:
2664 3534 2866 3605 regitur
2906 3550 2999 3602 per
3041 3534 3465 3602 'l'beospertum,
3496 3544 3552 3587 ct

1955 3643 2049 3696 per
2074 3626 2337 3683 Goaldum
2364 3667 2380 3693 ,
2423 3643 2543 3682 cum
2576 3641 2773 3691 uxore,
2808 3634 2864 3682 et
2894 3625 3021 3680 ﬁliis
3044 3668 3058 3692 ,
3090 3633 3146 3680 et
3172 3623 3419 3678 omnibus
3443 3623 3558 3676 sibi.

1955 3719 2379 3788 pertinentibus;
2410 3734 2589 3774 casam
2624 3734 2743 3787 qua:
2772 3719 2977 3789 regitur
3004 3734 3098 3787 per
3128 3716 3395 3772 Catullum
3426 3731 3548 3770 cum

1955 3823 2162 3876 uxore,
2192 3820 2243 3864 et
2269 3808 2421 3875 ﬁliis,
2450 3819 2502 3864 et
2522 3808 2769 3865 o'mnibus
2789 3808 2890 3864 sibi
2915 3806 3335 3878 pertinentibus;
3368 3822 3548 3862 casam

1953 3918 2069 3969 qua:
2119 3902 2320 3970 regitur
2368 3918 2465 3971 per
2508 3902 2760 3956 Gutulum
2810 3915 2931 3957 cum
2977 3916 3174 3965 uxore,
3217 3910 3270 3956 et
3310 3900 3465 3964 ﬁliis,
3497 3912 3564 3956 et?

1954 3993 2209 4047 omnibus
2249 3992 2349 4047 sibi
2383 3993 2809 4062 pertinentibus;
2852 4007 3033 4048 casam
3064 4008 3183 4063 quae
3225 3993 3428 4062 regitur
3458 4008 3554 4063 per

1953 4084 2226 4138 Albinium
2254 4099 2375 4139 cum
2405 4100 2573 4139 uxore
2589 4124 2611 4151 ,
2637 4095 2690 4139 et
2723 4084 2879 4152 ﬁliis,
2911 4094 2962 4140 et
2993 4085 3246 4140 omnibus
3284 4085 3385 4140 sibi
3429 4100 3550 4154 per-

1956 4174 2277 4240 tinentibus,
2306 4190 2422 4242 quae
2453 4173 2672 4229 fuerunt
2700 4174 2767 4229 de
2795 4174 3107 4229 subactione
3145 4172 3263 4229 Ursi
3302 4172 3566 4240 gastraldi.

1955 4265 2124 4318 nostri
2163 4283 2174 4319 :
2211 4279 2417 4320 necnon
2450 4265 2673 4319 Corvam
2705 4265 2757 4319 in
2792 4264 3047 4331 Luceria,
3083 4264 3200 4319 loco
3230 4264 3319 4333 qui
3351 4263 3548 4317 dicitur

1956 4356 2220 4427 Aquilone
2245 4356 2295 4410 in
2325 4356 2595 4411 territorio
2620 4354 2831 4410 Cerboli
2862 4358 3001 4409 servi
3031 4352 3237 4423 nostri,
3268 4361 3321 4407 et
3348 4353 3562 4407 condo-

1961 4462 2075 4502 mas
2107 4458 2215 4501 tres
2245 4446 2440 4500 ibidem
2475 4454 2881 4513 permanentes,
2928 4442 3030 4499 hoc
3073 4452 3185 4508 est,
3225 4457 3401 4499 casam
3431 4459 3555 4511 quas

1880 4564 1931 4621 Π
1959 4541 2163 4610 regitur
2191 4554 2287 4609 per
2313 4537 2630 4592 Teroaldtnn
2661 4552 2781 4591 cum
2814 4552 3013 4601 uxore,
3042 4545 3093 4590 et
3122 4536 3271 4603 ﬁliis,
3301 4545 3353 4590 et
3379 4534 3555 4590 omni-

1959 4631 2057 4686 bus
2086 4631 2188 4686 sibi
2228 4630 2653 4700 pertinentibus;
2697 4642 2874 4683 casam
2903 4643 3022 4697 qua:
3063 4627 3263 4697 regitur
3303 4641 3395 4696 per
3426 4626 3557 4681 Fer-

1958 4722 2189 4777 randum
2221 4735 2343 4777 cum
2370 4736 2542 4775 uxore
2563 4763 2576 4784 ,
2611 4731 2662 4774 et
2694 4719 2815 4773 ﬁliis
2836 4762 2849 4785 ,
2886 4729 2939 4775 et
2976 4720 3227 4774 omnibus
3253 4719 3353 4779 sibi
3387 4719 3554 4789 perti-

1960 4813 2242 4879 nentibus;
2295 4827 2472 4866 casam
2521 4826 2639 4881 qua:
2686 4809 2888 4878 regitur
2934 4824 3031 4879 per
3080 4808 3377 4881 Pepinum,
3429 4824 3555 4864 cum

1961 4923 2135 4963 uxore
2160 4948 2175 4973 ,
2207 4914 2262 4962 et
2290 4907 2446 4972 liliis,
2487 4918 2537 4959 et
2578 4905 2826 4959 omnibus
2868 4904 2971 4960 sibi
3011 4904 3436 4974 pertinentibus,
3486 4903 3555 4957 de

1960 5001 2274 5055 subactione
2322 4998 2530 5054 Gastari
2582 4997 2801 5052 trasaldi
2851 4997 3037 5052 nostri.
3085 4994 3191 5052 Sed
3236 4997 3288 5051 in
3328 4995 3554 5065 Siponto

1959 5090 2253 5147 condomas
2295 5100 2442 5156 tres,
2492 5089 2611 5144 loco
2648 5088 2739 5159 qui
2780 5088 2973 5143 dicitur
3012 5089 3246 5158 Sapesso
3301 5103 3319 5140 :
3370 5101 3555 5142 casam

1960 5197 2078 5254 qua:
2103 5182 2305 5250 regitur
2333 5197 2425 5249 per
2454 5180 2773 5236 Andifusum
2797 5221 2817 5247 ,
2844 5196 2963 5235 cum
2995 5194 3161 5234 uxore
3186 5220 3203 5244 ,
3234 5188 3286 5232 et
3316 5178 3467 5245 ﬁliis,
3500 5189 3555 5234 et

1960 5273 2212 5327 omnibus
2242 5287 2427 5327 eorum
2461 5272 2801 5340 pertinentiis
2834 5288 2850 5325 :
2880 5286 3054 5325 casam
3087 5285 3203 5339 qua:
3235 5269 3433 5340 regitur
3458 5287 3553 5340 per

1962 5363 2298 5419 Andualdum
2324 5379 2445 5417 cum
2479 5372 2758 5429 uxore,et
2780 5362 2931 5429 ﬁliis,
2963 5374 3015 5415 et
3035 5364 3283 5415 omnibus
3304 5362 3406 5417 sibi
3434 5378 3553 5431 per-

1964 5453 2293 5518 tinentibus;
2339 5468 2517 5508 casam
2539 5497 2554 5519 ,
2596 5468 2714 5522 qua:
2756 5452 2952 5520 regitur
2980 5467 3075 5520 per
3103 5450 3396 5515 alaloncm,
3429 5466 3550 5504 cum

1961 5558 2161 5612 uxore,
2192 5554 2247 5599 et
2275 5545 2397 5599 ﬁliis
2422 5588 2437 5611 ,
2470 5555 2522 5600 et
2551 5544 2802 5598 omnibus
2839 5541 2941 5596 sibi
2976 5532 3365 5611 pertinentibus
3392 5582 3406 5607 ,
3434 5557 3552 5611 qum

1962 5638 2176 5693 fuerunt
2199 5638 2269 5694 de
2299 5640 2611 5694 subactione
2640 5636 2890 5692 Emerissi
2930 5637 3151 5707 gastaldi
3184 5637 3350 5692 nostri
3382 5653 3396 5689 :
3426 5649 3553 5692 nec-

1938 5742 2067 5782 -non
2116 5738 2171 5784 et
2216 5727 2268 5783 in
2319 5731 2548 5785 Salerno
2589 5727 2938 5798 piscatorias,
2972 5743 3124 5782 casas
3161 5726 3324 5793 duas,
3366 5725 3415 5781 id
3447 5735 3548 5791 est,

1960 5834 2140 5886 casm
2186 5823 2553 5897 querqitur
2590 5837 2689 5893 per
2728 5820 3039 5879 Malerinum
3084 5837 3206 5877 cum
3248 5833 3458 5894 uxore,
3498 5828 3571 5873 et.
