4026 6352
490 364 630 420 “27

1667 359 2273 418 LANGOBARDORUM
2318 359 2561 416 ιιεουιί

3632 365 3759 421 “28

487 481 638 547 ﬁliis,
671 491 727 538 et
752 482 1002 539 erunibus
1043 483 1144 539 sibi
1175 481 1594 550 pertinentibus;
1625 495 1802 534 casam
1831 492 1947 545 quae
1977 491 2062 529 rs-
2093 481 2145 538 Α
2175 477 2335 538 Petri,
2368 487 2421 530 et
2451 478 2564 546 ipso
2587 477 2761 532 Monte
2790 492 2911 531 cum
2939 476 3054 544 ipso
3083 477 3261 548 plano,
3289 491 3342 534 et
3372 481 3484 550 ipsa
3511 482 3717 538 ferrara
3745 499 3758 547 ;

487 574 629 641 gitur
660 588 752 642 per
775 572 1115 627 Radichisum
1141 590 1258 628 curn
1290 589 1471 636 uxore,
1497 582 1549 626 et
1574 573 1712 635 tiliis,
1738 581 1791 625 et
1818 568 2067 622 omnibus

487 663 587 736 sibi
619 663 1022 729 pertinentibus.
1057 663 1120 718 Et
1147 663 1316 717 lacum
1341 662 1404 714 ad
1433 661 1740 730 piscandum
1775 659 2065 726 integrum,

489 754 608 808 loco
635 754 723 822 qui
755 753 944 808 dicitur
973 754 1052 808 Ad
1081 765 1322 807 sanctum
1345 752 1697 818 Salvaturem,
1721 749 1812 804 sed
1845 759 1896 804 et
1919 749 2063 816 ipsas

485 860 637 898 casas
670 847 800 898 duas
829 845 892 898 ad
923 845 1086 898 salem
1117 844 1488 909 laborandum,
1521 843 1572 896 id
1596 853 1699 906 est,
1735 855 1912 895 casam
1945 855 2064 908 qua:

482 937 684 1005 regitur
717 953 808 1003 per
835 937 1039 990 Sircam
1075 952 1195 990 eum
1229 951 1426 1000 usure,
1460 945 1512 989 et
1557 937 1731 989 liberis
1756 975 1770 998 ,
1803 943 1853 988 et
1893 934 2066 987 omni-

485 1035 583 1077 bus
609 1026 707 1079 sibi
741 1026 1128 1094 pertinentibus
1161 1045 1172 1079 :
1202 1042 1405 1080 necnon
1437 1037 1489 1080 et
1511 1025 1561 1080 in
1594 1026 1832 1080 Viviamo
1862 1025 2060 1078 condo-

484 1099 627 1169 snam
657 1132 833 1181 unam,
867 1116 1082 1170 nomine
1115 1115 1364 1171 Lumchis
1392 1131 1510 1169 cum
1541 1131 1724 1180 uxore,
1757 1123 1810 1168 et
1841 1114 1982 1179 (illis,
2012 1123 2067 1168 et

484 1205 732 1262 omnibus
778 1207 877 1262 sibi
927 1209 1347 1278 pertinentibus,
1386 1224 1517 1278 quos
1563 1209 1866 1276 Stephanus
1904 1206 2062 1261 Sarto

484 1294 581 1368 per
611 1311 935 1369 praeceptum
967 1300 1158 1354 l'alsum
1195 1300 1468 1365 liberavit,
1501 1309 1553 1353 et
1577 1315 1660 1353 res
1689 1299 1940 1360 abstulit,
1970 1298 2063 1351 sed

482 1387 538 1444 et
568 1391 803 1460 legibus,
835 1401 891 1446 et
935 1392 1034 1460 ipsi
1067 1402 1120 1446 et
1152 1407 1239 1447 res
1265 1407 1446 1446 eorum
1479 1393 1541 1443 ad
1576 1402 1805 1444 nostram
1837 1390 2068 1444 devene-

481 1490 609 1535 runt
657 1491 974 1550 potestatem
1031 1501 1042 1535 :
1087 1495 1264 1537 nostra
1308 1498 1434 1538 vero
1482 1493 1715 1552 potestas
1768 1483 2067 1536 nominatas

481 1573 773 1629 condomas
799 1577 1134 1630 menasterio
1166 1585 1364 1630 sancta:
1400 1577 1610 1644 Sephite
1640 1576 1905 1630 concessit
1945 1591 2067 1644 per-

481 1667 774 1732 fruendas;
816 1682 1024 1722 necnon
1068 1679 1121 1722 et
1165 1684 1231 1722 ex
1282 1669 1400 1737 galo
1447 1678 1628 1722 nostro
1670 1669 1840 1737 largiti
1885 1681 2100 1732 sumus

481 1755 739 1822 praedicto
767 1765 964 1809 sanctae
997 1755 1214 1825 Sophia:
1256 1758 1578 1811 monasterio
1617 1757 1792 1828 aliqua
1823 1757 2062 1810 facienda

2173 565 2287 620 ιιυο
2325 571 2500 623 omnia
2549 580 2744 623 sanctae
2791 569 3004 637 Sophim-
3053 574 3387 626 monasterio
3436 576 3762 642 possidenda

2170 659 2555 712 concessimus.
2587 659 2798 712 Necnon
2830 671 2882 713 et
2912 661 3080 725 ipsam
3111 663 3403 717 ecclesiam
3431 677 3631 718 saneta:
3663 667 3765 722 Ma-

2171 748 2263 801 ria:
2291 749 2340 800 in
2371 745 2562 802 ﬁnibus
2591 747 2928 802 Janiensibus
2951 791 2964 813 ,
2996 751 3116 804 loco
3143 751 3231 820 qui
3255 753 3451 807 dicitur
3480 753 3766 812 Gunianus

2170 853 2288 892 cum
2331 841 2576 894 omnibus
2613 842 2722 894 suis
2772 843 3105 909 pertinentiis
3134 883 3148 908 ,
3197 848 3524 900 monasterio
3571 859 3768 902 sanctas

2169 927 2379 996 SOphia:
2403 930 2645 984 dedimus
2669 932 3067 998 possidendam.
3094 933 3198 988 Sed
3224 944 3280 988 et
3303 937 3596 991 ecclesiam
3624 938 3770 1001 Beati

2169 1021 2471 1088 archangeli
2501 1021 2772 1076 Michaelis
2792 1063 2806 1087 ,
2834 1040 2952 1093 qua:
2983 1023 3201 1078 fundata
3227 1027 3386 1080 estin
3409 1029 3527 1094 gan
3561 1039 3765 1090 nostro,

2171 1120 2366 1164 terram
2399 1113 2692 1166 modiorum
2724 1127 2936 1168 centum
2967 1131 3092 1184 erga
3119 1115 3295 1186 ipsam
3330 1117 3652 1186 ecclesiam,
3685 1119 3772 1174 ubi

2171 1202 2468 1257 Dacoaldus
2523 1206 2849 1258 venerabilis
2901 1207 3066 1260 abbas
3116 1208 3318 1262 servire
3363 1207 3612 1275 videtur;
3652 1226 3766 1278 qua)

2171 1292 2267 1346 fuit
2297 1293 2396 1345 sub
2435 1294 2644 1348 actione
2685 1292 2980 1362 Ferdolphi
3022 1297 3247 1365 gastaldi
3290 1296 3493 1362 nostri,
3533 1298 3766 1354 secundo

2170 1383 2236 1436 de
2261 1383 2484 1436 ecclesia
2515 1385 2682 1437 sancti
2717 1384 2946 1438 Mercuri
2981 1386 3030 1438 in
3059 1386 3178 1454 galo
3209 1397 3415 1452 nostro,
3447 1387 3561 1441 ιιωο
3589 1389 3765 1441 omnia

2170 1486 2372 1530 sancite
2417 1475 2632 1544 Sephia:
2676 1478 3002 1531 monasterio
3030 1480 3393 1533 conecssituus
3421 1479 3763 1548 possidenda,

2171 1568 2315 1636 quod
2365 1577 2689 1638 praeceptum
2743 1569 3028 1623 oblationis
3075 1585 3139 1623 ex
3179 1570 3420 1638 jussione
3463 1586 3525 1625 ac
3569 1571 3766 1627 dictata

2173 1668 2370 1714 nostra:
2419 1661 2698 1730 potestatis
2737 1661 2924 1731 scripsi
2957 1676 3055 1729 ego
3089 1661 3347 1717 Entaldus
3382 1662 3645 1716 notarius.

2245 1752 2437 1806 Actum
2475 1749 2764 1806 Beneventi
2799 1753 2848 1806 in
2888 1751 3194 1808 felicissimo
3230 1755 3424 1822 palatio
3447 1796 3462 1820 ,
3495 1769 3640 1808 anno
3677 1754 3762 1808 de-

481 1847 783 1900 annualiter
820 1847 872 1900 in
903 1861 967 1900 eo
1000 1849 1150 1914 loco,
1200 1848 1250 1901 in
1283 1865 1385 1916 quo
1416 1849 1768 1902 commoditas
1799 1848 1961 1903 fuerit
1999 1849 2066 1902 ad

2174 1843 2314 1896 cimo
2351 1844 2580 1908 septimo
2631 1859 2813 1898 mense
2854 1845 3114 1899 Novemb.
3163 1846 3456 1901 indictione
3506 1861 3602 1900 snt
3647 1845 3762 1901 teli-

479 1938 754 1992 norr.inata
780 1937 917 2007 ligna
948 1939 1274 1994 adtrahenda
1308 1959 1317 1992 :
1345 1942 1434 1994 sed
1459 1950 1510 1995 et
1535 1943 1790 2010 porticum
1818 1957 1882 1996 ex
1910 1939 2068 2012 lignis

480 2043 577 2099 per
606 2029 846 2099 singulas
877 2040 1057 2099 portas
1085 2033 1316 2086 civitatis
1351 2041 1545 2086 nostra:
1576 2033 1980 2095 Beneventanze,
2016 2033 2068 2088 id

478 2125 600 2186 est,
631 2120 697 2175 de
742 2130 893 2189 porta
941 2123 1142 2176 Turrea
1184 2124 1249 2178 de
1281 2124 1433 2193 lignis
1478 2140 1626 2178 carra
1658 2125 2067 2196 quinquaginta;

479 2209 548 2264 de
575 2220 728 2278 porta
763 2211 938 2266 Ruﬁni
971 2229 1118 2267 carra
1153 2215 1363 2284 triginta
1399 2231 1414 2268 :
1447 2215 1558 2268 haec
1587 2217 1762 2269 omnia
1793 2228 2067 2270 monaste-

479 2303 560 2356 rio
600 2313 801 2359 sancta:
841 2306 1055 2374 Sophite
1084 2307 1445 2360 concessimus
1478 2307 1817 2374 possidenda.
1855 2307 2070 2361 Necnon

479 2400 535 2449 et
565 2394 659 2450 Sili
687 2438 701 2462 ,
738 2402 899 2467 qu’em
933 2413 1051 2450 cum
1089 2414 1152 2452 ex
1182 2412 1414 2452 tnercatu
1443 2402 1605 2453 sancti
1641 2397 1896 2452 Valentini
1931 2399 2069 2452 inte-

481 2491 636 2556 grunt
665 2489 856 2554 secuti,
890 2500 939 2543 et
967 2490 1032 2542 ad
1062 2501 1296 2543 nostram
1327 2499 1644 2560 potestatem
1681 2491 1963 2560 pervenire
1995 2491 2073 2542 vi-

480 2597 598 2634 sum
635 2582 753 2647 luit,
786 2583 857 2636 ita
887 2590 1089 2637 sancta:
1113 2583 1324 2652 Sephiaz
1354 2585 1679 2638 monasterio
1709 2583 2069 2637 concessimus

482 2675 804 2744 exigendum
843 2694 853 2726 :
891 2674 982 2729 sed
1016 2686 1068 2729 et
1097 2675 1394 2728 annualiter
1421 2674 1486 2728 de
1516 2688 1672 2728 sacro
1705 2683 1885 2728 nostro
1917 2673 2070 2725 Pala-

484 2767 562 2818 tio
587 2765 652 2820 ad
683 2765 902 2821 cardum
935 2767 1106 2822 eidem
1139 2768 1464 2822 monasterio
1494 2767 1734 2822 concessi
1763 2781 1952 2836 porcos
1983 2782 2072 2818 ca-

477 2859 588 2927 pita
612 2869 849 2913 centum.
873 2861 1272 2927 Concessitnus,
1292 2863 1449 2917 etiam
1474 2861 1615 2916 dicto
1637 2872 1835 2916 sancta:
1857 2861 2069 2930 Sophia:

478 2951 839 3017 monasterio,
871 2960 927 3004 ut
970 2949 1160 3005 habeat
1200 2968 1263 3006 ex
1314 2968 1464 3007 sacro
1503 2961 1688 3006 nostro
1729 2952 1924 3022 palatio
1970 2968 2068 3004 au-

477 3042 706 3097 nualiter
736 3057 929 3097 aureos
970 3045 1170 3098 solidos
1201 3044 1458 3100 ducentos
1491 3059 1584 3114 pro
1622 3047 1814 3100 vestitu
1846 3059 2066 3113 compa-
2116 3043 2126 3056 '

476 3135 669 3199 rando,
701 3145 754 3189 et
777 3137 862 3188 illa
893 3150 1010 3204 qua:
1033 3151 1168 3205 opus
1198 3137 1392 3191 fuerint
1417 3155 1431 3196 ;
1461 3152 1666 3192 necnon
1702 3137 1859 3191 etiam
1888 3146 1940 3190 et
1969 3139 2063 3188 hos

476 3230 714 3279 statuere
757 3222 852 3280 visi
906 3237 1089 3278 sumus
1115 3267 1128 3290 ,
1163 3237 1216 3280 ut
1261 3239 1436 3282 nostra
1484 3229 1758 3282 concessio
1797 3227 1865 3281 sit
1915 3226 2064 3279 firma

477 3317 753 3370 nominato
783 3324 1142 3386 monasterio;
1176 3329 1228 3374 et
1271 3319 1488 3389 insuper
1533 3319 1902 3373 concessimus
1936 3334 2068 3386 pra:-

477 3407 622 3461 dicto
653 3413 982 3464 monasterio
1006 3411 1176 3478 ipsum
1209 3411 1492 3465 terminum
1519 3410 1660 3463 intus
1690 3417 1893 3479 portam
1922 3424 2068 3462 surn-

473 3514 618 3564 n'gam
649 3515 770 3554 cum
803 3518 935 3572 aqua
964 3549 978 3571 ,
1016 3514 1068 3559 et
1100 3503 1273 3559 listula
1307 3517 1400 3572 pro
1432 3503 1545 3570 ipso
1575 3503 1764 3557 balneo
1790 3503 1842 3557 in
1874 3503 2064 3557 eodem

477 3593 829 3659 monasterio,
861 3594 911 3648 id
946 3605 1026 3649 est
1069 3597 1137 3652 de
1177 3605 1324 3664 porta
1365 3595 1602 3650 Liscardi
1633 3595 1700 3649 de
1731 3594 1887 3664 lignis
1917 3610 2066 3648 earra

477 3683 696 3752 viginti,
740 3693 796 3739 et
835 3685 1032 3742 ibidem
1077 3703 1254 3741 casam
1296 3703 1416 3742 cum
1460 3687 1748 3757 parietibus
1779 3688 1910 3741 suis.
1945 3685 2068 3740 lla-c

477 3775 656 3829 omnia
705 3777 846 3831 sicut
893 3793 1052 3846 supra
1096 3779 1284 3846 legitur
1333 3780 1700 3834 concessimus
1748 3777 2066 3846 possidenda

477 3866 732 3930 praedicto
765 3868 1092 3922 monasterio
1130 3879 1326 3923 sancta:
1371 3869 1584 3937 Sophia:
1617 3869 1889 3938 possidere
1928 3883 2067 3921 sem-

478 3973 594 4024 per.
638 3957 854 4012 Necnon
896 3960 1056 4015 etiam
1099 3970 1153 4016 et
1184 3961 1285 4016 hoc
1314 3963 1679 4017 concessimus
1711 3965 1927 4032 przel'ato
1955 3980 2067 4017 mo-

477 4048 713 4101 nasterio
739 4050 918 4102 omnia
953 4052 1218 4106 territoria
1261 4063 1313 4108 et
1350 4053 1706 4109 fundamentis
1748 4057 2064 4123 pertinentia

478 4146 664 4192 nostro
696 4152 850 4193 sacro
891 4141 1120 4209 palatio,
1165 4159 1280 4211 quae
1322 4159 1442 4198 cum
1484 4147 1639 4199 terris
1679 4148 2067 4215 pertinentibus

478 4233 676 4290 fuerint
705 4234 1015 4306 conjuncta,
1050 4246 1154 4291 tam
1198 4238 1249 4292 in
1295 4239 1486 4294 linibus
1535 4240 1856 4305 Beneventi,
1905 4256 2065 4311 quam

479 4328 533 4380 in
581 4330 772 4400 Apulia
803 4370 818 4396 ,
867 4340 922 4386 et
967 4331 1268 4402 ubicunque
1313 4349 1399 4388 res
1428 4350 1491 4387 ex
1532 4333 1889 4388 fundamentis
1927 4337 2064 4389 sacri

479 4421 646 4474 nostri
679 4421 860 4490 palatii
894 4423 1285 4492 pertinentibus
1307 4465 1321 4488 ,
1351 4435 1401 4479 et
1433 4426 1483 4479 in
1528 4425 1717 4480 ﬁnibus
1748 4427 1939 4494 Capuae
1965 4469 1978 4492 ,
2013 4438 2066 4481 et

2176 1937 2330 1990 citer.

2174 2049 2487 2104 Donationes
2514 2049 2662 2115 factw
2692 2050 2995 2102 monasterio
3031 2049 3326 2104 Pistoriensi
3357 2051 3518 2102 sancti
3545 2049 3764 2104 Bartho-

2432 2121 2599 2172 lomwi
2631 2118 2714 2189 (ab
2746 2136 2880 2172 anno
2911 2119 3015 2174 748
3045 2122 3113 2171 ad
3139 2137 3328 2173 annum
3359 2120 3509 2194 784.)

2470 2210 2561 2273 (Ex
2589 2210 2834 2260 Zacharia.
2855 2211 3105 2260 Anecdota
3133 2213 3282 2261 medii
3304 2212 3440 2276 arvi.)
3525 2205 3530 2214 ’

2245 2386 2549 2454 Exemplar.
2595 2387 2650 2442 In
2705 2388 2921 2440 nomine
2965 2375 3198 2441 Domini-
3218 2388 3303 2441 die
3345 2396 3533 2440 octavo
3580 2399 3761 2442 mense

2175 2478 2503 2546 Septembris
2533 2489 2788 2544 regnante
2817 2479 3034 2531 domino
3075 2476 3268 2530 liacltis
3299 2477 3378 2531 vir
3415 2479 3762 2534 excellentis-

2176 2569 2341 2620 simus
2385 2584 2562 2638 regem
2611 2583 2752 2622 anno
2797 2581 2987 2638 quarto
3036 2583 3128 2636 per
3175 2569 3461 2624 indictione
3508 2573 3759 2626 secunda.

2175 2659 2495 2713 Feliciter...
2545 2659 2830 2729 Batpertus
2861 2663 3127 2731 quondam
3161 2663 3298 2719 [ilius
3330 2667 3596 2735 quondam
3630 2665 3760 2722 Citi-

2176 2751 2349 2804 lichisi
2374 2766 2590 2819 sperare
2623 2753 2672 2805 in
2705 2769 2788 2806 me
2809 2755 2984 2808 divina
3016 2760 3270 2822 potentia,
3299 2757 3420 2810 dum
3444 2759 3760 2826 complexus

2174 2846 2411 2912 rejacere
2442 2843 2493 2898 in
2527 2846 2862 2914 inlirtnitate,
2905 2848 3020 2902 sine
3059 2850 3163 2903 line
3194 2850 3279 2904 ubi
3315 2850 3457 2904 l'ures
3499 2865 3604 2903 non
3635 2851 3761 2904 εσυ·

2171 2938 2342 3003 (Ιίιιηι,
2371 2954 2467 2991 nec
2490 2939 2748 3002 iurantur,
2778 2951 2830 2992 ut
2861 2940 2947 2994 illa
2979 2955 3108 2996 voce
3138 2943 3321 2996 audire
3345 2957 3578 3006 merear,
3605 2958 3759 3009 quam

2176 3028 2435 3082 Dominus
2479 3040 2660 3082 uoster
2699 3027 2859 3083 Jesus
2897 3031 3159 3096 Christus,
3199 3046 3261 3085 ac
3301 3032 3606 3098 redemptor
3645 3045 3760 3083 0m-

2174 3122 2317 3174 niutn
2353 3123 2402 3175 in
2443 3136 2501 3176 se
2531 3123 2865 3175 credentibus
2895 3126 3203 3191 promittere
3231 3124 3476 3193 dignatus
3507 3134 3622 3189 est,
3663 3123 3761 3177 Vo-

2174 3214 2297 3278 nite,
2353 3213 2599 3265 benedicti
2633 3211 2827 3276 Patris,
2883 3215 3126 3283 percipite
3173 3232 3384 3286 regnum
3438 3215 3580 3286 quod
3625 3216 3766 3270 vobis

2169 3315 2405 3376 paratum
2436 3316 2510 3359 est
2549 3305 2612 3358 ab
2642 3307 2838 3376 origine
2879 3309 3094 3375 mundi,
3142 3320 3194 3362 et
3234 3310 3424 3363 iterum
3465 3311 3767 3363 ammonuit

2171 3399 2355 3452 dicens
2380 3408 2401 3432 λ
2425 3415 2437 3464 ;
2465 3398 2599 3452 lilius
2633 3401 2897 3452 masculus
2927 3403 3125 3466 previdi
3159 3402 3283 3456 mihi
3314 3403 3364 3456 in
3399 3404 3614 3472 pr0prio
3644 3420 3767 3458 meo

2171 3491 2421 3546 otlilicare
2468 3491 2692 3545 eCclesia
2741 3496 3065 3548 monasterio
3113 3495 3540 3551 beatissimorum
3588 3498 3762 3551 sancti

2172 3581 2345 3649 l‘etrl,
2387 3592 2439 3635 et
2487 3582 2664 3646 l'auli,
2714 3595 2874 3654 atque
2919 3588 3217 3652 Anastasii,
3269 3598 3323 3642 et
3369 3587 3493 3642 inivi
3546 3605 3636 3644 me
3685 3591 3766 3644 vel

2171 3675 2346 3726 anima
2382 3691 2496 3728 mea
2527 3677 2926 3743 Commendare,
2969 3691 3124 3748 atque
3165 3679 3343 3736 offerri
3377 3682 3666 3736 medietate
3696 3682 3763 3737 de

2169 3780 2382 3821 omnem
2415 3769 2724 3836 parvitatem
2753 3771 3026 3838 pecuniam
3084 3772 3166 3826 vel
3201 3773 3521 3843 adquisitum
3555 3791 3763 3842 meum,

2169 3859 2307 3929 quod
2359 3874 2499 3913 nunc
2549 3862 2781 3929 presenti
2826 3862 2912 3915 die
2954 3878 3136 3929 avere,
3189 3875 3241 3920 et
3289 3875 3438 3920 tuero
3491 3875 3592 3920 tam
3636 3882 3765 3921 case

2169 3949 2481 4004 avitacionis
2506 3966 2660 4018 mem,
2695 3967 2850 4020 quam
2881 3961 2933 4006 et
2961 3968 3099 4006 casa:
3131 3955 3452 4020 masaricia),
3487 3970 3576 4009 seo
3601 3970 3763 4010 casa-

2169 4042 2260 4108 lia,
2291 4043 2444 4096 vinea
2465 4083 2477 4107 ,
2513 4051 2652 4096 terra
2673 4083 2687 4106 ,
2719 4044 2904 4111 pratis,
2939 4045 3167 4111 pascuis,
3199 4045 3372 4112 silvis,
3405 4045 3642 4109 selectis,
3675 4062 3765 4100 sa-

2170 4130 2429 4198 tionibus,
2460 4133 2695 4198 cultum,
2727 4144 2885 4199 atque
2918 4134 3194 4198 incultum,
3230 4136 3504 4202 niovilem,
3539 4137 3621 4190 vel
3662 4138 3763 4189 im-

2170 4224 2416 4278 movilem
2441 4264 2454 4290 ,
2485 4239 2710 4293 seseque
2741 4225 3074 4279 moventibus
3106 4229 3315 4292 omnia,
3345 4237 3395 4281 et
3427 4228 3478 4281 in
3503 4229 3762 4283 omnibus

2167 4317 2232 4368 ad
2273 4315 2443 4383 ipsum
2483 4328 2746 4380 sanetum,
2792 4327 2841 4370 et
2885 4319 3181 4371 veneravile
3227 4317 3399 4373 IOeum
3440 4318 3659 4387 oﬂ‘erri,
3709 4328 3766 4376 et

2168 4408 2471 4462 condonare
2513 4409 2737 4478 previdi,
2784 4426 2875 4463 seu
2917 4422 2970 4465 et
3001 4412 3290 4477 ostruelda,
3335 4412 3423 4481 qui
3456 4421 3602 4468 veste
3647 4429 3766 4468 mo-

476 4509 715 4565 Alisanm
743 4509 967 4581 ﬁnibus,
995 4521 1047 4567 et
1079 4515 1128 4566 in
1157 4514 1275 4568 aliis
1305 4515 1610 4569 civitatibus
1639 4526 1694 4571 et
1718 4519 1977 4584 castellis,
2012 4529 2060 4571 et
2090 4538 2146 4601 υ
2172 4503 2371 4553 ¹¹³δ¹ί⁰³
2415 4500 2596 4553 ί¹¹¹¹¹³¹³
2629 4516 2750 4556 esse
2786 4502 3008 4555 "idem"
3054 4503 3109 4558 1"
3142 4520 3262 4557 eum
3304 4520 3430 4558 vero
3461 4515 3672 4569 m'wre'
3707 4517 3765 4562 m

476 4601 658 4657 omnia
686 4618 806 4671 qua:
834 4602 1027 4658 fuerint
1051 4603 1330 4673 conjuncta
1359 4622 1478 4658 cuin
1509 4607 1665 4660 rebus
1686 4608 1924 4675 ejusdem
1951 4625 2063 4663 mo-

479 4691 702 4746 nasterii
723 4732 737 4757 ,
764 4693 906 4747 dono
935 4694 1108 4749 eidem
1140 4699 1463 4751 monasterio
1495 4709 1688 4752 saneta:
1727 4697 1938 4769 Sophia:
1979 4703 2064 4755 illa

478 4785 844 4841 concessimus
885 4790 1204 4856 possidenda
1248 4810 1259 4845 :
1307 4792 1398 4847 sed
1438 4803 1491 4846 et
1539 4794 1814 4846 ecclesiam
1865 4802 2066 4848 sanetae

480 4876 688 4940 Mariae,
715 4894 830 4945 qua:
854 4879 950 4930 sita
981 4891 1060 4933 est
1090 4881 1224 4934 intra
1255 4882 1384 4934 duas
1411 4884 1520 4936 vias
1549 4882 1676 4936 foris
1706 4892 1827 4937 ante
1859 4894 2063 4950 portam

477 4982 739 5021 summam
770 4983 892 5022 cum
937 4971 1145 5037 prepria
1191 4982 1325 5025 terra
1367 4986 1482 5038 Sua,
1514 4988 1630 5042 qum
1659 4974 1851 5027 dicitur
1890 4973 2064 5027 Domi-

483 5057 597 5110 nica
625 5073 718 5126 per
744 5060 841 5120 hos
872 5059 1004 5114 lines
1031 5059 1097 5113 de
1121 5062 1291 5130 capite
1315 5077 1479 5130 usque
1503 5063 1566 5117 ad
1596 5063 1759 5131 ipsam
1784 5063 2063 5118 ecclesiam

481 5146 644 5200 habet
689 5162 878 5217 passus
915 5147 1148 5205 sedecim
1182 5151 1248 5204 de
1278 5165 1382 5204 uno
1413 5152 1579 5206 latere
1607 5154 1722 5219 via,
1755 5161 1810 5208 et
1848 5155 1913 5208 de
1961 5155 2067 5209 alio

479 5251 648 5297 iatere
690 5258 905 5313 quoque
943 5245 1026 5298 via
1073 5245 1334 5314 integrum
1375 5247 1694 5300 monasterio
1733 5259 1927 5302 Sanctae
1967 5247 2065 5302 So-

480 5336 617 5404 phiae
649 5337 1010 5392 concessimus
1049 5338 1431 5408 possidendum
1469 5359 1480 5392 :
1515 5355 1717 5394 necnon
1742 5384 1755 5407 ,
1797 5351 1850 5396 et
1893 5342 2064 5397 eccle-

478 5427 614 5481 siam
644 5431 811 5484 sancti
842 5430 1076 5496 Martini,
1108 5447 1226 5500 qua:
1261 5431 1312 5485 in
1341 5430 1534 5485 Matulo
1561 5431 1660 5484 sita
1685 5441 1765 5485 est
1794 5448 1913 5486 cum
1942 5449 2061 5486 om-

480 5521 637 5575 nibus
663 5524 776 5577 suis
805 5524 1086 5587 reditibus.
1114 5523 1441 5578 monasterio
1472 5533 1669 5576 sancta:
1692 5523 1906 5592 Sophia:
1936 5541 2062 5578 con-

479 5611 736 5666 cessimus
769 5630 779 5665 :
809 5614 901 5667 sed
944 5623 998 5669 et
1039 5615 1206 5684 ipsam
1238 5626 1440 5669 curtetn
1485 5623 1751 5680 nostram,
1786 5625 1928 5683 prata
1950 5658 1967 5684 ,
2009 5619 2060 5671 in

482 5704 597 5761 loco
640 5707 730 5776 qui
779 5707 1020 5763 Pazzano
1057 5707 1283 5776 dicitur,
1318 5726 1437 5765 cum
1481 5710 1592 5781 ipsa
1635 5710 1862 5764 ecclesia
1891 5713 2059 5768 sancti

553 5831 576 5860 ³
620 5820 779 5876 Forte
811 5822 893 5879 hic
925 5825 1119 5882 lineam
1149 5827 1321 5882 omisit
1353 5827 1642 5884 dormitans
1675 5827 1931 5883 notarius.

2170 4593 2213 4645 si
2263 4592 2372 4662 jatn
2427 4593 2562 4646 dicta
2615 4593 2718 4646 lilia
2773 4611 2886 4647 mea
2924 4597 3138 4650 voluere
3179 4614 3298 4649 cum
3341 4600 3600 4667 genitrice
3643 4618 3764 4654 mea

2171 4685 2390 4750 Munna,
2415 4695 2573 4755 atque
2600 4687 2824 4754 coniuge
2855 4704 2968 4740 mea
3002 4687 3348 4752 l'ersedrada,
3381 4705 3473 4742 sco
3500 4705 3764 4758 germana

2169 4793 2283 4832 mea
2318 4778 2568 4845 ltatperta
2602 4781 2650 4832 in
2687 4779 2859 4848 ipsutn
2893 4784 3219 4834 monasterio
3250 4797 3369 4836 meo
3397 4783 3674 4835 deservire
3705 4785 3766 4838 in

2170 4871 2433 4927 nodocltio
2474 4871 2605 4943 [lege
2638 4871 2990 4940 xctiodocltio]
3021 4889 3217 4943 egenos
3249 4877 3328 4930 vel
3363 4891 3625 4945 μιανθῇ-8
3669 4893 3764 4932 re-

2168 4966 2468 5034 cipiendum
2491 5006 2504 5029 ,
2540 4977 2594 5018 et
2622 4965 2915 5019 elemosina
2948 4965 3322 5033 tribuendum,
3363 4978 3414 5021 et
3451 4983 3766 5036 guvernano

2168 5060 2292 5109 dum
2324 5073 2415 5127 per
2445 5056 2724 5110 ebdomota
2763 5073 2865 5111 una
2901 5072 3160 5127 pauperes
3193 5059 3276 5111 vel
3305 5060 3615 5127 peregrinas
3642 5057 3788 5124 anis

2169 5163 2302 5212 mas,
2349 5159 2400 5201 et
2448 5165 2547 5202 una
2590 5164 2707 5202 cum
2757 5151 3023 5203 dominico
3070 5151 3262 5205 abbate
3311 5161 3540 5213 rectore,
3587 5167 3760 5220 quem

2168 5241 2295 5295 inibi
2325 5241 2572 5294 ordinare
2605 5240 2840 5310 providi;
2872 5239 3070 5304 omnia,
3103 5250 3153 5293 ut
3184 5241 3321 5303 dixi,
3355 5241 3403 5293 in
3436 5257 3526 5294 sua
3561 5241 3764 5296 habeat.

2168 5343 2428 5401 potestate
2475 5334 2797 5403 regendum,
2856 5333 3204 5389 elemosinam
3257 5333 3634 5401 tribuendum,
3685 5335 3766 5390 de

2166 5427 2357 5496 quibus
2404 5429 2529 5481 inibi
2573 5429 2819 5480 dominus
2865 5427 3172 5480 condonare
3213 5425 3456 5495 dignatus
3497 5429 3656 5480 tuerit
3700 5436 3764 5482 et

2167 5537 2262 5590 pro
2291 5523 2468 5575 anima
2505 5537 2619 5575 mea
2647 5533 2864 5592 gravata
2895 5521 3213 5590 ponderibus
3241 5520 3470 5591 peccatis
3499 5521 3633 5574 meis
3664 5521 3765 5578 die

2166 5625 2433 5684 noctuque
2463 5613 2880 5682 omnipotentem
2917 5613 3229 5680 Dominum,
3272 5623 3324 5668 et
3354 5612 3592 5682 ejusdem
3629 5629 3760 5666 ein-

2165 5707 2453 5780 nipotentis
2505 5704 2714 5764 Domini
2769 5705 3024 5776 genitrice
3073 5705 3273 5774 Maria,
3323 5706 3406 5763 vel
3454 5705 3768 5764 Leatissimi
