4026 6352
301 345 458 427 ηπ

1403 339 1792 420 pipiant“
1835 358 2118 420 seems.
2161 343 2496 420 smmis.

3448 365 3614 422 #131}

299 485 468 542 muni
501 481 663 546 Petri,
694 489 746 537 et
778 478 924 534 Pauli
955 495 1046 535 seu
1073 478 1336 533 Anastasii
1367 469 1546 533 incl...
1581 477 1735 532 nimis
1767 491 1888 544 pee-
1919 477 1966 535 Α
1995 478 2255 544 voluerit,
2307 477 2397 547 qui
2448 474 2580 531 inivi
2625 461 2785 532 fuerit
2826 465 3130 543 Ordinatus,
3184 464 3247 531 et
3289 471 3470 531 nullus
3517 479 3594 535 de

300 588 449 632 calor
477 577 544 628 de
577 573 806 627 vinculis
847 586 1102 638 penarunt
1134 571 1345 640 etipere
1375 570 1643 637 dignetur,
1670 578 1725 624 et
1754 568 1915 622 inter

299 644 522 730 sanctis,
553 677 604 719 ct
646 663 833 720 electis
866 664 976 716 sols
1020 662 1192 730 aliqua
1234 673 1384 730 parte
1424 664 1502 714 vel
1541 663 1770 713 societas
1801 662 1894 713 tri-

301 761 466 814 buere
507 759 714 827 jubeas,
768 757 889 822 quia
933 757 1193 825 scriptum
1238 765 1320 810 est
1365 770 1457 824 per
1497 755 1790 823 eloquium,
1840 764 1894 808 ct

300 847 751 903 titinistrationem
787 843 997 899 Domini
1029 845 1194 898 nostri
1231 842 1358 898 Jesu
1390 843 1620 908 Christi,
1655 842 1817 896 Petita
1845 854 1892 897 et

299 939 505 992 dabitur
533 939 697 1003 vobis,
730 939 926 1007 querite
966 947 1010 990 et
1051 937 1347 992 imrenietis.
1385 936 1486 993 Pro
1518 937 1636 992 ideo
1667 952 1764 1006 ego
1797 936 1892 992 mi-

297 1052 411 1102 ser,
459 1044 513 1089 et
571 1033 794 1088 nimium
851 1040 1099 1101 peccator
1145 1031 1384 1085 creditus
1434 1033 1488 1086 in
1535 1031 1652 1099 ejus
1703 1045 1892 1102 magna

227 1121 242 1131 ’
299 1125 687 1190 misericordia,
733 1125 823 1194 qui
867 1134 950 1178 est
999 1123 1115 1191 pius
1164 1121 1438 1187 Dominus,
1480 1136 1544 1177 ac
1588 1122 1896 1191 redemptor

295 1217 539 1272 «minium
569 1217 670 1271 celi
697 1226 752 1271 et
783 1227 945 1278 terre,
979 1214 1048 1269 de
1086 1216 1366 1284 parvitatis
1402 1229 1520 1270 mea
1548 1215 1775 1270 terrenis
1803 1215 1896 1268 tri-

296 1310 568 1364 buendum
609 1310 674 1361 ad
710 1309 819 1376 ipsa
863 1323 1047 1362 saneta
1081 1308 1278 1362 virtute
1320 1307 1556 1363 nominis
1597 1308 1892 1363 beatissimi

295 1401 469 1454 sancti
503 1401 666 1468 Petri,
697 1411 748 1453 et
781 1399 958 1465 Pauli,
991 1414 1086 1453 seu
1122 1397 1386 1454 Anastasii
1419 1398 1616 1453 celeste
1645 1400 1893 1468 gaudium

295 1491 523 1558 coniuge
573 1505 689 1542 mea
734 1488 1022 1543 Pcrterada
1068 1489 1286 1543 carnale
1329 1488 1457 1542 vitio
1499 1486 1656 1543 fuerit
1697 1504 1892 1543 conse-

295 1594 422 1636 cuta
444 1623 458 1646 ,
493 1592 546 1636 et
578 1582 630 1634 in
663 1581 781 1648 ipso
811 1580 1163 1644 senodochio,
1194 1580 1278 1634 vel
1310 1581 1636 1634 monasterio
1666 1580 1896 1634 noluerit

295 1676 602 1738 deservire,
646 1675 788 1727 nulla
821 1673 887 1727 de
928 1673 1087 1728 rebus
1120 1674 1252 1727 meis
1282 1687 1442 1728 avere
1480 1673 1742 1740 debeant,
1792 1674 1892 1729 nisi

297 1784 486 1832 vat-ua,
523 1778 575 1820 et
621 1767 781 1820 inane
822 1767 1014 1820 exinde
1062 1766 1189 1820 foris
1230 1768 1376 1821 exire
1418 1766 1665 1830 deveant,
1709 1769 1894 1822 ωιιΙιιισ

1995 568 2308 634 heredibus,
2363 567 2750 636 proheredihus
2806 568 2973 626 meis,
3022 583 3357 636 quocumque
3404 569 3591 640 aliqua

1995 675 2248 728 posses...
2295 662 2398 715 tuis
2432 661 2760 729 temporibus
2801 661 3091 713 Stavililum
3135 669 3471 728 permaneat.
3518 663 3600 717 Et

1993 757 2081 826 qui
2111 763 2295 809 (outra
2330 754 2468 808 hanc
2497 755 2756 808 cartulam
2778 793 2793 819 ,
2830 754 2922 809 vel
2958 754 3075 824 ipso
3117 757 3462 822 monasterio,
3493 765 3590 812 aut

1994 858 2235 904 sanctum
2267 846 2594 904 senodochio
2623 847 2700 902 ire
2727 845 3048 917 quandoque
3079 849 3426 916 presumserit
3447 889 3464 916 ,
3498 857 3590 902 aut

1993 957 2108 995 eam
2141 941 2446 1009 inrumpere
2471 940 2732 1007 voluerit,
2765 939 3009 1009 inprimis
3039 939 3090 993 in
3124 942 3197 994 ira
3233 940 3359 1006 Dei,
3389 949 3444 996 et
3473 955 3590 996 om-

1996 1035 2078 1088 nis
2118 1034 2328 1086 virtntis
2373 1033 2645 1098 eelorum,
2698 1033 3178 1104 archangelorum,
3233 1034 3594 1103 angelorum,

1997 1141 2161 1195 pro...
2191 1124 2566 1198 [proletarnm]
2596 1139 2621 1167 α
2652 1125 2863 1182 Scariot
2883 1167 2899 1192 ,
2932 1127 3021 1195 qui
3056 1127 3273 1181 tradidit
3305 1117 3588 1184 Dominum

1996 1227 2238 1272 nostrum
2289 1218 2471 1272 .lesuin
2518 1217 2823 1286 Christum,
2877 1225 2933 1273 et
2979 1217 3034 1272 in
3087 1227 3285 1273 tartaro
3337 1220 3408 1274 sit
3459 1233 3592 1276 con-

1993 1319 2285 1377 sumptum.
2319 1308 2460 1363 Ecce
2491 1317 2546 1362 ut
2579 1324 2694 1363 mea
2725 1308 2936 1363 fuerunt
2975 1309 3265 1377 desideria,
3295 1311 3590 1382 adinplevi,

1995 1411 2049 1458 et
2078 1403 2330 1456 Avantius
2362 1403 2602 1456 notarius
2630 1402 2865 1457 scrivere
2907 1404 3110 1472 rogavi.
3144 1405 3332 1460 Actum
3363 1403 3587 1460 Pistoria

1997 1501 2217 1564 regnum
2249 1502 2302 1549 et
2344 1493 2634 1549 indictione
2674 1495 3033 1562 suprascripta
3078 1495 3320 1550 feliciter.
3363 1497 3602 1566 Signum

1997 1601 2186 1639 manus
2211 1587 2323 1639 lt...
2351 1583 2530 1640 fredus
2554 1585 2789 1640 medicus
2815 1598 3028 1655 rogatus
3049 1587 3112 1639 ad
3143 1586 3399 1656 iiatperto
3427 1602 3588 1641 manu

1999 1683 2114 1732 mea
2146 1679 2358 1746 prOpria
2392 1686 2526 1732 teste
2555 1678 2865 1747 subscripsi.
2903 1679 3013 1748 Ego
3047 1679 3282 1734 Lazarus
3313 1688 3527 1750 rogatus
3557 1697 3589 1736 a

2007 1770 2259 1838 ﬂatperto
2290 1785 2448 1824 manu
2480 1787 2593 1824 mea
2623 1772 2742 1826 testi
2776 1773 3088 1840 subscripsi.
3121 1773 3232 1842 Ego
3265 1773 3598 1846 llacltiperto

299 1859 481 1921 laudo,
513 1857 601 1910 ubi
631 1857 890 1920 Volnerit,
921 1866 973 1910 et
1002 1855 1220 1910 forsitan
1254 1858 1428 1911 filia...
1463 1859 1542 1912 rio
1568 1859 1743 1930 [fama
1777 1874 1890 1914 mo-
1928 1833 1976 1894 Β
2001 1875 2216 1930 rogatus
2243 1863 2307 1915 ad
2333 1861 2592 1931 Ratperto
2630 1863 2782 1917 testis
2811 1879 2933 1919 ss...
2965 1863 3186 1932 Signum
3209 1881 3408 1922 manus
3436 1833 3586 1921 litau-

295 1948 557 2021 nasterio]
603 1949 838 2002 residere
875 1964 998 2002 cum
1041 1949 1283 2018 portione
1322 1964 1415 2002 sua
1449 1949 1634 2016 vadat,
1670 1951 1760 2004 ubi
1801 1967 1892 2005 vo-

297 2045 485 2104 luerit,
521 2041 750 2108 amplius
780 2039 845 2093 de
874 2040 1034 2095 rebus
1066 2042 1221 2106 meis,
1261 2040 1344 2095 vel
1385 2041 1435 2094 in
1477 2040 1594 2111 ipso
1625 2052 1891 2098 monaste-

297 2136 379 2188 rio
413 2134 556 2186 nulla
592 2141 773 2201 pos~et
801 2147 990 2198 avere,
1023 2132 1106 2187 vel
1139 2132 1495 2199 imperalione
1526 2134 1718 2188 facere.
1759 2134 1890 2188 Nam

297 2228 342 2279 si
389 2225 514 2278 inivi
544 2225 930 2292 permanserit,
963 2223 1141 2277 omnia
1172 2238 1294 2278 cum
1324 2225 1632 2293 supradicto
1661 2237 1890 2290 rectore,

300 2316 383 2369 vel
426 2316 717 2384 genitrice,
757 2323 917 2379 atque
958 2314 1213 2381 coniuge,
1260 2313 1345 2367 vel
1383 2316 1496 2366 si...
1532 2313 1711 2384 Vorte,
1739 2314 1892 2386 mihi]

307 2410 558 2463 Dominus
597 2409 758 2461 vitam
803 2408 1130 2461 concesserit
1171 2406 1224 2460 itt
1268 2405 1407 2462 hunc
1429 2387 1663 2461 .cxilium
1709 2408 1891 2462 mundi

303 2502 607 2555 avitandum
632 2542 646 2565 ,
677 2499 858 2553 omnia
891 2514 1007 2552 mea
1035 2500 1108 2552 sit
1140 2507 1402 2566 potestate
1430 2499 1721 2568 regendum
1747 2541 1760 2563 ,
1797 2515 1892 2552 re-

304 2593 715 2657 miliorandum,
769 2593 1045 2645 usufructu
1092 2590 1439 2658 capiendum,
1497 2605 1618 2645 nam
1671 2605 1774 2644 non
1825 2591 1890 2646 ad

299 2684 632 2739 secularibus
682 2698 777 2752 per
831 2683 975 2736 nullo
1029 2681 1243 2751 ingenio
1293 2681 1742 2744 subtrahendum,
1793 2682 1892 2736 nisi

304 2787 400 2843 pro
423 2775 600 2827 anima
630 2787 746 2827 mea
779 2772 929 2827 liveri
957 2771 1360 2835 demittendum,
1392 2781 1444 2825 et
1475 2771 1518 2825 si
1715 2771 1889 2844 [forte,

301 2864 518 2937 fuerint]
562 2865 720 2918 michi
767 2865 1011 2929 heredes,
1058 2877 1175 2917 esse
1211 2862 1441 2916 devcant
1477 2863 1770 2916 secundum
1810 2862 1892 2916 lex

299 2959 475 3026 gentis
521 2971 746 3020 nosme,
793 2965 845 3010 et
891 2956 1003 3022 ipse
1045 2952 1372 3008 senodochio
1411 2953 1464 3006 in
1509 2966 1659 3005 suam
1707 2955 1896 3006 liaveat

299 3059 594 3121 potestate,
626 3048 707 3101 vel
736 3050 825 3116 qui
857 3061 950 3114 per
981 3048 1095 3112 ipso
1124 3045 1252 3099 inibi
1286 3044 1443 3098 fuerit
1473 3045 1772 3097 ordinatum
1794 3085 1806 3106 ,
1842 3051 1898 3098 et

297 3145 342 3195 si
376 3142 440 3194 ad
470 3140 802 3195 secularibus
831 3139 1062 3192 voluerit
1099 3151 1433 3206 permanere,
1469 3137 1767 3214 portionem
1799 3153 1893 3192 sua

297 3233 582 3298 suscipiat,
611 3243 665 3286 et
695 3231 748 3284 in
780 3230 894 3298 ipso
924 3229 1248 3283 monasterio
1279 3229 1419 3282 nulla
1449 3228 1887 3296 imperatiOne....

298 3324 640 3379 ortinatione
671 3324 805 3376 iusta
841 3322 1064 3376 Domino
1095 3321 1257 3375 luerit
1284 3321 1584 3388 ordinatus,
1615 3331 1667 3375 et
1695 3323 1833 3390 quod
1863 3337 1892 3377 ο

299 3435 386 3472 me
410 3417 701 3484 optandum
723 3417 831 3484 jam
857 3426 958 3480 est,
979 3416 1023 3470 si
1049 3416 1164 3469 sine
1187 3415 1325 3468 filius
1347 3415 1587 3469 masculo
1611 3417 1892 3481 transiero,

297 3519 355 3563 et
381 3520 537 3562 antea
563 3510 632 3561 de
663 3508 764 3561 hac
795 3509 912 3560 luce
943 3507 1200 3576 migrates
1232 3504 1404 3574 fuero,
1435 3521 1592 3576 quam
1623 3506 1737 3574 ipse
1773 3524 1897 3562 san-

296 3609 444 3655 etum
472 3609 524 3652 et
557 3597 864 3653 veneravile
893 3597 1069 3652 locum
1109 3605 1460 3651 consecratus
1497 3598 1599 3663 sit,
1632 3598 1777 3664 volo,
1817 3608 1894 3650 at-

298 3707 407 3760 que
445 3692 701 3757 decerno,
743 3699 801 3744 ut
841 3691 958 3757 ipso
996 3689 1257 3753 oratorio,
1298 3690 1381 3744 vel
1421 3689 1750 3744 senodochio
1784 3689 1892 3758 jam

297 3784 522 3840 dicti....
549 3798 615 3852 ge
644 3782 818 3855 "orte.
856 3779 1126 3852 coniuge],
1157 3795 1257 3838 seu
1297 3795 1506 3847 sorore,
1537 3791 1592 3836 et
1621 3781 1724 3836 filia
1755 3796 1892 3847 mea,

297 3886 356 3930 et
392 3876 572 3928 omnia
611 3873 900 3928 medietate
939 3873 1102 3928 rebus
1141 3874 1299 3939 meis,
1343 3874 1484 3942 quod
1526 3873 1654 3928 inivi
1693 3875 1896 3928 condo-

299 3981 430 4021 nare
465 3965 612 4018 visus
655 3979 772 4018 sum
815 3964 1005 4018 diebus
1035 3964 1142 4018 vite
1172 3978 1287 4028 sne,
1323 3965 1376 4017 in
1416 3979 1566 4018 suam
1609 3975 1760 4020 aveat
1803 3980 1896 4034 po-

299 4068 572 4124 testatem,
620 4066 678 4113 et
726 4069 848 4129 post
896 4060 1043 4114 ovito
1086 4074 1296 4124 eorum,
1341 4061 1430 4130 qui
1480 4075 1573 4127 per
1618 4061 1718 4130 ipsi
1769 4061 1896 4116 inivi

299 4150 465 4206 fuerit
511 4152 820 4217 ordinatus,
871 4160 926 4207 et
977 4151 1153 4216 servi,
1201 4153 1282 4207 vel
1330 4152 1550 4205 ancillas
1601 4166 1752 4207 meas
1801 4168 1898 4222 pro

297 4246 477 4298 anima
512 4257 629 4298 mea
661 4243 812 4298 liveri
855 4241 1316 4298 demittendum...
1361 4249 1536 4296 ratum
1579 4245 1658 4297 sic
1703 4245 1755 4298 in
1799 4244 1897 4313 ipsi

298 4337 522 4392 livertas
571 4345 916 4408 permaneat,
964 4337 1103 4390 sicut
1157 4336 1406 4404 princeps
1458 4335 1715 4390 Dominus
1761 4337 1900 4392 bone

300 4430 564 4483 memorie
605 4427 944 4496 Luiprandus
983 4441 1077 4481 rex
1123 4442 1217 4495 per
1257 4426 1492 4482 edictum
1537 4427 1899 4496 conﬁrmavit,

301 4529 359 4572 et
400 4512 587 4572 iterum
614 4518 938 4574 confirmare
979 4519 1210 4589 previdi,
1251 4532 1303 4573 et
1343 4520 1442 4574 sub
1483 4521 1678 4575 nullus
1722 4531 1894 4576 mater

301 4612 545 4668 Ecclesia
571 4613 938 4666 subiacentem
973 4613 1148 4682 ipsum
1179 4625 1422 4667 sanctum
1451 4616 1741 4668 oratorium
1763 4656 1776 4678 ,
1811 4614 1894 4669 vel

297 4705 692 4761 senodocltium
742 4696 1006 4773 parvitate
1055 4720 1242 4759 mea...
1286 4704 1554 4759 dominico
1594 4705 1758 4760 abbas
1803 4723 1898 4776 per

300 4811 391 4853 me
430 4797 561 4851 ini-vi
609 4797 838 4864 positus,
876 4806 931 4851 et
976 4796 1089 4864 ipsa
1136 4796 1414 4866 genitrice,
1446 4806 1605 4865 atque
1644 4798 1894 4868 coniuge,

299 4903 397 4943 seu
426 4901 683 4958 germana
711 4895 874 4956 atque
903 4887 1008 4939 filia
1040 4902 1154 4940 mea
1187 4885 1240 4939 in
1270 4900 1420 4939 suam
1461 4895 1617 4940 aveat
1660 4898 1896 4956 potesta-

304 4991 411 5037 tem
449 4981 640 5036 diebus
681 4983 789 5034 vite
829 4995 950 5045 sue,
985 4989 1080 5034 aut
1121 4981 1266 5034 fratri
1309 4981 1394 5034 vel
1434 4983 1629 5050 sorori,
1673 4984 1762 5051 qui
1807 5000 1900 5053 per

303 5075 406 5144 ipsi
435 5075 563 5129 inivi
597 5076 755 5143 positi
784 5075 1016 5138 fuerint,
1047 5075 1131 5128 vel
1161 5074 1500 5143 postmodum
1533 5077 1899 5145 unusquisque

303 5167 597 5222 secundum
634 5168 913 5221 Dominum
945 5167 1132 5222 electis
1169 5167 1409 5236 spiriti...
1456 5183 1664 5236 preces,
1707 5178 1763 5222 et
1806 5185 1900 5236 pro

304 5260 508 5313 scelera
542 5275 658 5313 mea
692 5259 973 5312 Dominum
1002 5258 1398 5327 deprecandum
1420 5301 1434 5322 ,
1469 5274 1590 5312 nam
1633 5275 1724 5328 per
1754 5261 1904 5314 nullo

307 5351 460 5404 titulo
503 5352 554 5405 itt
598 5352 757 5404 alium
794 5351 1062 5404 hominem
1094 5349 1476 5416 alienandum,
1520 5360 1611 5404 aut
1655 5366 1747 5417 per
1776 5365 1898 5405 eor-

305 5446 557 5514 t'uptione
601 5445 729 5500 inivi
773 5444 882 5499 alio
920 5444 1414 5514 superponendum,
1465 5445 1566 5497 nisi
1609 5459 1769 5515 quem
1812 5444 1908 5500 ille

381 5611 408 5639 ιι
454 5599 546 5654 llic
574 5599 891 5654 Gualbertus
921 5599 1149 5666 scriptor
1175 5597 1366 5652 lineam
1395 5596 1651 5665 integram
1685 5597 1898 5663 omisit,

308 5687 465 5738 quam
497 5689 558 5725 ex
604 5671 707 5724 alio
741 5675 1092 5724 instruntento
1133 5670 1208 5723 sic
1249 5669 1472 5738 supplea
1507 5686 1518 5719 ;
1552 5669 1899 5738 apostolorum

309 5736 614 5867 :aitgmn,
647 5740 693 5798 et
719 5743 1072 5813 confessorem
1101 5736 1364 5795 iactu-rat.
1391 5736 1614 5808 Insuper
1643 5741 1807 5792 socius
1837 5743 1899 5793 rit

347 5831 375 5865 u
417 5831 474 5867 α.
731 5855 736 5859 .

347 5831 474 5867 uua.

2001 1956 2118 2010 relli
2162 1954 2428 2024 quondam
2459 1956 2567 2008 lilio
2597 1955 2864 2023 quondam
2911 1956 3106 2011 Statari
3149 1967 3370 2032 rogatus
3414 1961 3586 2025 testis.

2000 2045 2222 2114 Signum
2252 2061 2440 2100 manus
2469 2045 2703 2100 Anseltni
2737 2046 3004 2116 quondam
3030 2049 3120 2103 filii
3154 2049 3288 2102 Baro
3315 2049 3588 2105 fulitestis.

1998 2134 2220 2206 Signum
2253 2152 2442 2191 manus
2467 2136 2655 2190 Tatoni
2688 2139 2954 2207 quondam
2989 2140 3058 2194 liii
3090 2140 3355 2209 quondam
3391 2140 3606 2196 Fusoni;

2001 2235 2175 2288 testis.
2205 2235 2314 2302 Ego
2339 2235 2610 2300 Avantius,
2637 2237 2724 2303 qui
2756 2252 2915 2303 supra
2945 2237 3178 2307 scriptor
3210 2240 3366 2308 huius
3388 2241 3592 2295 cartule

2001 2333 2120 2395 post
2167 2339 2195 2378 a
2246 2325 2471 2380 testibus
2516 2336 2796 2390 rovorata,
2846 2339 2901 2383 et
2951 2330 3154 2396 hadita,
3209 2332 3375 2402 ipsius
3425 2333 3594 2389 abbas

2001 2423 2250 2485 presente
2295 2416 2509 2470 Andrea
2555 2414 2649 2470 lilii
2691 2417 2896 2472 domini
2936 2418 3112 2474 Caroli
3155 2421 3299 2493 [num
3343 2423 3530 2477 (iac/tis
3548 2421 3594 2496 2}

2000 2520 2144 2560 anno
2187 2505 2339 2575 regni
2380 2505 2496 2560 eius
2527 2516 2718 2575 quarto
2760 2525 2855 2577 per
2894 2510 3185 2567 indictione
3231 2513 3401 2581 prima
3442 2529 3596 2569 com-

2001 2597 2162 2667 plevi,
2196 2609 2247 2652 et
2274 2597 2419 2651 dedi.
2468 2599 2576 2667 ligo
2603 2598 2900 2668 Gausperto
2927 2601 3176 2658 Notarius
3219 2605 3362 2658 sicut
3404 2605 3456 2660 in
3499 2619 3595 2660 au-

1999 2690 2196 2745 tentica
2226 2688 2404 2744 inveni
2431 2691 2712 2759 scriptum,
2747 2692 2975 2748 lideliter
3004 2695 3324 2764 exemplavi.

2070 2776 2185 2851 Ego
2234 2781 2556 2837 Gnalbertus
2618 2784 2857 2837 notarius
2917 2794 2971 2839 et
3015 2784 3181 2854 judex
3225 2786 3364 2841 sacri
3413 2786 3605 2856 palatii

1999 2879 2228 2945 scriptor
2255 2877 2579 2929 autenticum
2614 2876 2744 2930 illud
2774 2877 2901 2944 vidi,
2931 2888 2982 2932 et
3012 2879 3113 2947 legi
3149 2896 3163 2933 ς
3199 2879 3277 2932 sic
3308 2879 3438 2933 ittibi
3471 2896 3592 2936 con-

2003 2967 2292 3032 tinebatur,
2326 2967 2595 3036 quomodo
2645 2969 2694 3020 in
2741 2969 2841 3020 hoc
2883 2970 3158 3037 exemplar
3197 2971 3456 3038 scriptum
3487 2981 3594 3037 est,

2003 3072 2182 3128 preter
2227 3059 2382 3115 litera
2431 3061 2548 3129 plus
2595 3061 2856 3124 minusve,
2905 3071 2959 3114 et
3006 3077 3165 3115 manu
3216 3077 3332 3116 mea
3379 3061 3610 3132 propria.

2003 3152 2104 3210 sc'ri
2113 3154 2213 3226 psi.

2075 3317 2380 3386 Exemplar.
2439 3317 2494 3372 In
2553 3331 2769 3372 nomine
2830 3320 3038 3375 Domini
3095 3322 3188 3378 Dei
3242 3323 3411 3377 nostri
3466 3321 3598 3377 Iesu

1998 3409 2197 3464 Christi
2251 3410 2338 3466 die
2393 3425 2536 3465 nono
2585 3427 2772 3466 mense
2825 3412 2970 3468 Julio
3015 3429 3157 3469 anno
3208 3416 3356 3486 regni
3409 3414 3596 3470 domni

2003 3502 2286 3566 Desiderii,
2320 3511 2374 3558 et
2404 3503 2619 3573 Adelgis
2651 3505 2764 3573 regi
2792 3519 2933 3560 anno
2962 3517 3174 3575 octavo,
3204 3517 3258 3563 et
3281 3508 3466 3577 quinto
3499 3523 3596 3575 per

1999 3594 2290 3650 indictione
2340 3597 2572 3650 secunda
2635 3597 2885 3653 feliciter.
2946 3598 3079 3653 Dum
3133 3601 3185 3654 in
3241 3601 3382 3654 hunc
3429 3602 3594 3655 exilio

1999 3684 2154 3741 huius
2186 3687 2351 3741 seculi
2390 3687 2591 3742 avitare
2631 3691 3014 3761 meruerimus,
3057 3703 3303 3760 opertum
3335 3705 3419 3749 est
3447 3700 3596 3749 enini

1997 3777 2232 3845 cogitare
2259 3777 2325 3832 de
2357 3777 2449 3832 Dei
2480 3781 2868 3849 omnipotentis
2893 3785 3282 3852 misericordia,
3313 3795 3363 3840 ct
3398 3788 3593 3842 remis-

1999 3870 2151 3924 sione
2179 3871 2476 3925 animarum
2509 3883 2834 3940 nostrarum,
2865 3887 3127 3946 quatenus
3159 3895 3254 3934 nos
3283 3880 3350 3935 de
3377 3883 3611 3938 vinculo-

2002 3980 2257 4033 penarum
2307 3965 2451 4020 Dnus
2493 3982 2555 4021 ac
2597 3968 2924 4039 Redemptor
2969 3972 3210 4027 omnium
3258 3973 3590 4044 indulgentia

2000 4056 2215 4125 pietatis
2243 4071 2338 4112 sue
2373 4058 2677 4113 condonare
2708 4062 2978 4131 dignetur,
3008 4072 3061 4117 et
3098 4065 3163 4118 ad
3207 4079 3331 4120 vera
3364 4067 3480 4122 luce
3509 4067 3590 4122 lu-

2003 4149 2164 4202 minis
2195 4149 2408 4218 pietatis
2437 4165 2533 4206 sue
2566 4152 2706 4206 inter
2742 4156 2963 4221 sanctis,
2993 4165 3046 4210 et
3075 4157 3262 4212 electis
3289 4159 3403 4213 eius
3441 4169 3593 4228 parte

1999 4241 2196 4310 aliqua,
2241 4242 2324 4296 vel
2365 4243 2594 4297 societas
2633 4244 2874 4301 invenire
2913 4259 3242 4314 mereantur,
3283 4263 3440 4317 quam
3472 4252 3592 4319 qui;

2003 4333 2124 4387 dem
2181 4349 2374 4404 magno
2424 4335 2649 4390 consilio
2695 4346 2778 4391 est
2827 4338 2990 4392 seculi
3040 4338 3373 4406 relinquere,
3421 4345 3479 4394 et
3525 4339 3597 4395 ad

2003 4425 2227 4488 sanctis,
2260 4435 2314 4477 et
2348 4423 2414 4479 ad
2443 4425 2834 4480 venerabilibus
2867 4428 2995 4480 locis
3023 4443 3118 4482 nos
3149 4429 3493 4496 comendare,
3537 4436 3594 4484 ut

2005 4515 2133 4569 dum
2176 4516 2358 4569 ultima
2399 4515 2488 4571 die
2530 4518 2857 4585 convinerit,
2905 4529 2961 4574 ut
3002 4535 3100 4575 nos
3138 4521 3191 4575 in
3229 4521 3340 4575 suis
3382 4521 3594 4578 iudiciis

1975 4605 2279 4670 \electionis
2308 4607 2529 4661 ostenda
2549 4649 2564 4673 ,
2598 4617 2653 4662 ut
2693 4609 2848 4664 novis
2877 4612 3170 4679 peccatoris
3202 4614 3476 4683 proveniat
3506 4629 3594 4670 sa-

2003 4697 2163 4751 lutem
2183 4738 2196 4762 ,
2228 4707 2283 4752 et
2325 4699 2564 4754 remedio
2594 4699 2804 4754 animm.
2851 4702 2976 4755 Ideo
3005 4702 3057 4757 in
3091 4703 3187 4758 Dei
3217 4703 3593 4774 omnipotentis

2001 4792 2219 4848 nomine
2249 4807 2352 4863 ego
2387 4792 2610 4848 Aivaldu
2653 4795 2915 4863 presbiter
2951 4796 3018 4851 de
3058 4799 3382 4853 monasterio
3419 4799 3593 4856 sancti

2001 4885 2283 4942 Silvatoris
2313 4886 2364 4954 δ,
2396 4888 2482 4958 qui
2515 4896 2596 4941 est
2624 4887 2726 4941 sito
2758 4902 2923 4958 prope
2955 4905 3107 4945 muro
3142 4892 3370 4946 civitatis
3409 4901 3593 4948 nostra

2001 4978 2232 5033 Pistorie
2270 4980 2407 5032 iusta
2444 4979 2728 5033 ecclesiam
2767 4981 2936 5036 sancti
2980 4982 3274 5037 beatissimi
3316 4983 3593 5036 Bartholo-

2002 5073 2140 5138 mei,
2173 5073 2299 5126 dum
2331 5073 2490 5127 michi
2522 5073 2698 5126 divina
2738 5074 3028 5130 adveniens
3067 5075 3471 5145 inSpirationem
3513 5074 3594 5128 ina

2004 5163 2210 5218 troendi
2250 5165 2301 5218 in
2343 5165 2484 5218 avito
2521 5174 2708 5219 sancto
2745 5181 3088 5220 monacorum
3128 5166 3265 5220 inter
3305 5165 3442 5219 alius
3487 5163 3590 5219 frao

2004 5267 2134 5321 tres,
2183 5267 2442 5327 quatenus
2491 5273 2576 5312 me
2619 5260 2987 5323 consideravi,
3033 5267 3090 5313 et
3137 5260 3480 5328 pertractavit
3525 5260 3594 5314 de

2005 5353 2326 5405 monasteria
2385 5350 2811 5406 beatissimorum
2869 5351 3178 5417 Silvatoris,
3236 5361 3395 5420 atque
3451 5351 3590 5406 beati

2003 5443 2174 5498 sancti
2223 5443 2442 5514 Angeli,
2495 5441 2582 5513 qui
2636 5452 2720 5500 est
2767 5445 2869 5499 sito
2923 5446 3091 5509 locus,
3151 5442 3242 5513 qtti
3295 5442 3593 5512 appellatur

2077 5597 2103 5640 δ
2143 5598 2379 5654 Silvris:
2421 5597 2657 5652 Silt'eslri
2697 5597 2881 5664 siglam
2926 5599 3182 5666 explicuit
3229 5598 3407 5653 nescio
3446 5614 3588 5668 quis,

2004 5686 2162 5739 quam
2211 5671 2399 5724 ducem
2450 5670 2633 5728 habuit
2675 5670 2917 5735 Salvius;
2966 5672 3126 5725 malui
3177 5685 3275 5741 ego
3323 5670 3622 5725 Silvaram-

2007 5743 2366 5821 interpretari.
