4026 6352
454 323 586 388 μοι

1647 293 2258 378 ιΑιιςοθῙῐιῠοιιωι
2303 311 2544 373 necum

3597 305 3736 376 ita:

452 439 618 498 Monti
653 435 860 496 (lanula
899 449 1066 509 prope
1103 435 1254 498 notio
1295 413 1490 501 Neore,
1528 447 1686 507 quem
1727 435 2035 491 felicissimo
2063 441 2114 502 Α
2211 431 2430 501 Signum
2481 438 2539 496 >3
2591 443 2779 486 manus
2827 428 3144 513 Luitpertuli
3193 431 3459 503 quondam
3503 432 3740 495 Chicbisl

452 531 741 602 presbiter,
780 544 874 585 sco
912 529 1230 586 Geminiano
1268 544 1296 583 a
1339 528 1680 582 fundamenta
1719 533 2034 590 erexerunt,

449 640 544 680 seu
577 635 631 686 et
658 624 882 688 Totone,
915 632 970 678 et
999 623 1226 693 Raspert
1254 621 1496 691 Autperti
1724 621 1775 677 in
1803 636 1902 676 suo
1933 619 2038 689 pri-

451 717 650 787 vilegio
700 716 1082 771 edificaverunt
1129 730 1144 768 :
1195 714 1352 768 modo
1397 713 1514 768 viro
1561 729 1692 782 ego,
1741 712 1830 783 qui
1878 725 2039 781 supra

451 806 641 862 Aivald
681 806 944 876 presbiter
982 806 1074 870 do,
1112 804 1273 870 dono,
1316 804 1487 870 trado,
1529 813 1687 871 atque
1719 803 1905 871 offero,
1946 804 2036 869 do,

451 901 747 970 datumque
792 913 914 954 esse
957 899 1078 952 volo
1121 906 1228 950 tam
1278 895 1392 966 ipse
1440 895 1676 964 predicte
1719 895 2036 950 monasmria

450 994 623 1050 sancti
664 992 966 1057 Silvatoris,
995 999 1048 1045 et
1089 989 1260 1044 sancti
1302 989 1487 1060 Angeli
1519 1003 1677 1044 omne
1716 989 1873 1043 rebus
1911 987 2036 1042 sub-

449 1085 649 1140 stantia
686 1085 753 1140 de
791 1081 1042 1154 quidquid
1081 1081 1278 1151 ubique
1316 1080 1474 1135 modo
1512 1093 1540 1133 a
1583 1079 1815 1149 presenti
1848 1079 1932 1134 die
1968 1077 2037 1134 ad

452 1181 568 1248 ipse
596 1185 898 1234 sanctorum
931 1175 1046 1230 loca
1079 1183 1361 1244 pertenere
1390 1174 1730 1239 denescetur,
1763 1182 1815 1228 et
1850 1187 1953 1227 unc
1983 1172 2038 1228 in

449 1282 606 1327 antea
649 1270 760 1325 Deo
799 1277 1114 1338 protegente
1145 1267 1337 1322 ividem
1371 1267 1756 1322 coudonaverit
1793 1267 2035 1335 inlivato,

451 1373 508 1418 et
534 1360 725 1419 exinde
756 1360 944 1428 fuerit,
975 1368 1065 1414 aut
1095 1359 1234 1429 quod
1263 1358 1329 1412 ad
1357 1359 1455 1427 ipsi
1485 1359 1654 1413 sancti
1680 1369 1733 1413 et
1763 1356 2038 1412 venerabi-

451 1454 591 1508 libus
621 1449 750 1508 locis
779 1451 960 1506 datum
981 1491 996 1513 ,
1027 1450 1111 1505 vel
1143 1449 1430 1503 autfertum
1473 1448 1600 1512 fuit,
1641 1447 1906 1517 quomodo
1934 1445 2034 1500 ivi-

448 1545 568 1599 dem
615 1558 738 1599 esse
785 1542 1058 1608 videntur,
1107 1542 1284 1596 omnia
1332 1550 1386 1595 et
1433 1541 1484 1594 in
1526 1541 1774 1594 omnibus
1819 1539 2036 1593 iulivato

445 1635 641 1692 offerre
670 1635 816 1690 visus
845 1649 964 1688 sum
996 1633 1061 1687 ad
1091 1631 1320 1688 ecclesia
1362 1631 1656 1687 beatissimi
1696 1630 1865 1686 sancti
1909 1630 2038 1684 flar-

448 1724 727 1781 tbolomei.
756 1725 812 1780 lu
844 1725 935 1779 tali
965 1739 1092 1779 vero
1123 1731 1328 1789 tenore,
1363 1731 1420 1776 ut
1446 1721 1625 1776 omnia
1667 1722 1741 1776 ris
1785 1721 1898 1791 ipsa
1932 1733 2035 1774 una

2138 532 2358 592 rogatus
2389 522 2561 577 testis.

2209 613 2422 683 Signum
2460 621 2516 678 »Β
2553 629 2742 670 manus
2789 615 3097 672 Guinefredi
3141 617 3408 688 quondam
3451 618 3740 676 Cuilifredi

2139 715 2355 775 rogatus
2383 708 2552 760 testis.

2213 797 2324 867 Ego
2351 799 2440 868 qui
2485 812 2644 865 supra
2688 798 2855 853 Lucio
2893 800 3133 853 notarius
3162 802 3394 870 scriptor
3430 804 3589 858 huius
3619 819 3743 858 car-

2140 890 2248 944 tule
2267 899 2385 959 post
2407 904 2434 941 a
2456 891 2676 945 testibus
2696 894 3003 944 roboratam
3027 893 3218 947 tradita
3237 894 3496 965 complevi
3515 906 3570 951 et
3588 897 3740 952 dedi.

2208 1005 2320 1074 Ego
2361 1005 2684 1059 Gualbertus
2726 1006 3003 1070 notarius,
3051 1016 3106 1062 et
3151 1009 3313 1076 judex
3357 1015 3498 1065 sacri
3549 1011 3736 1078 palatii

2137 1101 2370 1168 scriptor
2416 1100 2744 1154 autenticum
2797 1100 2928 1153 illud
2972 1100 3111 1167 vidi,
3161 1113 3215 1156 et
3260 1103 3393 1171 legi,
3443 1105 3583 1158 unde
3635 1104 3737 1157 hoc

2137 1193 2411 1262 exemplar
2452 1192 2812 1260 exemplatum
2853 1203 2968 1259 est,
3014 1202 3068 1247 et
3111 1176 3253 1262 quod
3295 1195 3423 1250 inibi
3471 1195 3733 1265 scriptum

2140 1285 2319 1340 iuveni
2338 1324 2354 1352 ,
2383 1285 2612 1340 fideliter
2639 1286 2964 1354 exemplavi.

2208 1537 2264 1594 In
2293 1538 2508 1594 nomine
2540 1537 2746 1596 Domini
2774 1538 2868 1595 Dei
2895 1539 3200 1597 Salvatorts
3217 1542 3384 1597 nostri
3409 1541 3543 1598 Jesu
3570 1544 3732 1600 Chri-

2137 1631 2206 1684 sti
2251 1631 2340 1685 die
2388 1632 2576 1701 quinto
2630 1646 2816 1686 mense
2866 1631 3156 1687 Februario
3207 1643 3459 1702 regnante
3501 1635 3734 1692 domnus

2142 1722 2452 1777 Desiderius
2481 1735 2536 1780 et
2583 1724 2839 1793 Adelgliis
2869 1725 3083 1794 regibus
3112 1741 3254 1780 anno
3280 1728 3428 1798 regni
3458 1743 3649 1783 eorum
3680 1731 3732 1785 in

447 1834 571 1873 cum
611 1817 726 1888 ipsa
765 1815 1091 1873 monasteria
1139 1815 1278 1872 sicut
1321 1813 1506 1884 regula
1553 1812 1723 1867 sancti
1770 1811 2038 1867 Benedicti
2071 1802 2117 1862 Β
2146 1813 2238 1868 Dei
2289 1816 2508 1870 nomine
2559 1817 2774 1870 decimo
2831 1817 2845 1847 ³
2900 1818 3190 1872 indictione
3245 1819 3428 1885 quinta
3487 1820 3733 1876 feliciter.

448 1910 718 1977 condoce,
753 1923 873 1965 esse
901 1907 1110 1963 deveat.
1145 1907 1199 1961 ln
1242 1906 1332 1960 tali
1361 1907 1505 1961 enim
1541 1905 1656 1961 viro
1683 1903 1948 1973 capetulo,
1982 1919 2015 1958 u

451 2018 610 2058 unam
642 2001 1128 2072 perordinationem
1152 2000 1218 2055 de
1243 2000 1359 2070 ipso
1388 1999 1714 2053 monasterio
1741 1997 2038 2054 beatissimt

446 2094 620 2151 sancti
653 2093 1038 2158 Bartholomei,
1067 2092 1149 2147 vel
1177 2091 1246 2146 de
1273 2091 1389 2146 eius
1419 2089 1738 2156 rectoribus,
1770 2090 2040 2160 quomodo

448 2195 568 2254 est,
600 2185 682 2241 vel
722 2185 1071 2255 imposterum
1110 2182 1352 2248 fuerent,
1393 2193 1448 2236 ut
1480 2183 1716 2251 predicte
1745 2180 1839 2235 Dei
1867 2180 2039 2234 eccle-

447 2281 563 2345 sia,
610 2287 668 2334 ut
715 2277 805 2349 qui
855 2278 1046 2332 ividem
1095 2290 1190 2347 per
1239 2275 1340 2344 ipsi
1389 2275 1688 2328 ordinatum
1743 2273 1899 2328 fuerit
1947 2287 2040 2341 per

449 2380 638 2427 sancto
668 2370 863 2426 iudicio
891 2368 1171 2434 canonica,
1202 2367 1280 2421 vel
1313 2376 1494 2422 sancta
1528 2367 1707 2437 regula
1735 2366 1945 2429 deveat,
1979 2374 2040 2420 ut

450 2472 712 2532 quatenus
739 2474 938 2531 egenus
965 2458 1120 2512 vidua
1156 2457 1478 2527 pauperibus
1505 2455 1813 2510 elemosinis
1846 2456 2042 2510 facieno

381 2564 386 2568 '
447 2554 576 2608 dum
627 2568 723 2623 pro
768 2552 1138 2608 remissionem
1182 2549 1481 2604 animarum
1525 2548 1818 2604 felicissimi
1859 2549 2040 2604 Gemi-

451 2644 597 2699 niani
650 2644 932 2714 presbiter,
983 2643 1072 2713 qui
1121 2651 1245 2696 tunc
1291 2651 1446 2696 antea
1496 2655 1718 2710 presens
1764 2639 1933 2694 fuerat
1973 2641 2040 2696 de

449 2736 570 2806 ipso
600 2735 953 2800 monasteria,
985 2733 1081 2788 sed
1111 2742 1166 2790 et
1195 2733 1440 2804 Autperti
1462 2773 1476 2797 ,
1506 2732 1728 2795 Tatoni,
1765 2732 2034 2798 Ratperti,

451 2828 545 2885 vel
587 2839 768 2885 nostra
811 2827 1083 2892 facinora,
1115 2835 1172 2881 ut
1211 2827 1362 2880 novis
1403 2826 1625 2880 minime
1669 2825 1944 2894 perveniat
1973 2824 2038 2878 ad

452 2919 923 2986 coridonationem,
963 2918 1144 2975 omnia
1192 2927 1251 2972 ut
1295 2932 1456 2988 supra
1502 2915 1750 2982 decrevi;
1799 2915 1940 2982 volo,
1985 2924 2038 2968 ut

448 3014 554 3087 ipsi
601 3012 770 3069 sancti
816 3011 1126 3067 monasterii
1175 3010 1469 3065 beatissimi
1519 3008 1912 3075 Bartbolomei,
1957 3007 2036 3062 vel

450 3108 568 3165 eius
598 3107 1040 3171 deservientibus,
1073 3105 1160 3176 qui
1194 3105 1352 3159 modo
1381 3114 1534 3171 sunt,
1569 3104 1650 3159 vel
1689 3105 2034 3173 imposterum

451 3200 648 3268 fuerit,
677 3198 901 3255 firmiter
930 3197 1230 3267 possedire,
1263 3195 1408 3251 avire
1435 3195 1656 3260 deveas,
1691 3204 1744 3249 ut
1775 3203 2038 3263 quatenus

451 3297 523 3351 ab
549 3295 650 3350 bac
678 3294 786 3361 die,
815 3303 872 3349 ut
901 3309 1007 3348 non
1039 3307 1157 3362 ego,
1189 3293 1275 3362 qui
1305 3305 1466 3360 supra
1493 3288 1718 3343 Aivaldu
1751 3285 2037 3356 presbiter,

449 3405 563 3445 non
587 3388 780 3458 aliquis
807 3388 874 3442 de
902 3385 1209 3451 heredibus,
1237 3395 1394 3453 atque
1419 3383 1646 3453 posteris
1677 3382 1779 3436 mei
1809 3394 2038 3448 unquam

451 3478 563 3534 ullo
605 3485 848 3546 tempore
886 3477 1061 3546 aliqua
1110 3475 1278 3545 possit
1326 3473 1512 3530 inferri
1561 3472 1826 3535 molestia,
1868 3485 2040 3538 neque

454 3566 846 3624 ttolestaudum
869 3607 884 3633 ,
924 3579 1100 3636 neque
1139 3580 1232 3632 per
1270 3563 1418 3618 nullo
1449 3571 1785 3633 argumento,
1827 3559 2039 3629 ingenio

455 3659 659 3715 exinde
681 3658 880 3728 aliquid
911 3655 1352 3726 suptrahendum,
1379 3669 1552 3724 neque
1576 3655 1640 3706 ad
1664 3653 1763 3705 alia
1790 3650 2038 3714 ecclesia,

453 3766 630 3821 neque
657 3751 726 3806 ad
753 3749 1014 3805 secularia
1047 3747 1147 3804 nisi
1177 3757 1380 3802 tantum
1414 3745 1683 3815 perpetuis
1714 3743 2041 3812 temporibus

453 3841 666 3896 firmum
687 3884 702 3908 ,
731 3850 784 3895 et
810 3839 1100 3894 stavilitum
1129 3845 1437 3908 permaneat
1463 3835 1528 3888 ad
1559 3835 1676 3902 ipso
1712 3844 1897 3888 sancto
1928 3847 2042 3886 rno-

455 3932 692 3984 nasterio
731 3929 1030 3986 beatissimi
1068 3928 1238 3982 sancti
1277 3926 1671 3992 Bartholomei,
1711 3925 1850 3978 sicut
1880 3938 2042 3990 supra

455 4022 729 4078 decretum
760 4034 862 4078 est.
908 4024 1043 4076 Ecce
1083 4031 1139 4075 ut
1179 4020 1312 4076 meis
1357 4019 1532 4073 taliter
1561 4018 1755 4072 fuirum
1791 4015 2042 4072 desiderii

453 4129 580 4184 erga
611 4128 698 4169 me
725 4113 1054 4183 adimplevit,
1084 4123 1136 4167 et
1166 4128 1231 4166 ne
1262 4112 1420 4166 michi
1447 4112 1545 4165 lice
1575 4111 1750 4165 facere
1779 4109 1884 4163 ullo
1909 4118 2044 4164 tem-

458 4222 590 4276 pore
637 4207 800 4270 nolle,
847 4206 988 4275 quod
1035 4204 1222 4269 voluit,
1266 4203 1362 4257 sed
1401 4203 1540 4272 quod
1579 4219 1609 4256 a
1653 4217 1739 4256 me
1779 4202 1918 4255 facto
1959 4202 2042 4257 vel

453 4297 771 4354 confirmato
801 4294 1178 4352 inviolabiliter
1204 4294 1522 4349 confirmare
1565 4294 1849 4363 promitto;
1883 4307 2040 4361 quam

451 4393 570 4447 viro
600 4391 776 4466 Morte,
810 4388 950 4462 iuro]
978 4389 1180 4444 rartula
1220 4387 1549 4443 remissionis
1581 4401 1757 4442 rerum
1788 4385 2042 4440 dotalium

453 4483 623 4540 Lucio
653 4483 859 4538 notario
888 4481 1122 4537 scrivere
1153 4479 1380 4549 rogavit.

529 4578 721 4632 Actum
745 4574 975 4631 Pistoria
1003 4587 1253 4644 regnum,
1269 4580 1324 4626 et
1346 4571 1635 4626 indictione
1655 4568 2037 4640 suprascripta.

455 4668 728 4726 Feliciter.

538 4764 596 4822 ξι
633 4758 742 4827 Ego
771 4757 994 4812 Aivaldu
1023 4755 1306 4828 presbiter,
1339 4754 1426 4824 qui
1457 4755 1597 4810 hanc
1625 4753 1826 4808 cartula
1862 4768 2040 4808 rerum

457 4850 716 4905 dotalium
743 4851 856 4905 fieri
885 4850 1088 4918 rogavi,
1114 4858 1167 4904 et
1196 4865 1352 4903 manu
1381 4864 1495 4902 mea
1527 4848 1738 4917 pr0pria
1769 4847 2041 4916 suscripsi.

541 4948 599 5005 ᾧ
635 4943 748 5013 Ego
766 4941 1026 4997 Teudeiat
1055 4941 1314 5011 presbiter
1339 4949 1554 5010 rogatus
1578 4939 1643 4993 ad
1669 4938 1893 4994 Aivaldu
1923 4953 2044 5008 pre-

454 5033 624 5090 sbiter
651 5034 800 5090 testis
827 5049 903 5088 ss.

535 5127 754 5197 Signum
791 5133 848 5192 ιΞι
881 5141 1070 5182 manus
1108 5123 1378 5181 Tanichisi
1417 5124 1681 5196 quondam
1712 5122 1920 5179 Tanolfi
1957 5137 2046 5179 ro-

454 5228 608 5290 gatus
639 5219 809 5274 testis.

535 5319 594 5377 ›Ῑ‹
632 5312 744 5383 Ego
767 5311 1060 5383 Gumperto
1084 5309 1342 5365 diaconus
1371 5318 1584 5380 rogatus
1605 5308 1670 5362 ad
1701 5306 1887 5364 Aialdu
1916 5322 2040 5378 pre-

455 5403 624 5458 sbiter
651 5405 799 5459 testis
824 5419 899 5458 ss.

535 5503 592 5560 >I<
621 5496 734 5568 Ego
752 5496 999 5555 Guidolfo
1017 5506 1228 5568 rogatus
1248 5494 1511 5552 adAialdu
1530 5496 1791 5566 presbiter
1811 5498 1961 5554 testis
1977 5512 2054 5555 ss.

2070 4509 2122 4572 ι)

2143 1904 2465 1960 Gaidoaldus
2512 1907 2747 1962 medicus
2795 1922 2977 1978 regum
3026 1912 3292 1978 cogitante
3339 1925 3426 1965 me
3454 1910 3521 1966 de
3551 1913 3734 1966 enmi-

2141 1999 2342 2068 potenti
2393 2001 2759 2055 misericordia
2791 2041 2807 2068 ,
2867 2010 2923 2056 et
2979 2003 3296 2057 remissione
3346 2006 3526 2059 anime
3591 2020 3736 2072 mee,

2140 2090 2398 2158 quoniam
2431 2091 2536 2145 vite
2565 2101 2888 2161 temporum,
2938 2101 2993 2146 et
3042 2093 3227 2147 mortis
3256 2094 3457 2147 exitum
3485 2095 3736 2162 omnipo-

2141 2189 2256 2236 tens
2284 2181 2540 2236 Dominus
2569 2198 2666 2237 sue
2706 2183 2725 2212 ³
2759 2183 2916 2237 modo
2946 2192 3092 2239 tanta
3147 2184 3166 2214 ³
3196 2186 3467 2239 reservavi
3507 2186 3735 2252 notitia,

2140 2272 2209 2327 ob
2237 2273 2339 2327 hoc
2372 2284 2496 2328 ante
2544 2289 2703 2344 quam
2735 2276 3049 2342 repentinus
3081 2277 3423 2343 superveniat
3462 2277 3736 2340 interitus,

2141 2364 2302 2419 nichil
2330 2380 2491 2421 omne
2521 2365 2542 2396 ‘
2568 2366 2750 2421 ubsua
2791 2367 3035 2421 deveniat
3065 2366 3373 2434 disponere,
3397 2380 3734 2436 atque.......

2140 2468 2260 2508 cum
2293 2458 2597 2511 venerimus
2643 2467 2768 2511 ante
2819 2456 3053 2510 tribunal
3098 2455 3318 2521 Cltrtsti,
3369 2472 3476 2511 non
3523 2472 3623 2511 nos
3671 2458 3738 2512 de

2141 2547 2470 2617 neglegentia
2491 2548 2720 2618 judicet,
2745 2548 2838 2602 sed
2865 2548 2933 2602 de
2956 2547 3109 2602 bonis
3130 2549 3387 2616 Operibus
3410 2549 3733 2618 gratuletur,

2139 2652 2197 2696 ut
2224 2642 2368 2710 prius
2396 2658 2502 2710 qua
2533 2642 2552 2672 '
2583 2641 2649 2696 de
2681 2656 2740 2696 re
2781 2657 2881 2711 ego
2919 2642 3008 2712 qui
3039 2657 3200 2710 supra
3247 2640 3574 2697 Gaidoaldus
3623 2658 3736 2697 rne-

2139 2733 2312 2799 dicus,
2361 2731 2487 2785 dum
2540 2745 2629 2786 me
2683 2732 2976 2800 previdissc
3026 2731 3044 2761 ⁶
3079 2732 3131 2786 in
3183 2745 3285 2786 unc
3337 2732 3502 2786 exilio
3550 2734 3734 2786 mundi

2142 2831 2513 2892 permanente,
2549 2824 2749 2891 previdi
2777 2823 2844 2878 de
2890 2824 3052 2878 rebus
3076 2823 3211 2878 meis
3243 2838 3336 2892 per
3363 2826 3582 2877 decreta
3620 2825 3733 2876 loca

2140 2919 2346 2984 offerri,
2378 2929 2432 2974 et
2459 2921 2769 2974 condonare
2813 2933 2909 2988 pro
2954 2919 3131 2972 anima
3164 2933 3304 2983 mea,
3339 2919 3417 2972 vel
3448 2918 3516 2972 de
3547 2935 3740 2987 ρει-ευρ

2141 3012 2282 3066 tibus
2309 3015 2470 3078 meis,
2501 3024 2558 3066 ut
2607 3013 2659 3080 in
2693 3022 3006 3080 perpetuum
3060 3015 3271 3066 firmum
3322 3021 3637 3079 permaneat
3666 3011 3735 3064 ad

2141 3106 2448 3170 ecclesiam,
2472 3115 2525 3160 et
2547 3107 2936 3160 monasterium
2957 3105 3128 3160 sancti
3156 3104 3581 3172 Bartbolomaei,
3601 3118 3735 3174 quas

2145 3199 2290 3254 foras
2335 3215 2517 3254 muros
2562 3200 2794 3255 civitatis
2841 3199 3166 3254 Pistorieuse
3196 3198 3248 3252 in
3307 3198 3537 3267 propriis
3578 3202 3744 3252 rebus

2142 3294 2279 3348 meis
2309 3295 2373 3346 ad
2406 3292 2770 3348 [uiridantentis
2798 3291 3096 3356 construxi,
3129 3291 3214 3346 vel
3257 3291 3374 3346 eius
3397 3301 3585 3346 sancte
3613 3306 3743 3345 con-

2140 3385 2469 3455 gregationis
2520 3385 2810 3441 Domenico
2853 3385 3041 3450 albati,
3091 3393 3146 3439 et
3191 3385 3598 3448 monachorum,
3648 3383 3740 3456 qui

2116 3477 2274 3558 inibi
2318 3477 2624 3549 congregati
2676 3493 2797 3534 esse
2847 3479 3116 3546 videntur,
3170 3489 3264 3533 aut
3318 3478 3373 3532 in
3424 3488 3582 3532 antea
3633 3479 3748 3532 Deo

2143 3569 2361 3623 iuvante
2406 3570 2424 3602 ⁷
2652 3567 2980 3625 facinoribus
3030 3570 3118 3625 die
3162 3579 3429 3638 noctuque
3483 3570 3742 3638 Operibus

2143 3661 2438 3716 elemosina
2481 3661 2716 3716 tribuere
2742 3673 2798 3717 et
2826 3663 3109 3717 Dominum
3153 3663 3447 3731 deprecare
3477 3679 3587 3717 non
3619 3678 3741 3718 ces-

2143 3763 2284 3822 sent,
2318 3761 2374 3810 et
2412 3755 2567 3809 nobis
2612 3754 2844 3825 indignis
2884 3755 3163 3825 perveniat
3199 3755 3266 3808 ad
3307 3755 3532 3808 salutem
3562 3766 3614 3807 et
3656 3769 3740 3809 re-

2145 3845 2378 3900 medium
2419 3848 2637 3902 anime:
2665 3849 2895 3917 primum
2931 3850 3171 3902 omnium
3204 3857 3356 3901 curte
3385 3848 3438 3902 in
3479 3847 3618 3912 loco,
3645 3848 3737 3915 qui

2143 3945 2431 3991 voceturus
2456 3937 2632 3992 Neure
2659 3951 2778 3991 cum
2805 3935 2986 3992 omnia
3012 3938 3307 3993 adiacentia
3335 3946 3391 3992 et
3417 3939 3736 4006 pertinentia

2147 4029 2212 4082 ad
2241 4031 2350 4098 ipsa
2398 4039 2548 4084 curte
2581 4031 2879 4097 pertinente
2925 4030 2977 4084 in
3024 4031 3291 4098 integrum
3335 4029 3492 4083 simul
3540 4039 3594 4083 et
3637 4027 3749 4084 alia

2149 4130 2298 4173 curte
2327 4134 2463 4188 quae
2504 4119 2696 4175 dicitur
2723 4121 2960 4175 Adosare
2991 4121 3185 4176 finibus
3215 4121 3454 4177 Lucense
3490 4135 3614 4174 cum
3648 4134 3736 4187 ea,

2145 4225 2262 4280 qua:
2280 4211 2346 4264 ad
2365 4213 2474 4279 ipsa
2502 4221 2652 4267 curte
2668 4212 2688 4243 ⁸
2707 4213 2972 4280 pertinent
2993 4213 3045 4266 in
3075 4215 3356 4281 integrum,
3372 4228 3532 4282 quam
3555 4213 3737 4275 etiam,

2147 4309 2203 4356 et
2233 4312 2440 4356 curtem
2476 4303 2530 4356 in
2554 4305 2838 4358 antuniana
2875 4303 3158 4360 Lunisiana
3189 4304 3210 4335 ⁹
3235 4305 3322 4358 ubi
3359 4314 3413 4360 et
3442 4306 3746 4358 oratorium

2145 4391 2439 4446 beatissimi
2468 4394 2641 4446 sancti
2673 4394 2856 4463 Angeli
2889 4393 3272 4454 dedicavimus,
3303 4408 3510 4448 necnon
3538 4401 3594 4446 et
3616 4407 3741 4446 cur-

2147 4493 2252 4538 tem
2285 4483 2336 4538 iu
2371 4483 2638 4538 Barbiano
2685 4484 2880 4540 finibus
2907 4485 3050 4539 Creti
3084 4484 3126 4515 ¹⁰
3157 4499 3278 4539 cum
3318 4482 3495 4538 omnia
3529 4483 3594 4536 ad
3627 4485 3740 4551 ipsa

2147 4583 2298 4628 curte
2331 4572 2635 4644 pertinente
2663 4585 2886 4644 excepto
2915 4577 3019 4632 due
3048 4591 3171 4632 case
3219 4577 3323 4630 due
3353 4574 3654 4629 masseritie
3676 4575 3744 4628 ad

2147 4668 2286 4731 rivo,
2319 4670 2407 4737 qui
2441 4685 2628 4742 regere
2653 4671 2762 4724 vise
2795 4669 3008 4725 fuerunt
3039 4686 3131 4739 per
3161 4670 3514 4724 barnnaccnlo
3553 4681 3604 4722 et
3647 4684 3744 4738 go-

2146 4761 2318 4817 disteo
2341 4765 2428 4831 qui
2463 4765 2504 4795 “
2531 4764 2686 4818 nobis
2707 4764 2770 4818 da
2803 4764 2962 4820 Aolfu
2989 4765 3029 4796 ²¹
3057 4775 3357 4820 evenerunt
3383 4779 3500 4816 cum
3535 4762 3740 4818 fatnilie

2146 4853 2233 4908 vel
2263 4856 2441 4908 omnia
2470 4854 2536 4908 ad
2566 4856 2680 4922 ipsa
2726 4857 3059 4925 pertinente,
3086 4871 3210 4911 nam
3250 4865 3305 4910 et
3331 4855 3433 4909 alia
3461 4855 3639 4908 omnia
3667 4851 3735 4906 ad

2151 4948 2266 5017 ipsa
2307 4958 2460 5004 curte
2507 4952 2810 5018 pertinente
2860 4952 2913 5006 in
2960 4950 3226 5020 integrum
3270 4965 3366 5004 seu
3405 4957 3460 5004 et
3502 4959 3654 5002 curte
3682 4948 3737 5002 in

2153 5039 2396 5096 Bucardo
2434 5058 2556 5101 cum
2601 5044 2804 5106 omnia,
2854 5054 2910 5100 et
2958 5045 3012 5100 in
3061 5043 3336 5111 omnibus,
3382 5039 3642 5112 quidquid
3669 5039 3738 5095 ad

2151 5131 2266 5200 ipsa
2295 5144 2446 5187 curte
2474 5136 2761 5204 pertinent,
2793 5145 2850 5191 et
2872 5135 2943 5192 ad
2973 5137 3146 5206 ipsum
3174 5136 3532 5191 venerandum
3557 5135 3739 5189 locum

2123 5226 2500 5297 .dilectissima
2557 5227 2826 5300 Rutperga
2873 5230 3103 5300 coniuge
3153 5245 3271 5286 mea
3305 5229 3374 5285 de
3420 5231 3530 5283 suis
3570 5228 3740 5283 rebus

2150 5335 2272 5374 cum
2323 5335 2440 5374 mea
2489 5321 2762 5377 voluntate
2805 5321 2932 5378 iuivi
2974 5321 3019 5354 “
3066 5322 3268 5387 offerri,
3319 5333 3374 5376 et
3421 5322 3744 5376 condonare

2149 5410 2365 5481 previde
2395 5411 2437 5442 ιδ
2470 5420 2578 5465 tam
2603 5413 2737 5480 ipsa,
2760 5428 2917 5482 quam
2939 5422 2994 5469 et
3015 5413 3377 5484 suprascripta
3400 5411 3560 5479 curti,
3591 5409 3744 5480 quod

2163 5503 2406 5570 superius
2439 5503 2654 5557 decrevi
2694 5518 2818 5558 cum
2843 5507 3022 5562 omnia
3053 5505 3402 5561 adiacentiam
3446 5504 3528 5560 vel
3571 5503 3746 5576 perti-

1598 5593 1636 5630 ’ν
1677 5609 2076 5670 VARIANTES
2116 5614 2522 5674 LECTIONES.

534 5699 806 5787 fdecimo,
827 5707 882 5755 et
904 5707 1243 5787 octavoopem
1271 5699 1422 5787 Istra
1454 5703 1820 5787 tantummodo
1894 5703 1913 5734 ³
1943 5713 2084 5787 tanta
2124 5708 2290 5787 emitr.
2367 5707 2386 5737 ⁸
2411 5708 2588 5787 onuiia
2611 5709 2687 5787 __'
2712 5726 2867 5787 quam
2943 5711 2964 5742 ‘
2985 5713 3330 5782 previdissem
3403 5714 3425 5747 ⁷
3447 5712 3745 5786 adjuvante

464 5769 682 5842 fuerint,
705 5773 793 5843 qui
832 5785 928 5841 pro
951 5770 1146 5828 nostris
1225 5770 1465 5826 “curtem
1524 5770 1874 5852 flainiscaua
1950 5775 2146 5848 mgreti
2227 5778 2263 5843 ’γ’
2291 5792 2395 5848 que
2471 5779 2514 5810 "
2539 5780 2680 5838 aoll‘o
2729 5769 2797 5814 ’⁸³
2835 5769 3001 5840 inibi'
3040 5785 3081 5816 "'
3107 5784 3331 5856 previdi.
