4026 6352
290 290 434 350 H33

1363 319 1773 386 uirtutum
1811 309 2100 397 noctes.
2139 294 2489 409 sececra.‘

3426 368 3568 435 1688

3430 411 3564 435 I'U‘

282 411 521 466 unum
552 422 685 481 seu'
738 416 754 452 ι
785 431 932 487 case’
965 426 1267 483 "usserit"
1298 430 1319 461 ’
1350 441 1404 493 ei
1448 433 1515 492 de
1544 437 1869 509 “monibus:
1902 456 1950 515 Α
1980 450 2089 506 Si"!
2133 455 2237 510 nisi
2278 472 2467 525 earum
2519 463 2722 525 utilitas
2757 470 2934 531 fuisse
2960 477 3007 509 ³⁸
3034 488 3196 538 causa
3238 482 3564 547 adiutorium

282 502 469 547 vineis-
506 505 663 547 lari-ie
716 512 879 547 nrnlic
935 517 1145 547 ,ιηρηηςο
1202 520 1349 547 -:t..:-
1421 528 1604 547 _-.__.g
1720 541 1732 547 -
1779 529 1810 547 ,.

280 502 472 568 vineis,
506 505 683 571 terris,
716 512 900 577 pratis,
935 517 1167 583 pascuis,
1201 520 1372 590 silvis,
1419 528 1653 596 salectis,
1686 529 1874 588 statio-

280 593 458 660 nibus,
490 598 773 663 padulibus
823 602 846 635 ³
876 606 1104 673 cultum,
1157 620 1213 666 et
1254 613 1534 685 incultum,
1587 593 1872 681 movilibus

277 700 331 742 et
350 690 689 750 inmobilihus
720 711 805 751 res
830 712 993 769 seque
1027 702 1051 734 ⁸
1082 709 1344 762 moventia
1372 713 1571 777 omnia,
1599 724 1653 770 et
1681 717 1731 771 in
1757 735 1872 774 οτηε-

278 779 439 834 nihus
467 782 733 854 quidquid
776 789 841 842 ad
876 790 978 846 iste
1024 796 1195 851 curtis
1227 800 1308 853 vel
1342 816 1465 856 case
1511 808 1775 873 pertinent
1804 812 1870 866 ad

276 871 454 938 ipsum
506 880 873 934 venerabilem
927 886 1125 962 locum,
1177 890 1259 942 vel
1291 893 1405 945 eius
1430 904 1613 949 sancte
1640 912 1868 966 congre-

272 966 501 1030 gationis
531 983 625 1035 pro
653 972 834 1025 anime
866 988 985 1029 ntee
1018 981 1312 1035 remedium
1342 982 1484 1038 (lono
1511 1003 1653 1057 meo,
1691 993 1862 1057 trado,

246 1067 432 1118 .atgue
472 1058 639 1112 offero
667 1063 1065 1132 possidendum,
1102 1072 1258 1126 simul
1289 1077 1449 1129 etiam
1478 1088 1533 1131 et
1559 1093 1708 1136 curte
1741 1100 1857 1138 mea

269 1151 411 1216 quod
442 1165 601 1207 avere
642 1155 663 1185 ⁵
703 1156 847 1211 visus
886 1175 1002 1214 sum
1054 1163 1248 1219 linibus
1295 1170 1560 1224 maritima
1612 1171 1665 1225 in
1717 1175 1863 1230 locus

268 1241 359 1307 qui
393 1254 611 1298 vocatur
634 1246 873 1304 Cornino
902 1266 1024 1307 cum
1069 1254 1089 1285 ⁸
1126 1259 1301 1310 omnia
1340 1261 1402 1313 ad
1434 1277 1549 1316 eam
1593 1268 1861 1331 pertinen-

269 1342 378 1387 tem
430 1334 450 1365 ⁷
501 1336 567 1390 ad
617 1340 866 1395 eumdem
914 1353 1155 1400 sanctum
1199 1350 1506 1407 cenvivium
1556 1356 1756 1422 ulietri,
1807 1369 1860 1414 ct

265 1422 574 1481 condonare
604 1431 827 1494 prevnti.
880 1433 934 1486 ln
978 1448 1045 1489 eo
1093 1439 1273 1503 modo,
1323 1449 1379 1495 ut
1424 1432 1742 1513 prepositus,
1775 1451 1855 1504 vel

264 1523 448 1568 rector
497 1515 587 1584 qui
635 1517 689 1572 itt
740 1522 1032 1579 scnodocio
1084 1542 1206 1582 meo
1261 1529 1346 1585 hic
1385 1531 1407 1562 ⁸
1446 1534 1588 1588 foras
1640 1538 1856 1594 civ.tate

266 1603 598 1662 Pistoriense
644 1616 943 1683 propinquo
986 1616 1104 1685 ipso
1154 1626 1480 1680 monasterio
1524 1630 1726 1696 positus
1772 1634 1852 1688 vel

262 1696 543 1751 ordinatus
587 1699 765 1766 fuerit,
794 1707 1152 1762 communiter
1201 1725 1330 1766 suus
1358 1712 1378 1742 ⁹
1409 1719 1694 1773 nutrimina
1726 1737 1848 1777 cum

254 1788 435 1856 ipsius
465 1794 775 1847 monasterii
808 1794 861 1849 in
890 1799 1076 1852 eodem
1109 1801 1228 1855 loco
1266 1802 1501 1860 Cornino
1531 1823 1775 1878 pasceret
1807 1816 1847 1845 ¹⁰

258 1879 305 1930 si
336 1893 423 1933 me
452 1894 653 1948 ponere
675 1882 924 1939 debeant.
955 1886 1065 1943 llcc
1092 1900 1269 1947 autem
1299 1911 1442 1948 omni
1467 1898 1520 1951 itt
1545 1910 1782 1972 tempore
1808 1905 1846 1935 ”

258 1983 360 2037 cgo
388 1969 604 2028 decrevi
634 1974 700 2028 ad
740 1976 911 2044 ipsum
958 1995 1201 2038 sanctum
1249 1995 1303 2040 et
1331 1993 1634 2048 venerabile
1675 1998 1847 2052 locum

258 2066 331 2121 sit
374 2068 625 2125 traditum
656 2082 711 2126 et
736 2074 1110 2133 conﬁrmatum
1140 2090 1197 2134 ut
1242 2083 1355 2151 ipse
1402 2086 1595 2142 abbate
1626 2091 1705 2144 vel
1734 2108 1849 2147 rno-

259 2162 415 2216 nacbi
443 2162 498 2216 in
529 2163 646 2233 ipso
670 2170 993 2224 monasterio
1019 2175 1312 2229 secundum
1343 2177 1507 2233 Deum
1531 2192 1585 2235 et
1605 2196 1845 2240 sanctam

254 2256 495 2323 regulam
537 2258 716 2314 vivere
760 2269 815 2314 et
845 2263 1119 2319 deservire
1162 2265 1391 2323 debeant
1422 2274 1568 2327 omni
1603 2276 1655 2329 in
1710 2289 1847 2331 tem-

258 2356 390 2412 pore
417 2356 660 2401 sanctum
707 2351 987 2407 cenobium
1028 2355 1454 2416 conﬁrmandum
1486 2373 1543 2418 ut
1572 2383 1841 2436 utinquam

257 2432 562 2491 destruatur
602 2449 682 2493 set
722 2441 775 2495 in
830 2454 1144 2513 perpetuum
1193 2450 1484 2507 stabilitum
1537 2470 1842 2524 permaneat

254 2526 358 2580 sub
396 2530 591 2585 nullius
621 2534 926 2591 hominibus
971 2537 1056 2593 vel
1103 2543 1289 2596 matris
1333 2546 1559 2600 ecclesie
1607 2560 1841 2617 potestas

250 2617 563 2676 subiacente
591 2622 692 2678 nisi
721 2626 773 2679 iit
805 2641 904 2680 suo
936 2628 1049 2683 iure
1078 2644 1421 2699 permanente
1468 2637 1517 2691 in
1554 2640 1594 2668 "
1624 2641 1705 2695 ius
1734 2642 1838 2711 8ρί-

248 2710 514 2768 ritualiter
532 2722 587 2768 et
607 2716 924 2785 regulariter
942 2721 1280 2778 tlesertiente
1306 2734 1359 2779 et
1386 2726 1523 2782 inter
1549 2745 1609 2784 se
1638 2732 1690 2785 in
1721 2733 1835 2801 ipsa

245 2804 664 2870 congregatione
694 2807 923 2876 digentis
954 2808 1001 2839 ¹³
1026 2811 1237 2877 abbate,
1270 2814 1359 2883 qui
1405 2815 1456 2869 in
1488 2813 1834 2885 ipso'mona-

246 2890 415 2944 sterio
446 2894 529 2945 vel
560 2904 745 2949 sancta
776 2903 1190 2968 congregatione
1236 2908 1529 2960 secundum
1586 2908 1749 2963 Deum
1781 2921 1834 2966 et

245 2990 491 3036 sanctam
521 2986 756 3055 regulam
778 2990 1018 3044 continet
1039 3008 1224 3060 regere
1250 3005 1304 3050 et
1325 2994 1575 3053 ordinare
1604 3001 1831 3059 debeant

245 3072 510 3130 licentiam
559 3078 787 3134 habeant
833 3097 991 3152 quem
1034 3085 1101 3140 de
1149 3087 1311 3156 ipsius
1361 3093 1667 3148 nmnasterii
1697 3110 1825 3150 con-

242 3168 548 3237 gregatione
577 3172 645 3225 de
675 3171 815 3228 inter
843 3189 903 3230 se
935 3178 985 3229 in
1017 3180 1208 3234 abbate
1238 3182 1496 3252 elegerint
1533 3187 1827 3243 stabilitum
1859 3191 1903 3261 ς

242 3271 572 3327 permaneat.
610 3262 742 3317 Nam
774 3281 879 3319 non
926 3268 993 3320 de
1022 3272 1140 3323 altis
1172 3274 1478 3328 hominibus
1530 3280 1613 3333 vel
1646 3296 1832 3336 mona-

239 3352 403 3404 strrio
453 3366 559 3407 non
605 3366 823 3424 possent
852 3358 894 3389 “
924 3361 1311 3418 ordinationem
1370 3368 1544 3423 facere
1596 3382 1691 3425 aut
1735 3374 1830 3427 ab-

240 3441 414 3497 batem
444 3460 646 3514 ponere
676 3449 777 3503 nisi
808 3451 897 3520 qui
938 3453 1004 3507 de
1032 3454 1143 3523 ipsa
1188 3460 1601 3529 congregatione
1631 3462 1827 3521 l'ucrint

238 3531 378 3586 sicut
403 3548 591 3591 sancta
647 3538 829 3611 regu‘la
866 3546 1126 3612 continet,
1151 3546 1333 3604 inivibi
1367 3551 1411 3580 ⁸⁸
1439 3554 1682 3611 abbatem
1712 3557 1825 3613 fieri

237 3622 471 3677 debeant
519 3627 603 3681 vel
659 3630 704 3681 si
760 3631 980 3699 torsitan
1030 3634 1206 3704 aliqua
1257 3644 1573 3699 necessitate
1621 3649 1827 3703 venerit

234 3728 393 3768 causa
426 3720 479 3770 in
510 3719 686 3786 ipsum
734 3732 977 3777 sanctum
1025 3731 1409 3785 n.0nasterium
1439 3733 1522 3787 vel
1553 3736 1665 3790 eius
1691 3750 1819 3791 con-

232 3814 553 3879 gregationis
582 3814 702 3868 volo
749 3829 909 3887 atque
955 3819 1188 3877 decerno
1222 3832 1278 3878 ut
1326 3828 1370 3880 si
1400 3842 1429 3880 a
1462 3842 1610 3898 parte
1638 3849 1822 3887 mona-

231 3903 378 3954 sterii
411 3904 612 3959 utilitas
653 3908 798 3963 tuere
826 3919 879 3963 et
909 3911 1022 3964 lilio
1048 3929 1168 3970 meo
1207 3916 1513 3987 Gaiprandu
1557 3925 1819 3983 adiuvare

231 4001 494 4050 meruerit
524 4000 637 4064 ipse
662 4001 745 4053 vel
779 4002 1090 4073 heredibus,
1117 4010 1251 4063 meis
1272 4011 1323 4065 in
1354 4013 1467 4082 ipso
1493 4023 1818 4077 monasterio

230 4086 553 4142 adiutorium
601 4094 823 4159 prebeas
864 4106 919 4151 et
957 4112 1172 4154 causam
1216 4104 1496 4161 delendas.
1545 4109 1677 4165 Nam
1708 4130 1814 4170 non

230 4179 464 4247 amplius
490 4185 634 4237 nulla
662 4184 1012 4255 imperatione
1042 4202 1133 4246 aut
1161 4195 1303 4265 quali
1335 4197 1379 4228 ³⁸
1412 4215 1536 4257 vere
1565 4203 1606 4235 "
1637 4208 1814 4264 subte-

230 4272 453 4326 rcndum
486 4273 529 4305 ⁸⁸
557 4278 704 4331 nullo
732 4280 889 4335 modo
913 4282 1088 4340 facere
1106 4298 1338 4355 possent.
1368 4288 1429 4346 Et
1456 4292 1578 4349 dum
1601 4312 1699 4368 ego
1722 4302 1813 4370 qui

224 4373 387 4429 supra
415 4365 739 4424 Gaidoaldus
770 4374 1010 4430 medicus
1055 4381 1306 4438 adiuvare
1334 4394 1576 4443 mctuero
1604 4392 1655 4445 in
1692 4409 1811 4452 mea

222 4454 301 4504 sit
345 4467 604 4521 potestate
648 4462 789 4517 sicut
841 4481 1008 4536 usque
1057 4485 1199 4527 nunc
1248 4474 1631 4537 defensandum
1679 4484 1805 4541 dum

221 4557 411 4598 curam
438 4547 794 4619 impendenda
837 4572 935 4628 pro
964 4575 1149 4617 eorum
1181 4566 1482 4626 dilensione
1509 4589 1629 4627 nam
1658 4578 1803 4634 nulla

218 4636 287 4691 de
319 4654 381 4692 ea
413 4658 514 4709 que
559 4646 685 4702 inivi
732 4666 759 4704 a
790 4668 876 4708 me
922 4666 1047 4711 sunt
1088 4662 1277 4716 collata
1329 4676 1421 4720 aut
1462 4668 1603 4725 unde
1632 4672 1672 4702 ¹⁹
1700 4690 1802 4745 que

218 4729 434 4784 advenit
462 4734 641 4806 alique
667 4742 1051 4802 subterendum
1082 4749 1128 4780 ²⁰
1156 4761 1237 4805 est
1259 4765 1375 4821 post
1396 4756 1598 4813 obitum
1622 4729 1798 4821 meum

216 4825 394 4877 omnia
425 4828 562 4883 sicut
588 4835 836 4902 superius
865 4839 1075 4896 decrevi
1122 4847 1415 4904 stabilitnm
1463 4866 1797 4928 permaneat,

216 4923 277 4970 et
315 4919 495 4976 nullus
538 4921 608 4977 de
658 4925 944 4985 heredibus
975 4947 1074 5002 pro
1123 4937 1411 4997 heredibus
1452 4946 1583 5000 meis
1612 4960 1798 5007 c0ntra

215 5006 353 5063 hanc
403 5028 577 5068 meam
628 5019 1180 5082 cartnlam'dicdonis
1211 5031 1253 5060 ’ί
1286 5047 1379 5087 seu
1427 5035 1797 5106 dispositionis

213 5100 510 5160 oﬂertiOnis
540 5122 659 5163 mre
703 5110 780 5165 ire
809 5116 1127 5188 quandoque
1174 5135 1452 5191 prcsumas
1500 5138 1592 5184 aut
1618 5132 1794 5204 alique

212 5195 442 5264 amplius
470 5197 524 5252 in
552 5198 667 5270 ipso
697 5207 1022 5265 monasterio
1065 5210 1417 5283 imperatione
1459 5217 1637 5282 facere
1668 5241 1795 5295 pos-

1979 549 2293 611 prestando.
2356 553 2423 609 Et
2476 555 2577 614 hoc
2625 563 2747 618 volo
2794 576 2953 637 atque
2996 574 3256 633 conﬁrmo
3301 589 3357 634 ut
3383 586 3563 641 omnia

1973 634 2225 703 quidquid
2267 646 2511 710 superius
2558 650 2805 721 leguntur
2832 634 2902 712 ad
2950 661 3063 729 ipsa
3112 668 3334 723 ecclesia

1975 724 2332 787 Bartholomei
2363 742 2675 799 conﬁrmavi
2706 748 2788 803 vel
2829 754 3000 820 ipsum
3050 767 3340 816 monastcri
3361 781 3432 820 tm
3467 783 3560 822 us—

1972 832 2074 887 que
2104 838 2245 880 nunc
2294 844 2596 895 possessum
2627 852 2725 894 sue
2754 842 2800 872 ³³
2828 854 2883 898 ut
2909 849 3055 903 omni
3100 853 3151 905 in
3199 865 3438 925 tempore
3468 862 3559 915 lir-

1971 927 2114 967 nmm
2167 932 2230 971 ac
2285 923 2575 982 stabilitum
2628 946 2956 998 permaneat.
3016 940 3093 996 De
3139 955 3316 1000 autem
3358 951 3555 1023 reliqua

1969 1010 2288 1063 monasteria
2343 1015 2422 1068 vel
2470 1021 2793 1079 senodnchia
2840 1027 2927 1083 hic
2957 1030 3007 1061 “
3033 1032 3259 1089 Pistoria
3289 1039 3372 1095 vrl
3411 1041 3556 1099 Tici-

1968 1098 2149 1150 nensis
2180 1101 2399 1161 civitate
2446 1124 2605 1179 quam
2658 1126 2712 1169 ct
2741 1118 2926 1175 Cassio
2953 1134 3008 1179 et
3056 1128 3261 1199 reliqua
3292 1134 3390 1187 alia
3439 1136 3555 1193 loca

1964 1190 2055 1257 qui
2087 1204 2180 1258 per
2212 1210 2298 1250 me
2336 1199 2579 1257 ordinata
2612 1209 2695 1263 vel
2737 1224 3047 1272 constructa
3091 1231 3217 1276 sunt
3245 1225 3311 1278 ita
3359 1228 3551 1286 decre-

1967 1281 2137 1338 vimus
2162 1295 2219 1339 ttt
2240 1302 2336 1356 per
2362 1293 2531 1360 ipsum
2564 1305 2948 1361 monasterium
2980 1312 3149 1366 sancti
3183 1313 3547 1377 Bartholomei

1964 1372 2010 1403 "
2168 1381 2413 1439 ordinata
2440 1396 2495 1442 et
2521 1390 2779 1459 disposita
2819 1400 2898 1454 sic
2941 1403 3012 1455 ita
3057 1416 3112 1459 ut
3150 1408 3331 1465 nullus
3357 1413 3549 1471 abbate

1958 1464 2049 1533 qui
2082 1469 2241 1524 modo
2267 1482 2352 1528 est
2375 1487 2467 1531 aut
2499 1486 2841 1549 postmodum
2893 1490 3044 1549 luere
3087 1464 3545 1563 minuandumﬂde

1958 1555 2072 1624 ipsa
2110 1559 2405 1623 elemosina
2432 1569 2497 1636 ",
2530 1583 2622 1629 aut
2674 1581 2887 1647 qualive
2916 1600 3003 1641 res
3032 1587 3158 1646 inde
3182 1595 3545 1656 subtrahendo

1956 1646 2056 1700 nisi
2110 1653 2336 1718 qualiter
2388 1660 2573 1730 scripti
2621 1665 2663 1697 ⁸⁷
2696 1646 3049 1731 instituemus
3102 1680 3248 1736 omni
3304 1693 3544 1755 tempore

1953 1737 2247 1797 stabilitum
2280 1760 2588 1814 permaneat
2618 1756 2669 1810 in
2698 1761 3007 1823 elemosinis
3038 1769 3084 1802 ’⁸
3116 1786 3423 1844 pauperum.
3476 1782 3542 1838 Et

1888 1817 1927 1874 Β
1955 1829 2002 1881 si
2031 1832 2223 1903 aliquis
2259 1836 2327 1892 de
2367 1841 2495 1910 ipsis
2541 1847 2825 1911 abbatibus
2873 1817 3203 1929 pre-positi.”
3220 1817 3543 1931 Rcusidiiibii;

1953 1922 2020 1978 de
2043 1924 2154 1992 ipsa
2183 1930 2473 1992 elemosina
2504 1940 2548 1971 ³⁸
2580 1944 2856 2005 subtraere
2885 1952 2929 1983 “
2964 1958 3231 2016 voluerint
3269 1964 3338 2020 de
3380 1982 3541 2035 pecu-

1952 2016 2037 2068 nia
2090 2027 2184 2073 aut
2236 2027 2422 2092 quales
2478 2046 2566 2086 res
2617 2051 2725 2092 non
2780 2039 2980 2100 habeas
3032 2046 3324 2109 licentiam.
3380 2016 3453 2112 rEt
3490 2061 3540 2115 si

1951 2103 2147 2162 factum
2181 2123 2273 2167 aut
2320 2121 2648 2181 subtractum
2696 2128 2848 2188 fuere
2890 2144 2945 2191 et
2992 2140 3058 2193 ad
3093 2156 3274 2199 veram
3318 2160 3537 2205 cauSam

1948 2211 2247 2266 apparuere
2289 2207 2409 2265 (iliis
2456 2216 2539 2269 vel
2568 2216 2860 2279 heredibus
2890 2228 3023 2283 meis
3072 2246 3175 2286 non
3226 2238 3536 2305 permittant

1947 2294 2142 2353 exinde
2171 2301 2414 2361 minuare
2442 2316 2537 2363 aut
2570 2313 2746 2383 aliqua
2786 2318 3154 2382 subtractione
3184 2294 3300 2384 ﬁeri
3339 2333 3536 2389 simul-

1947 2397 2050 2451 que
2078 2386 2122 2416 ³³
2146 2388 2283 2446 titius
2309 2404 2396 2448 aut
2428 2397 2716 2460 heredibus
2765 2410 2902 2464 meis
2945 2414 3142 2472 exinde
3184 2422 3426 2480 minuare
3462 2426 3533 2483 de

1946 2473 2056 2542 ipsa
2087 2478 2381 2541 elemosina
2414 2488 2458 2519 ³³
2492 2492 2633 2547 sicut
2660 2511 2691 2549 a
2720 2513 2808 2555 me
2837 2500 3133 2561 institutum
3163 2522 3244 2565 est
3271 2525 3357 2567 aut
3381 2517 3534 2572 exin.

1943 2565 2011 2639 de
2041 2572 2182 2638 quali
2234 2576 2349 2631 iure
2377 2578 2421 2609 ³³
2445 2584 2721 2642 subtraere
2767 2592 2982 2649 voluere
3027 2599 3194 2655 simili
3234 2605 3393 2659 modo
3423 2624 3530 2665 non

1942 2661 2215 2727 permittat
2243 2668 2490 2725 abbatem
2520 2674 2590 2729 de
2629 2678 2746 2746 ipso
2772 2689 3101 2743 monasterio
3144 2696 3311 2749 sancti
3342 2697 3531 2755 Bai-to-

1942 2752 2099 2808 lumet
2133 2756 2248 2812 lieri
2294 2762 2385 2835 qui
2417 2767 2577 2820 modo
2622 2776 2707 2824 est
2733 2781 2827 2827 aut
2853 2774 2946 2845 qui
2994 2785 3329 2846 posmtodnm
3376 2752 3527 2847 luere

1939 2848 2038 2898 insi
2072 2849 2229 2904 ambe
2257 2854 2451 2919 partim
2476 2856 2523 2887 ³⁸
2547 2858 2934 2921 tlefensandum
2967 2882 3150 2927 curam
3180 2876 3372 2932 exinde
3402 2894 3515 2949 per-

1936 2938 2200 3005 agendum
2273 2954 2331 2997 ut
2387 2962 2560 3018 neque
2625 2956 2919 3013 minuatant
2973 2976 3147 3032 neque
3193 2967 3519 3028 subtractam

1938 3030 2083 3083 nullo
2136 3036 2295 3089 modo
2342 3038 2414 3092 sit
2464 3043 2745 3103 eiimosina
2779 3049 2826 3081 ³⁸
2867 3030 3180 3123 pauperum.
3232 3059 3340 3117 Sed
3387 3064 3523 3122 sicut

1937 3133 2029 3185 per
2050 3124 2235 3194 scripti
2264 3128 2470 3184 tirmavi
2514 3134 2568 3188 in
2600 3138 2712 3206 ipsa
2738 3141 3031 3201 stabilitate
3055 3147 3372 3207 defendatur
3405 3157 3535 3211 ηυξ--

1935 3210 1983 3263 la
2023 3214 2216 3269 exinde
2246 3219 2589 3289 subripiettdo
2636 3237 2693 3282 et
2740 3231 2860 3301 quis
2890 3231 2982 3290 ille
3024 3236 3312 3299 immemor
3333 3255 3519 3303 contra

1930 3298 2068 3356 hanc
2118 3321 2291 3362 meam
2345 3298 2769 3383 dispositionem-
2804 3331 2859 3379 et
2905 3329 3258 3389 ordinationis
3313 3343 3518 3395 cartula

1928 3408 2105 3449 rerum
2133 3413 2438 3459 sanctorum
2469 3408 2726 3469 dotaliunt
2778 3416 2855 3473 ire
2883 3425 3204 3494 quandoque
3264 3443 3517 3500 presum-

1928 3485 2093 3552 psetit
2123 3498 2215 3543 aut
2244 3508 2361 3547 eam
2388 3496 2683 3568 irrumpere
2712 3485 2940 3564 voluerit
2958 3510 3011 3565 in
3039 3516 3224 3582 primis
3251 3485 3383 3575 iram
3421 3522 3513 3580 Dei

1924 3585 1976 3628 et
2007 3589 2196 3635 omnes
2224 3581 2266 3614 ³⁷
2303 3585 2525 3643 virtutes
2552 3590 2598 3625 ³⁸
2629 3597 2866 3654 celorum
2921 3581 3363 3676 archangelorum
3414 3628 3514 3669 an-

1922 3669 2166 3737 gelorum
2200 3678 2581 3745 praphetarum
2611 3691 2975 3756 apostolorum
3006 3669 3284 3755 mariirum
3306 3714 3359 3759 et
3383 3720 3514 3762 cnn-

1922 3760 2189 3819 l'essorum
2218 3768 2514 3828 incurrant.
2565 3776 2787 3850 Insuper
2812 3785 2992 3840 socius
3018 3789 3116 3844 sibi
3147 3790 3192 3822 "
3217 3790 3353 3849 Juda
3380 3795 3514 3854 Sea-

1922 3854 2147 3913 riottltes
2178 3862 2267 3929 qui
2316 3879 2412 3932 per
2442 3882 2683 3925 amarum
2730 3876 2974 3932 osculum
3017 3880 3297 3940 Dominum
3325 3901 3389 3943 ac
3418 3904 3509 3947 re-

1918 3942 2169 4016 demptor
2196 3954 2433 4008 omnium
2464 3960 2701 4016 tradidit.
2756 3964 2822 4019 Et
2869 3967 2921 4021 in
2971 3979 3230 4030 tartarum
3280 3978 3352 4034 sit
3376 3996 3508 4036 con-

1917 4050 2183 4108 sutnptus.
2220 4044 2361 4102 Ecce
2392 4061 2445 4102 ut
2471 4052 2606 4107 meis
2638 4053 2855 4113 fuerunt
2880 4060 3164 4122 desideriis
3193 4069 3413 4138 implevi
3450 4085 3507 4131 et

1914 4129 1960 4185 si
1984 4134 2220 4201 qualibet
2246 4139 2353 4195 alio
2378 4140 2674 4202 iudicatum
2701 4164 3005 4220 apparuere
3023 4157 3075 4212 in
3091 4158 3139 4191 ιθ
3152 4176 3214 4217 se
3239 4129 3437 4221 habeas
3457 4129 3506 4200 δέ

1916 4222 2109 4281 rubore
2139 4226 2184 4257 “
2212 4229 2311 4285 nisi
2358 4231 2461 4290 iste
2502 4234 2548 4268 “
2578 4240 2668 4309 qui
2699 4241 2747 4275 "i
2773 4260 2915 4301 nunc
2964 4250 3123 4305 modo
3167 4254 3501 4314 conﬁrmavi.

1914 4315 1979 4370 Et
2009 4317 2310 4380 Gaubertus
2341 4330 2579 4386 notarius
2609 4335 2845 4392 scribere
2875 4343 3078 4411 rogavi.

1983 4414 2173 4466 Actum
2204 4415 2431 4474 Pistorie
2471 4420 2762 4480 indictione
2790 4428 2839 4459 “
2866 4430 2967 4485 ista
2998 4429 3044 4463 “
3072 4433 3316 4492 feliciter.

1980 4500 2199 4571 Signum
2233 4507 2435 4564 domini
2481 4510 2759 4571 Gaidualdi
2792 4522 2983 4576 medici
3034 4527 3127 4594 qui
3155 4530 3290 4583 hanc
3318 4541 3497 4587 cariu-

1913 4589 2017 4644 lam
2064 4594 2176 4652 tieri
2200 4600 2404 4670 rogavit
2432 4613 2484 4659 et
2512 4603 2589 4659 eis
2621 4606 2665 4637 ⁵⁷
2693 4610 2873 4665 omnia
2919 4615 3117 4671 retecta
3155 4629 3240 4677 est
3265 4621 3311 4653 “'
3336 4638 3497 4681 coni-

1909 4684 2106 4751 placuit

1974 4774 2193 4845 Signum
2216 4780 2399 4837 domni
2436 4783 2659 4842 Bautoni
2681 4789 3037 4852 decembrone
3057 4813 3113 4856 ss
3135 4799 3205 4857 δ’.

1973 4868 2194 4939 Signum
2242 4874 2476 4929 domnus
2526 4884 2700 4935 Amati
2752 4884 2820 4938 de
2872 4887 3106 4947 alatione
3150 4908 3225 4949 ss.
3280 4895 3324 4928 ⁸⁰
3380 4899 3491 4969 Ego

1903 4961 2119 5017 Cisilari
2152 4976 2368 5036 rogatus
2398 4971 2463 5023 ad
2497 4970 2802 5031 Gadoaldus
2825 4982 3062 5039 medicus
3093 4991 3243 5042 testis
3272 5003 3349 5044 ss.

1973 5052 2193 5122 Signum
2218 5057 2444 5113 domnus
2472 5062 2763 5121 Stanecttes
2791 5070 2857 5123 de
2885 5083 3127 5131 materno
3155 5092 3210 5133 ss
3238 5079 3305 5134 “.

1974 5141 2195 5211 Signum
2222 5145 2447 5202 domnus
2492 5153 2756 5211 Ansuluui
2786 5158 2897 5215 lilio
2922 5164 3189 5232 quondam
3240 5167 3483 5227 Rinfrcdt

1902 5234 2071 5289 testis.

1465 5334 1853 5404 VARIANTES
1894 5349 2289 5408 LECTIONES.

284 5400 377 5458 ‘se
450 5406 878 5479 'massarichias,
953 5414 1267 5486 ’palndibns
1341 5421 1553 5495 l’quese
1628 5432 1839 5491 ‘abere'
1891 5440 2046 5496 ’ωσι
2064 5444 2355 5499 adiacentia
2373 5447 2455 5503 vel
2529 5451 2882 5521 'pertinentia
2959 5455 3059 5512 'ac
3121 5459 3274 5537 {sua
3302 5465 3371 5537 _"
3387 5484 3484 5537 ρει-

284 5482 424 5528 ΒΙὊΙΙὶ
491 5478 530 5508 ¹¹
561 5487 799 5537 tempore
818 5496 868 5537 et
884 5498 993 5537 ’σιιιε
1018 5498 1265 5537 δηιὶῆνὶιις
1326 5495 1512 5537 uinihi
1578 5500 1621 5532 ιι
1643 5506 1869 5537 ηΙί......ι,ι
1949 5513 1991 5537 is
2023 5514 2146 5537 :_-:t-:
2226 5516 2269 5537 ts
2301 5526 2344 5537 -ι
2377 5520 2401 5537 εν
2434 5521 2464 5537 ο·
2490 5522 2501 5532 ³
2584 5524 2623 5537 ⁸-
2937 5527 2979 5537 ⁸·

864 5478 870 5479 ,
992 5478 1005 5486 .
1388 5478 1473 5495 την
1496 5478 1549 5483 -ν
1661 5478 1819 5491 -ννπυ
1926 5478 2046 5496 “Ill
2064 5478 2355 5499 aus-LVIII“!
2378 5478 2455 5503 νσι
2534 5478 2544 5484 ’
2570 5478 2882 5521 ρει-ιιηεηιι.
2959 5478 3059 5512 vac
3327 5478 3369 5497 ιν

206 5482 424 5528 scere"!
491 5478 530 5508 η
561 5487 799 5545 “imm”
818 5496 993 5553 θίηηθ
1018 5498 1265 5561 δυιιενίυε
1326 5495 1366 5525 ²²
1385 5499 1512 5553 mihi
1578 5500 1621 5532 ⁸³
1643 5506 1870 5569 Clit-“tute
1948 5513 1991 5543 “
2021 5514 2149 5569 inibi
2226 5516 2269 5547 ⁸⁸
2293 5526 2348 5571 et
2375 5520 2501 5575 inibi
2583 5524 2871 5591 "Qualibet
2937 5527 2979 5558 "
3008 5544 3066 5583 re
3139 5532 3479 5594 "subiacen-

206 5543 337 5594 diu“
407 5544 449 5576 ι.
476 5563 705 5594 nnmmm
763 5555 806 5587 ιθ
829 5558 1203 5594 ςιιΙιΙΙιιιωιΑηηι
1266 5564 1308 5594 ιι
1351 5566 1647 5594 ,Ιιιμηάημε-
1729 5577 1774 5594 οι
1801 5581 1820 5594 ι-
1858 5581 1867 5588 -
2059 5583 2100 5594 ..
2132 5584 2147 5594 .
2248 5590 2249 5593 η
2366 5589 2401 5594 -.

675 5543 681 5545 ·
909 5543 919 5553 ·
1088 5543 1102 5561 π
1132 5543 1141 5545 ‘
1186 5543 1259 5546 τ’
1643 5543 1869 5569 ν’·ι-ωιισ
2021 5543 2149 5569 Imm
2227 5543 2265 5547 "
2293 5543 2348 5571 ct
2375 5543 2501 5575 uth
2583 5543 2871 5591 "Qualibet
2937 5543 2974 5558 "
3008 5544 3066 5583 re
3139 5543 3338 5589 "subis

206 5543 337 5626 dm."
407 5544 449 5576 η
476 5563 705 5659 “nam?”
763 5555 1236 5659 “f'm'ﬂ'endu'”,
1266 5564 1308 5645 τι
1348 5566 1651 5659 ἀθλιτιιξοηίε
1729 5577 1981 5659 “luisset
2057 5583 2101 5615 ³³
2128 5584 2311 5659 luerit
2365 5589 2411 5619 "
2450 5607 2544 5657 pro
2618 5594 2664 5624 "
2693 5595 2820 5648 liattt
2893 5596 2939 5627 “
2968 5600 3215 5659 alimonia
3295 5608 3338 5637 ³⁷

616 5637 641 5659 Ξ.
671 5637 877 5659 ΙΙΙΙΛἊΙΙΩ
1031 5644 1308 5659 Ιι-ιιιΑΔΛιΙΑΛ
1460 5656 1477 5659 ξ.
1495 5646 1522 5659 I_

205 5616 468 5699 scriptum
614 5622 880 5699 alimoniis
953 5629 998 5661 “
1031 5635 1311 5698 prepositis
1386 5638 1431 5669 ³⁸
1456 5642 1705 5699 alimonta
1780 5649 1824 5681 ³¹

287 5698 466 5750 partes
522 5689 586 5764 "f
626 5694 735 5764 ipsa
778 5682 1043 5753 aimonia'
1100 5682 1143 5733 ’θ
1189 5709 1427 5764 ninnium
1501 5712 1546 5743 ³⁸

209 5750 256 5784 ⁸³
286 5759 426 5827 quod
518 5759 566 5792 "
597 5750 819 5823 t-t'indie
906 5750 1480 5848 ‘Vsuprasc‘riptaw'i'
1513 5784 1563 5840 el

3381 5626 3479 5676 per

1854 5656 2092 5709 minuam
2109 5666 2208 5737 salut
2238 5656 2550 5717 subtrahere
2575 5732 2584 5737 _
2606 5663 2677 5737 ,δή
2711 5666 2831 5737 etsi
2910 5666 2956 5698 ⁸⁸
2977 5656 3224 5730 alimonia
3302 5656 3475 5737 "r'ein

2724 5717 2729 5718 ί
2980 5717 3224 5730 suum..-
3362 5717 3473 5737 η...

1587 5717 1837 5809 virtutum
1914 5723 1958 5753 ³⁸
1999 5725 2093 5809 sit.
2145 5725 2190 5757 ⁸⁸
2217 5732 2415 5809 nullam
2447 5735 2498 5809 in
2547 5732 2618 5809 f‘
2665 5734 2860 5791 habeat
2932 5737 2979 5809 δέ
3010 5742 3172 5797 robur
3245 5745 3293 5779 “
3330 5748 3473 5809 istud

1663 5782 1797 5845 “‘ut
1832 5803 1956 5850 sunt
2048 5792 2093 5827 δ’
2121 5782 2325 5856 teat.”
2367 5782 2412 5833 ⁵⁸
2436 5782 2860 5867 insanam};

2952 5806 2995 5841 ιι
3029 5812 3183 5872 m
