4026 6352
439 335 638 396 ,Ιῶΰ

1679 309 2292 386 essnouauuouuu
2338 290 2576 388 uacua

3541 390 3554 402 ,
3621 330 3757 388 tum

561 448 672 516 Ego
697 445 970 502 loliaunss
993 454 1207 515 matus
1232 447 1299 502 ad
1341 445 1647 506 Gadaaldus
1679 449 1914 503 medicus
1945 448 2066 501 bar-
2098 451 2144 504 Α
2177 447 2262 500 tuli
2291 450 2430 502 enim
2465 451 2652 513 tinore,
2687 460 2743 504 ut
2772 465 2961 505 omnes
3003 448 3254 515 Romani,
3283 450 3375 511 qui
3415 450 3580 503 modo
3606 461 3748 518 sunt,

494 539 678 594 Danius
708 538 724 569 ί
757 539 904 592 testis
942 555 1017 593 ss.

563 629 672 696 Ego
708 628 796 696 qui
849 628 1348 695 supralcattbertus
1397 629 1627 698 scriptor
1667 629 1825 683 huius
1872 631 2076 684 carttt'e

450 702 458 789 ζ
498 731 617 788 post
646 720 870 774 testibus
899 720 1145 774 roborata
1177 720 1365 774 tradita
1390 721 1653 789 complevi
1684 729 1738 773 et
1763 721 1910 773 dedi.

575 810 688 879 Ego
730 810 941 879 quidem
988 810 1256 868 Gerardus
1299 812 1536 864 notarius
1573 812 1896 864 autenticum
1944 809 2073 864 illud

455 877 461 880 ξ
493 902 600 954 vidi
625 877 690 954 et
722 877 822 972 legi
855 911 1106 971 quantum
1137 903 1314 970 legere
1341 912 1393 958 et
1418 904 1725 959 discernere
1763 904 1908 976 potui
1937 905 2075 959 unde

457 975 594 1067 hoc
623 996 893 1066 exemplar
919 995 1238 1064 exemplari.

1250 1087 1342 1144 IV.

471 1165 474 1168 ’
565 1178 621 1233 in
647 1183 862 1233 nomlne
895 1180 1100 1234 Domini
1133 1180 1225 1234 Dei
1253 1180 1416 1235 nostri
1446 1179 1572 1234 Jesu
1597 1179 1796 1235 Christi
1828 1181 1915 1236 die
1939 1196 2080 1238 nono

496 1286 681 1324 mense
727 1271 1077 1340 Aprile.......
1112 1270 1386 1338 licguante
1428 1273 1627 1326 domno
1677 1273 1980 1338 Do-siderin,
2026 1282 2081 1327 et

471 1362 718 1432 .Adelgis
769 1378 910 1414 anno
974 1363 1254 1416 undecimo.
1309 1373 1364 1416 et
1411 1374 1602 1417 octavo
1651 1378 1743 1430 per
1792 1364 2080 1416 indictione

496 1456 682 1522 quinta
731 1456 971 1510 feliciter.
1027 1456 1225 1509 Christi
1273 1455 1456 1510 Jesum
1507 1455 1711 1509 Domini
1743 1456 1906 1510 nostri
1956 1455 2080 1510 Jesu

496 1543 694 1602 Christi
740 1547 950 1600 assidue
981 1563 1079 1600 nos
1117 1548 1365 1601 convenit
1405 1558 1651 1615 precepta
1695 1547 1985 1616 complere,
2025 1555 2083 1599 ut

498 1641 650 1694 cuius
682 1641 1012 1710 providentia
1048 1657 1198 1695 mens
1227 1649 1407 1694 nostra
1453 1639 1809 1693 adcomodare
1837 1639 2081 1709 dignatus

498 1742 598 1799 est,
639 1733 805 1801 ipsius
849 1734 1138 1788 auxiliante
1169 1733 1418 1800 quoniam
1467 1732 1629 1784 vitam
1675 1742 1995 1801 temporum,
2029 1737 2083 1783 ct

495 1830 688 1882 mortis
722 1831 918 1883 exitum
964 1830 1222 1884 debeinus
1265 1829 1533 1896 obscripta
1575 1828 1897 1899 patefacere,
1925 1837 2082 1898 atque

498 1921 713 1974 adversi
735 1923 902 1975 sancti
931 1934 977 1974 et
1005 1922 1338 1974 venerabiles
1362 1921 1492 1975 locis
1515 1937 1610 1974 nos
1631 1921 2078 1987 comendandum,

498 2012 569 2066 lbi
612 2011 850 2065 volemus
894 2011 1146 2066 festinare
1194 2011 1278 2065 ubi
1324 2027 1537 2079 semper
1579 2012 1832 2066 debemus
1878 2027 2084 2078 perma-

502 2119 652 2169 nere,
683 2105 771 2160 ubi
800 2104 947 2158 iustis
975 2114 1027 2158 et
1053 2105 1520 2159 benemerentilms
1545 2104 1662 2157 sine
1692 2104 1794 2157 ﬁne
1814 2103 1865 2157 in
1890 2105 2084 2169 gaudio

497 2211 790 2270 repausare
835 2196 1105 2261 festinant,
1157 2205 1214 2250 ut
1239 2211 1335 2260 pro
1376 2197 1462 2250 his
1493 2197 1876 2265 temporalibus
1907 2212 2082 2250 rerum

495 2291 656 2354 nobis
716 2292 1056 2357 omnipotens
1114 2291 1368 2344 Dominus
1429 2291 1734 2357 ceutnplmn
1804 2289 2085 2344 restituere

501 2383 770 2448 dignetur.
825 2381 976 2436 Unde
1023 2383 1183 2436 modo
1207 2397 1306 2450 ego
1333 2379 1631 2435 Guinifredi
1665 2381 1930 2448 quondam
1979 2382 2084 2437 lilio

500 2470 769 2538 quondam
816 2470 1080 2539 Guillipad
1111 2487 1212 2525 una
1260 2486 1380 2525 cum
1413 2471 1746 2526 dileCIissimi
1783 2473 1904 2526 filiis
1930 2475 2084 2539 meis,

502 2541 554 2616 id
580 2571 658 2615 est
696 2559 989 2626 Guillerad,
1043 2563 1218 2630 Λευιῐί
1270 2561 1590 2616 unanimiter
1622 2562 1758 2616 bona
1787 2572 1840 2617 et
1884 2563 2087 2633 integra

501 2652 830 2724 voluntatem
858 2663 1036 2706 nostra
1061 2653 1149 2714 do,
1173 2653 1386 2720 damus,
1411 2655 1689 2719 tradimus,
1715 2664 1870 2722 atque
1895 2656 2089 2711 offerre

500 2741 597 2795 visi
629 2756 814 2797 sumus
842 2758 1030 2798 omnes
1069 2757 1177 2810 res,
1207 2745 1347 2812 quod
1397 2746 1725 2801 nominative
1771 2746 2085 2813 dixerimus,

504 2832 572 2887 de
599 2849 686 2888 res
719 2835 998 2903 pecuniola
1023 2845 1224 2901 nostra,
1250 2838 1390 2905 quod
1425 2839 1679 2892 habemus
1700 2840 1767 2893 de
1793 2855 1915 2893 cura
1945 2843 2092 2908 geni-

503 2923 605 2978 turi
628 2925 840 2990 nostris,
875 2927 958 2979 vel
979 2926 1047 2981 de
1068 2942 1252 2981 eorum
1282 2928 1602 2995 conquisite,
1627 2930 1874 2984 similiter
1901 2931 1966 2984 de
1995 2946 2092 2985 no.

501 3021 616 3068 stro
639 3015 691 3068 iu
727 3016 997 3085 aliquanta
1019 3018 1291 3072 oﬂerirnus
1311 3019 1364 3074 in
1383 3021 1606 3076 ecclesia
1648 3023 1880 3077 oratorio
1909 3034 2092 3079 nostro

503 3103 646 3159 beati
675 3104 870 3172 Petris,
901 3117 955 3162 et
988 3120 1173 3164 sancte
1215 3110 1404 3177 Marie,
1433 3111 1574 3180 quod
1606 3127 1702 3166 nos
1733 3113 1933 3185 indigni
1964 3131 2090 3183 pec-

504 3198 702 3252 catoris
731 3199 783 3254 in
831 3209 1015 3253 nostro
1042 3200 1319 3271 privilegio
1348 3218 1376 3254 a
1406 3201 1767 3259 fundamentis
1797 3205 2090 3272 ereximus,

509 3289 702 3344 ibidem
750 3292 1045 3358 offerimus,
1096 3293 1147 3346 id
1172 3295 1334 3349 estin
1383 3295 1566 3364 primis
1605 3311 1730 3351 case
1760 3297 2098 3353 habitationis

505 3380 593 3435 ubi
648 3381 968 3450 habitamus,
1020 3386 1190 3450 locus,
1238 3389 1328 3455 qui
1373 3388 1670 3457 appellatur
1707 3390 1928 3458 pionte;
1969 3408 2092 3458 una,

506 3490 627 3528 cum
659 3475 962 3532 solamentu
992 3479 1060 3533 de
1092 3479 1207 3548 ipse
1234 3495 1378 3548 case,
1413 3496 1509 3536 seo
1538 3494 1711 3545 curre,
1741 3483 1830 3536 ubi
1865 3483 1979 3551 ipse
2007 3499 2098 3537 ec-

508 3564 672 3620 clesia
701 3571 1038 3637 superposita
1069 3579 1154 3626 est
1199 3587 1303 3625 una
1333 3588 1454 3626 cum
1501 3584 1619 3628 orto
1648 3573 1788 3628 circa
1815 3575 1929 3642 ipse
1955 3589 2097 3640 casa,

507 3673 602 3711 seo
633 3667 687 3712 ct
716 3671 867 3728 prato
903 3676 1070 3730 prope
1116 3663 1230 3732 ipse
1259 3679 1382 3719 case
1429 3680 1529 3718 una
1560 3680 1682 3720 cum
1714 3666 2013 3730 arboribus,
2048 3675 2101 3720 i-t

510 3750 732 3826 insuper
764 3752 960 3807 ibidem
988 3754 1176 3809 damus
1195 3770 1318 3810 casa
1344 3756 1712 3820 habitationis,
1736 3757 1876 3826 quod
1902 3758 2098 3810 habere

508 3843 610 3914 visi
645 3857 849 3912 sumus,
902 3846 1070 3911 locus,
1119 3849 1206 3917 qui
1251 3851 1553 3918 appellatur
1595 3851 1796 3917 casule,
1843 3866 1943 3904 una
1975 3866 2096 3904 cum

509 3934 805 4003 solamento
833 3953 950 4002 suo,
983 3947 1150 4003 curte,
1185 3952 1326 4005 orto,
1358 3943 1530 4005 vinea,
1573 3951 1737 4007 terra,
1785 3941 1973 4011 pratis,
2005 3957 2096 4009 pa-

512 4027 938 4106 scuis,.cultutu,
966 4040 1017 4082 et
1050 4031 1304 4085 incultum
1334 4032 1402 4086 de
1426 4033 1677 4101 quidquid
1722 4032 1910 4086 ividem
1943 4034 2100 4086 modo

513 4116 579 4169 ad
614 4127 798 4172 nostra
855 4118 1219 4174 dominatione
1265 4123 1492 4189 pertinet
1520 4122 1572 4177 in
1626 4124 1912 4190 integrum,
1959 4123 2098 4192 quod

511 4223 732 4264 avemus
759 4209 811 4266 in
839 4213 1202 4281 suprascripto
1247 4214 1388 4281 loco,
1431 4224 1659 4283 excepto
1689 4215 1834 4286 sylva
1864 4215 1976 4281 illa,
2011 4218 2098 4282 qui

515 4305 600 4357 lue
625 4305 692 4359 de
723 4305 831 4370 ipsa
856 4314 1059 4369 curtes.
1085 4307 1227 4376 quod
1255 4315 1411 4362 antea
1441 4308 1686 4364 dedimus
1715 4309 1883 4364 sancti
1912 4310 2097 4375 Justis,

512 4405 566 4449 et
617 4397 831 4471 insuper
877 4399 1123 4456 dedimus
1173 4401 1370 4455 ibidem
1418 4415 1538 4455 casa
1590 4401 1935 4458 habitationis
1979 4419 2097 4457 cum

2182 541 2265 595 vel
2290 558 2470 596 uirum
2521 545 2803 598 heredibus
2829 544 2957 598 dare
2982 544 3182 598 debeas
3213 558 3308 612 per
3348 544 3550 598 circqu
3592 560 3762 601 annus

2181 647 2274 699 per
2301 650 2562 703 quemque
2587 649 2710 693 casa
2737 650 2830 689 sua
2858 634 3138 690 luminaria
3168 636 3220 690 iu
3249 638 3360 700 ipsa
3388 637 3620 689 ecclesia
3648 653 3762 692 ora-

2185 725 2320 778 torio
2350 736 2539 780 nostro
2576 728 2625 781 in
2656 727 2899 781 valliente
2945 727 3210 792 tremisse,
3240 727 3382 781 olleo
3419 737 3608 781 contra
3637 744 3764 782 auro

2181 813 2246 867 de
2278 816 2372 868 ista
2408 817 2500 868 tris
2543 831 2626 870 res
2659 833 2760 870 una
2787 817 2949 887 quale
2994 816 3258 882 habuerit,
3287 829 3340 872 et
3371 818 3616 873 massarii
3647 819 3762 885 ipsi,

2181 904 2267 972 qui
2321 905 2477 958 modo
2523 916 2666 970 sunt,
2703 921 2794 975 per
2841 907 3077 974 singulas
3125 921 3272 970 case,
3329 908 3410 960 vel
3467 907 3760 961 heredibus

2182 1011 2388 1062 eorum,
2421 996 2574 1051 faciat
2619 998 2684 1051 ad
2733 999 2845 1067 ipsa
2890 1001 3115 1054 ecclesia
3163 1001 3414 1068 angarias
3445 1008 3502 1054 et
3547 1001 3767 1054 cdumas

2182 1101 2432 1158 quattuor
2462 1107 2556 1158 per
2585 1107 2778 1159 annos,
2813 1107 2937 1146 nam
2977 1093 3118 1148 nulla
3151 1093 3381 1157 reddito,
3413 1094 3497 1149 vel
3527 1093 3768 1163 angaria,

2185 1195 2355 1246 neque
2403 1183 2482 1233 via
2535 1183 3006 1249 superponendum
3057 1185 3207 1238 nullu
3265 1186 3428 1239 homo
3478 1184 3671 1253 possit,
3716 1191 3771 1238 et

2185 1271 2402 1339 lusnper
2429 1272 2680 1326 dedimus
2704 1274 2901 1329 ividem
2931 1274 3062 1330 silva
3085 1275 3335 1338 donnica.
3365 1277 3773 1345 quiappellatur

2184 1363 2508 1419 Calaim-cca.
2544 1363 2682 1418 Idem
2714 1380 2836 1420 case
2861 1367 3164 1420 massaricie
3188 1377 3334 1431 sunt,
3359 1367 3410 1420 in
3439 1367 3627 1435 primis
3647 1381 3772 1423 casa

2185 1454 2458 1523 Godipcrti
2492 1455 2540 1508 di
2586 1456 2907 1523 Calamicca,
2938 1473 3057 1513 casa
3091 1458 3282 1513 lstavili
3309 1460 3376 1515 de
3423 1461 3764 1524 Calamecra,

2186 1560 2306 1598 casa
2353 1545 2658 1600 Caudimari
2701 1547 2766 1600 de
2815 1547 3039 1613 Cil0nia,
3088 1559 3314 1615 excepto
3357 1551 3492 1604 silva
3544 1549 3772 1604 donniea

2185 1635 2252 1688 de
2279 1633 2506 1698 Cilonio,
2536 1651 2658 1689 Casa
2690 1636 2932 1705 Crespuli
2965 1636 3032 1692 de
3059 1639 3344 1704 fremiano,
3375 1650 3604 1707 excepto
3624 1647 3770 1694 sorte

2189 1725 2396 1790 fusculi,
2445 1726 2530 1793 qui
2577 1726 2662 1781 fue
2716 1727 2954 1782 barbano
2993 1730 3128 1796 eius,
3167 1732 3307 1800 quod
3341 1732 3496 1784 nobis
3535 1745 3775 1787 reserva-

2113 1791 2158 1852 B
2189 1833 2327 1872 Inus.
2379 1819 2756 1888 SupraScripta
2791 1819 2904 1875 viro
2952 1821 3129 1873 omnia
3175 1819 3402 1890 qualiter
3429 1821 3679 1889 superius
3707 1821 3772 1877 ad

2186 1911 2292 1979 ipsi
2323 1910 2549 1965 ecclesia
2600 1927 2692 1980 per
2744 1928 2839 1968 nos
2889 1913 3089 1976 datum,
3141 1923 3192 1966 et
3240 1913 3618 1966 conﬁrmatum
3647 1924 3772 1977 est;

2185 2003 2297 2073 ipsa
2329 2004 2502 2056 omnia
2534 2003 2796 2068 volemus,
2824 2015 2878 2058 ut
2909 2021 3068 2059 avcas
3102 2005 3214 2074 ipse
3237 2017 3423 2059 sancta
3456 2005 3548 2058 Dei
3577 2004 3774 2061 virtuts

2186 2096 2423 2149 oratorio
2457 2106 2665 2173 nostro,
2699 2107 2753 2150 ut
2781 2113 2884 2150 nou
2918 2114 3014 2151 nos
3057 2099 3404 2166 suprascripti
3451 2097 3773 2163 Guinifredi,

2185 2187 2356 2251 Saxu,
2402 2187 2694 2255 (iuillcrad,
2747 2191 2948 2258 Agrali,
2995 2207 3101 2246 non
3134 2191 3325 2260 aliquis
3357 2191 3426 2246 de
3458 2189 3771 2255 heredibus,

2191 2293 2349 2351 atque
2381 2285 2608 2351 posteris
2642 2286 2836 2339 nostris
2865 2287 3164 2342 "ullatenus
3206 2288 3502 2341 habeamus
3528 2287 3774 2341 facundia

2188 2371 2364 2439 alique
2395 2373 2461 2427 de
2493 2373 2565 2426 ris
2610 2374 2722 2443 ipsa
2774 2378 3180 2444 suptraendnm,
3234 2393 3407 2445 neque
3447 2378 3512 2431 da
3545 2392 3659 2446 Ipsa
3687 2391 3779 2432 ee-

2187 2461 2366 2523 clesia,
2399 2480 2568 2534 neque
2597 2467 2660 2519 da
2695 2466 2896 2522 homini
2938 2469 3032 2530 illi,
3066 2485 3162 2522 nec
3187 2470 3242 2522 in
3291 2470 3637 2534 monasterio,
3681 2469 3773 2524 ubi

2191 2567 2283 2619 per
2331 2570 2427 2609 nos
2477 2558 2833 2613 contraditum
2865 2599 2880 2623 ,
2933 2561 3011 2613 vel
3067 2561 3384 2614 conliriuatu
3441 2559 3620 2614 fuerit.
3676 2559 3767 2613 Sic

2192 2656 2366 2700 tamen
2417 2649 2668 2712 dicimus,
2717 2661 2875 2718 atque
2915 2651 3271 2719 decernimus,
3322 2654 3447 2707 dum
3501 2653 3661 2707 fuerit
3691 2651 3778 2706 die

2190 2738 2298 2792 vite
2331 2749 2513 2793 nostre
2543 2750 2776 2794 tutorum
2805 2742 3042 2796 omnium
3087 2745 3158 2797 ris
3185 2754 3388 2810 nostra,
3414 2743 3543 2798 dum
3577 2759 3684 2797 uno
3711 2742 3784 2798 do

2192 2829 2349 2882 nobis
2376 2845 2539 2898 super
2586 2834 2835 2896 vixerint,
2887 2837 3063 2886 omnia
3097 2835 3146 2889 in
3196 2836 3460 2904 integrum
3505 2845 3699 2889 avesnt
3728 2834 3783 2889 in

2197 2936 2289 2974 sua
2325 2934 2670 2992 porestati-m,
2700 2927 2816 2992 quis
2864 2927 2931 2980 de
2975 2928 3132 2982 nobis
3173 2938 3330 2982 antea
3375 2944 3479 2984 uno
3507 2928 3576 2983 de
3611 2929 3788 2983 altero

2193 3011 2443 3068 defuncto
2470 3015 2651 3079 fuerit,
2686 3027 2810 3070 tunc
2835 3018 2947 3082 ille,
2973 3019 3062 3085 qui
3090 3034 3419 3087 remansere,
3440 3022 3507 3074 de
3535 3021 3788 3089 portione

2197 3105 2462 3159 defunctis
2522 3106 2717 3161 faciant
2782 3110 3082 3176 leniosina,
3153 3111 3292 3164 unde
3342 3110 3496 3165 nobis
3554 3119 3785 3165 totarum

2200 3196 2391 3249 iustum
2423 3197 2739 3266 comparuit,
2773 3209 2827 3252 ut
2854 3200 2977 3252 dum
3030 3201 3188 3255 fuerit
3215 3201 3299 3255 die
3326 3205 3431 3256 vite
3459 3215 3639 3256 nosne
3665 3216 3788 3254 uso-

2201 3285 2394 3350 fructo,
2429 3286 2480 3340 iu
2514 3297 2692 3341 nostra
2725 3290 2978 3346 abeamus
3028 3300 3348 3359 potestatem
3382 3293 3584 3347 homini
3615 3293 3791 3347 liber-

2205 3379 2445 3444 tamlum,
2481 3388 2532 3432 et
2585 3395 2770 3433 omnes
2821 3383 3082 3435 trinsccus
3112 3397 3256 3448 case,
3301 3393 3598 3442 eramcntu.
3630 3383 3786 3436 (irra-

2203 3481 2410 3536 nieutu,
2454 3471 2779 3527 nutrintcntu
2826 3473 2978 3526 rmbis
3027 3476 3416 3528 reservavimus
3462 3475 3616 3542 eipso
3646 3474 3790 3542 quod

2201 3573 2362 3628 super
2415 3562 2810 3628 exceptavimus
2859 3563 3158 3620 faciendum
3207 3564 3434 3633 quodvis
3480 3566 3703 3627 bonum,
3733 3573 3791 3618 et

2205 3649 2304 3704 hoc
2335 3651 2472 3720 quod
2521 3661 2675 3706 antea
2707 3653 2884 3707 dicere
2932 3654 3247 3721 debuemus,
3295 3655 3362 3709 de
3393 3657 3638 3724 portione
3669 3656 3788 3710 bel-

2202 3742 2367 3810 lisnrj,
2403 3744 2452 3798 iu
2491 3746 2603 3815 ipsa
2641 3745 2937 3815 subjaceat,
2969 3749 3104 3802 sicut
3151 3757 3204 3802 et
3243 3748 3329 3800 illa
3379 3757 3559 3802 nostra
3589 3748 3793 3816 portio-

2203 3849 2322 3888 nem
2358 3836 2519 3900 ttnde,
2555 3839 2695 3892 inter
2727 3853 2824 3892 nos
2861 3840 3149 3904 couviune,
3180 3839 3302 3908 quia
3352 3839 3572 3893 minime
3597 3840 3794 3894 abeam

2203 3927 2316 3992 lilii,
2353 3932 2433 3983 vel
2470 3931 2600 3995 lilie,
2639 3943 2729 3985 aut
2779 3942 3021 3999 parente,
3075 3933 3124 3987 in
3157 3948 3312 4002 quem
3343 3931 3495 3986 nobis
3540 3940 3792 3999 Oportuu

2200 4021 2411 4087 cadere,
2444 4034 2532 4076 aut
2562 4039 2722 4078 causa
2753 4033 2932 4079 nostra
2964 4025 3363 4091 ciunmendare,
3394 4026 3493 4079 nisi
3527 4025 3794 4091 volemus,

2203 4118 2260 4170 ut
2307 4125 2424 4185 post
2480 4129 2660 4172 nostro
2711 4119 3139 4189 quandoquidem
3193 4127 3426 4173 totorutn
3481 4118 3630 4172 obito
3680 4127 3790 4173 ta

2201 4208 2314 4277 ipsc
2343 4209 2590 4275 ecclesia,
2639 4226 2793 4278 quant
2845 4227 2929 4266 res
2979 4213 3224 4281 pecunia,
3275 4211 3418 4280 quod
3463 4211 3663 4265 ibidem
3695 4227 3788 4279 per

2203 4315 2299 4353 nos
2347 4300 2551 4365 datum,
2611 4301 2692 4354 vel
2742 4305 3115 4356 continuatum
3161 4313 3266 4370 est,
3318 4311 3376 4357 ut
3418 4303 3693 4356 subiaceat
3739 4304 3794 4358 in

2202 4395 2525 4448 tnonasterio
2576 4395 2866 4449 beatissimi
2916 4397 3083 4452 sancti
3140 4397 3522 4462 B.irtltoloniei,
3571 4412 3633 4452 se
3674 4403 3792 4465 ipsa

512 4489 836 4557 solameuto,
867 4501 1039 4556 curle,
1067 4502 1210 4558 orto,
1242 4494 1423 4559 pratis,
1460 4496 1690 4562 pascuis,
1744 4494 1917 4559 silvis,
1949 4495 2089 4549 sale-

2201 4483 2364 4538 abbas
2409 4485 2707 4553 Dominico,
2745 4489 2826 4542 vel
2869 4489 2978 4556 ille,
3031 4491 3118 4560 qui
3166 4506 3262 4559 pus
3293 4492 3411 4558 ipso
3443 4496 3490 4544 in
3521 4491 3640 4559 ipso
3671 4507 3792 4544 mo-

513 4581 635 4648 ctis,
684 4583 998 4646 sationibus,
1049 4583 1274 4651 cultum,
1304 4595 1358 4638 et
1406 4585 1660 4639 incultum
1708 4586 1886 4639 omnia
1921 4588 1970 4639 in
2005 4587 2094 4640 iu-

517 4684 745 4741 tegrum,
798 4674 940 4739 quod
977 4674 1140 4729 abere
1178 4674 1276 4729 visi
1327 4691 1533 4738 sumus,
1585 4676 1753 4740 locus,
1787 4677 1876 4744 qui
1908 4677 2094 4745 appel.

518 4764 653 4817 latur
681 4764 935 4834 ducenta,
985 4773 1210 4834 excepto
1253 4765 1459 4834 cafagio
1504 4765 1596 4819 illo
1644 4767 1694 4819 in
1731 4767 1994 4832 integrum
2035 4767 2100 4821 :id

516 4855 828 4912 catarattula
875 4856 940 4908 da
993 4857 1203 4924 padule,
1245 4857 1386 4924 quod
1435 4857 1590 4911 nobis
1639 4871 2000 4924 reservamus,
2050 4869 2103 4912 et

518 4946 732 5020 insuper
759 4959 902 5011 casa,
931 4946 1075 5014 quod
1126 4947 1322 5002 habere
1371 4947 1468 5001 visi
1521 4963 1726 5012 sumus,
1776 4948 1918 5015 quod
1951 4948 2102 5004 nobis

517 5040 583 5094 de
611 5037 904 5094 Guillerard
935 5039 1199 5109 gastaldio
1227 5040 1277 5093 in
1307 5041 1516 5095 cambio
1546 5057 1771 5107 evenne,
1808 5043 1979 5108 locus,
2010 5045 2098 5113 qui

523 5131 1181 5200 vocatursCtnquantula.
1235 5131 1572 5200 admediana,
1627 5149 1748 5188 cum
1805 5137 1980 5188 omnia
2038 5136 2104 5191 de

516 5224 780 5292 quidquid
820 5214 892 5278 ad
935 5226 1047 5293 ipsa
1089 5237 1211 5278 casa
1259 5233 1503 5292 pertenet
1531 5235 1702 5292 curte,
1755 5235 1895 5291 Orto,
1927 5228 2100 5293 vinea,

521 5327 684 5378 terra,
720 5315 908 5384 pratis,
937 5316 1168 5383 pascuis,
1199 5331 1320 5370 cum
1346 5318 1525 5370 omnia
1551 5317 1616 5370 ad
1645 5319 1754 5385 ipsa
1782 5333 1904 5374 cass
1931 5330 2107 5388 perte-

521 5415 613 5457 net
649 5405 701 5458 in
733 5406 1016 5475 integrum,
1041 5408 1236 5462 ibidem
1265 5406 1528 5474 dedimus,
1559 5422 1787 5478 excepto
1811 5426 1913 5464 una
1938 5410 2106 5477 petias

519 5497 584 5549 de
618 5507 783 5564 terra,
813 5515 918 5567 que
961 5501 1072 5556 fora
1115 5501 1227 5569 ipsa
1252 5501 1499 5556 clausura
1531 5511 1632 5565 est,
1663 5501 1802 5570 quod
1831 5503 1984 5556 nobis
2014 5517 2103 5556 re-

521 5605 821 5646 st-rvamus.
850 5592 977 5647 Item
1006 5593 1075 5648 de
1101 5607 1223 5650 case
1245 5593 1554 5650 massaricie
1583 5593 1776 5650 ividem
1802 5594 2014 5664 damus,
2047 5593 2100 5648 in

597 5775 614 5805 ¹
658 5747 907 5849 barbarie:
922 5789 1064 5834 meo.

2203 4577 2438 4630 nasterio
2485 4578 2784 4632 ordinatum
2845 4581 3022 4644 fuerit,
3071 4591 3173 4634 tam
3226 4584 3335 4650 ipsa
3386 4582 3613 4637 ecclesia
3668 4597 3792 4637 cum

2203 4670 2378 4723 oinnia
2409 4671 2472 4723 ad
2506 4671 2613 4737 ipsa
2663 4671 2891 4726 ecclesia
2924 4681 3256 4740 pertenente,
3310 4674 3410 4744 ipsi
3442 4692 3560 4728 eam
3590 4674 3794 4728 abeant

2205 4761 2257 4815 in
2288 4777 2379 4814 sua
2414 4772 2724 4830 potestatem
2757 4765 3070 4834 regendum,
3127 4765 3549 4838 gubernandum,
3605 4780 3792 4819 sacer—

2206 4853 2382 4906 dotem
2409 4855 2483 4906 vel
2511 4854 2752 4908 monachi
2783 4857 2976 4910 ividem
2999 4858 3448 4927 congregaudum,
3473 4859 3562 4924 qui
3589 4857 3794 4912 ibidem

2208 4945 2499 4999 secundum
2546 4955 2727 4998 sancta
2761 4948 2938 5016 regula
2991 4947 3230 5002 habitare
3259 4961 3313 5003 et
3356 4949 3538 5002 vivere
3569 4947 3795 5014 debeas,

2204 5044 2258 5090 et
2292 5052 2384 5104 pro
2416 5036 2609 5090 nostris
2638 5039 2887 5106 peccatis,
2919 5039 3000 5092 vel
3035 5039 3099 5092 de
3132 5039 3440 5108 parentibus
3479 5040 3677 5093 nostris
3702 5038 3798 5094 die

2209 5137 2476 5197 noctuque
2510 5129 2619 5182 Deo
2648 5129 3204 5206 deprecaredeveas,
3249 5141 3303 5184 ut
3331 5131 3485 5185 nobis
3515 5131 3580 5183 ad
3612 5145 3798 5184 reme-
3841 5181 3849 5188 ε

2207 5218 2318 5289 dio,
2351 5227 2405 5274 et
2428 5219 2596 5274 salute
2623 5222 2801 5275 anime
2833 5233 3013 5275 nostre
3044 5232 3343 5291 perterreat,
3374 5233 3420 5275 et
3451 5223 3568 5290 quis
3599 5223 3688 5275 ille
3716 5219 3792 5276 de

2211 5311 2517 5379 heredibus,
2576 5324 2737 5384 atque
2785 5315 3011 5381 posteris
3063 5315 3258 5366 nostris
3304 5324 3486 5366 contra
3536 5313 3648 5380 ipsa
3695 5327 3796 5366 ec-

2211 5407 2394 5471 clesia,
2425 5410 2508 5461 vel
2541 5407 2658 5477 ejus
2709 5407 3062 5460 deservicntis
3109 5421 3290 5474 agere,
3322 5415 3410 5457 aut
3442 5419 3662 5458 causare
3702 5414 3804 5460 aut

2212 5498 2409 5568 aliquid
2457 5499 2756 5561 subtraere,
2791 5506 2882 5550 aut
2925 5497 3286 5550 controversia
3338 5495 3513 5550 facere
3540 5495 3801 5560 voluerit,

2214 5601 2307 5647 aut
2337 5593 2581 5658 rectoris,
2623 5593 2711 5662 qui
2763 5588 2911 5646 fuere
2979 5600 3038 5645 et
3085 5589 3386 5659 neglectum
3432 5585 3670 5659 posuerit
3697 5600 3802 5659 pro

1742 5704 2137 5786 VARiANj‘ES
2180 5706 2582 5798 Lscrioa'cs.
