4026 6352
497 363 636 436 rasa

1694 364 2311 427 ιΑιισοΒΑιιυοῐιυιι
2353 373 2597 436 REGUI

3617 397 3751 456 ιιιο

421 462 441 500 θ
495 480 623 536 dere
653 477 918 544 tribuatur
941 488 1169 548 excepto
1195 481 1449 551 auliveto,
1480 481 1545 536 ad
1575 483 1716 552 quod
1744 497 1906 538 avere
1928 485 2072 540 visus
2099 491 2146 545 Α
2175 491 2401 553 apostoli
2444 494 2651 551 Domini
2680 499 2852 554 nostri
2882 500 3010 559 Jesn
3036 503 3235 563 Christi
3266 507 3320 562 in
3345 508 3515 576 locus,
3546 513 3636 583 qui
3663 515 3753 569 di-

492 585 612 625 sum
640 570 705 623 ad
749 569 1042 625 Orbiniano
1065 611 1081 638 ,
1129 571 1269 641 quod
1301 573 1444 638 volo,
1475 580 1535 626 ut
1555 581 1712 626 aveat
1741 573 2069 627 monasterio

491 663 661 718 sancti
704 661 1066 717 Bartholomei
1091 704 1108 728 ,
1152 674 1204 718 et
1243 661 1311 717 de
1341 672 1481 717 terra
1507 664 1695 726 vinea,
1737 665 1874 732 quod
1909 679 2068 718 avere

490 753 664 806 vissus
701 766 820 806 sum
871 752 923 805 in
969 751 1126 817 loco,
1176 753 1265 819 qui
1312 751 1508 806 dicitur
1555 755 1845 820 petianese,
1893 765 1947 807 et
1999 753 2066 808 ad

485 853 672 896 sancto
698 843 850 898 Justo
872 841 1045 897 omnia
1071 842 1209 911 quod
1231 843 1295 896 ad
1327 844 1436 911 ipsa
1467 857 1588 897 casa
1618 856 1898 912 pertenere
1918 844 2062 912 volo,

487 946 544 990 ut
592 945 745 990 aveat
791 924 1067 1005 Lucidaﬁ
1107 936 1194 990 die
1242 938 1348 990 vite
1394 952 1522 1000 suc,
1583 938 1628 991 si
1672 938 1863 992 marito
1901 947 2063 1005 nupta

485 1046 592 1084 non
619 1029 791 1092 fuerit,
824 1032 888 1086 ad
918 1028 1335 1106 usul'ruendnm,
1389 1037 1442 1082 ct
1479 1038 1599 1097 post
1631 1029 1914 1083 decessum
1945 1030 2063 1096 ejus

483 1121 662 1174 omnia
707 1120 774 1173 sit
805 1119 854 1172 in
885 1128 1147 1188 potestate
1176 1117 1341 1187 ipsius
1374 1119 1584 1185 abbati,
1627 1123 1708 1174 vel
1743 1120 1911 1189 ipsius
1939 1136 2060 1175 suc-

481 1210 783 1266 cessoribus
817 1209 882 1262 ad
921 1210 1284 1278 implendum,
1315 1219 1366 1263 et
1397 1209 1698 1264 faciendum
1735 1213 1869 1265 sicut
1897 1227 2056 1279 supra

479 1301 835 1356 decrevimus.
895 1300 953 1356 Si
1005 1301 1201 1354 marito
1237 1310 1402 1369 nupta
1451 1300 1617 1365 fuere,
1669 1302 1812 1355 nulla
1860 1303 2057 1358 exinde

478 1408 635 1448 avere
655 1395 890 1461 deveas,
937 1403 994 1448 ut
1021 1395 1064 1448 si
1097 1393 1226 1448 mihi
1268 1393 1604 1459 omnipotens
1645 1394 1902 1450 Dominus
1944 1397 2053 1452 vita

475 1502 817 1552 concessere,
852 1498 906 1543 et
932 1489 997 1541 ad
1027 1490 1240 1558 propria
1273 1503 1388 1542 mea
1419 1504 1697 1558 regressus
1729 1490 1904 1554 fuere.
1936 1505 2056 1545 om-

475 1578 563 1632 nia
591 1579 662 1632 sit
691 1579 743 1633 in
773 1593 888 1632 mea
921 1580 992 1632 sit
1027 1589 1286 1647 potestate
1313 1579 1365 1634 in
1401 1591 1555 1634 antea
1585 1581 1878 1645 avendum,
1913 1582 2053 1636 iudi-

472 1672 700 1722 candum
725 1708 741 1733 ,
787 1669 1123 1733 faciendum,
1178 1668 1320 1739 quod
1368 1682 1460 1723 aut
1495 1672 1722 1740 qualiter
1752 1673 1911 1726 michi
1943 1675 2051 1740 pla-

471 1776 671 1826 cuere,
718 1771 775 1816 et
811 1761 857 1816 si
906 1762 1047 1815 filius
1092 1761 1383 1829 legittimus
1425 1761 1492 1815 de
1538 1763 1771 1831 legitima
1819 1767 2048 1821 muliere

471 1859 693 1924 abucro,
728 1858 844 1925 ipse
872 1857 1028 1911 michi
1055 1855 1109 1908 in
1139 1857 1382 1909 omnibus
1409 1855 1631 1910 heredes
1655 1857 1823 1910 cxista
1849 1898 1864 1921 ,
1907 1868 1959 1912 et
1999 1859 2045 1913 si
2085 1837 2125 1894 Β

479 1950 583 2002 lilia
619 1949 854 2016 legitima
876 1959 966 2000 aut
991 1947 1130 2000 lilins
1161 1962 1264 2001 non
1293 1947 1547 2012 habuero,
1575 1950 1772 2012 omnia,
1796 1950 1931 2003 sicut
1959 1966 2048 2003 su-

470 2055 563 2110 pra
591 2038 840 2104 decrevi,
892 2039 1264 2107 adimpieatur,
1307 2048 1360 2092 et
1386 2038 1429 2092 si
1459 2040 1614 2092 aliter
1651 2039 1963 2107 judicaveru
1992 2043 2044 2095 in

469 2147 536 2187 eo
557 2133 716 2186 modo
746 2146 1064 2200 permanea,
1093 2140 1141 2185 et
1170 2133 1212 2185 si
1238 2131 1489 2185 forsitaus
1521 2147 1605 2185 me
1641 2146 1784 2188 mors
1821 2132 1898 2187 sic
1927 2148 2043 2203 pre-

471 2237 839 2291 occupavere,
887 2223 1025 2291 quod
1073 2223 1226 2276 aliter
1268 2237 1298 2275 a
1345 2239 1432 2278 me
1475 2224 1764 2278 iudicatum
1816 2242 1920 2278 non
1953 2229 2041 2293 sit,

469 2313 646 2366 omnia
675 2312 904 2382 qualiter
935 2314 1178 2381 superius
1207 2312 1456 2378 decrevi,
1497 2323 1552 2367 et
1583 2330 1676 2382 per
1707 2314 1841 2367 hanc
1867 2325 2043 2369 cartu-

469 2403 574 2457 lam
612 2402 833 2471 jndicati
881 2405 988 2458 mei
1029 2404 1241 2458 decrevi
1273 2405 1325 2457 in
1362 2419 1429 2459 eo
1468 2405 1628 2458 modo
1655 2405 2042 2474 adimpleator,

470 2493 762 2548 stabilitum
811 2503 1158 2563 permaneat,
1208 2507 1261 2550 et
1291 2496 1334 2549 si
1369 2505 1424 2549 ut
1466 2496 1574 2549 dixi
1628 2498 1677 2550 in
1712 2497 1850 2552 hunc
1882 2498 2042 2553 itiner

467 2597 711 2641 mortuus
742 2585 914 2651 fuero,
958 2601 1144 2639 anines
1189 2587 1359 2651 servi,
1406 2588 1487 2642 vel
1527 2588 1766 2642 ancellas
1798 2604 1942 2644 meas
1971 2590 2038 2644 li—

464 2689 670 2732 vertare
699 2678 906 2742 deveat,
939 2681 981 2732 si
1013 2685 1068 2731 ut
1098 2678 1207 2732 dixi
1239 2693 1513 2746 regressus
1546 2677 1700 2733 fuero
1729 2681 1780 2734 in
1806 2697 1921 2736 mea
1967 2682 2038 2737 sit

463 2778 753 2838 patestate.
816 2768 967 2825 Unde
1015 2772 1241 2840 qualiter
1281 2770 1444 2824 michi
1496 2771 1850 2840 complacue,
1902 2775 2038 2830 hanc

459 2864 717 2920 sartulam
763 2864 991 2919 Judicati
1032 2863 1135 2918 mei
1179 2864 1436 2919 Avundus
1481 2865 1743 2919 diaconus
1793 2868 2036 2924 scrivere

460 2956 664 3025 rogavi.
709 2955 897 3009 Datum
944 2953 1168 3010 Pistoria
1215 2968 1477 3023 regnum,
1528 2963 1582 3009 et
1630 2954 1918 3012 indictione
1945 2971 2035 3012 su-

459 3048 658 3117 prascri
668 3060 773 3116 pta.

532 3141 752 3210 Signum
801 3155 992 3194 manus
1033 3138 1276 3207 Aufuno,
1329 3139 1420 3210 qui
1462 3139 1599 3196 hanc
1624 3143 1882 3197 cartalam
1915 3145 2026 3201 lieri

461 3245 587 3300 roga
598 3246 679 3285 ve.

533 3324 752 3391 Signum
812 3338 1002 3378 manus
1044 3321 1278 3379 Gualfuli
1339 3325 1449 3380 lilio
1488 3327 1755 3396 quondam
1793 3328 2028 3386 Fabelmi

458 3427 673 3483 rogatus
703 3417 878 3469 testis.

526 3506 745 3575 Signum
800 3506 1014 3562 Gisilari
1079 3507 1194 3563 lilio
1245 3513 1514 3578 quondam
1573 3511 1759 3574 Gisoni
1813 3525 2030 3586 rogatus

459 3599 627 3652 testis.

525 3692 744 3761 Signum
795 3710 982 3749 manus
1020 3693 1323 3766 Rachipcrti
1377 3698 1488 3755 filio
1524 3702 1790 3770 quondam
1838 3705 2026 3761 Padari

455 3794 670 3854 rogatus
701 3788 873 3841 testis.

529 3877 641 3946 Ego
673 3878 920 3933 Selvinus
952 3889 1165 3948 rogatus
1193 3882 1257 3934 ad
1290 3883 1476 3938 auhtsu
1513 3887 1666 3941 testis
1707 3889 2020 3960 subscripsi.

525 3966 744 4035 Sgnum
778 3983 964 4022 manus
990 3969 1228 4036 Gregorii
1260 3973 1466 4029 Ciavari
1500 3991 1712 4045 rogatus
1745 3981 1916 4036 testis.

528 4057 640 4126 Ego
667 4058 754 4124 qui
784 4073 944 4124 supra
973 4059 1225 4117 Avondus
1256 4066 1442 4133 scripsi
1476 4069 1764 4137 complevi,
1794 4082 1848 4126 et
1877 4071 2021 4126 dedi.

524 4147 635 4215 Ego
668 4143 984 4199 Gualbertus
1031 4151 1268 4202 notarius
1293 4190 1308 4214 ,
1349 4161 1406 4204 et
1445 4153 1606 4218 iudex
1655 4159 1793 4212 sacri
1840 4161 2022 4228 palatii

452 4241 712 4306 scriptor,
761 4239 1084 4292 antenticum
1140 4239 1268 4294 illud
1320 4243 1426 4296 vidi
1483 4255 1536 4298 et
1591 4247 1688 4315 legi
1733 4253 1873 4305 unde
1923 4254 2022 4307 hoc

450 4331 724 4399 exemplar
772 4332 1133 4397 exentplatum
1182 4341 1286 4400 est,
1331 4342 1387 4387 et
1431 4337 1571 4406 quod
1602 4338 1726 4392 inibi
1761 4342 2018 4411 scriptum

448 4421 624 4476 inveni
657 4421 881 4474 fideliter
914 4421 1237 4490 exemplavi.

1174 4515 1278 4570 VII.

516 4605 572 4658 ln
603 4605 817 4658 nomine
842 4603 1049 4658 Domini
1079 4615 1132 4659 et
1159 4606 1452 4663 Salvatoris
1483 4613 1648 4667 nostri
1672 4614 1795 4670 Jesu
1819 4617 2014 4673 Christi

443 4699 630 4765 quinto
659 4696 774 4750 Kal.
826 4698 1025 4766 Magius
1057 4710 1312 4769 regnante
1344 4702 1572 4758 dominis
1618 4709 1810 4762 nostris
1850 4710 2015 4765 Caru-

445 4791 516 4852 lo,
541 4802 590 4844 et
625 4791 848 4858 Pippino
878 4790 985 4843 lilio
1006 4791 1122 4845 eius
1152 4791 1362 4862 regibus
1395 4794 1720 4850 Francorum
1744 4839 1758 4862 ,
1791 4810 1846 4853 et
1875 4801 2013 4856 Lon-

441 4882 836 4950 gobardorum,
898 4881 998 4936 bac
1047 4886 1270 4952 patricio
1320 4888 1681 4943 Romanorum
1736 4893 1790 4945 in
1840 4893 2008 4962 Italia,

440 4973 580 5040 quod
632 4972 682 5024 in
732 4970 894 5040 Papia
937 4973 1148 5028 civitate
1188 4971 1461 5046 ingressus
1493 4990 1593 5043 est,
1620 4997 1762 5035 anno
1792 4994 2007 5052 octavo,

440 5071 496 5114 et
525 5063 760 5116 secundo
787 5079 880 5132 per
907 5061 1194 5118 indictione
1225 5067 1404 5135 quinta
1450 5070 1692 5124 feliciter.
1743 5073 2010 5143 Teuperto

438 5161 493 5208 et
518 5154 879 5210 Teuderamus
906 5197 919 5210 .
945 5193 964 5213 .
989 5194 1004 5210 .
1030 5196 1046 5210 .
1095 5157 1272 5213 clerici
1315 5160 1512 5216 Barbas
1538 5205 1554 5228 ,
1600 5174 1652 5219 et
1701 5182 1868 5234 nepos
1915 5169 2008 5225 lilii

437 5246 703 5314 quondam
727 5246 992 5314 Blancari,
1016 5257 1070 5302 et
1096 5246 1461 5318 Teuderadus,
1491 5257 1580 5323 qui
1606 5257 1700 5310 luit
1723 5260 2005 5330 presbiter,

441 5337 703 5392 manifesti
735 5355 949 5404 sumus,
989 5353 1056 5394 eo
1087 5343 1227 5411 quod
1263 5355 1386 5397 ante
1426 5344 1523 5398 bos
1555 5349 1808 5414 plurimos
1836 5369 2006 5411 annos

439 5443 540 5497 ego
586 5427 856 5494 TeUperto
903 5445 1005 5484 una
1046 5447 1165 5486 cum
1210 5432 1320 5504 jam
1369 5435 1509 5490 dicto
1554 5438 1888 5511 Teuderado,
1913 5446 2002 5514 qui

437 5519 533 5574 fuit
557 5521 841 5591 presbiter,
869 5535 920 5576 et
940 5537 1194 5592 germano
1220 5541 1341 5581 meo
1387 5527 1438 5581 in
1483 5531 1676 5584 nostris
1712 5537 2002 5607 privilegiis

439 5614 656 5667 nomine
683 5629 713 5668 a
743 5613 1101 5670 fundamentis
1123 5631 1458 5686 construere,
1484 5637 1638 5692 quam
1671 5637 1724 5680 et
1754 5627 2002 5686 dedicare

434 5704 759 5770 providimus
787 5707 1014 5761 ecclesia
1061 5709 1297 5764 oratorio
1327 5713 1378 5766 in
1407 5729 1626 5768 onorem
1659 5716 1813 5772 beate
1859 5736 1998 5775 sem-

436 5809 635 5866 perque
669 5797 894 5869 virginis
926 5799 1021 5870 Dei
1049 5801 1550 5896 genitriglgg‘arie,
1583 5819 1644 5865 et
1687 5809 1829 5872 beati
1859 5813 1995 5874 Petri

2173 581 2310 634 citur
2338 582 2515 651 Croci,
2549 599 2598 642 et
2630 591 2791 644 rebus
2823 595 3017 649 nostris
3047 597 3171 653 inivi
3213 618 3306 668 per
3335 606 3518 674 scripti
3553 611 3752 664 confir-

2172 679 2434 732 mavimus
2477 683 2636 736 modo
2672 686 2891 753 quidem
2940 704 3036 746 nos
3085 691 3186 748 iatn
3230 695 3357 752 dieti
3403 701 3673 770 TeUperto
3699 715 3752 760 et

2167 765 2534 828 Denderemus
2585 791 2687 830 una
2733 793 2853 832 cum
2897 789 3167 840 communi
3218 791 3444 846 consilio
3475 797 3746 866 eligimus,

2166 870 2218 911 et
2246 863 2564 919 confirmare
2611 871 2937 936 providimus
2987 879 3037 932 in
3081 883 3196 949 ipso
3225 898 3407 940 sancto
3446 902 3746 947 ctu-nera-

2169 951 2270 1004 vile
2327 953 2445 1009 loco
2498 959 2576 1010 vel
2629 962 2788 1016 rebus
2844 965 2968 1021 inivi
3020 973 3375 1031 servientibus
3437 980 3748 1041 Dominicus

2164 1046 2431 1110 quondam
2459 1049 2621 1103 abbas
2651 1060 2967 1112 monasterii
2993 1061 3130 1116 beati
3163 1070 3333 1122 Satlcli
3354 1069 3751 1142 Bartholomei,

2165 1136 2247 1187 vel
2282 1137 2332 1189 in
2364 1145 2770 1200 successoribus
2813 1153 2924 1202 suis
2971 1156 3198 1221 qualiter
3236 1161 3554 1218 subteranos
3589 1169 3750 1224 fuerit

2162 1226 2500 1296 institutum,
2555 1234 2679 1290 dum
2727 1239 2791 1290 ad
2839 1241 3018 1315 vivere
3063 1253 3414 1306 meruerimus
3461 1256 3639 1310 omnia
3689 1259 3747 1313 in

2161 1328 2341 1372 nostra
2372 1322 2438 1374 sit
2471 1334 2731 1390 potestate
2761 1333 3076 1402 regendum,
3105 1353 3200 1392 usu
3235 1340 3405 1395 fructu
3433 1345 3741 1414 vivendum,

2157 1411 2367 1476 serbus,
2419 1416 2498 1468 vel
2545 1419 2768 1472 armillas
2817 1434 3064 1492 nostras,
3120 1431 3203 1485 vel
3231 1450 3390 1489 omne
3423 1451 3754 1505 partenente

2157 1513 2368 1557 nostras
2419 1522 2511 1573 pro
2557 1512 2732 1566 anima
2779 1526 2956 1571 nostra
3003 1520 3170 1576 livere
3210 1530 3619 1596 apsolvendum,
3658 1535 3740 1590 vel

2156 1605 2314 1648 omne
2340 1598 2533 1652 tnovile
2564 1616 2648 1656 res
2673 1620 2768 1669 pro
2791 1608 2964 1662 anima
2999 1622 3176 1667 nostra
3206 1615 3439 1674 dandum
3485 1637 3604 1692 post
3645 1624 3741 1680 ho-

2157 1687 2266 1739 vito
2309 1688 2522 1752 quidem
2570 1705 2770 1761 quanto
2799 1707 2983 1755 nostro
3013 1703 3234 1760 decesso
3264 1709 3590 1768 Monasterio
3634 1734 3737 1774 una

2155 1790 2273 1829 cum
2307 1779 2409 1832 alia
2441 1786 2617 1836 omnia
2649 1787 2839 1850 rebus.
2877 1803 3051 1845 nostra
3075 1795 3145 1849 sit
3168 1796 3219 1850 in
3248 1811 3542 1871 potestate,
3570 1817 3624 1860 et
3651 1823 3740 1862 0:-

2151 1870 2422 1926 dinatione
2454 1886 2538 1928 tua
2572 1878 2672 1932 iant
2703 1881 2875 1936 dictus
2921 1885 3241 1944 Dmnenicus
3285 1893 3484 1961 abbas,
3534 1899 3618 1952 vel
3671 1901 3738 1957 de

2151 1963 2557 2022 subcessoribus
2591 1972 2690 2025 tuis
2722 1989 3036 2030 comanente
3081 1982 3144 2032 ad
3179 1986 3403 2038 ecclesia
3438 1989 3578 2045 beati
3613 2009 3737 2047 san-

2148 2053 2217 2104 cti
2272 2053 2634 2112 Bartltolotnei
2683 2064 2975 2120 secundum
3030 2070 3193 2124 Deum
3249 2081 3588 2148 monachus,
3643 2095 3734 2138 aut

2151 2158 2407 2201 monacas
2453 2151 2804 2208 ordinandum
2838 2163 3136 2226 regulario,
3190 2169 3377 2221 ordine
3407 2185 3732 2238 permanen-

2148 2236 2273 2290 dntn
2325 2243 2614 2308 regendum
2645 2286 2658 2309 ,
2710 2248 3206 2310 ltelemosinandum
3250 2275 3344 2328 pro
3377 2271 3608 2332 peccatis
3637 2287 3731 2324 no-

2144 2327 2291 2391 stris,
2340 2330 2421 2383 vel
2460 2332 2526 2386 de
2559 2336 2868 2401 parentibus
2911 2347 3111 2399 nostris
3141 2327 3402 2405 defunctis
3439 2354 3602 2410 Deum
3637 2361 3724 2415 de-

2145 2425 2495 2489 precandum,
2521 2437 2577 2482 ut
2604 2430 2897 2489 dixerimus
2927 2442 3215 2495 secomlum
3248 2445 3415 2502 Deum
3438 2460 3490 2503 et
3519 2457 3728 2521 regula~

2143 2510 2273 2566 riter
2305 2521 2722 2581 permanendum
2751 2528 2892 2580 omni
2937 2539 3174 2600 tempore
3217 2537 3316 2590 sub
3346 2540 3726 2612 imperatione,

2141 2611 2196 2656 et
2227 2615 2488 2671 potestate
2518 2623 2602 2666 tua
2634 2615 2736 2670 iam
2765 2618 2910 2674 dicto
2953 2622 3275 2684 Domenicus
3298 2633 3462 2686 abbas
3482 2673 3505 2698 ,
3528 2636 3610 2703 vel
3655 2638 3728 2695 de

2139 2699 2544 2761 subcessoribus
2594 2710 2696 2764 tuis
2748 2728 3122 2786 permaneant;
3169 2724 3236 2778 de
3282 2738 3459 2781 autem
3509 2732 3721 2786 Austri-

2139 2796 2311 2871 conda
2359 2797 2557 2854 domna
2583 2844 2598 2868 ,
2646 2815 2698 2858 et
2728 2809 2982 2875 genitrice
3024 2829 3137 2867 mea
3173 2815 3456 2874 Teudeiam
3477 2863 3492 2888 ,
3522 2827 3643 2877 volo
3670 2836 3723 2880 et

2140 2897 2234 2952 per
2264 2885 2398 2940 hanc
2430 2892 2690 2946 cartalam
2723 2899 2982 2952 confirmo
3003 2942 3018 2969 ,
3061 2914 3113 2956 nt
3143 2907 3185 2958 si
3221 2923 3303 2961 me
3327 2913 3718 2981 supervixeret,

2137 2974 2404 3031 utdiebus
2435 2981 2556 3035 vita:
2589 2998 2700 3038 suae
2727 2986 2780 3040 in
2811 2992 3087 3048 usulrnctu
3119 3010 3278 3051 avere
3305 3000 3502 3056 deveas
3527 3003 3596 3058 de
3634 3007 3718 3060 illa

2029 3064 2066 3094 ἐ
2134 3081 2250 3123 mea
2299 3073 2506 3126 ratione
2551 3090 2613 3128 ex
2663 3081 2914 3137 omnibus
2949 3087 3233 3145 medietate
3278 3092 3613 3164 ajutandum,
3665 3109 3721 3154 et

2056 3194 2104 3258 α
2133 3157 2531 3217 desciviendum
2563 3166 2628 3219 ad
2680 3169 2790 3236 ipsa
2841 3174 3086 3241 ecclesia,
3114 3187 3165 3233 et
3215 3180 3259 3235 si
3290 3189 3406 3238 eius
3437 3185 3587 3242 fuere
3621 3205 3718 3244 vo-

2135 3249 2311 3305 luntas
2338 3292 2353 3315 ,
2403 3255 2770 3324 accipiendum
2803 3261 2867 3316 da
2904 3265 3043 3334 ipsas
3086 3271 3287 3339 abbas,
3317 3278 3588 3342 quomodo
3621 3295 3717 3354 per

2136 3347 2345 3410 tempus
2375 3344 2608 3402 evadere
2638 3357 2730 3403 aut
2772 3351 2890 3407 sine
2945 3359 3266 3415 necessitate
3308 3363 3491 3420 vivere
3524 3351 3714 3436 possit,

2130 3431 2175 3484 si
2201 3432 2317 3485 eius
2365 3435 2510 3490 fuere
2554 3440 2847 3509 volumtas,
2901 3449 3261 3514 recipiendum
3295 3469 3379 3508 res
3409 3456 3520 3525 ipsa
3550 3463 3616 3513 sit
3654 3461 3706 3515 in

2133 3535 2398 3590 potestate
2426 3529 2493 3583 de
2524 3530 2633 3600 ipsa
2689 3535 2914 3590 ecclesia
2935 3577 2948 3602 ,
2978 3539 3062 3595 vel
3098 3543 3262 3610 ipsius
3301 3547 3465 3601 abbas
3485 3589 3501 3612 ,
3533 3551 3614 3605 vel
3646 3552 3717 3606 de

2129 3615 2535 3674 subcessoribus
2573 3621 2691 3692 ejus
2717 3667 2732 3690 ,
2779 3628 2916 3681 sicut
2959 3643 3118 3698 supra
3149 3634 3391 3691 dixem-is
3411 3677 3427 3702 ,
3457 3641 3716 3696 ordinau-

2130 3709 2284 3773 dum,
2317 3721 2370 3764 et
2397 3713 2572 3766 omnia
2603 3730 2698 3782 pro
2719 3719 2995 3774 animabus
3018 3726 3214 3779 nostris
3253 3733 3722 3800 pertractandum,

2129 3813 2187 3858 et
2229 3805 2274 3859 si
2325 3807 2421 3861 hec
2468 3811 2707 3880 recipere
2736 3818 2989 3886 noluere,
3038 3821 3176 3878 sicut
3221 3826 3330 3881 dixi
3365 3843 3430 3882 ex
3459 3833 3709 3888 omnibus

2131 3896 2296 3951 rebus
2328 3901 2463 3954 meis
2500 3905 2549 3957 in
2581 3921 2675 3959 usu
2710 3907 2881 3964 fructu
2914 3914 3194 3970 medietate
3225 3919 3275 3972 in
3305 3934 3400 3975 sua
3437 3935 3586 3978 aveat
3609 3940 3704 3992 po-

2128 3995 2343 4053 testate,
2379 4004 2496 4060 post
2530 3993 2713 4050 hovito
2740 4000 2856 4054 eius
2887 4016 3197 4070 permaneat
3226 4008 3277 4063 in
3309 4026 3419 4073 ipsa
3451 4016 3714 4082 ecclesia,

2125 4081 2264 4136 sicut
2307 4099 2464 4151 supra
2514 4086 2869 4147 decrevimus.
2928 4097 3187 4154 Similiter
3218 4105 3478 4171 Volonius,
3515 4117 3570 4161 et
3607 4124 3704 4177 per

2126 4171 2264 4228 hanc
2317 4179 2573 4232 cartulam
2607 4181 2985 4240 conﬁrmamus
3015 4187 3064 4241 in
3096 4200 3183 4255 te,
3235 4192 3438 4249 Gisolfo
3477 4196 3703 4266 clerico,

2124 4272 2184 4316 ut
2215 4264 2258 4317 si
2290 4281 2385 4319 nos
2437 4272 2830 4339 supervixeris,
2877 4287 2933 4330 ιιι
2961 4282 3269 4348 regendum,
3302 4301 3396 4340 tua
3427 4288 3700 4346 fruindmn

2121 4354 2235 4408 sine
2264 4358 2510 4424 qualiued
2539 4361 2716 4417 alioue
2742 4404 2756 4427 ,
2812 4366 2863 4420 in
2899 4377 2983 4422 tua
3015 4376 3333 4439 proprieta'e
3367 4392 3458 4442 pro
3487 4381 3664 4433 anima
3685 4411 3700 4424 -

2123 4447 2219 4501 bus
2253 4450 2449 4504 nostris
2475 4467 2637 4509 avere
2665 4454 2891 4525 deveas,
2931 4475 3051 4513 casa
3095 4474 3147 4517 et
3178 4471 3345 4532 portio
3377 4469 3535 4526 rebus
3569 4475 3696 4528 tuis.

2041 4549 2094 4611 Ῑ)
2120 4537 2374 4594 Similiter
2404 4544 2682 4612 volumus,
2728 4557 2782 4603 et
2827 4551 3204 4610 confirmamus
3243 4573 3295 4612 tn
3328 4570 3397 4626 te,
3428 4561 3696 4636 'l‘enpulo,

2119 4642 2303 4689 actore
2355 4647 2559 4702 nostro,
2611 4649 2666 4694 ut
2696 4642 2740 4696 si
2785 4658 2880 4697 nos
2910 4650 3299 4717 supervixeris,
3335 4652 3420 4709 die
3451 4657 3555 4711 vite
3585 4675 3701 4715 sua:

2119 4737 2216 4790 pro
2245 4725 2472 4779 medella
2504 4729 2780 4786 animabus
2823 4738 3019 4790 nostris
3063 4740 3275 4797 datione
3319 4744 3404 4798 illa
3451 4747 3519 4802 de
3567 4765 3695 4804 casa

2118 4812 2427 4880 Guntuloni,
2459 4828 2512 4873 et
2543 4819 2816 4888 Octaloni,
2850 4826 2940 4878 tivi
2971 4829 3264 4896 avendnm,
3306 4836 3390 4889 vel
3431 4839 3482 4890 in
3511 4841 3692 4893 omnia

2115 4908 2503 4963 occurrendum
2545 4923 2594 4965 et
2638 4925 2755 4981 post
2796 4918 2973 4972 hovito
3012 4921 3233 4978 decessu
3277 4938 3456 4982 vestro
3499 4932 3686 4987 omnia

2117 5007 2206 5046 res
2235 4993 2344 5062 ipsa
2376 4997 2443 5050 sit
2473 5000 2523 5053 in
2552 5013 2809 5069 potestate
2839 5008 2906 5062 de
2937 5009 3047 5078 ipsa
3078 5013 3326 5081 eculesia,
3355 5019 3432 5073 vel
3467 5023 3691 5078 ordina-

2116 5087 2259 5141 tione
2307 5095 2789 5164 suprascriptorum
2833 5101 3147 5170 abbatibus,
3180 5118 3233 5162 et
3264 5125 3420 5167 omne
3447 5117 3650 5184 acquisi
3673 5146 3686 5155 -

2114 5185 2222 5233 tum
2271 5192 2551 5252 nostrum,
2599 5190 2739 5254 quod
2787 5196 3244 5266 aequistauitnus,
3300 5213 3390 5256 aut
3437 5205 3488 5258 in
3525 5216 3686 5262 antea

2109 5274 2386 5340 acquirere
2416 5281 2780 5347 potuerimus,
2818 5285 2868 5338 in
2917 5287 3026 5353 ipsa
3077 5293 3302 5346 ecclesia
3351 5296 3430 5349 vel
3463 5301 3685 5353 ordina-

2111 5367 2253 5421 tione
2282 5369 2346 5421 de
2377 5368 2480 5422 iam
2527 5372 2671 5425 dicto
2701 5376 2889 5430 abbate
2921 5379 3240 5440 Domenicns
3281 5388 3362 5441 vel
3407 5390 3682 5447 subcisso-

2106 5456 2254 5510 ribus
2284 5460 2397 5512 eius
2423 5476 2731 5528 perinanea,
2761 5467 3067 5538 sicutsnpra
3098 5474 3365 5541 dixemus,
3389 5483 3683 5539 seeondum

2106 5547 2272 5602 Deum
2296 5559 2348 5602 et
2384 5554 2612 5619 regulari
2644 5556 2828 5610 ordine
2860 5563 3314 5631 permanendum,
3347 5578 3401 5621 et
3429 5572 3683 5627 ordinate-

2104 5642 2226 5693 dum
2259 5657 2425 5710 usque
2473 5643 2524 5696 in
2559 5649 2936 5714 sempiternum
2983 5657 3283 5721 anteposito
3325 5675 3511 5714 omnes
3560 5679 3679 5729 νητ-
3764 5647 3777 5657 ’

2101 5746 2261 5785 sonas
2291 5733 2614 5800 hominibus,
2644 5748 2701 5791 et
2741 5741 2930 5795 movile
2961 5757 3067 5808 res,
3099 5747 3354 5815 quidquid
3377 5752 3534 5804 modo
3557 5768 3680 5805 ave-

2099 5833 2222 5880 mus
2258 5806 2348 5884 aut
2388 5823 2441 5881 in
2473 5838 2626 5883 antea
2657 5830 2724 5886 de
2763 5831 2964 5891 monile
2987 5806 3075 5896 res
3103 5806 3405 5910 aequistarc
3429 5846 3670 5912 punieri-
