4026 6352
262 307 394 362 NH

1367 304 1753 359 DlPi.OM.~\T.\
1806 301 2086 358 ECCLES.
2126 302 2456 361 SELECTA.

3361 303 3520 362 illi

275 442 395 490 .ius,
428 423 568 488 quod
597 424 648 477 in
688 430 867 478 nostra
910 439 1298 479 reservavnnus
1329 437 1590 494 potestate
1617 469 1630 489 ,
1667 442 1826 481 aven-
1855 420 1907 480 Α
1935 418 2188 473 ﬁrmaret.
2231 417 2352 472 Ideo
2381 432 2479 486 ego
2506 417 2751 487 indignus
2799 417 2922 474 odio
2951 416 3000 471 in
3031 416 3122 472 Dei
3154 415 3368 472 nomine
3407 418 3499 483 do,

257 519 379 572 dum
409 514 490 567 vel
533 513 827 566 faciendum
869 513 1120 581 quidquid
1164 515 1520 580 voluerimus,
1565 529 1619 570 et
1647 518 1821 573 adhuc

257 608 539 665 volumus,
585 613 638 657 et
687 620 778 670 per
826 605 1080 658 c-rtulatu
1127 607 1508 661 confirmamus
1552 609 1602 662 iu
1638 620 1688 662 te
1723 611 1825 662 iam

253 697 400 750 dicto
427 693 741 748 Domenicus
767 694 930 749 abbas
950 734 965 759 ,
1001 697 1080 748 vel
1114 698 1163 748 in
1198 699 1602 753 Subcessoribns
1628 702 1747 766 tuis,
1775 711 1828 756 ιιι

248 786 508 854 quidquid
538 787 604 840 de
654 786 953 840 hominibus
1000 789 1404 852 pertenentibns
1449 791 1686 851 nostris,
1735 799 1829 844 aut

255 877 322 931 de
348 875 544 930 monile
584 890 670 928 res
706 885 916 928 nostras
954 877 1068 928 sine
1112 876 1335 931 iudicata
1381 893 1541 932 causa
1585 889 1703 949 post
1732 881 1826 934 de-

253 984 408 1024 cesso
433 976 618 1022 nostro
645 968 915 1022 resteterit
937 1010 952 1032 ,
995 979 1049 1022 ut
1098 973 1274 1023 omnia
1310 987 1402 1039 pro
1425 975 1598 1026 anima
1632 985 1816 1029 nostra

257 1060 557 1114 horninibus
582 1059 904 1124 Iiveandnm,
931 1071 983 1114 et
1006 1064 1197 1116 movile
1225 1079 1311 1117 res
1339 1075 1548 1118 nostras
1581 1083 1674 1130 pro
1707 1068 1822 1120 ani-

255 1167 339 1206 me
373 1160 551 1205 nostra
575 1151 1021 1218 dispensandum,
1071 1154 1123 1207 in
1165 1167 1333 1210 vestra
1365 1159 1432 1208 sit
1460 1169 1720 1223 potestate
1751 1163 1830 1212 la-

255 1243 503 1296 ciendum
525 1283 541 1306 ,
583 1251 636 1295 et
664 1243 802 1295 nulla
843 1244 912 1297 sit
939 1244 1241 1299 damnantia
1269 1249 1332 1300 ad
1368 1249 1463 1303 hec
1496 1249 1814 1315 faciendum,

259 1334 340 1385 vel
393 1349 486 1400 per
527 1336 722 1387 cartnla
768 1335 981 1388 livertas
1027 1338 1076 1390 in
1119 1340 1244 1408 ipsis
1286 1342 1586 1396 hominibus
1626 1343 1827 1396 cuulir-

262 1425 513 1478 mandum
560 1425 769 1495 quidem
821 1428 1094 1492 volomns,
1140 1438 1191 1483 et
1245 1447 1337 1499 per
1386 1432 1519 1486 hanc
1563 1436 1821 1490 cartulam

253 1518 672 1579 confirmamus,
722 1527 776 1570 ιιι
817 1530 1004 1571 aveaut
1036 1520 1122 1572 lilii
1154 1524 1418 1588 quondam
1453 1524 1822 1592 Maurechioli,

259 1615 313 1660 et
344 1607 606 1661 Pcrtualdi
632 1607 682 1660 in
709 1607 868 1662 fundu
896 1609 1211 1664 lschliniano
1235 1622 1353 1680 post
1381 1624 1618 1668 nostrum
1642 1616 1828 1671 deces-

257 1710 375 1748 sum
406 1696 472 1750 de
503 1707 642 1750 terra
671 1712 794 1749 arva
830 1698 1036 1751 modico
1065 1715 1201 1764 uno,
1249 1709 1300 1755 et
1329 1703 1378 1757 in
1411 1714 1611 1758 tantum
1642 1706 1710 1759 sit
1745 1707 1826 1759 sui

1937 509 2096 570 dono,
2130 509 2300 573 trado,
2324 508 2490 562 οπρειό
2513 507 2563 562 ἱιι
2595 510 2764 578 ipsum
2794 519 3033 562 sanctum
3062 517 3115 563 et
3143 508 3497 563 veneravileni

1939 599 2114 652 locum
2143 615 2353 653 omnem
2384 600 2649 653 modicam
2683 600 2839 654 rebus
2869 615 3011 652 meas
3039 640 3053 661 ,
3088 599 3340 667 quidquid
3367 615 3506 653 nunc

1939 691 2167 756 presenti
2216 690 2301 744 die
2349 705 2508 744 avere
2551 690 2690 743 visus
2738 708 2853 744 ειιιιι
2891 702 2995 744 tam
3043 705 3163 743 casa
3203 692 3509 744 avitationis

1936 797 2075 844 mea,
2106 795 2208 850 que
2237 792 2320 834 est
2343 796 2462 850 erga
2490 781 2650 835 lluvio
2685 781 2971 844 Umbrone,
3001 782 3172 847 vinea,
3210 791 3368 845 terra,
3392 797 3514 850 pra-

1937 874 2037 937 tis,
2068 875 2304 941 puscuis,
2335 877 2512 941 silvis,
2541 877 2784 940 sali-etis,
2840 876 3161 939 sationibus,
3207 873 3510 940 pumiferis,

1938 966 2224 1021 lrnctileris
2272 977 2324 1020 et
2370 967 2735 1032 infructileris,
2777 967 2980 1022 cultum
3024 981 3182 1037 atque
3220 968 3500 1035 incultum,

1937 1058 2114 1109 omnia
2142 1057 2388 1126 quicquid
2413 1073 2575 1112 avere
2607 1060 2778 1111 vissus
2802 1073 2918 1112 sum
2938 1100 2954 1124 ,
2986 1059 3037 1112 in
3069 1059 3239 1126 ipsum
3263 1071 3504 1115 sanctum

1937 1148 2110 1202 locum
2135 1149 2336 1213 oli'erri,
2363 1148 2663 1203 condonare
2693 1150 2913 1216 previdi,
2945 1164 3047 1203 una
3071 1165 3191 1203 cum
3221 1149 3508 1204 dilecrissi-

1937 1239 2005 1291 mi
2037 1237 2247 1292 Gisilari
2270 1278 2287 1305 ,
2308 1249 2360 1291 et
2387 1238 2701 1304 Castipraud
2736 1239 2824 1292 lilii
2858 1242 2961 1293 mei
2993 1237 3079 1305 qui
3107 1255 3206 1307 sup
3240 1248 3504 1306 potestate

1935 1341 2136 1384 sancta:
2181 1331 2377 1400 regula:
2419 1341 2472 1383 et
2512 1339 2633 1385 tuae
2663 1332 3043 1397 dominationi,
3087 1335 3174 1401 qui
3206 1347 3366 1400 supra
3396 1331 3504 1385 Do-

1937 1421 2145 1475 menico
2171 1422 2346 1476 abbati
2375 1463 2391 1487 ,
2425 1422 2476 1474 in
2505 1423 2616 1490 ipsa
2646 1433 2828 1476 sancta
2859 1423 3082 1476 ecclesia
3115 1433 3168 1476 et
3197 1423 3506 1478 monasterii

1937 1513 2074 1568 beati
2105 1515 2271 1567 sancti
2320 1514 2679 1567 Bartholomei
2718 1516 2769 1567 in
2806 1514 2946 1567 avitu
2992 1514 3397 1578 monachorum,
3429 1516 3507 1568 vi-

1940 1618 2086 1667 vere,
2113 1614 2167 1656 et
2195 1604 2463 1657 deservire
2488 1603 2676 1656 deveat
2694 1643 2709 1666 ,
2756 1605 2893 1657 sicut
2919 1616 3103 1657 saneta
3132 1604 3384 1657 convenit
3417 1620 3505 1658 re—

1937 1695 2055 1763 gula
2087 1737 2103 1761 ,
2138 1695 2189 1747 in
2238 1694 2373 1762 palla
2405 1693 2575 1746 altarii
2607 1695 2784 1748 oli'erri
2831 1693 3031 1761 previdi
3065 1695 3162 1760 ipsi
3196 1694 3286 1748 lilii
3312 1695 3415 1749 mei
3449 1695 3501 1750 in

258 1796 539 1840 contentus
572 1805 584 1840 :
629 1803 751 1841 nam
782 1789 884 1841 alia
918 1792 1094 1844 omnia
1116 1832 1132 1858 ,
1163 1793 1391 1861 qualiter
1422 1799 1664 1864 superius
1696 1799 1827 1866 ιρεε-
1866 1772 1906 1830 Β
1937 1787 2106 1853 ipsum
2138 1795 2381 1840 sanctum
2409 1786 2692 1839 cenubium
2725 1786 3030 1838 monasterii
3077 1787 3247 1840 sancti
3277 1786 3500 1838 Bartho-

261 1888 362 1940 tur,
399 1879 541 1930 omni
587 1886 826 1944 tempore
849 1881 1138 1935 stanilitum
1183 1897 1524 1952 permaneat,
1555 1897 1607 1942 et
1653 1889 1826 1942 nullus

261 1966 325 2021 de
356 1967 641 2022 heredibus
675 1985 768 2037 pro
801 1970 1086 2026 heredibus
1116 1975 1311 2028 nostris
1342 1987 1526 2030 contra
1560 1979 1692 2032 hanc
1715 1997 1832 2034 car-

255 2059 420 2112 tulam
452 2059 501 2112 in
530 2059 708 2128 aliquo
740 2062 907 2128 possit
934 2063 1114 2117 inferri
1143 2067 1383 2120 molestia
1407 2109 1422 2132 ,
1450 2070 1542 2123 sed
1574 2072 1710 2124 sicut
1735 2087 1830 2126 su-

257 2163 353 2217 pra
387 2151 600 2219 legitur,
633 2155 812 2205 omnia
843 2154 895 2206 in
943 2169 1036 2207 sua
1085 2169 1393 2226 permaneat
1440 2163 1748 2228 stavilitate,
1778 2174 1831 2218 et

260 2254 328 2294 ne
359 2255 453 2292 nos
482 2240 575 2295 lite
599 2240 777 2296 facere
805 2244 914 2297 ullo
941 2254 1202 2313 tempore,
1227 2249 1366 2300 nolle
1394 2251 1533 2318 quod
1564 2253 1831 2317 volumus,

258 2331 514 2397 sedquod
540 2333 604 2383 ad
638 2347 734 2386 nos
763 2335 930 2387 Semel
965 2335 1156 2388 factum
1180 2378 1194 2399 ,
1227 2339 1306 2390 vel
1336 2342 1693 2407 conscriptum
1728 2352 1831 2407 est,

264 2418 639 2475 inviolaviliter
668 2437 988 2479 censervare
1023 2434 1077 2479 et
1119 2427 1409 2482 subsistere
1455 2431 1731 2497 volumus,
1778 2441 1834 2487 et

264 2511 401 2563 hanc
421 2514 676 2566 cartalam
701 2515 991 2583 Gautperto
1013 2521 1217 2570 notario
1248 2519 1483 2575 scrivere
1509 2524 1828 2591 rogavimus.

331 2602 520 2660 Actum
561 2605 786 2662 Pistoria
833 2609 898 2662 ad
942 2625 1060 2663 casa
1092 2612 1398 2667 avitationis
1423 2625 1601 2668 nostra
1633 2616 1688 2668 in
1715 2632 1833 2683 pre-

259 2694 399 2749 !iiclo
440 2696 558 2753 loco
606 2699 795 2767 Croci,
828 2716 1015 2770 regno,
1059 2711 1114 2756 et
1153 2704 1438 2760 indictione
1472 2709 1828 2776 suprascripta

257 2783 503 2844 feliciter.

332 2877 442 2945 Ego
470 2877 766 2933 'l'euderam
800 2884 1067 2946 notarius,
1114 2885 1200 2953 qui
1233 2885 1367 2938 hanc
1395 2886 1651 2940 cartalam
1679 2885 1829 2940 ordi-

259 2971 500 3034 nationis,
517 2980 570 3024 et
593 2971 1007 3028 conﬁrmationis
1029 2992 1185 3029 tnann
1210 2991 1294 3031 me
1305 2993 1379 3031 ss.
1413 2989 1466 3031 et
1488 2979 1599 3032 lteri
1631 2982 1828 3047 rogavi.

331 3060 438 3127 Ego
469 3060 684 3118 Gisilari
738 3075 954 3134 rogatus
992 3082 1022 3121 a
1063 3067 1360 3137 Teuperto,
1405 3078 1458 3123 et
1497 3069 1830 3124 Teuderanio

253 3151 404 3205 testis
429 3165 506 3206 88.

330 3241 440 3312 Ego
478 3242 622 3299 Fuso
662 3254 881 3316 rogatus
909 3261 939 3302 a
965 3245 1256 3318 Tecperto,
1289 3258 1344 3304 et
1384 3250 1716 3306 'l‘euderamo
1745 3261 1829 3306 te-

252 3333 349 3389 stis
371 3351 445 3390 ss.

333 3427 440 3494 Ego
485 3426 787 3482 Austrilons
832 3429 1058 3484 clericus
1101 3441 1322 3502 rogatus
1363 3447 1392 3485 a
1443 3433 1742 3502 Tenperte,
1775 3441 1831 3490 et

259 3514 588 3572 Teuderamo
621 3519 830 3573 notario
860 3522 1009 3575 tesus
1039 3536 1114 3576 ss.

332 3608 440 3678 Ego
482 3607 742 3663 Johannis
794 3611 1059 3676 presbiter
1109 3620 1323 3682 rogatus
1367 3627 1397 3666 ιι
1441 3613 1728 3684 Teuperto,
1776 3623 1832 3671 et

256 3697 588 3755 Tenderamo
619 3702 801 3754 clerici
835 3703 984 3755 testis
1014 3719 1088 3756 ss.

329 3790 436 3859 Ego
483 3791 776 3844 Avnondus
826 3792 1081 3846 diaconus
1122 3804 1335 3864 rogatus
1365 3810 1396 3850 a
1418 3794 1740 3864 Teuderam,
1773 3805 1827 3853 et

258 3879 522 3948 Tcnperto
548 3881 716 3934 Barba
748 3893 802 3935 et
824 3894 1014 3952 nepote
1048 3887 1200 3939 testis
1229 3902 1304 3944 ss.

332 3969 439 4038 Ego
466 3970 554 4038 qui
604 3986 764 4038 supra
813 3973 1109 4042 Gautperto
1151 3978 1382 4043 scriptor
1427 3977 1585 4032 huius
1623 3988 1824 4032 cartnie

259 4070 376 4130 post
401 4075 430 4114 a
461 4062 684 4116 testibus
713 4073 953 4117 rovorata
976 4105 990 4128 ,
1026 4067 1216 4119 tradita
1247 4068 1507 4136 complevi
1533 4081 1584 4123 et
1609 4069 1756 4124 dedi.

982 4157 1114 4212 VIII.

327 4242 626 4312 Exemplar.
673 4244 730 4298 in
762 4246 976 4301 nomine
1014 4248 1219 4302 Domini
1255 4248 1341 4304 die
1381 4250 1608 4317 septimo
1638 4264 1821 4303 mense

257 4333 440 4400 Magio,
468 4349 608 4388 anno
634 4336 782 4405 regni
814 4337 1015 4392 domini
1055 4338 1234 4392 Caruli
1255 4379 1271 4403 ,
1310 4350 1584 4408 postquam
1609 4341 1821 4396 civitate

257 4425 416 4492 Papia
440 4424 709 4494 ingzessus
738 4439 860 4492 est,
907 4429 1137 4494 decimo,
1170 4442 1221 4484 et
1250 4431 1446 4485 domno
1495 4433 1676 4500 l’ipino
1709 4435 1817 4486 lilio

252 4519 372 4570 eius
400 4531 538 4570 anno
571 4523 742 4583 tertio,
770 4521 1054 4574 indictione
1088 4523 1310 4589 septima
1349 4523 1590 4578 feliciter.
1655 4525 1820 4576 Matti-

253 4604 424 4660 festns
453 4623 567 4660 sum
591 4623 688 4678 ego
719 4609 878 4663 Falco
905 4611 1101 4664 clerico
1130 4612 1239 4665 lilio
1273 4614 1538 4680 quondam
1573 4613 1814 4667 Fab-ual-

251 4695 304 4749 di
334 4737 349 4761 ,
393 4711 458 4751 eo
481 4700 620 4765 quod
649 4708 772 4752 ante
810 4714 870 4754 os
910 4701 1166 4767 plurimos
1195 4716 1363 4754 annos
1394 4702 1808 4771 obbligatiouem

253 4783 390 4841 facta
427 4789 584 4842 habui
619 4805 716 4842 una
754 4805 874 4844 cum
900 4792 1167 4847 Amicastu
1197 4793 1430 4847 barbanu
1471 4811 1612 4858 meo,
1644 4803 1700 4848 ut
1730 4811 1822 4861 per

254 4875 401 4929 nullo
425 4885 720 4947 argumenti
750 4881 996 4950 ingenio,
1031 4898 1126 4937 nec
1151 4897 1280 4952 ego,
1311 4899 1406 4939 nec
1429 4887 1560 4938 meis
1593 4886 1819 4939 heredi-

254 4970 351 5019 bus
380 4969 492 5023 sine
521 4971 781 5038 premisso
817 4973 930 5027 eius
949 5011 964 5037 ,
1000 4976 1080 5029 vel
1116 4977 1180 5029 de
1207 4977 1370 5045 ipsius
1400 4978 1711 5044 heredibus,
1742 4979 1813 5032 de

253 5061 412 5111 rebus
454 5061 647 5114 nostris
694 5062 932 5118 alienare
979 5075 1071 5119 aut
1118 5067 1354 5136 obligare
1396 5067 1737 5131 devci-emus,
1769 5078 1823 5122 et

253 5151 380 5202 dum
408 5150 516 5218 ipsa
548 5152 889 5222 obligatione,
919 5171 1010 5211 seu
1041 5157 1211 5223 dotis,
1244 5174 1375 5224 quas
1405 5159 1516 5224 ipse
1545 5160 1816 5212 Amicastu

251 5244 374 5297 fecit
407 5245 456 5296 in
483 5245 706 5300 ecclesia
737 5249 875 5302 beati
908 5252 1073 5303 sancti
1116 5251 1326 5318 Georgii
1353 5292 1367 5314 ,
1404 5252 1453 5304 in
1486 5261 1569 5304 tua
1604 5254 1806 5308 Dome-

251 5335 372 5386 nico
399 5333 563 5388 abbas
595 5340 909 5392 monasterii
939 5341 1105 5393 sancti
1139 5341 1495 5395 Barthulomei
1527 5341 1811 5398 devenisse

249 5435 530 5494 potestate,
558 5439 610 5482 et
638 5429 998 5486 dominatione
1021 5435 1354 5488 consideravi
1375 5475 1388 5499 ,
1433 5437 1550 5504 quia
1587 5436 1639 5490 in
1672 5440 1821 5494 nullo

245 5514 355 5566 alio
387 5531 600 5584 possunt
634 5520 833 5590 aliquid
863 5523 930 5577 de
961 5523 1116 5577 rebus
1144 5526 1276 5580 meis
1305 5526 1455 5592 dare,
1485 5526 1582 5581 nisi
1619 5529 1669 5580 in
1704 5530 1819 5597 ipsa

243 5606 474 5662 ecclesia
503 5609 792 5667 beatissimi
820 5617 988 5669 sancti
1017 5615 1260 5685 Georgii,
1291 5618 1377 5671 ubi
1403 5621 1808 5688 prenominatus

241 5697 522 5757 Amicastu
552 5702 717 5759 fuerat
748 5709 1123 5777 conﬁrmatus,
1151 5720 1205 5766 et
1233 5712 1390 5768 rebus
1414 5713 1522 5767 suis
1551 5728 1644 5782 per
1669 5714 1809 5769 dotis

1853 3111 1903 3176 C

1940 1875 2154 1939 Iomaei,
2189 1885 2245 1927 ιιι
2267 1875 2396 1927 inibi
2427 1873 2615 1930 diebus
2644 1875 2755 1928 suis
2780 1875 3088 1928 monachica
3113 1876 3302 1929 deveat
3325 1876 3506 1930 vivere

1937 1969 2064 2029 vita,
2096 1983 2198 2034 sup
2229 1976 2492 2035 potestate
2521 1977 2715 2033 vestra,
2747 1967 2944 2021 domno
2977 1969 3261 2022 Domenico
3295 1968 3509 2034 abbate,

1934 2062 2017 2115 vel
2051 2063 2240 2115 vestris
2266 2062 2667 2116 successoribus
2691 2102 2704 2125 ,
2748 2069 2804 2113 ut
2831 2076 2924 2128 per
2954 2071 3130 2114 vestra
3158 2061 3506 2130 preceptione

1935 2151 2230 2206 secundum
2285 2153 2410 2216 Deo,
2462 2164 2516 2204 et
2549 2162 2733 2206 sancta
2767 2151 2947 2220 regula
2977 2154 3155 2206 vivere
3194 2162 3247 2206 et
3281 2151 3507 2206 Domino

1937 2243 2248 2308 deservire,
2301 2257 2397 2310 per
2447 2242 2587 2311 ipsas
2633 2243 2838 2296 modica
2889 2258 2975 2296 res
3019 2258 3132 2297 mea
3165 2252 3270 2296 tam
3314 2243 3508 2299 movile

1936 2349 2094 2402 quam
2123 2341 2174 2386 el
2208 2333 2480 2397 inmovile,
2505 2335 2681 2386 omnia
2710 2334 2761 2387 in
2790 2334 2958 2401 ipsum
2989 2344 3234 2387 sanctum
3261 2344 3313 2388 et
3343 2351 3509 2389 vene-

1941 2421 2166 2478 ravilem
2190 2421 2364 2476 locum
2388 2422 2566 2476 oll‘erri
2590 2431 2643 2476 et
2663 2423 2966 2478 condonare
2993 2423 3220 2492 previdi,
3243 2433 3302 2478 ut
3327 2427 3504 2479 omnia

1937 2512 1992 2568 in
2023 2522 2132 2575 tua,
2164 2514 2253 2582 qui
2288 2527 2446 2580 supra
2468 2556 2482 2581 ,
2518 2512 2804 2568 Domenico
2848 2515 3057 2578 abbati,
3093 2515 3172 2569 vel
3201 2515 3267 2570 de
3293 2531 3510 2570 succes-

1934 2604 2146 2658 soribus
2187 2606 2298 2658 suis
2327 2645 2343 2670 ,
2388 2605 2458 2656 sit
2507 2614 2769 2671 potestate
2797 2608 3091 2674 avendum,
3131 2608 3510 2672 ordinandum,

1934 2695 2164 2764 qualiter
2207 2695 2350 2749 iuxta
2401 2695 2567 2748 Deum
2611 2703 2666 2748 et
2713 2705 2894 2750 sancta
2943 2699 3120 2764 regula
3171 2699 3326 2754 nobis
3371 2697 3554 2752 bono'

1935 2790 2113 2843 animo
2159 2786 2317 2842 fuerit
2361 2788 2652 2841 stabilituin
2682 2829 2698 2850 ,
2747 2798 3092 2856 permaneat,
3139 2792 3275 2842 sicut
3305 2798 3358 2843 et
3404 2791 3509 2841 iam

1935 2890 2059 2934 ante
2106 2896 2167 2934 os
2198 2896 2368 2934 annos
2415 2880 2504 2932 tibi
2557 2879 2844 2932 Domenico
2887 2879 3059 2931 abbati
3117 2879 3199 2931 vel
3252 2879 3509 2949 in,ipsuui

1936 2983 2176 3024 sanctum
2209 2970 2532 3026 monasterio
2559 2970 2696 3024 beati
2722 2971 2888 3023 sancti
2916 2970 3234 3024 Bartolomei
3275 2986 3369 3040 per
3393 2986 3512 3025 cai-

1940 3061 2004 3115 tis
2032 3062 2410 3116 voluminatam
2438 3062 2621 3126 doles,
2655 3075 2812 3129 quam
2839 3072 2890 3115 et
2920 3062 3018 3115 alia
3051 3062 3339 3116 nvonimina
3371 3062 3512 3118 facta

1935 3157 1986 3211 in
2029 3167 2212 3210 sancto
2258 3156 2506 3225 Georgio,
2558 3155 2763 3209 tradedi
2809 3166 2968 3223 atque
3016 3155 3177 3220 dedi,
3229 3167 3285 3210 ut
3328 3162 3514 3212 omnia

1933 3246 2072 3300 iuxta
2099 3246 2196 3314 ipsi
2223 3246 2371 3310 doti,
2424 3261 2555 3314 quas
2585 3247 2709 3300 iuivi
2744 3248 3052 3315 parentibus
3083 3248 3236 3310 meis,
3271 3248 3356 3302 vel
3397 3250 3513 3316 ipse
3595 3265 3600 3273 ·

1931 3337 2199 3389 Amicastu
2252 3335 2376 3390 lacti
2422 3335 2754 3401 habuerunt,
2797 3352 2892 3406 per
2944 3346 3116 3390 vestra
3149 3339 3513 3405 ordinatione,

1932 3437 1985 3480 et
2012 3437 2195 3479 sancta
2219 3427 2638 3494 congregatione
2667 3427 3156 3500 huiusmonasterii
3185 3431 3351 3484 sancti
3383 3429 3514 3483 Bar-

1933 3517 2149 3572 tolomei
2176 3525 2319 3571 esset
2344 3517 2648 3570 ordinatum
2668 3558 2683 3583 ,
2721 3517 2837 3587 ipsa
2865 3521 3089 3573 ecclesia
3138 3521 3306 3574 sancti
3335 3521 3504 3575 Geor-

1932 3611 2000 3680 gii
2023 3609 2167 3663 omni
2197 3619 2438 3677 tempore
2478 3608 2768 3663 stabilitum
2818 3620 3144 3679 permaneat,
3175 3621 3225 3665 et
3255 3611 3503 3667 Arundus

1932 3701 2187 3754 diaconus
2215 3703 2447 3756 scrivere
2468 3700 2673 3769 rogavi.

2001 3794 2135 3848 Actu
2164 3792 2230 3847 ad
2267 3791 2534 3848 Umbrone
2555 3834 2572 3860 ,
2620 3809 2742 3848 casa
2773 3794 3078 3848 avitationts
3112 3809 3252 3862 mea,
3278 3809 3498 3864 regnum

1931 3896 1985 3942 et
2009 3886 2299 3942 indictione
2322 3887 2681 3955 suprascripta
2716 3888 2960 3942 feliciter.

2001 3999 2217 4066 Signum
2251 4004 2309 4062 >14
2347 4013 2532 4052 manus
2576 3998 2790 4053 Falconi
2822 4001 3038 4076 clerico,
3079 3999 3164 4069 qui
3210 4001 3345 4055 hanc
3387 4015 3506 4052 caro

1931 4090 2092 4141 tulam
2126 4089 2238 4144 ﬁeri
2269 4106 2463 4160 rogavc
2485 4131 2498 4154 ,
2532 4099 2585 4144 et
2618 4106 2816 4144 nomen
2849 4107 3001 4144 suum
3035 4102 3089 4144 et
3120 4093 3329 4161 signum
3360 4091 3505 4147 cruci

1930 4180 2175 4235 manibus
2200 4185 2309 4236 suis
2340 4180 2476 4246 fece,
2506 4193 2561 4238 et
2589 4184 2666 4237 eis
2693 4183 2890 4238 reiecta
2921 4186 3253 4253 complacue.

2006 4298 2064 4356 ιιι
2091 4291 2314 4363 Signum
2360 4308 2548 4349 manus
2596 4293 2822 4362 Altipert
2864 4294 2971 4347 lilio
3019 4292 3285 4361 quondam
3325 4290 3500 4346 Fratri

1933 4396 2146 4452 rogatus
2179 4385 2348 4437 testis.

1855 4469 1903 4528 υ
1994 4493 2214 4562 Signum
2250 4500 2305 4554 ιιι
2340 4505 2526 4546 manus
2569 4491 2821 4546 Pranduli
2866 4491 2976 4544 lilio
2998 4492 3266 4559 quondam
3298 4492 3500 4547 Finan-

1924 4585 1976 4638 di
2017 4584 2188 4637 testis.

1993 4675 2211 4744 Signum
2242 4678 2299 4735 vis
2335 4689 2521 4728 manus
2563 4659 2816 4728 Pranduli
2863 4674 2969 4729 lilio
3021 4676 3286 4744 quondam
3340 4679 3494 4734 Bauti
3543 4674 3562 4686 ⁸

1926 4776 2141 4834 rogatus
2174 4769 2343 4820 testis.

1994 4881 2212 4948 Signum
2253 4887 2308 4942 »ξι
2357 4897 2540 4936 manus
2583 4881 2754 4936 FuSuli
2803 4880 2910 4934 lilio
2956 4883 3219 4951 quondam
3270 4882 3493 4940 Bautoni

1927 4986 2140 5042 rogatus
2169 4974 2346 5029 testis.

1995 5066 2212 5132 Signum
2245 5069 2299 5125 ὦ
2330 5062 2564 5116 Adunald
2597 5063 2703 5116 lilio
2737 5063 3003 5134 quondam
3040 5063 3269 5132 Achiput
3312 5065 3480 5134 (Συριιὶ

1925 5170 2140 5228 rogatus
2165 5161 2338 5212 teStis.

1997 5253 2212 5322 Signum
2245 5257 2301 5314 ›Ι‹
2334 5265 2520 5306 manus
2567 5252 2797 5308 Gloriosi
2844 5252 2912 5307 de
2950 5249 3215 5307 Cucclano
3263 5265 3480 5322 rogatus

1926 5347 2094 5399 testis.

1996 5435 2103 5504 Eg»
2130 5433 2435 5490 Guilleradn
2478 5433 2672 5488 clerico
2717 5441 2926 5503 rogatus
2970 5433 3037 5488 ad
3085 5433 3242 5490 Falco
3289 5437 3490 5492 clerico

1925 5529 2073 5580 testis
2101 5526 2376 5593 suscripsi.

1997 5616 2105 5683 Ego
2135 5619 2220 5684 qui
2269 5632 2426 5686 supra
2473 5615 2725 5671 Avnudus
2766 5614 2993 5684 scriptor
3023 5629 3142 5688 pust
3182 5633 3212 5674 a
3255 5617 3487 5677 testibus

1927 5711 2178 5764 l'uborala
2207 5711 2396 5764 tradita
2424 5708 2681 5778 cor-inplevi
2705 5719 2757 5765 et
2787 5709 2930 5764 dedi.
