4018 6184
165 5987 251 6076 [><

341 196 358 207 .
505 192 2534 205 I._———_—__——-————-—~———-———-
2551 194 2662 202 -——
2897 192 3503 206 ~-_m-
3524 191 3584 204 -Α

1587 355 1751 398 ΔΝΝΟ
1796 352 2026 394 DOMINI
2073 352 2333 394 DCXLVI.

1831 461 2090 473 —_——

839 589 1923 753 SANCTUS

2058 583 3072 780 GALLUS,

1509 876 1763 937 ABBAS
1808 877 1906 936 ET
1952 874 2430 937 CONFESSOR.

1742 1031 2180 1042 ___..———q

899 1131 1370 1220 NOTITIA
1428 1123 2068 1210 HISTORICA
2131 1126 2252 1206 IN
2315 1127 2400 1207 S.
2464 1125 2987 1212 GALLUM.

1512 1287 1728 1349 (Fabric.
1774 1284 1898 1332 Bibl.
1935 1283 2064 1331 med.
2095 1291 2145 1332 et
2171 1284 2254 1333 inf.
2283 1286 2439 1346 mtal.)

415 1491 596 1546 Gallus
645 1486 924 1550 llibernus,
957 1487 1250 1545 conlessor,
1284 1478 1450 1534 sancti
1479 1477 1787 1534 Columbam
1833 1476 1915 1529 di-
1947 1477 1997 1535 Α
2026 1478 2162 1530 inter
2188 1475 2321 1530 Galli
2353 1479 2600 1543 opuscula
2648 1495 2676 1534 a
2712 1481 2925 1536 Barthio
2968 1484 3134 1551 edita,
3176 1489 3316 1556 quod
3348 1490 3429 1545 vir
3474 1506 3618 1561 pm.

345 1584 606 1652 scipulus,
638 1579 802 1632 abbas
831 1574 966 1643 apud
1016 1573 1281 1628 Arbonam
1322 1572 1374 1624 in
1405 1569 1709 1635 Germania,
1741 1567 1924 1621 defun-

345 1687 465 1731 ctus
509 1688 650 1726 anno
679 1669 870 1725 Christi
901 1667 1026 1731 610,
1063 1666 1232 1720 aetatis
1260 1663 1331 1720 95
1362 1664 1460 1734 (a),
1491 1663 1641 1730 cujus
1673 1661 1925 1715 memoria

347 1766 600 1820 recolitur
630 1763 680 1815 in
712 1756 1101 1828 martyrologiis
1139 1753 1204 1808 l6
1235 1753 1502 1808 Octobris.
1539 1752 1663 1820 Ejus
1695 1751 1831 1813 Vita,
1866 1750 1926 1804 li-

351 1858 463 1910 bris
491 1852 698 1908 duobus
727 1865 756 1903 a
791 1848 1087 1917 Walafrido
1116 1846 1298 1901 Strabo
1324 1847 1545 1913 scripta,
1572 1852 1745 1898 exstat
1791 1842 1929 1910 apud

352 1948 564 2001 Surium
597 1940 661 1994 16
691 1939 954 2004 Octobris,
980 1949 1032 1991 et
1073 1939 1122 1991 in
1154 1937 1372 1990 Thoma:
1401 1933 1780 2002 Messinghami
1811 1934 1930 1987 Flo-

352 2034 538 2103 rilegio
575 2041 875 2084 sanctorum
901 2027 1185 2090 Hiberniae,
1217 2041 1336 2094 pag.
1367 2025 1472 2078 255
1497 2033 1552 2079 et
1577 2023 1704 2080 291.
1736 2025 1935 2078 Memo-

352 2128 434 2181 ria
463 2142 525 2178 ex
553 2123 783 2178 Nutkero
814 2120 878 2173 ad
908 2118 972 2173 16
1003 2118 1207 2171 octobr.
1239 2126 1290 2171 et
1320 2117 1386 2171 de
1433 2115 1774 2171 translatione
1819 2113 1936 2183 ejus

353 2217 424 2272 16
456 2214 735 2268 novembr.
781 2219 942 2278 atque
975 2206 1206 2275 Batperti
1241 2205 1316 2275 (ὁ)
1348 2221 1532 2260 versus
1561 2206 1626 2259 de
1658 2204 1938 2259 festivitate

350 2307 520 2361 sancti
544 2304 701 2367 Galli,
729 2311 782 2355 et
807 2315 924 2369 pag.
948 2298 1052 2353 -115
1079 2312 1242 2352 sermo
1273 2296 1340 2351 ab
1370 2311 1433 2351 eo
1459 2296 1631 2350 dictus
1661 2296 1711 2350 in
1742 2295 1939 2364 templo

355 2396 527 2451 sancti
572 2391 830 2461 Stephani
887 2392 938 2444 in
986 2388 1388 2443 consecratione
1430 2387 1652 2442 Joannis
1703 2387 1940 2454 episc0pi

355 2484 811 2548 Constantiensis,
841 2496 978 2534 anno
1018 2479 1144 2534 6H.
1179 2479 1330 2532 Hunc
1361 2478 1560 2546 primus
1580 2477 1819 2532 ediderat
1844 2477 1944 2531 Ca-

359 2579 552 2639 nisius,
585 2586 716 2628 tom.
749 2573 788 2626 V
818 2571 1151 2641 antiquarum
1184 2568 1518 2634 Lectionum,
1554 2577 1704 2637 parte
1734 2584 1794 2634 II,
1822 2582 1940 2637 pag.

359 2667 464 2723 896
496 2666 664 2736 (Edit.
687 2680 829 2717 nam
854 2661 1198 2732 Basnagianw
1216 2670 1338 2714 tam.
1368 2660 1413 2724 I,
1434 2676 1549 2732 pag.
1575 2658 1725 2728 784),
1756 2659 1946 2714 deinde

358 2772 608 2812 recusum
639 2755 689 2809 in
713 2753 1095 2822 Supplemento
1119 2750 1254 2804 Bibl.
1278 2750 1494 2804 Patrum
1519 2750 1712 2814 Paris.,
1748 2759 1875 2803 tom.
1905 2749 1945 2818 Ι,

2029 1569 2203 1622 clarus
2254 1571 2606 1637 conjiciebat,
2659 1588 2761 1627 non
2806 1586 3053 1641 exstant,
3109 1578 3239 1633 nEbEl
3288 1583 3428 1638 enim
3479 1584 3616 1640 Galli

2031 1669 2222 1723 prmter
2261 1674 2567 1716 sermonem
2608 1663 2718 1731 jam
2762 1677 3111 1721 memoratum
3147 1669 3393 1727 Barthius
3431 1675 3614 1730 edidit.

2033 1747 2320 1815 Epistolam
2370 1751 2581 1807 brevem
2614 1753 2681 1808 ad
2709 1754 3026 1811 Desiderium
3067 1760 3136 1814 ab
3177 1777 3316 1818 anno
3377 1765 3481 1820 635
3512 1766 3616 1822 Ca-

2033 1841 2344 1895 durcensem
2387 1847 2713 1912 episcopum,
2743 1863 2902 1915 quem
2933 1851 3194 1906 dominum
3239 1869 3292 1906 se
3313 1871 3436 1925 "per
3469 1875 3618 1914 suum

2033 1941 2080 1984 et
2122 1934 2456 2001 apostolicum
2493 1933 2702 1990 Patrem
2727 1938 2910 1994 Gallus
2949 1954 3182 2011 peccator
3220 1948 3470 2014 appellat,
3507 1952 3622 2006 vul-

2034 2025 2176 2092 gavit
2217 2025 2445 2081 Iacobus
2479 2027 2729 2084 Usserius
2783 2031 2835 2085 in
2882 2033 3118 2100 epistolis
3147 2036 3463 2104 llibernicis,
3498 2057 3618 2111 pag.

2035 2113 2125 2170 25.
2176 2116 2230 2169 ln
2259 2132 2318 2171 ea
2353 2119 2554 2174 mentio
2583 2120 2648 2174 de
2683 2121 2834 2176 clade
2865 2123 3199 2181 Massiliensi.
3236 2129 3401 2197 llnjus
3434 2131 3619 2185 Sancti

2039 2202 2180 2258 Galli
2207 2206 2419 2260 celebre
2447 2211 2804 2264 monasterium
2852 2213 2902 2266 in
2933 2213 3123 2268 Suevia
3154 2218 3270 2270 ord.
3300 2219 3525 2285 Bened.,
3559 2222 3624 2276 de

2039 2311 2145 2364 quo
2187 2297 2470 2353 Goldastus
2501 2301 2551 2352 in
2587 2301 2967 2359 Alemanuicis.
3022 2305 3154 2361 Vide
3184 2322 3342 2376 supra
3393 2319 3525 2363 toni.
3581 2312 3620 2375 l,

2041 2402 2163 2456 pag.
2195 2390 2226 2442 ϐ
2256 2403 2395 2457 seq.,
2425 2399 2584 2460 atque
2628 2393 3009 2463 epigrammata
3041 2406 3095 2449 ct
3124 2396 3305 2466 hymni
3337 2401 3471 2454 sacri
3503 2401 3624 2454 illu-

2043 2479 2229 2532 strium
2258 2479 2492 2533 virorum
2531 2481 2667 2535 illius
2695 2485 3002 2538 monasterii
3038 2485 3087 2540 in
3123 2494 3253 2541 tom.
3289 2488 3350 2552 V,
3382 2498 3530 2554 parte
3565 2505 3624 2552 ll,

2043 2570 2374 2637 antiquarum
2395 2569 2704 2626 Lectionum
2727 2573 2888 2628 Henr.
2912 2574 3108 2630 Cani~ii
3139 2576 3305 2648 (Edit.
3337 2595 3477 2632 nova:
3498 2588 3620 2633 tum.

2048 2657 2133 2724 II,
2166 2669 2307 2729 parte
2337 2677 2416 2726 Ill,
2453 2679 2571 2733 pag.
2607 2664 2708 2718 185
2736 2666 2890 2735 scq.).
2924 2667 3224 2723 Chronicon
3258 2669 3626 2724 brevissimum

2048 2751 2356 2805 monasterii
2395 2752 2573 2806 Sancti
2603 2751 2738 2806 Galli
2779 2755 2845 2808 ab
2875 2769 3014 2809 anno
3041 2755 3235 2810 Christi
3269 2757 3368 2811 691
3405 2759 3470 2811 ad
3502 2756 3562 2811 81
3584 2759 3628 2821 l,

362 2864 480 2919 pag.
509 2848 639 2915 678,
665 2858 716 2902 ct
743 2820 1151 2916 inLugdunensi
1177 2843 1334 2909 Bibl.,
1362 2852 1490 2897 tom.
1517 2841 1605 2908 XI,
1641 2856 1760 2912 pag.
1781 2841 1938 2907 1016,
1973 2820 2017 2880 Β
2044 2841 2183 2910 apud
2219 2841 2487 2896 Baluzium
2520 2852 2649 2898 tom.
2679 2842 2695 2896 l
2738 2843 2912 2909 Misc.,
2949 2861 3064 2914 pag.
3094 2846 3358 2901 494-495.
3389 2846 3627 2916 Denique

360 2949 414 2994 et
433 2939 722 3007 separatim
740 2952 859 2991 cum
879 2935 1037 3005 Casp.
1056 2935 1254 2989 Bartltii
1274 2934 1410 2989 notis
1426 2934 1671 2990 Francol‘.
1690 2934 1846 3000 1625,
1863 2931 1939 2987 8⁰.

363 3030 608 3085 Ecclesia:
645 3046 760 3084 vero
781 3029 1122 3100 gubernanda:
1153 3030 1368 3099 {orntum
1400 3037 1446 3082 et
1478 3028 1667 3080 monita
1697 3025 1946 3079 salutaria

361 3125 429 3176 ad
461 3123 790 3177 Wulmarum
836 3121 1225 3192 presbyterum,
1273 3134 1388 3187 qua:
1431 3128 1690 3173 memorat
1733 3117 1944 3181 Baleus,

365 3213 698 3270 intercidisse
727 3213 808 3268 vel
837 3224 984 3266 certe
1023 3211 1163 3267 edita
1205 3224 1308 3265 non
1338 3223 1457 3265 esse
1497 3209 1762 3274 existimo,
1802 3218 1950 3264 certe

436 3349 516 3414 (a)
552 3346 783 3411 Caveus,
823 3360 886 3400 ex
919 3346 1058 3398 Balei
1088 3343 1228 3408 XIV,
1263 3342 1351 3408 1-1,
1383 3351 1436 3396 et
1464 3342 1650 3400 Iacob.
1683 3341 1936 3398 Warmus

366 3417 437 3472 de
477 3418 842 3484 Scriptoribus
875 3415 1168 3482 Hiberniae,
1204 3429 1322 3485 pag.
1354 3414 1444 3471 ΞΟ.

2045 2929 2230 2984 Jodoci
2253 2929 2484 2995 Mezlcri,
2516 2931 2796 2985 cmnobitaa
2826 2931 2930 2986 San
2961 2931 3225 2988 Gallensis
3254 2935 3321 2989 de
3350 2936 3478 2989 viris
3511 2934 3632 2988 illu-

2047 3024 2244 3078 stribus
2289 3022 2594 3077 monasterii
2637 3022 2814 3077 Sancti
2858 3022 2995 3078 Galli
3042 3025 3157 3079 libri
3198 3025 3303 3080 duo
3332 3040 3469 3079 anno
3495 3024 3632 3079 1606

2051 3115 2288 3183 inscripti
2315 3113 2532 3181 etediti,
2566 3115 2816 3168 Bernardi
2845 3114 2988 3170 Pezii
3019 3123 3149 3173 tom.
3173 3116 3193 3170 Ι
3217 3114 3631 3180 Anecdotorum,

2051 3217 2202 3274 parte
2235 3221 2314 3271 Ill,
2343 3219 2463 3275 pag.
2491 3204 2617 3260 555.

2059 3343 2199 3468 51(ἄν)
2239 3340 2436 3397 Confer
2465 3339 2599 3395 Bibl.
2633 3339 2775 3398 Patr.
2829 3352 3092 3413 Lugdun.,
3137 3354 3263 3400 tom.
3299 3345 3475 3413 XVII,
3505 3301 3628 3416 pag.

2194 3428 2310 3468 seu.

2194 3428 2310 3482 seq.

1167 3701 1415 3783 ALIA
1477 3700 1954 3783 NOTITIA
2014 3702 2130 3785 IN
2195 3702 2278 3783 S.
2347 3702 2876 3787 GALLUM.

1575 3879 1817 3936 (Gallaud.
1859 3877 1981 3926 Bibl.
2010 3879 2141 3928 Patr.
2169 3885 2284 3928 tom.
2315 3877 2443 3936 XII.)

452 4063 492 4116 Ι.
536 4062 612 4115 Ex
652 4058 815 4128 gestis
842 4055 898 4112 S.
925 4053 1057 4108 Galli
1089 4051 1292 4107 abbatis
1319 4066 1436 4121 qum
1466 4051 1656 4106 litteris
1680 4065 1954 4106 commen-
1983 4053 2031 4115 C
2061 4062 2262 4117 suerat,
2291 4061 2530 4106 sanctum
2554 4051 2938 4106 Columbanum
2971 4054 3020 4105 in
3051 4054 3371 4107 monasterio
3395 4054 3644 4112 Bobiensi

378 4156 524 4210 davit
551 4148 880 4206 Walal’ridus
907 4145 1132 4200 Strabus
1163 4143 1255 4212 (a),
1291 4142 1634 4211 intelligimus
1674 4156 1794 4196 eum
1824 4143 1962 4195 circa

379 4243 566 4298 επιξυιί
596 4256 646 4294 vi
677 4239 910 4292 medium
959 4236 1011 4289 in
1041 4232 1286 4288 lliberuia
1319 4239 1522 4297 natum,
1554 4231 1720 4285 sancti
1749 4229 1963 4284 Colum-

380 4333 509 4387 bani
559 4328 856 4397 disciplina:
903 4324 1064 4379 fuisse
1110 4339 1138 4377 a
1178 4319 1483 4391 parentibus
1531 4318 1814 4382 traditum;
1862 4331 1966 4384 quo

383 4426 609 4478 ductore
639 4421 832 4491 pietate
870 4433 930 4472 ac
967 4415 1177 4480 litteris,
1212 4413 1506 4483 prmserlim
1542 4411 1754 4477 divinis,
1783 4409 1968 4466 sedulo

387 4515 680 4577 excultum,
705 4509 1054 4564 monasticum
1078 4506 1376 4560 institutum
1407 4507 1455 4557 in
1477 4503 1836 4558 Banchorensi
1861 4518 1970 4557 cm-

392 4607 552 4661 uobio
589 4604 750 4658 luisse
780 4601 1034 4667 deinceps
1069 4598 1395 4666 amplexum.
1438 4595 1669 4664 Magistri
1703 4595 1786 4649 sui
1816 4609 1972 4649 asse-

390 4709 564 4754 ctator
594 4695 861 4760 assiduus,
897 4696 946 4746 in
977 4692 1324 4753 Britanniam,
1359 4688 1584 4744 Galliam
1635 4699 1688 4744 et
1718 4690 1972 4744 Aleman-

392 4791 536 4845 niam
568 4785 871 4849 contendit;
923 4785 1077 4852 eique
1128 4782 1180 4836 in
1228 4782 1429 4835 Italiam
1479 4794 1692 4850 quoque
1735 4778 1974 4847 pergenti

394 4879 652 4934 comitem
696 4890 816 4929 sese
844 4873 1196 4942 adjunxissel,
1228 4873 1319 4925 sed
1351 4871 1495 4940 gravi
1524 4868 1671 4923 febre
1698 4876 1976 4936 correptus

397 4971 536 5038 apud
568 4970 892 5022 Alemannos
944 4963 1234 5027 remansit;
1293 4962 1381 5016 ubi
1424 4960 1634 5017 sanitati
1679 4959 1973 5024 restitutus,

399 5059 773 5114 construenda:
802 5057 946 5111 dedit
992 5069 1208 5124 operam
1258 5055 1428 5119 cellae,
1477 5069 1596 5123 qua:
1643 5049 1979 5120 postmodum

400 5152 807 5208 celeberrimum
832 5150 911 5204 sui
942 5148 1170 5203 nominis
1195 5146 1575 5203 monasterium
1597 5146 1787 5200 evasit.
1814 5145 1982 5198 Inter-

403 5257 464 5296 ea
495 5242 564 5295 ibi
602 5241 803 5310 degens
849 5255 971 5294 cum
1014 5239 1272 5294 duodenis
1309 5238 1584 5293 monachis
1609 5238 1800 5308 quibus
1831 5252 1983 5290 man-

404 5331 673 5388 siunculas
710 5333 849 5386 circa
897 5333 1184 5386 oratorium
1227 5345 1254 5384 a
1293 5344 1352 5385 se
1391 5340 1756 5386 constructum
1805 5328 1984 5396 dispo-

475 5491 552 5559 (a)
595 5491 815 5557 Mabill.,
840 5490 955 5548 Act.
987 5491 1085 5548 SS.
1110 5490 1236 5546 0rd.
1266 5490 1420 5554 Ben.,
1445 5496 1576 5543 tom.
1609 5489 1673 5554 ll,
1701 5503 1849 5558 pagg.
1876 5486 1982 5542 215

409 5577 557 5700 881g;
595 5631 817 5698 MabilL,
866 5633 905 5686 l.
954 5645 1028 5696 c.,
1061 5645 1176 5700 pag.
1207 5631 1334 5695 255,
1383 5639 1435 5684 et
1465 5629 1655 5686 Annal.
1687 5629 1814 5686 0rd.
1852 5627 1981 5683 Ben.

853 5747 1127 5806 PnnOL.
1178 5745 1558 5806 LXXXVII.

311 5860 411 5938 Α)
461 5827 470 5832 ,

255 5928 314 6006 O

2067 4157 2378 4211 supremum
2407 4142 2546 4197 diem
2587 4142 2861 4208 clausisse,
2890 4142 2987 4195 etsi
3019 4141 3223 4211 longius
3249 4142 3478 4210 abesset,
3508 4146 3644 4202 divi-

2071 4233 2212 4286 nitus
2243 4232 2501 4286 intellexit
2529 4250 2538 4282 :
2570 4233 2683 4300 qui,
2710 4232 2866 4285 morti
2896 4233 3186 4300 proximus,
3220 4235 3462 4290 baculum
3493 4253 3644 4291 suum

2071 4339 2191 4377 cum
2244 4322 2466 4390 epistola
2517 4323 2568 4375 in
2624 4331 2859 4390 paterna:
2911 4324 3298 4379 benevolentia:
3349 4327 3535 4394 pignus
3582 4331 3646 4381 ad

2071 4415 2242 4480 ipsum
2295 4412 2502 4480 legasse
2551 4413 2883 4481 perhibetur.
2945 4412 3071 4468 Ilaec
3127 4416 3334 4483 aliaque
3385 4418 3530 4484 plura
3580 4418 3648 4473 de

2073 4506 2129 4560 S.
2160 4505 2309 4560 Gallo
2338 4504 2664 4560 Walafridus
2692 4507 2850 4560 modo
2897 4507 3154 4561 laudatus.
3209 4509 3492 4577 Postquam
3524 4527 3648 4564 vero

2074 4600 2244 4650 aetatis
2275 4597 2561 4666 nonaginta
2584 4598 2818 4667 quinque
2846 4612 3012 4652 annos
3042 4597 3122 4650 vir
3150 4598 3335 4653 beatus
3360 4602 3645 4668 explesset,

2076 4689 2287 4744 demum
2327 4690 2468 4744 circa
2513 4705 2708 4744 annum
2752 4689 2856 4743 645
2893 4701 2981 4742 aut
3024 4700 3365 4760 sequentem,
3398 4708 3504 4746 xvn
3537 4692 3651 4745 Kal.

2078 4780 2413 4845 Novembris,
2448 4796 2510 4835 ex
2541 4782 2642 4835 hac
2673 4781 2772 4834 vita
2806 4780 3066 4846 discessit,
3093 4792 3146 4834 ut
3176 4783 3390 4836 calculis
3421 4784 3653 4835 exactius

2080 4874 2350 4928 subductis
2378 4874 2609 4928 ostendit
2641 4873 2709 4928 cl.
2745 4875 3073 4928 Mabillonius
3096 4875 3194 4943 (b).

2151 4964 2216 5019 ll.
2261 4965 2424 5018 Porro
2467 4979 2530 5018 ex
2575 4965 2788 5032 scriptis
2832 4964 2889 5018 S.
2917 4964 3048 5017 Galli
3079 4965 3284 5018 abbatis
3319 4978 3453 5016 unus
3481 4974 3656 5017 exstat

2083 5071 2258 5110 sermo
2287 5055 2614 5109 Constantia:
2653 5055 2824 5109 dictus
2868 5056 2919 5108 in
2954 5056 3149 5123 templo
3176 5056 3342 5108 sancti
3371 5055 3661 5124 Stephani,

2085 5163 2189 5217 quo
2216 5148 2300 5200 die
2326 5145 2646 5201 Constantia:
2673 5148 2893 5200 antistes
2920 5158 3256 5200 consecratus
3283 5155 3365 5199 est
3388 5146 3652 5209 Ioannes,

2086 5256 2241 5309 quem
2273 5239 2483 5307 quidem
2531 5253 2831 5293 sermonem
2863 5254 2923 5293 ex
2959 5254 3057 5290 ms.
3089 5237 3282 5292 Codice
3324 5239 3658 5293 bibliothecae

2089 5333 2448 5401 Sangallensis
2491 5332 2691 5401 primus
2721 5330 2983 5399 evolgavit
3022 5329 3267 5383 Canisius
3305 5332 3397 5400 (ε).
3443 5329 3515 5384 lle
3557 5344 3660 5397 quo

2014 5408 2066 5467 D

2091 5488 2182 5542 lib.
2216 5502 2330 5549 xm,
2369 5486 2394 5554 ᾗ
2431 5501 2599 5540 xxx".

2094 5559 2236 5683 89(Ge)
2292 5552 2492 5622 Canis”
2533 5555 2807 5623 Antiquar.
2843 5553 2988 5609 Lect.
3023 5562 3152 5607 tom.
3191 5552 3252 5618 V,
3286 5559 3420 5620 part.
3453 5566 3511 5616 ι.
3543 5565 3664 5620 pag.

3165 5740 3192 5796 1
