4018 6184
405 305 3649 356 Mm

1312 503 1990 619 SANGTI
2066 506 2620 620 GALLI
2658 573 2700 640 τ

1603 738 1868 787 ABBATIS
1903 738 1980 788 ET
2017 739 2457 802 CONFESSORIS,

1223 939 1554 1015 SEBMO
1617 941 2066 1021 HABITUS
2125 944 2823 1025 CONSTANTUE.

1599 1227 1862 1291 (Gallaud.,
1885 1229 2009 1280 Bibl.
2036 1229 2164 1278 Patr.
2191 1237 2303 1281 tom.
2332 1231 2461 1294 ΧΗ.)

513 1488 881 1555 Sempiternus
903 1485 1673 1552 etinmstimabilisDeus,cum
1693 1499 1959 1542 coaeterna
1991 1489 2169 1557 Αἱρεῖ
2226 1492 2506 1560 pepercit,
2560 1501 2760 1550 tantum
2813 1513 2841 1551 a
2897 1499 3008 1556 Deo
3060 1503 3340 1574 terrigenis
3394 1506 3649 1567 honorem

382 1582 481 1635 sibi
504 1581 792 1649 sapientia,
825 1579 928 1633 hoc
951 1588 1055 1643 est,
1085 1577 1222 1632 Filio
1250 1578 1600 1646 sempiterno,
1627 1589 1680 1632 et
1704 1581 1966 1636 charitate

381 1673 483 1726 sibi
517 1683 571 1725 et
603 1671 737 1724 Filio
780 1683 876 1724 suo
901 1669 1352 1738 consempilerna,
1387 1669 1438 1723 id
1469 1679 1572 1735 est,
1606 1670 1806 1740 Spiritu
1836 1686 1965 1726 san-

380 1775 490 1827 rto,
516 1765 719 1832 absque
751 1761 859 1816 ulla
889 1761 1245 1817 inchoationis
1279 1763 1357 1817 vel
1401 1765 1659 1832 temporis
1691 1763 1965 1819 mutabili-

379 1863 510 1921 tate,
545 1855 627 1908 vel
653 1854 886 1908 locorum
911 1852 995 1907 vel
1020 1851 1436 1906 ministeriorum
1463 1853 1780 1922 indigentia,
1820 1867 1965 1909 sem-

379 1963 474 2012 per
507 1951 563 1999 in
594 1957 884 2014 semetipso
916 1947 1073 1999 beata
1104 1955 1157 1998 et
1189 1943 1482 1999 immortali
1515 1944 1800 2014 majestate
1829 1946 1966 2001 sub-

377 2039 594 2090 sistens.
624 2037 969 2105 Nequaquam
994 2046 1168 2090 tamen
1199 2036 1316 2091 sine
1343 2051 1578 2106 congruo
1607 2037 1710 2092 sibi
1740 2046 1764 2071 ⁸
1788 2039 1960 2093 servi-

377 2131 574 2180 tiurum
619 2127 880 2196 obsequio
929 2126 1204 2181 solitarius
1249 2127 1509 2180 mansisse
1559 2127 1830 2194 putandus
1859 2139 1962 2193 est,

377 2238 499 2274 rum
549 2219 989 2274 manifestissime
1039 2219 1181 2273 dicat
1227 2219 1515 2288 Apostolus
1548 2237 1560 2271 :
1597 2218 1766 2290 Elegit
1794 2236 1886 2274 nos
1911 2222 1964 2274 in

375 2316 580 2366 Christo
604 2324 720 2366 ante
741 2313 1150 2365 constitutionem
1175 2312 1352 2365 mundi
1384 2309 1601 2383 (Ephes.
1639 2327 1678 2380 ι,
1708 2311 1766 2381 4)
1788 2327 1802 2378 ;
1827 2326 1965 2381 pra:-

375 2406 738 2459 deSlittaliOIle
781 2403 988 2459 scilicet
1036 2414 1261 2470 mtcrna,
1311 2419 1418 2458 non
1451 2407 1725 2459 creatione
1757 2415 1963 2474 tempo-

377 2497 542 2560 raria,
592 2497 686 2549 sed
735 2495 1015 2549 vocatione
1057 2495 1311 2565 gratuita,
1356 2495 1440 2550 vel
1493 2495 1727 2549 indebita
1769 2496 1960 2566 gratia.

376 2587 479 2642 Sed
527 2587 617 2654 qui
663 2601 875 2656 semper
923 2587 1102 2640 omnia
1152 2586 1330 2641 futura
1381 2587 1434 2641 in
1477 2603 1573 2642 sua
1617 2589 1876 2654 bonitate,
1910 2601 1964 2644 et

376 2682 611 2734 maxime
637 2689 948 2734 sanctorum
980 2679 1314 2749 angelorum,
1347 2689 1400 2735 et
1427 2680 1703 2735 hominum
1736 2683 1963 2737 societa-

377 2788 510 2840 tem,
558 2773 970 2843 prazsentialiter
999 2774 1302 2828 contuendo
1331 2775 1483 2844 quasi
1518 2774 1655 2830 facta
1680 2775 1915 2842 disponit
1943 2793 1956 2841 ;

2074 1579 2331 1633 collatum
2361 1582 2676 1651 perdolens,
2707 1599 2890 1641 casum
2918 1603 3024 1657 quo
3049 1589 3164 1660 ipse
3193 1594 3457 1663 superbus
3490 1601 3648 1666 periit

2071 1669 2298 1725 incautis
2325 1679 2380 1726 et
2404 1672 2632 1729 fallacias
2665 1679 2860 1733 nesciis
2889 1679 3105 1736 invidus
3137 1687 3402 1752 persuasit
3431 1706 3444 1753 ;
3485 1699 3541 1744 ut
3570 1693 3650 1742 vi-

2069 1756 2262 1814 delicet
2294 1775 2400 1815 non
2441 1773 2741 1820 creatorem
2775 1769 3165 1837 sempiternum
3209 1789 3303 1842 pro
3346 1775 3455 1831 Deo
3488 1793 3646 1833 vene-

2069 1847 2195 1913 rari,
2239 1849 2331 1903 sed
2376 1861 2676 1907 creaturam
2727 1860 3100 1926 temporalem,
3150 1862 3250 1917 hoc
3294 1875 3398 1933 est,
3446 1869 3653 1937 seipsos

2067 1939 2166 1993 sibi
2202 1955 2297 2008 pro
2331 1940 2433 1995 diis
2469 1944 2668 2000 habere
2698 1947 3053 2006 delectatione
3102 1954 3376 2009 mortifera
3419 1972 3650 2015 consen-

2071 2032 2255 2085 tirent.
2288 2033 2442 2099 Quod
2485 2037 2775 2091 maximum
2809 2050 2861 2094 et
2893 2042 3335 2100 immanissimum
3370 2061 3645 2116 peccatum

2068 2133 2215 2177 tanta
2269 2124 2468 2194 ﬂagitia
2526 2137 2579 2181 et
2632 2127 2870 2185 facinora
2922 2133 3003 2187 vel
3045 2135 3206 2189 etiam
3255 2139 3477 2193 crimina
3523 2155 3651 2196 sunt

2065 2217 2378 2282 subsecuta,
2412 2219 2696 2289 utjustitia
2740 2222 2924 2278 divina
2975 2228 3231 2282 mundum
3275 2245 3431 2298 quem
3478 2237 3652 2288 Omni-

2066 2308 2226 2362 modo
2274 2310 2546 2365 decoravit
2592 2321 2804 2379 ornatu,
2856 2329 2976 2370 cum
3023 2317 3257 2373 humano
3279 2335 3478 2389 genere
3507 2327 3646 2392 quod

2066 2399 2238 2453 eidem
2287 2403 2522 2471 regendo
2564 2404 2819 2471 praefecit,
2857 2406 3012 2476 aquis
3039 2406 3222 2462 diluvii
3249 2411 3430 2466 delere
3461 2413 3650 2470 decre-

2064 2490 2219 2542 verit.
2258 2491 2324 2544 Et
2373 2491 2612 2558 faceret,
2661 2494 2763 2547 nisi
2817 2495 3035 2550 multam
3089 2498 3348 2555 malitiam
3406 2513 3646 2560 nostram

2065 2582 2179 2650 ejus
2209 2583 2472 2638 immensa
2510 2586 2718 2640 bonitas
2750 2598 3051 2656 superaret.

2134 2675 2220 2730 lll.
2270 2677 2407 2748 Ergo
2440 2693 2538 2733 nec
2570 2688 2713 2734 tanta
2759 2683 2964 2736 scelera
3006 2683 3171 2737 inulta
3204 2684 3511 2757 dereliquit,
3546 2703 3645 2743 nec

2065 2774 2241 2820 tamen
2271 2776 2572 2822 creaturam
2598 2769 2734 2825 bene
2757 2772 3028 2826 conditam
3058 2774 3270 2844 penitus
3299 2780 3647 2848 consumpsit.

375 2839 663 2936 aiquando
707 2865 865 2919 etiam
916 2866 1216 2932 prtescitam
1268 2874 1322 2919 et
1349 2839 1805 2933 'prtcdestinatam
1859 2839 2036 2942 ima.B
2067 2856 2142 2911 Ex
2196 2859 2442 2913 omnibus
2490 2860 2818 2926 hominibus,
2850 2875 2958 2916 uno
2987 2839 3201 2919 delecto
3227 2865 3396 2935 justo,
3432 2839 3648 2936 per-cu-

378 2957 565 3011 mobili
606 2956 833 3011 consilio
876 2964 1198 3024 creaturam,
1232 2955 1297 3009 ad
1340 2971 1399 3010 se
1430 2956 1778 3024 laudandum,
1814 2966 1868 3012 et
1897 2973 1961 3013 ex

373 3063 456 3112 se,
514 3057 568 3104 et
596 3049 648 3104 in
681 3065 762 3114 se,
795 3056 849 3103 et
879 3063 973 3118 per
998 3062 1058 3102 se
1089 3048 1244 3104 beate
1289 3047 1572 3102 vivendum
1623 3049 1954 3118 omnipoten-

376 3141 586 3195 tissimo
610 3140 858 3208 dignatus
887 3148 968 3193 est
997 3137 1210 3206 Opiﬁcio
1237 3152 1424 3192 creare
1455 3138 1520 3192 de
1553 3137 1743 3204 nihilo,
1778 3146 1832 3192 et
1863 3153 1960 3192 suo

378 3247 472 3298 per
511 3230 751 3284 coelestia
793 3227 1005 3298 quidem
1060 3228 1227 3282 beatis
1274 3228 1554 3297 spiritibus
1601 3228 1960 3283 habitaculum

377 3321 530 3384 fecit,
592 3330 788 3374 terram
839 3334 968 3372 vero
1019 3317 1210 3374 futuris
1267 3319 1568 3374 hominibus
1618 3322 1956 3390 prteparavit.

375 3412 616 3474 Quorum
657 3408 952 3462 creationis
982 3422 1197 3462 causam
1230 3423 1388 3463 nosse
1417 3423 1513 3463 nos
1542 3412 1812 3474 convenit,
1845 3411 1958 3465 fra-

375 3511 488 3552 tres
534 3497 1000 3563 Christianissimi,
1038 3513 1125 3564 ne,
1179 3499 1313 3552 viles
1345 3513 1438 3552 vos
1467 3508 1520 3553 et
1550 3499 1791 3569 abjectos
1818 3501 1960 3555 arbi-

376 3602 604 3657 trantes,
631 3591 895 3660 pecudum
926 3591 1335 3646 conversatione
1372 3590 1683 3662 dignitatem
1721 3600 1956 3646 vestram

374 3684 704 3738 ttulliftcetis.

446 3775 511 3830 ll.
545 3775 690 3830 Deus
737 3788 948 3829 summe
993 3773 1186 3838 bonus,
1218 3773 1586 3829 benevolentia
1615 3773 1828 3843 plenus,
1878 3774 1957 3828 in-

373 3869 532 3922 vidize
575 3882 790 3932 carens,
835 3866 1051 3921 malitia:
1107 3866 1359 3934 nescius,
1415 3869 1638 3937 spiritus
1688 3870 1955 3937 angelicos

370 3957 620 4028 exemplo
663 3958 747 4012 sui
790 3957 1136 4012 rationabiles
1161 3973 1346 4014 creare
1373 3958 1663 4027 disposuit,
1695 3973 1752 4017 ut
1779 3959 1954 4028 ipsum

372 4051 660 4105 Dominum
690 4065 801 4104 sua:
846 4059 1234 4120 cognoscentes
1277 4051 1500 4121 originis
1545 4059 1839 4120 auctorem,
1872 4051 1953 4106 di-

371 4141 620 4197 lectionis
647 4141 766 4210 ejus
793 4140 1112 4211 pinguedine
1143 4141 1349 4207 refecti,
1389 4142 1442 4196 in
1475 4142 1592 4211 ipso
1618 4142 1948 4199 delectaren-

371 4243 462 4286 tur
489 4247 612 4287 esse
641 4232 802 4287 beati.
837 4231 941 4286 Sed
969 4245 1092 4286 cum
1140 4231 1206 4286 de
1253 4230 1359 4287 illis
1385 4231 1568 4303 aliqui,
1615 4235 1850 4289 nondum
1883 4235 1948 4289 de

368 4326 490 4396 ejus
527 4327 816 4382 dulcedine
867 4327 1168 4396 degustata,
1214 4327 1420 4396 seipsos
1463 4329 1560 4384 sibi
1605 4344 1725 4385 esse
1757 4330 1952 4399 princi—

370 4421 516 4489 pium
547 4429 602 4474 et
631 4428 814 4488 caput,
847 4421 1112 4487 vitamque
1139 4428 1191 4473 et
1221 4420 1558 4486 suavitatem,
1590 4435 1752 4475 cursu
1784 4431 1949 4477 teme-

373 4511 517 4563 rario
544 4519 598 4564 et
627 4510 945 4564 stultissimo
996 4509 1318 4578 persuadere
1365 4510 1467 4565 sibi
1523 4523 1949 4580 prtesumerent:

371 4601 519 4654 intus
552 4599 747 4654 inanes
787 4611 843 4654 et
883 4601 1056 4667 vacui,
1108 4600 1475 4670 superbiasque
1522 4602 1758 4671 pondere
1807 4619 1948 4673 pra:-

369 4692 606 4759 gravati,
658 4692 727 4746 de
775 4692 1218 4762 tranquillissimo
1259 4693 1513 4747 caelorum
1565 4693 1864 4749 habitaculo
1895 4696 1946 4750 in

373 4789 534 4858 hujus
582 4788 728 4842 aeris
776 4795 1188 4856 tempestuosam
1242 4786 1644 4853 turbulentiam,
1694 4803 1860 4858 usque
1897 4788 1950 4845 in

370 4882 512 4937 diem
558 4880 827 4950 generalis
855 4890 909 4935 et
934 4880 1245 4948 sempiterni
1272 4879 1479 4949 judicii,
1514 4881 1798 4950 repentino
1826 4889 1950 4936 sunt

369 4993 494 5032 casu
541 4975 765 5032 detrusi.
821 4975 928 5031 Sed
979 4975 1327 5030 immutabilis
1379 4975 1743 5044 benignissimi
1789 4973 1951 5030 Crea-

371 5070 508 5124 toris
551 5068 802 5122 voluntas
849 5066 1168 5135 praefinitum
1222 5064 1515 5119 beatissimi
1563 5073 1734 5120 ctetus
1765 5078 1952 5118 nume-

370 5177 487 5216 rum
521 5162 770 5230 supplere
799 5158 1110 5228 disponens,
1149 5159 1437 5212 humanum
1467 5171 1639 5227 genus
1682 5157 1732 5210 in
1760 5169 1950 5210 eorum

371 5252 546 5306 locum
579 5250 873 5305 substituit.
921 5249 1066 5316 Quos
1115 5247 1357 5302 homines
1405 5249 1613 5302 ratione
1667 5246 1948 5316 przeditos,

375 5343 660 5413 preceptis
690 5343 1004 5406 instructos,
1033 5339 1194 5395 minis
1221 5339 1506 5404 coercitos,
1542 5339 1758 5408 proprio
1785 5337 1949 5393 dere-

369 5436 524 5505 liquit
571 5435 822 5503 arbitrio,
873 5445 930 5490 ut
979 5435 1273 5506 imitatione
1321 5434 1410 5488 Dei
1459 5447 1618 5501 prava
1665 5441 1720 5487 et
1769 5433 1948 5501 iniqua

1980 4186 2025 4252 C

2059 2951 2148 3018 jus
2199 2949 2614 3017 providentiam,
2671 2953 2779 3006 imo
2825 2968 2980 3008 suam
3030 2954 3472 3022 admonitionem,
3531 2957 3648 3012 talis

2063 3038 2308 3105 quaedam
2341 3053 2464 3092 arca
2496 3050 2922 3108 construeretur,
2968 3043 3020 3097 in
3052 3058 3154 3112 qua
3188 3045 3302 3112 ipse
3332 3060 3452 3099 cum
3485 3047 3647 3101 domo

2063 3145 2162 3185 sua
2213 3139 2267 3186 et
2314 3132 2521 3201 reliqua
2575 3144 2819 3188 creatura
2868 3135 2934 3189 ad
2981 3137 3414 3192 resuscitandum
3463 3153 3646 3195 semen

2060 3233 2421 3293 competente,
2454 3225 2506 3279 in
2550 3228 2819 3292 supremis
2847 3226 2972 3283 licet
3001 3229 3258 3298 periculis
3288 3245 3347 3284 se
3376 3230 3528 3300 quasi
3554 3231 3644 3288 de-

2061 3315 2229 3370 functi
2255 3315 2440 3369 mundi
2465 3318 2809 3385 superstitem
2839 3333 3122 3374 remanere
3151 3321 3457 3375 miraretur.
3490 3321 3642 3377 Cum-

2059 3422 2164 3476 que
2188 3417 2308 3478 post
2337 3409 2500 3462 totius
2523 3409 2648 3463 anni
2684 3424 2836 3480 paene
2867 3411 3128 3466 circulum
3163 3429 3402 3484 prasago
3432 3416 3646 3471 nomine

2059 3497 2174 3553 Noe
2221 3510 2610 3568 nuncupatum,
2661 3501 2814 3571 quasi
2865 3503 3258 3556 conSolatorem
3305 3513 3486 3570 tanttc,
3523 3506 3646 3560 licet

2056 3591 2368 3661 justissima:
2436 3593 2722 3660 vindictas,
2782 3593 2850 3649 de
2901 3596 3119 3650 claustri
3167 3597 3311 3650 illius
3365 3601 3638 3668 ergastulo

2062 3691 2276 3736 creator
2319 3683 2609 3738 miseratus
2652 3683 2946 3748 eduxisset,
2995 3694 3050 3740 et
3096 3686 3270 3756 ipsum
3320 3703 3442 3743 cum
3493 3693 3643 3759 prole

2057 3787 2176 3840 sua,
2227 3782 2283 3828 et
2323 3775 2670 3830 seminarium
2719 3786 2925 3832 cuncta:
2953 3787 3215 3833 creatura:
3246 3795 3383 3836 nova
3415 3781 3638 3836 benedi-

2058 3865 2237 3918 ctione
2291 3864 2501 3921 ditavit.
2555 3865 2783 3936 Jamque
2831 3869 3232 3924 renascentibus
3278 3869 3402 3925 ftliis
3445 3872 3635 3936 Adam,

2059 3955 2258 4009 revisit
2309 3964 2366 4010 et
2407 3955 2658 4025 Superbia
2688 3956 2888 4011 dudum
2923 3957 2974 4011 in
3004 3958 3182 4013 radice
3205 3962 3474 4025 damnata,
3508 3962 3642 4014 adeo

2058 4059 2114 4102 ut
2141 4050 2264 4103 lutei
2293 4051 2550 4106 mortales
2575 4051 2718 4106 luteo
2742 4061 2796 4106 ct
2819 4052 3079 4106 bitumine
3113 4054 3297 4106 turrim
3330 4064 3640 4108 construere

2057 4141 2402 4208 molirentur,
2443 4143 2512 4198 de
2549 4144 2703 4212 cujus
2734 4144 3014 4198 cacumine
3045 4145 3313 4198 sidereum
3345 4153 3399 4200 et
3421 4148 3638 4200 immor-

2058 4235 2164 4289 tale
2211 4235 2576 4290 habitaculum
2606 4279 2620 4302 ,
2672 4237 2780 4290 Deo
2812 4249 3130 4304 possessore
3184 4238 3371 4304 invito,
3419 4248 3637 4308 possent

2055 4327 2328 4381 invadere.
2379 4327 2544 4396 Cujus
2595 4336 2699 4380 tam
2751 4326 2932 4380 invicti
2979 4326 3058 4397 (ut
3085 4327 3294 4382 stolidis
3325 4328 3632 4400 videbatur)

2054 4415 2469 4471 machinamenti
2527 4416 2978 4485 conspirationem
3025 4425 3132 4470 tam
3183 4415 3341 4472 facile
3387 4418 3631 4488 omnipo-

2056 4509 2352 4563 tentissima
2400 4508 2660 4577 sapientia
2706 4509 3004 4577 dissipavit,
3048 4518 3105 4562 ut
3152 4508 3346 4578 linguis
3392 4513 3629 4566 omnium

2054 4599 2371 4655 confusione
2416 4599 2804 4666 diversissima,
2859 4600 2945 4653 vel
2996 4599 3345 4654 similitudine
3391 4600 3635 4654 dissimil-

2057 4693 2182 4746 lima
2225 4691 2530 4761 disparatis,
2583 4691 2760 4747 nullus
2811 4691 3198 4764 consanguinei
3231 4693 3312 4746 vel
3346 4692 3522 4748 fratris
3554 4693 3634 4748 sui

2054 4785 2292 4854 linguam
2344 4783 2649 4854 intelligere
2687 4790 2887 4851 posset.
2924 4782 2990 4836 Et
3018 4782 3218 4836 idcirco
3258 4783 3489 4836 universi
3536 4798 3630 4850 per

2054 4876 2302 4946 regiones
2343 4885 2396 4930 et
2440 4874 2558 4929 loca
2605 4873 2751 4928 varia
2792 4872 3024 4942 disjecti,
3058 4883 3118 4926 ut
3151 4875 3306 4927 terris
3335 4881 3387 4926 et
3419 4873 3628 4939 loquela

2053 4968 2230 5032 divisi,
2276 4967 2346 5020 ita
2377 4976 2432 5020 et
2461 4965 2718 5033 religione
2747 4965 2829 5019 vel
2860 4963 3038 5034 potius
3070 4962 3250 5016 furore
3278 4962 3504 5030 diSpersi
3533 4978 3546 5026 ;
3576 4971 3632 5015 et

2052 5060 2141 5113 alii
2191 5058 2404 5128 quidem
2457 5057 2733 5112 ccelestetn
2775 5067 3016 5110 naturam
3063 5054 3334 5109 hominum
3384 5053 3632 5109 ministe-

2055 5152 2169 5216 riis,
2195 5151 2305 5205 Deo
2331 5158 2550 5204 auctore
2582 5148 2874 5217 provisam,
2907 5147 3088 5202 divino
3118 5146 3262 5199 cultu
3293 5153 3346 5199 et
3377 5146 3634 5201 servitute

2055 5242 2301 5297 venerati
2349 5253 2473 5296 sunt
2507 5260 2518 5293 :
2549 5241 2639 5295 alii
2685 5254 2812 5296 vero
2855 5239 3079 5294 mortuis
3124 5236 3430 5291 hominibus
3470 5238 3638 5292 simu-

2051 5337 2193 5393 lacra
2217 5338 2494 5404 facientes,
2521 5338 2781 5408 malignos
2809 5337 3026 5405 spiritus
3056 5333 3340 5389 affidentes
3369 5334 3446 5387 eis
3476 5333 3630 5402 quasi

2054 5439 2260 5484 tutores
2311 5440 2366 5484 et
2413 5429 2650 5484 fautores
2699 5431 2889 5484 animte
2941 5427 3022 5481 vel
3075 5427 3318 5495 corporis
3369 5425 3630 5491 vivorum,

367 5536 798 5592 contemnerent,
831 5541 893 5580 ac
922 5535 1066 5580 recta
1110 5535 1163 5580 et
1203 5539 1351 5593 aequa
1396 5526 1626 5579 retinere
1672 5533 1944 5579 curarent.
1984 5522 2345 5600 Dlicetjuste
2396 5525 2738 5588 mortalium,
2787 5522 3064 5575 dementes
3111 5521 3288 5575 colere
3333 5528 3629 5587 coeperunt.

370 5613 566 5685 Impius
620 5626 796 5671 autem
842 5617 1108 5672 homicida
1134 5615 1382 5681 Satanas,
1436 5615 1524 5684 qui
1576 5630 1673 5670 nec
1725 5617 1942 5670 sibimet

2051 5615 2159 5671 Sed
2205 5616 2382 5672 adhuc
2424 5616 2691 5672 indefessa
2725 5615 2892 5683 pietas
2932 5613 3249 5668 immortalis
3271 5621 3325 5670 et
3352 5627 3490 5670 verae
3519 5613 3630 5668 dci-

443 5764 466 5792 ι
497 5754 855 5810 Seraitiorttm.
885 5755 973 5812 Sic
999 5754 1124 5811 edit.
1153 5754 1284 5809 Bibl.
1317 5753 1418 5807 PP.
1456 5753 1622 5809 Paris.
1655 5763 1782 5809 tom.
1817 5753 1933 5820 XV,
1964 5768 2078 5823 pag.
2115 5752 2238 5806 678.
2270 5753 2336 5807 At
2367 5753 2572 5818 Canis.,
2607 5751 2853 5823 Basnag..
2885 5751 3205 5806 scrvitornm.
