4006 6182
314 294 383 347 15
1211 295 1449 352 SANCTI
1492 294 1697 352 GALLl
1750 288 1894 348 ΔΒΗ

1999 286 2042 342 8
2086 288 2172 343 E'l‘
2220 288 2680 351 CONFESSORIS
3487 304 3553 358 16

314 417 758 471 tatiscrcaturam
788 415 1012 485 benigne
1039 416 1328 482 conditam,
1363 431 1468 469 non
1502 425 1886 483 usquequaque
1914 408 1962 465 A
1993 405 2087 459 Dei
2145 407 2346 464 idcirco
2406 412 2712 480 impositum
2770 421 2888 480 est,
2945 416 3065 485 quia
3120 420 3435 475 transieram
3488 424 3557 478 de

312 522 405 560 sua
458 508 801 562 miseratione
850 511 1108 576 privatam
1158 509 1412 576 dispulit,
1462 508 1556 561 sed
1598 508 1665 561 de
1708 507 1884 561 medio

315 598 634 652 idololatria:
664 598 965 653 deditarum
994 600 1230 668 gentium
1263 599 1529 655 Abraham
1563 608 1764 666 patrem
1804 596 1886 650 fu-

317 699 559 745 turorum
603 690 878 755 ﬁdelium,
931 689 997 743 ad
1050 705 1109 745 se
1153 706 1334 745 verum
1386 699 1440 746 et
1486 694 1666 746 vivum
1716 688 1883 744 Deum

310 784 733 853 cognoscendum
764 782 831 836 de
858 784 993 837 caelo
1017 784 1244 837 vocavit.

385 875 470 927 ιν.
523 875 621 940 Qui
667 874 1065 944 incomparabili
1117 874 1301 941 plenus
1345 872 1673 939 obedientia,
1703 870 1884 925 divino

313 980 509 1036 parens
553 966 799 1034 imperio,
852 965 982 1020 exiit
1024 965 1089 1020 de
1138 974 1273 1018 terra
1318 974 1370 1018 et
1419 965 1733 1032 cognatione
1763 977 1883 1029 sua,

310 1059 551 1112 nesciens
577 1058 749 1112 adhuc
782 1072 886 1127 quo
928 1059 1004 1113 ire
1041 1056 1283 1119 deberet,
1315 1055 1608 1109 dummodo
1639 1054 1730 1107 Dei
1762 1053 1883 1122 jus-

315 1147 517 1201 sionem
566 1147 821 1214 expleret.
870 1148 984 1214 Qua
1024 1146 1090 1201 de
1140 1160 1196 1199 re
1236 1145 1601 1213 hujuscemodi
1653 1145 1887 1211 desuper

312 1238 516 1307 accepit
560 1239 860 1301 oraculum,
909 1237 1049 1305 quod
1093 1246 1146 1291 ct
1195 1246 1389 1291 terram
1441 1233 1885 1303 peregrinationis

310 1342 422 1382 suae
452 1329 501 1381 in
533 1328 924 1396 possessioaem
957 1336 1100 1381 esset
1131 1336 1447 1394 accepturus
1474 1343 1485 1377 :
1518 1323 1656 1392 quod
1688 1322 1883 1376 factum

312 1428 394 1472 est
425 1419 476 1472 in
506 1418 705 1472 Judazis
735 1417 802 1471 de
830 1432 989 1471 carne
1033 1417 1173 1486 ejus.
1222 1417 1434 1471 mortali
1466 1415 1756 1484 propagine
1788 1414 1883 1467 dc-

311 1510 815 1565 scendcntibttszet
864 1509 1001 1578 quod
1036 1512 1086 1563 in
1132 1510 1338 1563 setnine
1386 1509 1552 1577 ipsius
1605 1508 1886 1561 benedice-

312 1610 496 1655 rentur
523 1616 709 1656 omnes
745 1611 947 1671 gentes.
981 1601 1131 1668 Quod
1163 1601 1214 1654 in
1260 1601 1411 1655 nobis
1443 1600 1571 1667 ipsis
1602 1614 1695 1668 per
1726 1596 1883 1651 Chri-

309 1698 469 1752 stum,
497 1706 562 1744 ex
596 1690 711 1758 ejus
741 1691 945 1745 semine
975 1689 1264 1744 secundum
1298 1703 1513 1743 carnem
1542 1695 1882 1756 procreatum

1986 508 2145 566 gente
2175 500 2227 554 in
2254 512 2489 572 gentem,
2522 515 2575 558 et
2604 505 2671 559 de
2704 520 2867 574 regno
2896 509 2961 562 ad
2992 511 3245 578 p0pulum
3277 512 3553 586 alterum),
3584 499 3587 515 ⁵

1988 589 2134 644 dedit
2183 593 2262 646 eis
2310 594 2447 648 Deus
2492 610 2683 664 panem
2726 599 2812 652 vel
2860 613 3047 655 carnes
3077 602 3145 656 de
3173 604 3329 669 ρατιο,
3364 620 3553 675 aquam

1986 693 2113 735 vero
2145 685 2224 737 vel
2258 698 2496 739 amaram
2548 686 2866 755 dulcoravit,
2919 690 2999 745 vei
3052 707 3169 745 non'
3208 693 3439 748 habitam
3488 697 3556 751 de

1986 778 2135 837 petra
2191 772 2459 841 produxit,
2509 783 2562 829 et
2596 787 2617 814 ο
2644 777 2723 830 sic
2768 791 2862 831 eos
2902 792 2997 846 per
3023 780 3292 835 desertum
3323 786 3554 852 quadra-

1986 865 2132 930 ginta
2184 878 2354 918 annos
2398 865 2463 917 ad
2514 874 2709 921 terram
2755 870 3130 937 promissionis
3173 872 3555 943 circumduxit,

1986 955 2156 1008 donec
2193 954 2571 1009 desuescerent
2617 956 2973 1013 idololatrian)
3002 960 3071 1014 de
3106 976 3209 1030 qua
3237 974 3392 1017 erant
3420 967 3555 1019 edu-

1987 1042 2081 1110 cti,
2110 1054 2161 1097 et
2191 1059 2346 1113 quam
2407 1046 2707 1117 ubicunque
2734 1049 2979 1103 venirent
3009 1062 3161 1105 erant
3198 1052 3484 1120 inventuri,
3528 1071 3556 1110 a

1986 1149 2085 1203 qua
2117 1135 2257 1188 sicut
2285 1147 2337 1188 et
2366 1135 2432 1189 de
2463 1137 2673 1191 caeteris
2713 1138 2890 1203 malis,
2922 1139 2989 1193 de
3028 1141 3179 1195 caelis
3208 1142 3326 1195 illos
3372 1158 3561 1199 cavere

1992 1228 2222 1291 monuit,
2265 1238 2317 1281 et
2362 1227 2428 1281 ad
2473 1242 2532 1283 se
2572 1232 3026 1299 cognoscendum,
3073 1233 3154 1285 vel
3197 1233 3298 1287 alia
3342 1235 3477 1289 bona
3507 1247 3562 1291 et

1982 1314 2126 1384 justa
2164 1316 2415 1369 sectanda
2470 1316 2751 1387 diligenter
2778 1319 3088 1387 instructos,
3123 1322 3335 1376 tandem
3367 1324 3418 1378 in
3450 1335 3559 1378 ter-

1989 1421 2126 1470 ram,
2161 1406 2564 1474 pollicitationis
2618 1423 2728 1463 sua:
2778 1425 3006 1478 memor,
3058 1412 3341 1468 miseratus
3388 1416 3561 1469 intro-

1986 1494 2158 1548 duxit.
2194 1495 2256 1549 Et
2279 1506 2334 1550 tll.
2362 1498 2565 1565 pridem
2604 1499 2844 1554 ltubrum
2872 1517 3039 1567 mare,
3083 1503 3158 1556 ita
3186 1505 3344 1559 modo
3372 1505 3551 1560 .lorda«

1987 1601 2112 1640 nem
2154 1585 2371 1641 ﬂuvium
2402 1590 2755 1659 navigabilem
2786 1592 2942 1646 siccis
2973 1593 3198 1661 pedibus
3232 1603 3562 1652 transmeare

1987 1680 2242 1748 prazcepit
2287 1690 2340 1734 et
2384 1679 2530 1735 fecit.
2566 1681 2806 1750 Dumque
2835 1683 3009 1738 adhuc
3036 1690 3126 1753 qni
3156 1684 3269 1740 hare
3296 1686 3561 1742 mirabilia

313 1796 407 1847 per
458 1781 746 1849 Virginem,
797 1779 1126 1848 completum
1178 1792 1298 1833 esse
1352 1777 1668 1846 gaudemus.
1718 1772 1883 1841 Hujus
1917 1758 2236 1823 Bviderunt
2282 1771 2597 1839 snperstites
2650 1773 2700 1825 in
2752 1787 2915 1829 carne
2967 1775 3240 1841 vixerunt,
3298 1778 3483 1832 notitia
3510 1792 3565 1834 et

312 1870 473 1941 igitur
507 1872 627 1925 ﬁdei
666 1873 718 1925 in
751 1871 1012 1940 praeputio
1042 1870 1402 1937 comprobata:
1431 1866 1583 1935 quasi
1616 1864 1884 1934 quoddam

310 1965 639 2033 signaculum
697 1963 871 2018 eidem
931 1963 1068 2030 patri
1125 1960 1399 2016 Abraham
1463 1957 1888 2012 circumcisionis

311 2053 565 2122 imposuit
610 2053 841 2123 signum.
893 2053 1010 2119 Quo
1052 2061 1159 2105 tam
1198 2050 1287 2104 diu
1330 2059 1541 2119 gentem
1573 2049 1640 2103 de
1670 2047 1785 2116 ejus
1815 2044 1889 2101 fe-

311 2160 460 2201 more
499 2155 841 2215 prOpagalam
887 2144 1125 2214 oportuit
1164 2142 1427 2211 insigniri,
1472 2140 1646 2193 donec
1673 2139 1764 2193 ille
1791 2152 1887 2192 ve-

317 2237 457 2291 niret
486 2237 574 2305 qui
602 2249 790 2289 omnes
822 2234 875 2288 in
908 2249 967 2288 se
995 2232 1279 2287 credentes
1311 2231 1377 2284 ab
1408 2231 1551 2284 omni
1593 2237 1811 2297 peccato
1839 2239 1893 2281 et

311 2323 733 2379 circumcisionis
758 2321 971 2386 injuria,
1004 2334 1098 2375 sua
1128 2320 1377 2389 passione
1408 2318 1723 2371 redimeret.
1759 2317 1890 2368 Cum

313 2428 491 2471 autem
536 2414 762 2483 populus
802 2414 870 2467 de
914 2413 1007 2466 illo
1047 2426 1152 2467 non
1185 2411 1431 2465 modicus
1457 2398 1701 2475 exortus,
1731 2420 1891 2461 causa

314 2505 468 2559 famis
499 2505 566 2558 de
612 2514 753 2558 terra
799 2502 1053 2556 Chanaan
1101 2516 1260 2568 quam
1310 2500 1642 2564 incolebant,
1695 2508 1889 2552 terram

315 2597 719 2669 ingrederentur
764 2595 998 2665 ngypli,
1029 2609 1134 2665 quo
1168 2594 1306 2648 Deus
1349 2609 1511 2647 unum
1547 2592 1616 2648 de
1644 2600 1668 2627 ⁸
1700 2604 1867 2660 prone

318 2688 530 2759 potibus
576 2688 710 2757 ejus,
752 2701 912 2741 causa
965 2686 1256 2740 multorum
1286 2683 1495 2749 salutis,
1529 2682 1766 2748 direxit;
1800 2695 1894 2749 per

316 2779 468 2849 cujus
499 2778 883 2847 providentiam
913 2776 1143 2832 mundus
1174 2789 1309 2845 pene
1338 2784 1481 2829 totus
1504 2774 1886 2828 alimentorum

318 2869 538 2938 penuria
585 2868 916 2938 periclitatus
962 2866 1303 2933 aliquatenus
1343 2872 1792 2926 conservaretur;
1843 2869 1897 2916 et

313 2957 463 3029 juxta
494 2959 649 3012 ritum
680 2956 856 3029 gentis
884 2956 1027 3011 illius
1054 2954 1395 3011 tnilleformia
1424 2954 1714 3023 cmpisseut
1743 2968 1896 3007 mon-

318 3064 431 3109 stra
475 3055 742 3120 venerari,
790 3052 1093 3108 durissimis
1121 3050 1281 3106 etiam
1306 3049 1556 3119 operibus
1588 3063 1896 3117 premeren-

320 3105 1178 3214 tu-rﬁaliiEgyptiisv:recordatus
1227 3105 1367 3195 Deus
1415 3140 1538 3195 ﬁdei
1590 3105 1970 3209 probitatis-6

321 3251 427 3305 que
459 3247 688 3305 patrum,
721 3234 915 3289 direxit
959 3233 1025 3287 ad
1068 3248 1162 3288 eos
1206 3247 1418 3288 servum
1459 3246 1613 3286 suum
1656 3231 1893 3299 Moysen,

319 3327 434 3395 qui,
469 3340 561 3393 per
591 3325 753 3379 multa
782 3324 931 3393 signa
969 3332 1023 3378 et
1063 3324 1244 3393 plagas
1289 3322 1655 3378 intolerabiles
1679 3320 1897 3376 domitis

320 3417 609 3488 IEgyptiis,
646 3418 735 3471 Dei
770 3417 1018 3486 p0pulnm
1052 3416 1119 3471 ad
1154 3426 1349 3471 terram
1381 3417 1696 3486 patriarcha:
1726 3416 1897 3485 Abra-

320 3507 445 3561 ham
492 3507 690 3561 dudum
741 3504 1096 3576 promissam,
1157 3506 1363 3561 caelesti
1415 3505 1611 3561 ducatu
1658 3506 1896 3560 directus

323 3597 711 3653 introduceret.
742 3595 984 3667 Cumque
1021 3597 1089 3651 de
1132 3606 1273 3653 terra
1318 3596 1406 3651 illa
1451 3595 1715 3666 progressi
1761 3595 1898 3650 inter

322 3705 470 3745 oram
505 3689 669 3744 Rubri
714 3688 878 3743 maris
909 3698 961 3742 et
994 3687 1350 3745 vastissimam
1395 3690 1736 3745 solitudinem
1771 3688 1897 3743 fessi

323 3782 734 3848 consedissent,
780 3797 874 3836 rex
922 3780 1331 3852 Aﬂgyptiorum,
1386 3782 1582 3836 damno
1624 3780 1897 3836 servitutis

326 3879 538 3932 amissa:
570 3877 895 3942 stimulatus,
943 3885 1269 3946 congregato
1315 3875 1552 3931 exercitu
1590 3875 1898 3944 iunctisque

322 3972 588 4039 curribus,
619 3985 715 4026 eos
747 3971 818 4026 ita
849 3973 997 4040 quasi
1034 3973 1205 4041 pisces
1234 3971 1287 4026 in
1316 3974 1591 4041 gurgustio
1614 3971 1897 4026 conclusit.

322 4060 528 4127 Quibus
577 4061 641 4115 ad
698 4061 864 4115 Deum
909 4076 1097 4114 verum
1148 4061 1445 4116 levantibus
1493 4075 1699 4122 vocem,
1749 4075 1899 4128 aqua:

324 4152 488 4206 maris
517 4150 620 4206 huc
645 4161 806 4221 atque
835 4152 957 4206 illuc
988 4151 1197 4218 divisae,
1246 4153 1346 4206 iter
1386 4152 1586 4205 siccum
1628 4149 1899 4205 viantibus

327 4242 688 4310 praabuerunt.
732 4242 885 4309 Quod
932 4253 1219 4299 cernentes
1259 4243 1496 4298 cultores
1534 4245 1810 4297 simiarum
1847 4249 1901 4295 et

324 4331 636 4389 caniformis
666 4334 893 4398 Anubis,
926 4336 1227 4404 Neptunum
1270 4337 1377 4406 jam
1424 4352 1754 4407 supervacue
1787 4336 1903 4406 pla-

1989 1858 2163 1912 cultus
2187 1874 2328 1913 vera:
2360 1859 2580 1914 Deitatis
2623 1869 2678 1913 et
2721 1861 2913 1916 divina:
2961 1864 3201 1919 veritatis
3250 1866 3567 1921 incontami.

1993 1958 2117 2002 nata
2152 1950 2538 2019 perseveravit.
2569 1950 2681 2005 Illis
2712 1966 2840 2006 vero
2879 1952 2945 2007 ad
2990 1962 3167 2023 patres
3210 1970 3336 2010 suos
3363 1961 3567 2027 reposi-

1993 2037 2084 2105 tis,
2116 2039 2203 2093 lilii
2237 2039 2302 2094 de
2332 2054 2493 2095 carne
2524 2041 2763 2110 ipsorum
2814 2046 3111 2114 propagati,
3166 2061 3271 2099 non
3316 2047 3439 2102 ﬁdei
3474 2050 3568 2104 bo—

1994 2144 2119 2186 nam
2152 2133 2367 2199 imitati,
2416 2132 2510 2188 sed
2552 2134 3056 2203 circumpositarum
3089 2138 3321 2205 gentium
3351 2140 3569 2195 simula-

1993 2238 2084 2277 cra
2132 2224 2379 2288 colendo,
2427 2233 2554 2278 sunt
2584 2227 2635 2280 in
2670 2227 3020 2296 przecipitium
3062 2230 3377 2285 idololatria:
3407 2233 3569 2287 devo-

1993 2314 2108 2368 luti.
2144 2314 2247 2368 Pro
2273 2330 2379 2383 qno
2408 2316 2613 2369 scelere
2645 2316 2751 2369 dati
2782 2329 2902 2371 sunt
2931 2318 2981 2371 in
3013 2334 3198 2373 manus
3229 2323 3565 2377 inimicorum

1994 2419 2235 2468 suorum,
2283 2407 2633 2461 circumcirca
2686 2408 2783 2461 vel‘
2816 2408 2976 2477 longe
3003 2410 3319 2478 positorum.
3356 2413 3567 2466 Etcum

1994 2495 2281 2566 aliquando
2329 2498 2498 2566 pressi
2543 2497 2858 2566 iustissime,
2910 2514 3006 2569 per
3056 2517 3241 2569 preces
3284 2502 3348 2555 ad
3400 2503 3569 2558 Deum

1999 2596 2209 2656 patrum
2253 2599 2472 2640 suorum
2514 2587 2739 2642 fuissent
2770 2591 2989 2655 reversi,
3036 2591 3310 2645 suscitavit
3341 2592 3445 2646 illis
3475 2592 3578 2647 ali-

1996 2691 2154 2745 quem
2187 2676 2255 2731 de
2280 2676 2533 2732 fratribus
2560 2693 2771 2745 eorum,
2806 2680 2894 2747 qui
2926 2680 3002 2734 eis
3036 2692 3089 2736 et
3118 2682 3353 2735 salvator
3381 2694 3576 2738 contra

2000 2766 2206 2833 hostes,
2247 2776 2301 2821 et
2324 2766 2390 2820 ad
2423 2768 2765 2822 concordiam
2795 2770 3020 2825 invicem
3051 2771 3379 2825 retinendam
3406 2773 3577 2841 judex

2000 2857 2225 2911 idoneus
2248 2858 2523 2913 existeret.
2549 2859 2790 2929 Cumque
2822 2861 2989 2916 multo
3015 2872 3255 2932 tempore
3299 2864 3578 2920 inﬁuctua-

1999 2960 2138 3016 rent,
2169 2954 2221 3009 id
2251 2961 2354 3016 est,
2388 2960 2445 3006 ut
2465 2967 2584 3006 cum
2616 2953 2900 3022 aliquando
2926 2952 3029 3007 illis
3063 2956 3394 3023 prOSperitas
3426 2959 3576 3011 arri-

2000 3042 2170 3111 deret,
2214 3044 2280 3099 ad
2328 3046 2697 3100 venerationcs
2749 3045 3011 3100 idolorum
3063 3045 3361 3103 defluerent
3408 3065 3579 3104 :cutn

2001 3151 2130 3191 vero
2159 3146 2450 3206 tempestas
2474 3139 2903 3204 persecutionum
2934 3138 3258 3205 immineret,
3307 3139 3373 3194 ad
3407 3140 3579 3195 Deum

2007 3244 2219 3298 verum,
2264 3229 2329 3284 ad
2379 3231 2700 3285 tutissimum
2745 3240 2954 3300 portum
2986 3231 3132 3287 omni
3175 3232 3359 3286 adnisu
3393 3233 3581 3289 redire

2001 3339 2344 3382 conarentur.
2791 3384 2809 3395 ,

2070 3416 2159 3469 Vl.
2191 3414 2426 3471 Tandem
2457 3417 2601 3471 dedit
2630 3418 2734 3472 illis
2761 3433 2960 3488 regem,
3006 3421 3223 3474 nomine
3263 3420 3449 3485 David,
3484 3423 3585 3491 qui

2000 3516 2054 3563 et
2083 3523 2112 3561 a
2143 3508 2489 3561 linitimarum
2515 3507 2757 3576 gentium
2803 3509 3199 3563 incursionibus
3239 3508 3584 3574 defenderet,

1999 3608 2054 3655 et
2085 3598 2330 3655 timorem
2358 3600 2473 3666 Dei,
2505 3601 2659 3669 cujus
2685 3598 2802 3667 ipse
2822 3600 3168 3670 plenissimus
3193 3612 3327 3668 erat,
3353 3612 3405 3656 et
3424 3601 3589 3670 juxta

2001 3705 2193 3746 nomen
2225 3705 2404 3755 suum,
2437 3691 2592 3745 Manu
2641 3691 2814 3759 fortis,
2866 3692 3134 3748 continuis
3179 3693 3433 3749 retineret
3490 3696 3597 3749 ha-

2001 3780 2172 3835 benis.
2214 3780 2342 3835 Post
2388 3780 2541 3849 cujus
2591 3791 2842 3847 mortem,
2891 3797 3008 3835 cum
3060 3791 3274 3850 propter
3300 3794 3596 3852 peccatum

2004 3869 2236 3925 ﬁliorum
2280 3869 2429 3939 ejus,
2482 3886 2586 3925 non
2618 3871 2848 3939 amplius
2890 3870 2957 3927 de
3006 3871 3285 3927 duodecim
3333 3874 3604 3931 tribubus

2003 3960 2238 4015 ﬁliorum
2285 3960 2449 4015 Israel
2500 3961 2665 4030 (quod
2710 3975 2904 4016 nomen
2952 3962 3087 4030 patri
3135 3976 3343 4027 eorum,
3371 3972 3430 4018 et
3461 3965 3606 4033 ipsis

2003 4051 2201 4107 idcirco
2223 4050 2525 4120 impositum
2552 4063 2653 4116 est,
2676 4051 2801 4121 quia
2828 4051 3033 4107 visione
3053 4066 3147 4106 sua
3171 4052 3311 4107 Deus
3333 4055 3606 4111 eumdem

2006 4147 2338 4217 dignaretur)
2386 4162 2543 4215 quam
2572 4149 2689 4204 dua:
2722 4157 2946 4217 tantum,
2980 4149 3256 4220 Beniamin
3301 4152 3523 4208 scilicet
3552 4163 3613 4209 et

2005 4239 2162 4305 Juda,
2193 4254 2221 4294 a
2251 4254 2353 4309 qua
2384 4249 2437 4295 ct
2472 4238 2641 4295 Jndzei
2689 4250 2812 4295 sunt
2857 4243 3127 4312 appellati,
3159 4244 3390 4312 posteris
3426 4245 3610 4302 David

2006 4344 2129 4384 cum
2176 4331 2358 4400 paucis
2401 4332 2771 4387 sacerdotibus
2801 4340 2855 4387 et
2884 4332 3059 4389 levitis
3087 4334 3438 4391 adhaererent
3471 4339 3617 4410 (quo

326 4424 557 4479 candutn
589 4423 690 4478 sibi
719 4426 995 4492 putabant,
1045 4425 1124 4479 sic
1170 4426 1324 4479 undis
1371 4427 1422 4479 in
1474 4439 1649 4495 partes
1690 4427 1895 4480 divisis.
1932 4454 1986 4517 Β
2012 4422 2225 4475 nomine
2254 4436 2441 4476 onmes
2470 4421 2652 4476 divino
2692 4421 2989 4479 ministerio
3018 4426 3431 4498 mancipandi),
3467 4432 3615 4484 reli-
3667 4490 3681 4503 θ

328 4519 527 4571 Omnes
550 4515 710 4584 igitur
737 4524 1024 4580 sequentes
1047 4511 1266 4580 vestigia
1287 4519 1720 4584 commeantium,
1755 4515 1781 4555 ι)
1810 4531 1903 4571 ex-

330 4618 501 4661 tremo
550 4620 770 4660 suortttn
822 4606 1135 4659 barathrum
1190 4605 1449 4676 ingressi,
1503 4608 1903 4677 novissitnoqne

330 4699 499 4767 plebis
546 4697 635 4751 Dei
679 4698 745 4750 ad
792 4697 1037 4751 naturale
1084 4697 1230 4751 littus
1279 4699 1617 4765 transgressi,
1672 4699 1741 4752 ita
1780 4706 1905 4753 sunt

332 4791 599 4844 montibus
655 4804 913 4859 aquarum
964 4788 1211 4853 involuti,
1267 4799 1322 4841 ut
1373 4788 1551 4843 nullus
1601 4800 1907 4847 remaneret

330 4882 419 4950 qui
448 4881 642 4935 factum
674 4880 817 4933 domi
846 4878 1205 4934 residentibus
1237 4880 1440 4934 referre
1474 4880 1760 4948 potuisset.

408 4971 470 5025 V.
523 4971 655 5025 Cum
703 4980 880 5024 autem
912 4984 1161 5038 expensa:
1198 4985 1331 5039 quas
1361 4970 1427 5023 de
1459 4968 1697 5039 Egypto
1723 4984 1907 5026 secum

335 5064 563 5119 tulerant
607 5062 846 5118 llebraris
885 5060 1213 5117 defecissent
1254 5061 1418 5131 (quod
1468 5076 1662 5117 nomen
1712 5062 1908 5131 populo

407 5246 430 5274 ιι
459 5235 907 5302 Pronepotibus...
938 5253 1028 5305 per
1050 5238 1217 5303 cujus.
1242 5235 1365 5290 Hazc
1386 5236 1683 5305 improvide
1705 5238 1906 5292 omissa

336 5309 388 5361 in
422 5324 553 5360 nova
587 5305 833 5378 Thesauri
862 5307 1123 5362 (ἰσηὶείαηὶ
1150 5306 1381 5362 editione
1405 5322 1434 5361 a
1463 5310 1722 5378 Basnagio
1748 5310 1908 5363 ador-

337 5385 640 5446 nata,tom.
674 5377 714 5442 I,
745 5393 864 5446 pag.
896 5378 1024 5431 786.

408 5445 434 5485 δ
478 5445 718 5520 Extremo
753 5445 910 5520 'su’or.
957 5447 1253 5520 Cotelerius
1285 5448 1337 5520 in
1369 5448 1509 5503 notis
1533 5447 1601 5520 ad
1636 5448 1900 5520 "anagnit.

338 5515 583 5571 Clement.
640 5518 729 5570 lib.
766 5518 807 5581 I,
841 5532 959 5584 cap.
986 5518 1086 5584 '55,
1121 5520 1259 5572 hunc
1308 5519 1480 5572 locum
1529 5519 1595 5571 ita
1638 5515 1904 5573 restiiuit:

345 5586 581 5660 Extremo
624 5602 838 5660 suorum
891 5587 1190 5660 barathrum
1237 5589 1481 5658 ingresso,
1534 5589 1909 5660 novissimoque

342 5656 634 5728 plebisrllei
663 5656 729 5707 ad
758 5658 990 5709 naturale
1020 5659 1158 5711 littus
1190 5656 1525 5728 transgresso,
1554 5670 1659 5712 etc.

414 5736 437 5764 ε
470 5726 561 5780 Sic
589 5742 672 5780 eos
703 5741 791 5784 ver
819 5728 1094 5796 desertum,
1125 5738 1230 5785 etc.
1262 5726 1503 5785 Imitatur
1531 5739 1747 5786 sanctus
1779 5727 1907 5785 Gal.

1370 5854 1405 5884 ο

2010 4529 2129 4583 qua:
2181 4527 2309 4566 vero
2354 4513 2566 4578 decem,
2618 4515 2701 4568 vel
2743 4516 2918 4584 potius
2974 4517 3221 4572 undecim
3275 4520 3462 4577 tribus
3516 4540 3623 4593 per

2012 4620 2191 4672 regem
2226 4620 2328 4657 una
2361 4605 2734 4660 subversorem
2769 4624 2922 4662 suum
2964 4610 3284 4666 llieroboam
3318 4629 3626 4687 nuncupa-

2011 4706 2145 4764 tum,
2173 4706 2227 4751 et
2259 4697 2545 4767 pessimam
2574 4699 2743 4769 ipsius
2772 4704 3079 4770 progeniem
3106 4704 3169 4758 ad
3196 4705 3621 4765 immunditiam

2010 4788 2035 4827 ἀ
2087 4790 2404 4845 idololatriae
2457 4790 2714 4847 foeditatis
2764 4806 2794 4845 a
2844 4793 3015 4862 gloria
3061 4810 3181 4862 sua,
3227 4797 3345 4853 Deo
3395 4802 3625 4857 scilicet

2009 4879 2338 4950 sempiterno
2369 4881 2758 4936 immanissima
2795 4882 3069 4939 dementia
3100 4899 3474 4943 recesserunt.
3510 4892 3620 4958 Qui

2010 4983 2064 5029 et
2086 4974 2306 5028 tradidit
2333 4988 2427 5028 eos
2456 4974 2509 5027 in
2543 4989 2731 5029 manus
2757 4976 3093 5031 inimicorum
3125 4993 3373 5045 suorum,
3404 4983 3623 5050 quibus

2010 5063 2257 5133 subjecti,
2298 5064 2439 5118 idola
2468 5076 2596 5119 sunt
2624 5069 2783 5120 etiam
2818 5069 2907 5137 qui
2953 5068 3158 5123 nollent
3184 5067 3427 5127 adorare
3457 5087 3623 5130 com-

2009 5241 2090 5296 lus
2110 5251 2381 5317 auctorem
2400 5241 2818 5317 Recognitignum
2833 5243 3274 5317 Clcmentinarmn,
3301 5261 3342 5317 t_.
3364 5260 3448 5316 c.,
3472 5254 3625 5317 apud

2009 5326 2166 5381 quem
2216 5313 2293 5365 sic
2339 5313 2561 5381 legimus
2597 5332 2609 5366 :
2644 5312 2746 5368 Per
2794 5316 2968 5382 longos
3017 5316 3167 5368 eremi
3212 5312 3444 5381 plebem'
3472 5312 3631 5377 dicit

2010 5383 2296 5455 anfractus,
2345 5392 2405 5455 n_t
2448 5384 2787 5455 quadraginta
2831 5400 3082 5455 annorum
3121 5386 3419 5453 exercitiis,
3477 5397 3631 5450 mala

2007 5469 2122 5532 qtae
2145 5453 2215 5505 eis
2240 5468 2303 5506 ex
2334 5451 2701 5532 Egyptiorant
2745 5454 2968 5507 moribus
3014 5470 3109 5507 usu
3157 5456 3304 5525 longi
3332 5451 3631 5532 _tentporis

2008 5525 2316 5577 inoleverant
2344 5564 2358 5590 ,
2417 5526 2742 5578 innovatione
2790 5534 2996 5578 mutata:
3051 5525 3484 5584 consuetudinis
3526 5534 3628 5586 ab-

2011 5594 2185 5647 oleret.

2079 5665 2105 5702 ά
2130 5662 2473 5723 Ιάοιοιαινὶω.
2506 5665 2666 5721 Forte
2697 5664 3039 5721 idololatriae:
3068 5664 3349 5735 [ωάὶιαιίε.
