4018 6184
454 390 521 445 ιτ
1985 384 2233 439 SERMO.
3658 391 3725 447 ιε

454 502 611 575 pubi.
652 499 757 557 sed
788 508 843 555 ει
873 498 1167 555 ﬁdelissimi
1202 498 1368 554 ωνίά
1399 500 1708 570 propagatio
1736 498 1801 552 ad
1840 499 2028 553 intide-
2061 500 2107 555 A
2135 508 2187 552 et
2217 511 2430 565 propter
2462 509 2679 567 pect'ata
2730 499 2781 553 in
2829 499 3029 555 sacculo
3072 502 3457 557 remanentium
3490 506 3722 571 primum

454 596 617 651 litatis
665 594 865 648 malum
922 607 1029 647 non
1069 600 1189 661 post
1238 591 1467 646 multum
1518 592 1773 659 temporis
1817 592 2037 645 aberra-

456 690 566 753 vit;
598 689 735 742 adeo
764 697 825 741 ut
872 696 929 742 et
970 686 1070 753 ipsi
1117 700 1270 755 rcges
1317 695 1371 741 et
1410 687 1737 751 sacerdotes,
1795 686 2041 755 neglecto

458 781 615 834 unius
647 780 759 834 veri
792 778 884 832 Dei
924 779 1093 846 cultu,
1146 778 1428 843 Saturnos,
1479 778 1739 843 Junoucs,
1791 777 2039 846 turpissi-

459 885 709 939 mumque
753 869 1027 938 Priapum,
1080 869 1135 922 in
1181 869 1294 938 ipsa
1328 869 1680 933 Hierusalem,
1715 884 1873 939 quam
1908 869 2041 922 civi-

463 971 625 1017 tatem
672 975 796 1017 cum
853 960 1053 1030 templo
1088 961 1141 1014 in
1173 961 1652 1015 sanctiﬁcationem
1685 961 1786 1015 sibi
1817 961 2040 1027 delegit,

463 1053 561 1106 acti
612 1052 795 1107 furore
844 1059 1258 1105 venerarentur.
1292 1049 1515 1116 Propter
1545 1049 1687 1117 quod
1718 1050 2042 1118 competenti

462 1142 588 1196 satis
621 1142 824 1195 talione
850 1141 1014 1209 impie
1041 1141 1334 1195 derelictus
1365 1140 1432 1194 ab
1460 1142 1560 1203 eis,
1590 1141 1732 1209 juste
1753 1141 2041 1207 dereliquit

465 1247 558 1286 eos
587 1232 730 1287 Deus
770 1231 823 1285 in
866 1238 1182 1297 potestatem
1230 1244 1579 1299 paganorum,
1632 1240 1686 1284 ιιι
1737 1232 2045 1298 impleretur

468 1325 609 1392 quod
646 1326 726 1377 eis
777 1331 935 1376 antea
978 1321 1443 1375 comminabatur:
1474 1320 1617 1375 Sicut
1666 1323 1893 1376 servistis
1942 1324 2045 1377 diis

463 1416 643 1467 alienis
674 1414 728 1466 in
756 1423 893 1466 terra
924 1422 1108 1477 vestra,
1139 1413 1213 1465 sic
1237 1413 1463 1465 servietis
1492 1413 1590 1465 diis
1613 1413 1796 1465 alienis
1827 1414 1877 1465 in
1909 1422 2047 1465 terra

462 1523 562 1559 non
591 1518 779 1570 vestra,
811 1506 899 1573 qui
930 1520 1031 1558 non
1072 1504 1269 1557 dabunt
1309 1504 1449 1558 vobis
1476 1505 1698 1574 requiem
1730 1502 1947 1575 (Jcrcm.
1984 1520 2043 1571 v,

468 1597 559 1657 l9;
595 1612 703 1661 xvt,
739 1594 853 1663 l3).

538 1688 645 1741 \‘ll.
693 1686 801 1741 Sed
836 1694 890 1741 et
930 1696 1055 1742 tunc
1105 1701 1211 1741 non
1256 1686 1455 1741 'oblitus
1505 1687 1626 1741 ﬁdei
1680 1687 1947 1741 Abraham
1996 1698 2049 1741 et

467 1778 647 1842 David,
678 1776 886 1847 aliquos
909 1792 975 1831 ex
1008 1777 1094 1839 iis,
1127 1793 1222 1847 pro
1255 1777 1514 1846 reliquiis,
1541 1778 1592 1831 in
1631 1786 1770 1831 terra
1800 1793 1892 1831 sua
1922 1779 2050 1833 reti-

2144 589 2281 644 viles
2325 603 2567 656 personae
2611 589 2680 644 de
2726 593 3128 648 successoribus
3172 610 3355 649 eorum
3404 599 3594 665 popqu
3630 600 3726 655 Dei

2146 681 2566 749 prtclicerentur,
2611 691 2798 750 postea
2830 699 2957 738 vero
2982 694 3037 739 et
3064 684 3162 754 ipsi
3192 687 3511 756 alienigenis
3542 693 3730 746 misce-

2153 781 2361 833 rentur,
2396 772 2476 825 vel
2504 772 2680 840 potius
2703 773 2975 827 servitutis
3005 776 3117 843 ejus
3150 774 3278 844 jugo
3306 778 3723 847 subjiccrcntur,

2156 863 2520 917 necessarium
2554 873 2669 917 erat
2700 876 2756 918 ut
2787 865 2899 931 ipsa
2933 864 3110 919 divina
3144 866 3414 935 Sapientia
3442 886 3534 937 per
3564 888 3727 940 quam

2148 955 2338 1001 cuncta
2366 955 2491 1002 sunt
2522 946 2682 1010 facta,
2735 948 3027 1004 reﬁciendo
3072 953 3253 1019 generi
3295 953 3527 1010 humano
3553 972 3647 1026 per
3672 972 3732 1012 se

2149 1038 2317 1105 ipsam
2346 1038 2630 1092 consulere
2657 1036 2985 1106 dignaretur.

2221 1128 2309 1181 ΙΧ.
2356 1128 2461 1183 Sed
2500 1130 2620 1198 quia
2665 1133 2715 1182 in
2754 1146 2849 1183 sua
2894 1129 3414 1199 incompreltensibili
3455 1138 3733 1206 majestate

2152 1232 2339 1275 natura
2374 1222 2461 1275 illa
2501 1222 2680 1275 divina
2706 1222 2773 1277 ab
2799 1222 3021 1278 inﬁrmis
3050 1238 3104 1278 et
3134 1226 3445 1281 mortalibus
3485 1242 3731 1297 compre-

2153 1310 2311 1365 hendi
2344 1328 2449 1364 non
2501 1320 2726 1379 poterat,
2775 1314 2906 1367 mira
2938 1316 3149 1382 pietatis
3179 1316 3575 1385 dispensatione
3605 1334 3732 1386 pro-

2150 1403 2381 1470 curavit,
2413 1412 2465 1457 ut
2512 1412 2708 1458 nostra:
2740 1403 3035 1460 infirmitati
3086 1407 3321 1473 mortali,
3363 1418 3612 1464 manente
3658 1419 3735 1462 ta-

2152 1510 2274 1548 men
2302 1495 2853 1550 incommutabilitatis
2882 1512 2993 1550 sua:
3025 1499 3258 1565 potentia
3290 1498 3644 1566 conformata,
3671 1503 3737 1555 de

2157 1587 2476 1655 incorruptae
2518 1587 2747 1657 Virginis
2781 1599 2934 1643 utero
2981 1598 3327 1657 nasceretur,
3378 1603 3433 1646 et
3475 1605 3735 1646 consueto

2155 1678 2313 1732 nobis
2347 1693 2496 1732 more
2522 1692 2688 1746 usque
2716 1677 2780 1731 ad
2808 1678 3073 1746 juveniles
3096 1694 3265 1733 annos
3296 1690 3451 1734 aetate
3481 1692 3535 1736 et
3561 1682 3736 1736 inere—

2154 1770 2367 1831 mentis,
2399 1770 2567 1839 gratia
2601 1783 2729 1824 vero
2757 1780 2810 1824 et
2837 1770 3097 1840 sapientia
3128 1772 3382 1840 singulari
3415 1775 3731 1841 perveniret.

464 1870 603 1934 nuit,
657 1869 1022 1936 templumque
1068 1883 1223 1922 suum
1269 1869 1321 1922 in
1372 1869 1704 1924 Hierusalem
1736 1868 1800 1922 ad
1838 1878 2047 1937 tempus
2080 1836 2124 1894 Β
2152 1858 2262 1914 Nec
2292 1868 2470 1914 tamen
2501 1874 2622 1913 cum
2654 1875 2816 1913 carne
2859 1874 2952 1913 sua
2985 1862 3154 1916 deitas
3191 1862 3330 1916 illius
3359 1874 3502 1919 esset
3540 1865 3735 1919 obum-

462 1960 850 2028 atiquantulum
908 1959 1283 2024 conservavit,
1340 1958 1529 2023 donec,
1564 1959 1801 2027 peccatis
1858 1973 2045 2012 eorum

464 2049 951 2112 crebrescentibus,
999 2047 1158 2102 etiam
1203 2048 1374 2117 ipsum
1425 2062 1544 2102 cum
1595 2048 1808 2103 civibus
1834 2055 1887 2101 et
1914 2048 2046 2101 civi-

466 2153 576 2196 tate
618 2150 919 2196 mereretur
958 2140 1192 2195 incendi.
1229 2140 1335 2195 Sed
1364 2156 1536 2210 neque
1566 2148 1692 2195 tunc
1724 2154 1818 2195 eos
1847 2154 2047 2209 usque-

470 2248 680 2302 quaque
727 2232 909 2286 divina
949 2230 1188 2287 deseruit
1233 2232 1553 2297 clementia;
1588 2232 1712 2302 quin
1743 2233 1848 2286 imo
1872 2231 1939 2287 de
1970 2231 2049 2285 fa-

467 2326 607 2378 villis
658 2335 709 2379 et
758 2324 930 2379 ruinis
981 2324 1128 2378 urbis
1174 2338 1379 2379 eversa:
1427 2323 1686 2392 quosdam
1730 2323 2049 2389 reservavit,

468 2414 662 2482 quibus
721 2415 1003 2483 aptissime
1059 2414 1429 2484 propheticum
1490 2414 1616 2467 illud
1674 2414 2038 2468 conveniret:

471 2505 621 2560 Facti
660 2509 782 2561 estis
828 2508 975 2575 quasi
1006 2508 1159 2561 torris
1189 2508 1252 2561 de
1285 2506 1519 2560 incendio
1549 2517 1751 2574 raptus,
1780 2517 1826 2560 et
1860 2523 1951 2559 nec
1979 2508 2052 2560 sic

468 2601 669 2654 redistis
713 2601 783 2653 ad
824 2617 923 2665 me,
975 2601 1099 2653 dicit
1154 2599 1404 2653 Dominus
1450 2599 1631 2671 (Amos
1659 2615 1730 2665 tv,
1763 2600 1873 2668 ll).
1899 2600 2051 2667 Quod

470 2694 684 2759 quidem
710 2694 762 2747 in
793 2695 870 2747 eis
902 2708 1033 2761 quos
1068 2693 1121 2746 in
1153 2702 1293 2747 terra
1327 2707 1420 2746 sua
1452 2694 1692 2747 residere
1724 2692 1868 2758 fecit,
1900 2707 2051 2747 com-

473 2786 671 2851 pletum
722 2786 1096 2854 cognovimus,
1146 2793 1204 2838 ut
1244 2793 1461 2854 peccata
1512 2785 1745 2852 peccatis
1793 2784 2054 2839 addentes

474 2886 526 2929 et
557 2888 618 2929 se
646 2887 824 2927 mutua
851 2875 997 2929 «mde
1037 2882 1333 2939 vastantes,
1383 2875 1566 2928 ultima
1616 2874 1954 2943 necessitate,
1999 2885 2057 2929 ut

472 2964 573 3017 sibi
623 2964 926 3031 videbatur,
971 2965 1235 3035 compulsi
1268 2965 1319 3019 in
1350 2963 1639 3036 JEgyptnm
1688 2966 1839 3034 quasi
1878 2982 2054 3021 reser-

471 3054 661 3118 vandi,
714 3064 900 3109 contra
947 3056 1165 3110 vetitum
1209 3056 1373 3111 divini
1425 3059 1653 3123 oraculi,
1710 3073 1834 3112 vere
1892 3058 2055 3112 truci-

472 3143 635 3199 dandi
679 3145 1064 3215 confugissent.
1108 3146 1207 3213 Qui
1261 3161 1388 3202 vero
1414 3162 1441 3201 a
1474 3163 1597 3217 rege
1625 3148 1713 3217 qui
1746 3148 2051 3215 superbiam

473 3251 659 3290 eorum
721 3238 812 3291 Dei
873 3238 1149 3293 voluntate
1205 3238 1524 3305 domuerat,
1584 3240 1636 3294 in
1694 3240 2052 3309 captivitatem

474 3324 820 3396 longinquam
870 3327 1091 3382 fuissent
1141 3328 1373 3397 abducti,
1418 3330 1487 3385 ibi
1530 3331 1595 3385 ad
1630 3331 1794 3386 Deum
1844 3332 2055 3387 Patrum

475 3433 691 3472 suorum
722 3435 785 3473 ex
821 3427 934 3474 toto
960 3420 1120 3475 corde
1146 3422 1412 3485 conversi,
1447 3421 1515 3475 ita
1550 3422 1906 3478 tribulationis
1937 3424 2057 3495 igne

477 3510 678 3563 decocti
709 3520 853 3578 sunt,
886 3520 1060 3567 utnec
1094 3512 1217 3583 igne
1248 3513 1505 3568 tnateriali
1546 3515 1613 3568 ab
1646 3515 1811 3585 ipsius
1838 3526 2058 3584 possent

476 3615 655 3653 amore
686 3600 894 3653 divelli.

550 3689 677 3743 Vlll.
729 3689 965 3745 Tandem
1018 3705 1147 3761 ergo
1195 3693 1498 3747 misericors
1538 3701 1592 3747 et
1638 3693 1923 3748 miserator
1950 3696 2059 3749 Do-

474 3780 669 3845 minus,
708 3789 814 3833 tam
843 3796 1033 3850 graves
1063 3797 1248 3836 eorum
1275 3783 1487 3837 labores
1537 3784 1844 3849 miseratps,
1878 3800 2057 3855 regum

476 3870 611 3924 adeo
641 3872 849 3925 animos
877 3872 964 3941 qui
993 3870 1208 3925 eosdem
1242 3872 1293 3925 in
1320 3872 1627 3940 captivitate
1662 3884 1966 3941 tenuerunt,
1994 3873 2059 3928 ad

479 3963 865 4033 indulgentiam
915 3973 971 4018 et
1018 3964 1406 4018 relaxationem
1456 3965 1813 4019 voluntariam
1846 3966 2060 4020 illorum

475 4055 820 4119 permutavit,
854 4062 913 4107 ut
950 4053 1020 4108 de
1061 4053 1284 4122 publicis
1330 4052 1587 4109 reditibus
1618 4062 1673 4109 et
1698 4054 1901 4110 arariis
1947 4056 2063 4123 plu-

475 4146 610 4197 rima
660 4145 893 4213 impendi
943 4144 1316 4212 praeciperent,
1361 4146 1412 4198 in
1446 4144 1821 4199 adminiculum
1855 4144 1921 4199 ad
1955 4152 2063 4197 ter-

477 4249 592 4287 ram
625 4249 775 4289 suam
809 4236 1133 4299 revertendi,
1167 4246 1219 4290 et
1253 4236 1508 4303 templum
1542 4234 1636 4289 Dei
1669 4235 1720 4289 in
1752 4250 1815 4289 ea
1846 4234 2065 4290 demum

472 4327 829 4381 restaurandi.
882 4326 987 4382 Sed
1031 4328 1172 4381 heu!
1209 4327 1341 4395 proh
1372 4326 1564 4380 dolor!
1611 4342 1733 4380 eum
1766 4326 1936 4397 legem
1969 4326 2064 4382 Dei

475 4418 558 4472 vel
588 4419 957 4483 czercmonias,
991 4418 1043 4472 in
1080 4430 1339 4488 quantum
1371 4432 1398 4471 a
1434 4419 1697 4486 ﬁnitimis,
1728 4421 1833 4474 itno
1861 4436 1888 4474 a
1918 4435 2065 4476 com-

475 4510 722 4565 mixtitiis
751 4511 996 4564 hostibus
1027 4510 1272 4578 impediri
1306 4526 1410 4564 non
1444 4520 1712 4579 poterant,
1747 4511 1935 4567 sedqu
1964 4526 2063 4567 cu-

2152 1951 2324 2014 brata,
2360 1964 2452 2017 per
2482 1960 2650 2003 totum
2684 1951 2854 2018 potuit
2894 1951 3138 2006 humanis
3167 1954 3434 2007 mentibus
3459 1955 3735 2023 abscondi,

2155 2041 2239 2094 his
2268 2040 2526 2093 duntaxat
2554 2041 2642 2109 qui
2672 2056 2792 2095 eum
2826 2043 3096 2110 cognitum
3127 2044 3398 2113 suscipere
3427 2046 3736 2101 voluissent.

2152 2131 2379 2196 Quando
2409 2141 2464 2183 et
2495 2132 2547 2184 in
2593 2131 2720 2185 hora
2756 2133 3048 2186 nativitatis
3089 2132 3233 2187 illius
3274 2135 3495 2203 angelus
3528 2136 3740 2191 Domini

2152 2236 2276 2275 cum
2310 2236 2500 2289 magna
2549 2221 2791 2277 claritate
2834 2224 3135 2290 pastoribus
3164 2226 3334 2294 gentis
3370 2227 3535 2296 ipsius
3580 2242 3741 2295 appa-

2154 2313 2279 2380 ruit,
2329 2321 2383 2367 et
2429 2321 2606 2367 ortum
2652 2314 2767 2382 ejus
2818 2315 3065 2370 omnibus
3114 2318 3358 2385 gentibus
3402 2317 3735 2386 profuturum

2155 2403 2419 2456 nuntiavit
2445 2420 2458 2468 ;
2486 2403 2536 2456 in
2565 2419 2683 2473 qua:
2712 2405 2871 2460 verba
2903 2406 3075 2461 cidem
3108 2408 3295 2477 angelo
3320 2408 3602 2465 multitudo
3630 2425 3741 2465 cm-

2155 2492 2306 2547 leSIis
2339 2493 2539 2547 militiae
2569 2495 2821 2550 occinuit.
2850 2496 2957 2552 Sed
2985 2506 3037 2552 et
3065 2499 3174 2565 ipsa
3207 2500 3334 2553 hora
3359 2500 3410 2552 in
3442 2501 3749 2555 remotiori-t

2158 2580 2257 2636 bus
2302 2582 2536 2638 Orientis
2586 2586 2865 2652 partibus,
2918 2587 3327 2656 Sapientissimis
3371 2600 3426 2644 et
3473 2600 3741 2647 astrorum

2156 2674 2337 2743 gnaris
2377 2674 2679 2731 hominibus
2734 2692 2868 2731 nova
2920 2678 3073 2733 stella
3128 2678 3408 2747 inepinato
3453 2697 3738 2751 apparens,

2157 2780 2254 2820 eos
2282 2767 2347 2820 ad
2371 2775 2548 2821 ortum
2579 2770 2699 2821 novi
2731 2769 2869 2838 regis
2901 2768 3137 2823 attraxit.
3168 2769 3274 2824 Nec
3300 2786 3404 2825 non
3434 2783 3486 2826 et
3515 2774 3744 2842 quadra-

2160 2856 2368 2925 gesimo
2412 2857 2705 2912 nativitatis
2746 2860 2864 2926 ejus
2903 2858 3008 2927 die,
3056 2873 3177 2913 cum
3218 2874 3339 2914 cum
3380 2860 3444 2914 ad
3488 2862 3743 2932 templum

2164 2948 2280 3013 Dei,
2330 2964 2422 3017 pro
2468 2951 2694 3005 solemni
2742 2952 2859 3019 ejus
2912 2954 3083 3017 gentis
3123 2954 3531 3022 consuetudine,
3579 2966 3747 3012 mater

2167 3040 2330 3111 Virgo
2360 3042 2792 3109 prmscntandum
2833 3042 3086 3107 deferret,
3121 3043 3315 3098 ibidem
3351 3059 3381 3097 a
3418 3048 3615 3099 sanctis
3646 3046 3746 3099 lto-

2165 3131 2398 3185 minibus
2424 3131 2608 3186 mundi
2636 3133 2883 3187 Salvator
2923 3142 3008 3189 est
3034 3133 3265 3204 agnitus,
3307 3144 3360 3189 ct
3388 3134 3457 3190 ab
3483 3136 3557 3190 eis
3588 3145 3749 3192 caete-

2161 3221 2235 3275 ris
2267 3220 2511 3277 ﬁdelibus
2550 3222 2843 3278 nuntiatus.

2231 3313 2299 3367 X.
2330 3312 2655 3369 Duodecimo
2684 3328 2895 3383 quoque
2922 3313 3096 3369 relatis
3121 3329 3286 3383 anno,
3314 3327 3433 3370 cum
3474 3316 3529 3370 in
3557 3315 3745 3372 eodem

2164 3408 2364 3474 templo
2393 3408 2700 3476 parentibus
2729 3418 3033 3463 remaneret
3070 3409 3286 3479 ignaris,
3320 3409 3568 3464 videlicet
3605 3411 3748 3464 ωειιί-

2166 3500 2431 3553 mantibus
2463 3499 2603 3554 inter
2627 3508 2883 3570 cognatos
2926 3511 2977 3555 et
3021 3510 3174 3555 notes
3217 3518 3337 3557 eum
3367 3510 3655 3558 secessisse
3683 3503 3750 3559 de

2163 3589 2317 3657 urbe,
2343 3590 2437 3644 sed
2463 3605 2528 3645 eo
2553 3605 2657 3645 non
2685 3591 2922 3657 invento,
2948 3594 3356 3660 regrederentur
3379 3595 3443 3647 ad
3467 3595 3747 3664 templum,

2162 3694 2216 3739 et
2248 3685 2315 3739 ibi
2341 3700 2462 3738 eum
2502 3694 2624 3752 post
2655 3685 2886 3740 triduum
2929 3684 2980 3739 in
3014 3686 3190 3740 medio
3216 3686 3493 3740 doctorum
3538 3688 3750 3756 sapien-

2166 3777 2373 3831 tissime
2409 3792 2468 3832 se
2496 3787 2742 3847 agentem
2781 3779 3129 3847 reperissent,
3173 3780 3537 3849 interrogante
3581 3791 3753 3838 matre

2165 3884 2261 3921 cur
2291 3883 2409 3923 eam
2442 3869 2712 3923 doli-mem
2744 3871 3065 3940 reliquisset,
3101 3873 3413 3940 respondit:
3446 3870 3508 3925 In
3540 3874 3616 3925 Itis
3637 3890 3751 3942 qua?

2171 3957 2342 4011 Patris
2372 3961 2469 4013 mei
2496 3969 2633 4021 sunt,
2668 3969 2865 4027 Oportet
2890 3977 2969 4015 me
2998 3978 3104 4015 esse
3127 3961 3280 4031 (Luc.
3306 3978 3379 4028 st,
3409 3962 3500 4030 49)
3528 3979 3539 4014 :
3571 3964 3750 4029 utique

2168 4051 2446 4104 insinuans
2479 4051 2733 4120 templum
2767 4067 2871 4105 non
2904 4053 3080 4106 minus
3111 4052 3177 4105 ad
3215 4066 3276 4106 se
3299 4067 3456 4119 quam
3482 4052 3545 4104 ad
3583 4052 3745 4105 Deum

2168 4141 2381 4195 Patrem
2417 4142 2709 4209 pertinere.
2742 4142 3043 4211 Trigesimo
3084 4155 3210 4193 vero
3239 4155 3306 4194 ex
3340 4154 3445 4207 quo
3478 4140 3614 4193 inter
3649 4139 3747 4194 Ιιο-

2167 4235 2339 4288 mines
2379 4233 2685 4288 conversari
2724 4235 2887 4300 cmpit
2930 4246 3092 4295 anno,
3137 4232 3202 4285 ad
3249 4232 3508 4301 baptisma
3550 4231 3747 4286 servuli

2168 4324 2248 4378 sui
2310 4324 2653 4393 properavit,
2703 4332 2761 4377 ut
2810 4338 2875 4377 ex
2924 4306 2997 4377 eo
3034 4323 3238 4377 scilicet
3287 4323 3599 4392 sequacibus
3638 4323 3752 4377 suis

2168 4417 2471 4485 evemplum
2520 4416 2798 4482 tribueret,
2840 4430 2907 4471 ne
2951 4416 3072 4487 quis
3119 4416 3188 4470 ab
3234 4415 3470 4470 inferiori
3521 4428 3748 4485 persona

2171 4507 2427 4577 baptizari
2471 4514 2861 4571 contemneret,
2893 4506 3106 4577 quando
3136 4506 3310 4574 ipsum
3366 4505 3644 4561 Dominum
3693 4512 3750 4559 et

474 4612 687 4657 rassent
728 4602 1050 4668 observare;
1083 4602 1222 4670 quod
1254 4603 1428 4656 nullus
1461 4616 1692 4670 unquam
1728 4603 1811 4657 vel
1842 4607 2060 4675 excogi-
2095 4573 2143 4634 D
2174 4599 2337 4653 Deum
2374 4613 2526 4653 suum
2561 4598 2740 4652 famuli
2788 4599 2867 4653 sui
2902 4597 3145 4652 manibus
3191 4597 3515 4665 baptizatum
3561 4595 3748 4649 memi-

479 4704 594 4748 tare
641 4693 941 4763 petuisset,
994 4694 1275 4762 repentino
1323 4710 1448 4749 casu
1501 4710 1595 4749 rex
1649 4696 2059 4753 nefandissimus

476 4785 807 4851 Grzecorum,
855 4794 1062 4852 utputa,
1123 4786 1350 4853 prrvius
1394 4796 1446 4841 et
1487 4801 1661 4855 praeco
1707 4796 1731 4823 ⁸
1781 4788 2057 4845 malissiuti

479 4874 815 4941 Antichristi,
863 4891 956 4930 eos
996 4877 1063 4929 ita
1095 4876 1383 4944 oppressit,
1413 4886 1469 4929 ut
1501 4892 1605 4930 non
1636 4877 1735 4930 nisi
1767 4892 1925 4930 manu
1950 4893 2062 4933 ca:-

480 4968 626 5022 Iestis
667 4968 1008 5037 Imperatoris
1058 4983 1117 5023 se
1168 4969 1276 5022 ullo
1326 4968 1485 5022 modo
1530 4970 1753 5023 ulterius
1778 4969 2063 5025 crederent

478 5060 720 5116 allevari.
746 5060 846 5127 Qui
879 5070 929 5115 et
961 5068 1110 5113 tanto
1143 5060 1402 5115 miracu'o
1433 5060 1499 5114 ab
1529 5060 2058 5128 immanissimorum,

480 5153 969 5207 diversissimarum
1025 5161 1183 5219 atque
1227 5152 1697 5207 innumerabilium
1730 5152 2063 5208 adversario-

480 5258 597 5295 rum
646 5257 739 5296 eos
782 5244 982 5309 impetu
1027 5243 1290 5307 liberavit,
1324 5251 1380 5296 ut
1408 5244 1711 5311 paucissimi
1742 5244 1808 5298 de
1838 5243 2059 5313 Judtcis,

479 5332 723 5399 plurimis
758 5347 945 5385 eorum
989 5331 1313 5397 ittterfectis,
1349 5332 1568 5398 reliquis
1596 5330 1683 5402 qui
1718 5347 1934 5388 manere
1965 5347 2060 5401 po-

478 5430 653 5474 terant
710 5437 816 5476 non
873 5437 1053 5488 parum
1112 5422 1411 5475 incuterent
1460 5423 1761 5493 ubicunque
1816 5426 2058 5480 terroris.

476 5513 546 5564 At
577 5525 700 5565 cum
739 5512 811 5565 illi
840 5512 928 5581 qui
964 5511 1160 5567 talibus
1192 5512 1414 5582 ﬂagellis
1438 5513 1629 5567 eruditi
1662 5514 1945 5568 Dominum
1968 5530 2063 5584 pa-

477 5613 617 5656 trum
646 5617 865 5658 suorum
898 5617 1137 5661 metuere
1181 5615 1421 5670 nossent,
1472 5607 1698 5662 diversis
1726 5608 1938 5662 casibus
1970 5609 2062 5662 ab-

474 5698 695 5765 sumpti,
749 5709 920 5753 morte
967 5714 1061 5753 sua
1112 5697 1364 5752 mundum
1406 5698 1753 5767 reliquissent
1782 5701 2055 5765 orbatum,

2169 4693 2355 4743 nisset.
2385 4689 2488 4745 Sed
2519 4689 2643 4759 quia
2688 4704 2792 4743 non
2831 4689 3004 4757 aliqua
3035 4687 3117 4742 sui
3150 4688 3489 4753 necessitate,
3524 4685 3614 4739 sed
3646 4685 3746 4739 hu-

2170 4783 2408 4836 militatis
2439 4783 2794 4852 propaganda:
2817 4783 2983 4853 gratia
3011 4782 3267 4837 voluisset
3309 4782 3360 4835 iu
3391 4796 3525 4851 aqua
3558 4780 3743 4847 lavari,

2169 4889 2294 4928 ecce
2336 4875 2478 4929 Deus
2521 4875 2678 4930 Pater
2706 4889 2823 4928 cum
2854 4889 2984 4929 vece
3013 4874 3079 4929 de
3108 4874 3244 4929 ctelo
3278 4874 3450 4927 delata
3481 4881 3746 4927 contesta-

2171 4973 2255 5019 tus
2286 4976 2389 5032 est,
2435 4965 2623 5020 dicens
2654 4983 2667 5019 :
2705 4965 2806 5019 llic
2839 4976 2911 5020 est
2942 4966 3080 5033 ﬁlius
3122 4982 3262 5018 meus
3304 4964 3539 5025 dilectus,
3569 4963 3620 5015 in
3648 4978 3749 5029 quo

2170 5059 2293 5112 mihi
2323 5058 2685 5129 complaritum
2715 5068 2788 5111 est
2816 5072 2834 5112 :
2863 5058 3029 5127 ipsum
3070 5059 3242 5110 audite
3268 5054 3482 5123 (Matth.
3529 5068 3608 5119 tu,
3644 5052 3706 5105 l7
3729 5093 3748 5114 ,

2168 5166 2295 5213 xvtt,
2322 5150 2398 5214 5).
2430 5148 2495 5202 Et
2518 5149 2751 5217 Spiritus
2777 5157 3015 5213 sanctus,
3043 5148 3195 5215 cujus
3222 5147 3329 5214 jam
3357 5156 3410 5199 et
3436 5160 3597 5213 Opere
3620 5158 3749 5198 cou-

2167 5250 2355 5308 ceptus
2386 5249 2489 5304 est,
2523 5239 2588 5292 ad
2616 5238 2995 5294 declarandam
3027 5236 3326 5292 sanctitatis
3354 5237 3469 5304 ejus
3493 5236 3747 5290 innocen-

2170 5331 2320 5395 tiam,
2354 5331 2406 5383 in
2431 5330 2693 5385 columba:
2718 5344 2879 5399 super
2901 5344 3021 5383 eum
3051 5328 3231 5397 specie
3268 5326 3564 5381 descendit.

2243 5419 2334 5474 XI.
2361 5418 2431 5473 lta
2471 5434 2602 5488 ergo
2628 5416 2871 5473 Christus
2916 5416 3079 5471 homo
3107 5417 3434 5485 gloriﬁcatus
3460 5424 3515 5469 et
3536 5412 3750 5469 confor-

2171 5521 2311 5565 tatus
2353 5510 2417 5563 ad
2460 5509 2702 5578 prteliutn
2741 5522 2862 5561 cum
2905 5506 3118 5562 diabolo
3165 5506 3566 5570 conferendum,
3610 5521 3745 5575 qua-

2167 5602 2409 5671 draginta
2443 5602 2648 5655 dierum
2673 5597 2938 5667 jejunium
2983 5607 3293 5660 exacturus,
3323 5596 3455 5653 abiit
3484 5598 3535 5651 in
3566 5596 3739 5651 deserv

2168 5704 2300 5749 tum.
2332 5694 2537 5763 Quibus
2572 5689 2819 5761 expletis,
2866 5690 3241 5747 callidissimus
3281 5688 3647 5753 adversarius,
3677 5701 3747 5743 ex

554 5858 575 5910 l
616 5856 910 5913 Matt’ssimi.
948 5856 1039 5912 Sic
1065 5853 1226 5911 citata
1250 5853 1411 5911 editio
1443 5853 1784 5910 Parisiensis.
1812 5852 2141 5923 Basnagiana
2163 5864 2315 5916 vero,
2339 5844 2725 5917 malignissimi,
2750 5844 2928 5904 minus
2951 5851 3115 5916 recte,
3142 5851 3199 5901 ut
3220 5841 3453 5900 videtur.
