4006 6182
309 387 375 440 I9
1179 378 1421 437 SANCTI
1464 380 1671 436 GALLI
1728 382 2017 438 ABBATIS
2071 382 2158 436 ET
2211 380 2678 440 CONFESSORIS
3496 385 3568 441 20

305 501 586 569 aliquibus,
618 508 675 552 ut
705 497 961 562 creditur,
1010 496 1223 549 humani
1258 496 1499 561 corporis
1527 496 1764 565 gestibus
1795 507 1884 552 aut
1917 506 1962 563 Α
1990 497 2270 551 duodecim
2299 497 2490 553 corbes
2531 499 2597 552 ad
2642 497 2999 554 testimonium
3032 499 3162 554 tanti
3198 500 3437 558 miraculi
3471 503 3568 558 far-

307 595 514 659 habitu,
540 594 684 646 illum
714 591 920 646 esurire
951 589 1367 656 persentiscens,
1394 598 1446 643 et
1473 589 1670 644 ideirco
1713 589 1882 643 homi-

305 704 424 743 nem
456 702 575 742 eum
607 697 808 739 tantum
850 697 970 738 esse
1014 696 1288 752 reputans,
1330 683 1422 737 sed
1468 691 1684 751 propter
1723 683 1880 738 vitam

304 780 616 834 innocenter
665 787 834 830 actam
884 790 1044 844 super
1093 775 1337 828 homines
1396 773 1723 838 formidans;
1784 773 1884 828 hac

301 883 417 927 arte
455 872 603 926 illum
635 868 957 938 aggreditur,
1001 876 1057 921 ut
1100 868 1143 920 si
1188 869 1406 936 quidem
1454 869 1685 922 esuriem
1729 883 1880 923 suam

305 977 438 1028 pane
487 961 553 1015 de
592 960 768 1026 lapide
818 959 975 1025 facto,
1024 969 1080 1012 ut
1133 960 1246 1025 ipse
1284 958 1562 1026 suadebat,
1615 960 1880 1014 consolari

303 1052 580 1122 potuisset,
614 1051 789 1106 divina
823 1053 874 1105 in
918 1065 983 1105 eo
1016 1051 1252 1119 potentia
1285 1051 1638 1120 deprehensa,
1669 1053 1736 1107 ab
1767 1053 1880 1123 ejus

301 1145 510 1216 injuriis
552 1154 607 1201 et
637 1145 1079 1200 insectationibus
1110 1146 1439 1212 quievisset:
1471 1145 1590 1200 siin
1623 1155 1766 1199 tanta
1790 1161 1881 1200 ne-

301 1238 549 1291 cessitate
573 1253 670 1291 nec
698 1252 756 1291 se
779 1238 949 1301 ipsum
979 1252 1222 1291 recreare
1244 1238 1520 1306 quivisset,
1549 1254 1680 1305 puro
1703 1247 1879 1292 tamen

301 1329 517 1382 Itomine
544 1330 916 1397 comprobato,
951 1343 1056 1382 non
1101 1330 1275 1382 minus
1299 1343 1418 1382 eum
1451 1329 1550 1382 sibi
1581 1344 1736 1397 quam
1777 1343 1881 1382 ca:-

301 1428 444 1473 teros
485 1419 785 1472 mortalium
833 1418 1120 1472 obnoxium
1149 1418 1535 1472 consideraret.
1569 1419 1670 1472 Sed
1714 1417 1882 1472 admi-

299 1510 479 1565 rabilis
510 1509 762 1577 magister
794 1509 1004 1577 pietatis
1035 1508 1104 1561 ita
1146 1507 1409 1561 versutias
1453 1507 1567 1574 ejus
1597 1507 1774 1572 elusit,
1804 1515 1878 1571 ut,

301 1615 398 1654 nec
434 1601 485 1654 in
516 1615 677 1668 panes
724 1599 988 1666 lapidibus
1033 1598 1367 1667 permutatis,
1401 1597 1693 1651 divinitatis
1734 1598 1786 1650 in
1816 1611 1880 1650 eo

298 1692 726 1761 deprehenderet
754 1692 1004 1762 insignia,
1031 1705 1128 1745 nec
1153 1690 1582 1759 impossibilitate
1608 1689 1876 1755 confessa,

297 1783 362 1837 ad
390 1794 571 1836 nostra
601 1783 931 1836 animaretur
961 1782 1193 1846 inlirma,
1225 1782 1409 1835 dicens
1452 1784 1592 1849 quod
1647 1781 1750 1834 vita
1794 1795 1878 1833 ra-

1986 587 2242 642 cirentur.
2290 588 2434 642 Mare
2461 602 2674 658 quoque
2712 589 2868 644 siccis
2911 590 3133 659 pedibus
3173 592 3485 659 ambulavit,
3515 606 3571 650 et

1986 678 2213 734 fetentes
2242 689 2480 734 mortuos
2510 679 2578 734 de
2604 680 2850 747 sepulcro
2894 680 3194 744 suscitavit,
3238 691 3292 735 et
3336 682 3403 737 ad
3433 698 3567 737 con-

1985 768 2182 822 vivium
2214 779 2457 834 vocatus,
2483 783 2646 838 aquas
2676 769 2726 823 in
2757 770 2877 824 vina
2902 771 3142 825 mutavit.
3180 772 3242 826 Et
3271 788 3430 842 super
3454 774 3570 830 hzec

1985 858 2184 924 omnia,
2223 858 2377 912 Pater
2406 859 2474 914 de
2518 860 2675 924 caelo,
2710 861 2998 929 quondam,
3044 861 3319 930 discipulis
3348 864 3569 919 audien-

1987 948 2147 1015 tibus,
2194 949 2461 1005 interdum
2495 964 2622 1005 vero
2652 951 2822 1006 turbis
2847 951 3068 1006 inﬁnitis
3096 954 3394 1008 astantibus
3425 955 3569 1023 pari-

1985 1044 2066 1092 ter
2097 1046 2153 1092 et
2191 1041 2637 1108 auscultantibus,
2681 1056 2802 1096 eum
2854 1042 3047 1097 Filium
3094 1058 3252 1098 suum
3298 1059 3572 1099 commen-

1983 1132 2149 1199 davit,
2180 1143 2233 1188 et
2265 1148 2322 1188 se
2351 1135 2496 1188 illum
2525 1135 2632 1203 jam
2661 1135 2985 1192 clariﬁcasse
3012 1145 3065 1192 et
3109 1136 3282 1192 adhuc
3313 1137 3573 1193 clariﬁca-

1985 1234 2157 1278 turum
2191 1226 2452 1292 promisit.

2055 1315 2191 1369 XIV.
2244 1316 2318 1370 De
2366 1316 2607 1370 doctrina
2664 1329 2791 1370 vero
2843 1315 2959 1385 ejus
3006 1317 3125 1384 quis
3168 1317 3368 1384 aliquid
3412 1318 3572 1385 digne

1981 1407 2409 1463 commemoret?
2440 1423 2558 1461 cum
2601 1416 2654 1462 et
2684 1409 2956 1477 discipulis
2996 1409 3106 1463 suis
3157 1408 3281 1462 talia
3311 1408 3563 1461 mandata

1986 1507 2310 1566 proponeret
2337 1513 2454 1564 quae
2493 1498 2578 1552 vix
2603 1507 2691 1551 aut
2721 1513 3049 1568 nequaquam
3085 1498 3313 1552 humana
3345 1498 3574 1567 possibi-

1984 1588 2126 1654 litas,
2167 1587 2267 1642 nisi
2303 1586 2350 1640 vi
2400 1587 2568 1640 valida
2618 1588 2707 1641 Dei
2757 1587 2920 1654 ipsius
2970 1586 3147 1656 adjuta
3199 1587 3280 1641 vel
3324 1595 3569 1652 attracta,

1986 1688 2168 1747 posset
2194 1677 2436 1746 ess-equi,
2473 1687 2526 1732 et
2552 1677 2695 1731 omni
2727 1678 2873 1731 sexui
2906 1678 2989 1731 vel
3027 1677 3315 1731 conditioiii
3350 1686 3453 1731 tam
3499 1676 3569 1728 leo

1985 1769 2068 1822 via
2097 1781 2148 1822 et
2193 1769 2261 1823 ita
2311 1769 2540 1823 salubria
2575 1770 2684 1838 ipsa
2737 1768 2930 1823 monita
2973 1769 3216 1822 intimare
3253 1777 3484 1833 curaret,
3519 1778 3575 1822 ut

297 1877 509 1929 tionalis
535 1875 725 1927 animm
751 1891 854 1926 non
888 1883 1087 1927 tantum
1120 1873 1172 1926 in
1199 1873 1459 1926 materiali
1488 1873 1746 1926 coitsistat
1777 1869 1875 1923 ali-
1909 1852 1956 1914 Β
1985 1863 2158 1917 nullus
2189 1861 2427 1926 οηιηῖηοο
2457 1859 2558 1914 ηίδί
2588 1860 2810 1913 multum
2836 1861 3050 1927 ignarus
3075 1869 3131 1913 ει
3169 1873 3261 1926 Per
3289 1860 3465 1911 omnia
3495 1859 3574 1911 di-

296 1978 497 2028 meuto,
532 1967 620 2018 sed
667 1964 719 2017 in
765 1965 904 2016 omni
935 1965 1083 2017 verba
1125 1964 1262 2032 quod
1310 1963 1538 2032 procedit
1569 1962 1632 2016 de
1676 1978 1759 2015 ore
1793 1960 1883 2015 Dei

294 2057 510 2126 (Matth.
544 2072 612 2118 tv,
645 2056 725 2122 4).

364 2147 477 2201 XII.
527 2147 581 2200 In
636 2147 735 2202 hoc
784 2160 912 2215 ergo
959 2145 1211 2200 conﬂictu
1257 2143 1460 2198 certior
1505 2141 1674 2197 factus
1722 2158 1878 2211 quam

293 2247 419 2291 ante
451 2237 639 2299 fuerat,
671 2236 918 2289 diabolus
968 2250 1062 2302 per
1089 2233 1506 2288 ostentationem
1553 2233 1724 2286 inanis
1766 2233 1882 2301 glo-

293 2325 390 2380 riae
415 2339 516 2392 qua
559 2325 845 2394 plurimum
879 2323 1134 2377 delectari
1159 2322 1460 2376 mortalium
1491 2331 1700 2376 mentes
1722 2334 1881 2387 agno-

293 2424 462 2480 verat,
493 2414 823 2468 divinitatem
865 2410 1064 2466 Christi
1112 2425 1170 2466 se
1209 2411 1490 2479 explorare
1537 2425 1693 2479 posse
1725 2419 1876 2478 puta-

294 2518 383 2562 oat
416 2524 427 2560 :
461 2515 734 2573 assumpto
764 2519 829 2558 eo
857 2512 910 2557 et
938 2519 1098 2572 super
1138 2505 1342 2573 fastigia
1373 2503 1662 2558 celsissimi
1695 2502 1877 2570 templi

294 2599 494 2667 posito,
525 2611 790 2665 suasoque
822 2603 878 2649 ut
907 2596 1051 2659 inde,
1084 2595 1125 2649 si
1159 2595 1321 2650 Filius
1352 2593 1444 2649 Dei
1473 2603 1633 2662 esset,
1663 2608 1720 2648 se
1747 2610 1880 2661 pra:-

292 2689 510 2756 cipitem
539 2686 714 2752 daret,
753 2695 808 2742 et
847 2701 950 2739 non
995 2686 1296 2741 laederetur.
1331 2685 1409 2740 Ad
1453 2701 1610 2755 quem
1652 2685 1878 2740 bellator

292 2782 524 2836 invictus
553 2777 857 2848 huiusmodi
889 2776 1203 2844 temperatit
1233 2777 1527 2846 eloquium,
1571 2786 1748 2831 utnec
1780 2775 1880 2830 Fi-

293 2873 422 2928 lium
449 2873 540 2927 Dei
575 2888 634 2928 se
663 2879 901 2941 negaret,
935 2884 1034 2926 nec
1063 2870 1259 2924 diaboli
1289 2886 1349 2923 su
1370 2869 1623 2923 nsionihus
1653 2883 1879 2923 consen-

294 2964 534 3019 tiendum
586 2978 707 3020 esse
753 2964 1007 3029 doceret,
1059 2961 1281 3017 dicens:
1325 2963 1443 3030 quia
1490 2976 1633 3015 sana:
1687 2962 1878 3015 mentis

292 3070 401 3114 non
423 3064 566 3110 esset
589 3064 644 3109 ut
667 3055 946 3125 quisquam
979 3054 1260 3107 Dominum
1291 3061 1345 3106 et
1378 3053 1539 3106 Deum
1581 3066 1734 3105 smun
1768 3060 1879 3105 teu-

294 3158 413 3202 tare
443 3159 812 3215 praesumeret.
845 3146 1005 3213 Igitur
1055 3153 1108 3198 et
1153 3145 1204 3198 in
1250 3143 1350 3198 hoc
1381 3144 1546 3197 elisus
1588 3145 1878 3199 certamine

296 3237 564 3304 inimicus,
594 3253 689 3307 per
734 3239 1010 3290 avaritiam
1059 3252 1161 3304 qua
1195 3237 1448 3290 mundum
1482 3253 1539 3291 se
1590 3239 1878 3305 peremisse

293 3328 575 3398 gaudebat,
608 3336 661 3382 et
691 3328 960 3384 Christum
1008 3328 1107 3382 sibi
1148 3327 1436 3397 subjugare
1479 3343 1584 3382 non
1615 3328 1878 3390 difﬁdens,

293 3421 524 3477 ostendit
547 3420 598 3476 ei
639 3421 819 3475 omnia
853 3435 1014 3489 regna
1064 3420 1266 3485 tuundi,
1310 3429 1363 3473 et
1403 3420 1626 3489 gloriam
1667 3433 1879 3482 eorum,

294 3527 359 3567 co
387 3521 543 3582 pacto
574 3522 629 3564 ut
663 3511 707 3565 si
755 3525 852 3581 pro
895 3511 980 3564 his
1027 3509 1348 3578 accipiendis
1379 3509 1550 3578 ipsum
1582 3517 1881 3577 prostratus

296 3607 568 3671 adoraret,
600 3605 797 3662 talibus
829 3606 898 3660 ab
925 3620 988 3661 eo
1019 3604 1247 3658 donatus
1274 3603 1466 3658 abiret.
1497 3602 1664 3670 Quam
1704 3601 1884 3655 imma-

296 3702 571 3755 nissimam
621 3699 1010 3768 blasphemiam
1055 3696 1310 3765 magister
1349 3695 1659 3749 humilitatis
1689 3694 1883 3748 exhor-

296 3809 538 3858 rescens,
582 3791 795 3847 turbida
828 3790 1196 3860 indignatione
1230 3798 1525 3842 monstrum
1566 3785 1882 3840 ncfandissi-

300 3901 444 3939 mum
494 3899 524 3937 a
580 3899 638 3938 se
690 3883 905 3952 repulit,
951 3882 1184 3938 dicens:
1231 3881 1463 3949 religiosi
1515 3879 1690 3932 cordis
1739 3892 1881 3942 esse,

303 3979 584 4032 Dominum
621 3977 784 4031 Deum
818 3977 1065 4043 adorare,
1095 3984 1148 4029 et
1173 3974 1242 4027 illi
1271 3973 1368 4028 soli
1400 3972 1621 4026 servire.
1645 3969 1808 4038 Cujus
1836 3971 1882 4022 vi

299 4073 536 4126 fulminis
567 4071 825 4126 attonitus
856 4069 1220 4129 adversarius,
1250 4075 1303 4121 ct
1323 4066 1384 4118 ab
1415 4081 1470 4118 eo
1500 4066 1701 4118 recessit
1727 4078 1884 4130 usque

297 4167 366 4218 ad
393 4177 588 4234 tempus
615 4163 765 4234 (Luc.
797 4177 874 4227 tv,
898 4162 1008 4230 l3).
1041 4157 1549 4214 Victoriosissimum
1573 4168 1700 4208 vero
1725 4153 1884 4221 Regis

299 4257 466 4309 nostri
510 4255 837 4321 triumphum
894 4251 1221 4306 admirantes
1274 4249 1471 4318 angeli,
1519 4245 1713 4302 debitis
1761 4260 1882 4298 eum

298 4347 534 4402 venerati
565 4355 692 4398 sunt
720 4345 1013 4410 obsequiis.

369 4436 508 4490 XIII.
553 4434 646 4488 His
677 4449 804 4501 ergo
839 4435 908 4486 ita
960 4432 1210 4500 peractis,
1240 4431 1484 4486 Christus
1528 4429 1781 4484 Dominus
1820 4428 1884 4482 ad

301 4528 544 4581 homines
584 4538 882 4594 regressus,
916 4522 1206 4576 secundum
1256 4523 1608 4589 Scripturaui,
1649 4528 1885 4589 aperatus
1914 4561 1963 4620 Β

299 4627 371 4670 est
400 4617 615 4669 salutem
658 4616 711 4667 in
741 4615 907 4667 medio
956 4625 1102 4665 terra:
1133 4610 1305 4682 (Psat.
1339 4626 1520 4673 LX\III,
1567 4611 1698 4678 12):
1732 4610 1886 4663 cazcis

299 4711 471 4762 visum
520 4707 829 4770 restituens,
873 4705 1050 4759 surdis
1081 4702 1344 4766 auditum,
1382 4703 1546 4756 mutis
1590 4701 1882 4771 loquelam,

301 4801 531 4872 lcprosis
561 4798 1037 4860 emundationem;
1073 4794 1276 4849 mancis
1322 4794 1558 4862 epilicia,
1597 4793 1886 4845 diernonia-

302 4898 381 4950 cis
415 4904 672 4959 tuentem,
721 4889 1027 4960 paralyticis
1071 4887 1330 4956 vigorem,
1377 4884 1581 4939 claudis
1625 4897 1885 4950 gressum,

302 4999 359 5042 et
389 4989 531 5042 mille
553 4987 670 5040 sine
709 4982 924 5037 nomine
954 4980 1154 5034 morbis
1181 4977 1544 5033 omnimodam
1580 4974 1889 5041 impertiens

304 5081 588 5135 medelam.
622 5077 762 5144 Quin
793 5083 847 5130 et
877 5072 1212 5142 sequentium
1244 5079 1470 5139 quatuor
1501 5065 1667 5119 millia
1699 5064 1764 5117 de
1807 5078 1890 5116 se-

307 5183 449 5241 ptem
481 5171 704 5239 panibus
745 5178 801 5223 et
839 5165 1174 5235 paucissimis
1202 5162 1439 5232 piscibus
1469 5157 1764 5219 saturavit;
1796 5153 1891 5207 ali-

305 5262 516 5332 quando
550 5276 674 5316 vero
699 5261 765 5314 de
795 5259 1030 5327 quinque
1077 5253 1303 5322 panibus
1332 5262 1385 5306 et
1417 5249 1625 5302 duobus
1655 5247 1890 5315 piscibus

307 5356 380 5407 ita
429 5352 663 5420 quinque
709 5350 872 5404 millia
917 5350 1175 5410 virorum,
1227 5351 1446 5408 excepta
1509 5339 1792 5391 mulierum
1840 5345 1893 5387 et

309 5444 649 5508 parvulorum
681 5440 943 5494 immensa
991 5433 1398 5494 numerositate,
1451 5431 1700 5498 replevit,
1742 5436 1798 5479 ut
1827 5426 1894 5479 de

310 5535 624 5606 ingruentis
658 5532 1028 5601 reliquiarum,
1073 5544 1192 5596 qua:
1233 5526 1301 5580 de
1345 5525 1426 5578 his
1471 5520 1705 5589 pauculis
1737 5519 1892 5573 rebus

309 5629 448 5682 inter
499 5641 688 5679 manus
740 5633 795 5679 et
841 5623 1032 5676 dentes
1072 5617 1468 5674 convivantium
1520 5619 1894 5668 succreverant

355 5785 405 5900 la
442 5777 603 5830 Multo
638 5776 808 5843 plura.
842 5773 1046 5829 Canisii
1069 5771 1231 5826 editio
1262 5770 1515 5840 Basnag.,
1548 5767 1705 5832 male,
1738 5767 1896 5819 multa

375 5863 484 5900 ara.

315 5863 484 5915 plura.

1989 1955 2111 2008 vina
2146 1953 2312 2023 gratia
2347 1951 2432 2007 vel
2459 1950 2785 2020 protectione
2811 1949 3078 2018 indignus,
3109 1963 3137 2001 a
3165 1964 3329 2016 regno
3359 1949 3451 2003 Dei
3483 1949 3576 2003 de-

1984 2046 2108 2101 beat
2133 2044 2364 2101 excludi.
2396 2043 2631 2111 Denique
2660 2041 2789 2110 ipsis
2811 2041 3066 2111 apostolis
3094 2049 3148 2096 et
3173 2056 3354 2096 eorum
3377 2056 3572 2110 sequa-

1985 2138 2137 2192 cibus
2186 2138 2253 2189 ita
2297 2137 2495 2190 bonum
2526 2132 2842 2204 virginitatis
2890 2132 3250 2200 arripiendum
3291 2136 3576 2201 persuasit,

1984 2237 2042 2281 ut
2086 2228 2186 2281 hoc
2219 2229 2416 2280 scirent
2455 2241 2560 2278 non
2591 2225 2834 2278 humanae
2879 2223 3174 2291 industriae,
3207 2225 3298 2279 sed
3342 2224 3579 2278 muneris

1983 2333 2105 2374 esse
2148 2318 2330 2371 divini.
2381 2314 2909 2370 Abrenuntiationem
2960 2329 3171 2384 quoque
3210 2314 3443 2368 omnium
3495 2313 3574 2366 fa-

1983 2416 2238 2474 cultatum
2274 2423 2328 2468 et
2356 2412 2693 2468 alfectionum
2726 2411 2801 2466 sic
2831 2409 3032 2464 eisdem
3058 2407 3463 2476 aggrediendam
3494 2407 3582 2458 in-

1984 2506 2205 2570 timavit,
2250 2516 2307 2558 ut
2337 2520 2396 2559 se
2427 2503 2816 2571 cOgnoscerent
2841 2510 2896 2555 et
2924 2501 2974 2554 in
3007 2501 3106 2554 hoc
3133 2499 3329 2552 satculo
3360 2506 3384 2533 α
3411 2497 3588 2551 multo

1985 2600 2131 2669 plura
2163 2613 2319 2668 quam
2349 2598 2676 2665 reliquerant
2701 2602 3032 2662 accepturos,
3057 2601 3109 2644 et
3132 2592 3182 2643 in
3215 2590 3391 2642 futuro
3414 2589 3581 2642 vitam

1984 2698 2240 2744 aeternam
2285 2699 2649 2757 possessores,
2696 2691 2749 2738 et
2798 2683 2850 2737 in
2897 2682 2985 2738 die
3026 2681 3196 2750 magni
3239 2679 3422 2749 judicii
3451 2693 3578 2732 cum

1983 2780 2098 2847 ipso
2140 2776 2345 2846 iudices
2398 2790 2517 2829 esse
2567 2783 2840 2828 venturos.
2893 2772 3127 2825 Cazteros
3174 2781 3346 2824 autem
3391 2768 3579 2822 ﬁdeles

1981 2871 2183 2936 docuit,
2233 2881 2287 2924 ut
2329 2869 2643 2931 humilitate,
2679 2864 3115 2927 mansuetudine,
3167 2876 3316 2930 pace,
3359 2860 3575 2914 miseri-

1983 2962 2184 3026 cordia,
2215 2962 2418 3028 justitia
2455 2960 2534 3014 vel
2576 2957 2823 3026 patientia
2849 2954 2874 2992 ι’
2902 2954 3030 3009 deos
3061 2967 3206 3014 suos,
3258 2963 3309 3006 et
3341 2952 3438 3005 sibi
3488 2966 3576 3004 re-

1983 3072 2142 3126 gnum
2179 3055 2290 3117 Dei,
2342 3051 2739 3120 persecutiones
2784 3049 2942 3101 etiam
2991 3045 3380 3111 improborum,
3411 3043 3454 3096 si
3504 3044 3576 3096 ita

1987 3146 2278 3202 necessitas
2306 3143 2654 3206 incumberet,
2686 3137 2996 3194 sustinendo
3028 3137 3301 3202 acquirere
3334 3151 3436 3186 non
3469 3135 3578 3186 las-

1984 3249 2251 3294 sarcntur.
2282 3236 2335 3290 In
2359 3247 2642 3288 commune
2673 3241 2848 3285 autem
2881 3227 3084 3283 cunctis
3117 3234 3438 3295 praeceptum
3481 3225 3578 3276 de-

1983 3332 2081 3396 dit,
2127 3347 2190 3385 ne
2230 3329 2483 3383 fratribus
2523 3326 2640 3380 irati
2672 3323 3029 3379 conviciorum
3074 3319 3350 3374 maledicta
3399 3320 3450 3370 iu
3483 3332 3577 3370 eos

1980 3423 2373 3490 jacularentur,
2400 3417 2484 3471 vel
2514 3417 2595 3470 his
2636 3413 3004 3470 occasionibus
3035 3427 3138 3464 non
3167 3411 3476 3474 amputatis,
3507 3406 3576 3458 ad

1987 3509 2273 3563 homicidia
2296 3507 2620 3560 laberentur.
2657 3503 2720 3556 Et
2745 3517 2809 3557 ne
2836 3502 2952 3571 quis
2984 3513 3203 3553 uxorem
3235 3496 3461 3565 proximi
3495 3496 3577 3548 sui

1985 3601 2194 3669 impuro
2233 3603 2574 3650 contueretur
2613 3594 2788 3656 oculo,
2821 3601 2873 3645 et
2918 3590 3116 3644 idcirco
3153 3588 3405 3640 maculari
3450 3601 3577 3652 pos-

1985 3701 2068 3746 set
2105 3688 2406 3750 adulterio;
2451 3697 2505 3740 et
2546 3700 2612 3740 ne
2656 3693 2856 3738 temere
2882 3681 3062 3750 jurare
3105 3687 3475 3748 pra-sumeret,
3512 3689 3580 3728 ne

1988 3788 2122 3837 forte
2155 3782 2487 3860 perduraret;
2516 3791 2613 3831 nec
2651 3777 2929 3845 quisquam
2961 3772 3225 3828 obstinate
3266 3768 3580 3824 adversario

1986 3892 2082 3932 Suo
2112 3876 2406 3938 resisteret,
2441 3881 2493 3925 et
2521 3869 2642 3924 inde
2673 3884 2778 3924 non
2809 3868 2980 3921 solum
3009 3865 3220 3931 animm,
3254 3861 3345 3916 sed
3377 3871 3429 3915 et
3460 3875 3581 3914 coro

1991 3969 2137 4040 poris
2181 3968 2477 4038 periculum
2517 3965 2834 4020 incurreret.

2063 4060 2178 4113 XV.
2240 4060 2406 4113 Porro
2464 4069 2637 4112 autem
2686 4052 3018 4124 perfectioris
3068 4051 3186 4103 vitae
3232 4047 3479 4115 cupidis,
3530 4057 3583 4100 et

1989 4165 2207 4218 regnum
2231 4149 2492 4202 ctelorum
2519 4145 2708 4212 avidis,
2729 4144 2800 4197 ita
2829 4143 3120 4196 nuditatem
3139 4147 3192 4192 et
3215 4147 3583 4205 contemptum

1989 4256 2320 4297 terrenorutn
2369 4242 2578 4303 indixit,
2612 4251 2667 4293 ut
2710 4250 2882 4292 tamen
2928 4249 3262 4303 nequaquam
3312 4233 3431 4287 hanc
3480 4232 3585 4284 sibi

1987 4332 2231 4386 defutura
2282 4332 2644 4393 conﬁderent;
2691 4343 2812 4381 eum
2861 4336 3082 4380 caeteros
3127 4322 3465 4378 Christianos
3504 4323 3588 4375 his

1989 4426 2321 4479 abundantes
2355 4424 2424 4475 ita
2465 4421 2530 4474 ad
2565 4418 2772 4473 illorum
2804 4415 3124 4470 accenderet
3153 4413 3498 4481 obsequium,
3531 4418 3591 4464 ut

1991 4517 2293 4586 quicunque
2323 4513 2531 4565 illorum
2565 4510 2677 4562 haec
2708 4509 2818 4561 suis
2859 4505 3180 4574 pauperibus
3227 4503 3588 4564 ministraret,

1993 4606 2093 4675 ipsi
2122 4605 2338 4657 Christo
2383 4610 2438 4656 et
2469 4601 2575 4654 Deo
2607 4596 2746 4652 Patri
2793 4611 2852 4651 se
2892 4593 3202 4662 impendere
3231 4607 3337 4646 non
3371 4593 3586 4645 dubita-

1993 4706 2096 4750 ret.
2128 4693 2307 4748 Fictos
2334 4699 2512 4745 autem
2548 4689 2638 4742 Dei
2678 4688 2937 4751 cultores,
2973 4695 3028 4737 et
3057 4684 3121 4737 de
3151 4684 3365 4752 generis
3395 4681 3591 4737 nobili-

1993 4796 2102 4840 tate
2143 4785 2453 4855 gloriantes,
2507 4779 2809 4847 hypocritas
2859 4787 2912 4831 et
2957 4775 3220 4844 genitnina
3275 4775 3586 4842 viperarum

1992 4875 2340 4942 nuncupavit.
2373 4871 2521 4939 Ipsos
2567 4882 2779 4938 quoque
2819 4865 3150 4929 sacerdotes,
3193 4863 3285 4929 qui
3330 4862 3584 4930 pietatem

1931 4966 1934 4968 ’
1994 4969 2210 5022 nomine
2251 4962 2669 5033 praetendebant,
2705 4969 2758 5013 et
2787 4957 3040 5011 malitiam
3087 4954 3140 5007 in
3187 4954 3350 5008 corde
3397 4963 3585 5007 conte-

1993 5062 2205 5129 gebant,
2235 5055 2488 5110 caecitatis
2537 5052 2760 5112 notavit,
2791 5058 2845 5103 et
2872 5061 3134 5111 catcorum
3182 5045 3347 5097 duces
3397 5042 3586 5096 redar-

1991 5151 2124 5219 guit,
2162 5157 2217 5203 et
2255 5148 2475 5201 multum
2521 5144 2861 5198 convenenti
2891 5137 3285 5206 comparatione
3313 5133 3585 5201 sepulcris

1993 5240 2251 5296 dealbatis
2281 5237 2541 5290 assimiles
2569 5235 2784 5296 devicit,
2817 5232 2902 5299 qui
2932 5246 2959 5283 a
2993 5229 3118 5284 foris
3158 5224 3379 5293 quidem
3413 5239 3580 5293 appa-

1995 5339 2115 5384 rent
2150 5327 2453 5383 hominibus
2498 5325 2738 5394 pulchra,
2773 5325 2913 5376 intus
2945 5333 3068 5375 vero
3099 5319 3253 5386 plena
3279 5326 3406 5368 sunt
3436 5317 3590 5371 omni

1994 5421 2268 5491 spurcitia.
2303 5421 2410 5475 Nec
2440 5435 2544 5473 non
2579 5427 2632 5473 et
2674 5414 2974 5472 Phariszeos
3015 5412 3101 5480 qui
3147 5409 3250 5464 sibi
3275 5407 3410 5478 justi
3437 5412 3592 5466 vide-

1997 5511 2210 5575 bantur,
2243 5519 2296 5565 et
2322 5516 2668 5576 aspernantes
2699 5514 2944 5566 caeteros,
2990 5499 3358 5566 pmnitentiam
3401 5514 3592 5567 pecca-

1998 5614 2172 5660 turum
2205 5605 2443 5672 recipere
2475 5600 2782 5662 uoluerunt,
2811 5595 2877 5649 ita
2910 5590 3220 5654 confutavit,
3249 5600 3308 5644 ttt
3330 5606 3389 5646 se
3417 5591 3590 5660 ipsum

2071 5757 2097 5793 δ
2137 5755 2268 5809 Deos
2313 5770 2452 5816 suos,
2499 5761 2544 5805 rt
2589 5750 2683 5805 sibi
2715 5763 2926 5818 regnum
2971 5744 3083 5800 Dei.
3116 5745 3241 5800 llmc
3291 5744 3344 5798 in
3393 5742 3592 5798 mendo

2006 5827 2201 5884 cubare
2235 5828 2497 5881 videntur.
