4018 6184
384 440 452 495 il
1912 447 1955 504 S‘

2058 448 2157 503 llO.
3572 458 3645 511 2‘2

386 557 588 610 diceret
613 555 735 611 ideo
766 555 1000 623 venisse,
1030 570 1133 611 non
1159 565 1215 611 ut
1242 556 1433 626 justos,
1465 557 1557 612 sed
1590 568 1897 624 peccatores
1923 569 1976 614 et
2006 565 2050 621 Α
2085 560 2265 623 turati,
2299 560 2597 627 petchrunt
2639 560 2942 631 praesidem,
2990 567 3045 615 ut
3073 575 3195 615 eum
3224 563 3459 633 crucitigi
3508 579 3642 633 prae-

394 645 629 711 perditos
672 646 969 711 inquireret
996 656 1051 700 et
1076 648 1254 701 salvos
1290 646 1508 702 faceret.
1544 648 1608 702 Et
1636 663 1696 703 se
1726 663 1844 705 esse
1874 665 1979 705 ve-

388 751 504 789 rum
552 736 645 791 Dei
693 733 916 805 Filium,
950 753 1054 791 non
1103 738 1277 793 solum
1324 740 1667 796 attestatione
1707 741 1977 810 signorum

384 836 439 881 et
484 828 895 896 incomparabili
941 829 1199 897 sapientia
1248 829 1625 898 manifestavit,
1679 833 1773 887 sed
1818 832 1975 889 etiam

387 918 716 987 prepheticis
780 919 978 974 litteris
1028 936 1093 975 ac
1162 921 1525 977 invictissitnis
1575 922 1977 994 allegationibus

386 1009 702 1076 approbavit
739 1026 752 1063 :
797 1008 896 1065 sed
946 1010 1207 1065 increduli
1237 1010 1407 1067 Judzei
1436 1012 1647 1081 quoties
1677 1015 1728 1067 in
1777 1014 1975 1069 sanctis

387 1100 501 1152 suis
532 1098 699 1153 Deum
741 1109 1086 1155 contemnere
1115 1115 1219 1154 non
1250 1102 1561 1167 timuerunt,
1591 1117 1689 1157 nec
1716 1106 1783 1156 ab
1818 1104 1974 1159 unico

388 1188 522 1243 Filio
549 1190 669 1257 eius
716 1190 934 1245 malitia:
965 1206 1075 1245 sua:
1119 1190 1544 1245 machinamenta
1574 1193 1970 1257 continuerunt,

386 1277 595 1347 injuriis
620 1292 742 1332 eum
772 1278 1101 1333 lacessentes
1130 1290 1183 1333 et
1213 1279 1529 1342 maledictis.
1563 1280 1778 1349 insuper
1815 1290 1868 1335 et
1896 1282 1971 1335 Ia-

387 1368 594 1435 pidibus
621 1382 744 1423 eum
776 1368 1118 1423 insectantes.
1147 1368 1278 1423 Cum
1307 1384 1435 1438 ergo
1468 1370 1856 1439 incorrigibiles
1879 1386 1973 1425 cos

385 1459 719 1528 pervideret,
766 1474 890 1516 cum
944 1460 1216 1528 discipulis
1286 1460 1398 1515 suis
1450 1460 1708 1515 secedens
1766 1460 1833 1514 ab
1893 1461 1971 1515 eis

384 1567 652 1617 seorsum,
682 1552 893 1607 ruinam
925 1553 1239 1606 miserorum
1263 1551 1373 1620 jam
1397 1552 1608 1621 jamque
1639 1553 1969 1618 incumbere,

382 1645 475 1700 sed
517 1652 573 1699 et
614 1644 798 1699 mundi
840 1643 1000 1698 totius
1033 1644 1193 1697 linem
1234 1657 1340 1697 non
1383 1646 1539 1711 longe
1570 1653 1687 1711 post
1735 1643 1968 1697 futurum

384 1737 749 1792 renuntiavit:
782 1745 837 1791 et
879 1749 939 1790 se
988 1751 1083 1803 pro
1128 1736 1301 1791 salute
1343 1734 1557 1804 generis
1601 1734 1818 1789 humani
1862 1736 1971 1789 cito

380 1828 555 1881 crucis
587 1827 877 1893 patibulum
907 1826 1230 1891 sttbiturum,
1260 1834 1317 1881 et
1355 1826 1443 1881 die
1482 1826 1634 1880 tertia
1662 1838 1723 1881 se
1777 1840 1957 1880 resur-

381 1926 648 1971 recturum
677 1929 797 1971 esse
824 1914 1181 1984 prophetavit.

452 2026 589 2082 XVI.
627 2027 833 2083 Interea
877 2040 1007 2097 gens
1048 2025 1208 2095 impia
1255 2040 1415 2079 unum
1458 2024 1526 2081 de
1553 2023 1827 2094 discipulis
1851 2022 1962 2094 jam

378 2115 579 2171 dudum
620 2116 857 2171 avaritia
888 2117 1077 2170 morbo
1116 2123 1447 2184 corruptum,
1493 2115 1754 2184 promissa
1803 2130 1964 2183 pecu-

381 2208 495 2274 nia,
528 2208 590 2261 ad
623 2207 977 2277 proditionem
1026 2207 1263 2278 magistri
1290 2214 1345 2261 et
1384 2206 1594 2261 Domini
1629 2205 1710 2261 sui
1753 2215 1963 2275 protra-

381 2300 514 2353 here
557 2306 835 2354 curaverat
881 2315 894 2351 :
938 2297 1061 2351 dum
1107 2296 1195 2351 ille
1241 2294 1452 2350 diabolo
1501 2295 1711 2365 plenus,
1754 2304 1807 2350 et
1851 2296 1959 2364 jam

378 2390 519 2443 ultro
562 2389 791 2444 inimicis
833 2403 954 2443 eum
1008 2386 1220 2441 tradere
1264 2394 1477 2454 paratus
1524 2394 1688 2440 esset.
1743 2385 1959 2455 Captata

380 2482 541 2549 igitur
584 2481 980 2551 opportunitate
1027 2479 1238 2548 quando
1276 2478 1392 2533 sine
1437 2478 1602 2532 turbis
1645 2493 1762 2544 qua:
1811 2478 1958 2531 illum

382 2569 816 2639 frequentissime
836 2570 982 2638 sequi
1006 2568 1269 2632 solebant,
1299 2568 1366 2621 ita
1390 2567 1456 2621 ab
1477 2566 1798 2621 adversariis
1819 2567 1957 2632 capi,

381 2662 555 2725 Ii,ari,
612 2661 857 2731 trahique
904 2659 1193 2728 pomis-et,
1246 2668 1301 2712 ut
1346 2658 1601 2713 evadendi
1642 2659 1727 2713 vel
1773 2658 1958 2713 defen-

378 2753 537 2807 d-ntli
584 2753 804 2808 facultas
851 2753 920 2819 ei,
974 2752 1111 2805 sicut
1155 2750 1256 2805 illis
1307 2749 1603 2816 videbatur,
1636 2765 1740 2804 non
1778 2759 1956 2814 esset;

383 2852 504 2912 post
549 2845 845 2899 orationem
900 2860 1056 2913 quam
1116 2843 1273 2896 valde
1320 2842 1579 2909 prolixam
1634 2854 1731 2910 pro
1787 2841 1958 2895 salute

382 2943 567 2988 nostra
613 2933 721 2987 Deo
769 2934 913 2988 Patri
971 2931 1230 3002 profudit,
1275 2932 1484 2986 obviam
1532 2930 1959 3000 persecutoribus

380 3023 492 3075 suis
525 3022 799 3088 processit,
832 3028 887 3075 et
932 3036 1086 3087 quem
1118 3028 1416 3090 quaererent
1450 3018 1815 3088 interrogavit.
1857 3018 1957 3084 Qui

380 3126 501 3164 cum
550 3125 610 3167 se
662 3111 844 3166 .lesurn
891 3109 1077 3181 (quod
1110 3122 1300 3163 nomen
1350 3106 1464 3177 ejus
1511 3117 1625 3162 erat
1671 3106 1954 3175 propitiant

382 3201 507 3272 Leg.
544 3201 858 3271 proprium)
902 3214 1145 3269 quaerere
1184 3198 1461 3263 dixissent,
1498 3205 1550 3252 et
1600 3196 1684 3251 ille
1728 3212 1787 3251 se
1835 3210 1953 3251 esse

387 3292 751 3359 responderet,
785 3292 976 3345 iterum
1002 3298 1161 3357 atque
1190 3287 1381 3342 iterum
1410 3286 1658 3340 retroacti
1688 3285 1950 3350 abierunt,

386 3396 437 3437 et
462 3385 771 3439 ceciderunt
802 3382 856 3437 in
889 3390 1104 3435 terram.
1138 3379 1243 3434 Sed
1276 3378 1362 3446 qui
1395 3378 1460 3429 ad
1492 3376 1591 3430 hoc
1632 3383 1869 3439 venerat,
1901 3385 1957 3429 ut

382 3479 629 3547 passione
672 3462 766 3530 sua
818 3490 913 3530 nos
960 3475 1026 3529 ab
1065 3483 1264 3528 aeterna
1295 3470 1634 3525 damnatione
1678 3470 1952 3534 liberaret,

384 3568 595 3624 tandem
640 3568 943 3635 aliquando,
978 3566 1271 3634 maiestatis
1300 3578 1409 3618 suae
1440 3563 1677 3631 potentia
1706 3561 1773 3614 ad
1814 3569 1951 3615 tem-

378 3678 475 3732 pus
504 3662 838 3725 abscondita,
884 3661 936 3714 in
985 3667 1302 3728 potestatem
1346 3654 1628 3709 furentium
1674 3666 1732 3706 se
1764 3660 1954 3719 sponte

381 3754 642 3822 permisit,
671 3763 728 3807 ut
760 3751 995 3805 indebita
1028 3756 1199 3803 morte
1228 3762 1323 3803 sua
1366 3760 1462 3800 nos
1493 3745 1561 3799 ab
1590 3743 1837 3798 omnibus
1861 3741 1951 3795 de-

383 3844 503 3897 bilis
550 3842 777 3911 peccatis
827 3839 1148 3894 absolveret.
1192 3836 1417 3905 Captum
1461 3847 1585 3903 ergo
1633 3840 1687 3887 et
1735 3831 1949 3902 ligatum

380 3933 528 4001 impii
561 3929 787 3986 ministri
828 3929 894 3982 ad
927 3927 1161 3982 tribunal
1204 3926 1358 3980 Pilnti
1406 3921 1646 3991 praesidis
1685 3921 1950 3989 perduxe-

382 4035 521 4088 runt,
554 4024 694 4092 quod
726 4030 937 4093 gentem
985 4021 1196 4074 illorum
1245 4017 1606 4079 subverteret,
1653 4021 1710 4067 et
1751 4012 1946 4067 tributa

377 4117 575 4169 Caesari
606 4115 733 4169 dare
778 4110 1102 4181 prohiberet,
1143 4117 1198 4164 et
1222 4106 1494 4162 Christum
1534 4117 1711 4173 regem
1738 4119 1797 4158 se
1825 4117 1947 4158 esse

375 4207 705 4269 dicertet;et
755 4203 954 4257 idcirco
995 4199 1155 4269 judex
1207 4198 1340 4269 ipse,
1386 4198 1431 4253 si
1477 4196 1678 4250 amicus
1715 4194 1944 4250 Caesaris

378 4314 499 4353 esse
523 4297 800 4358 voluisset,
835 4294 993 4349 talem
1026 4291 1205 4346 vivere
1246 4291 1297 4344 in
1326 4289 1408 4344 sui
1442 4287 1942 4344 condemnationem

373 4389 565 4456 capitis
594 4387 900 4455 permittere
926 4400 1029 4437 non
1057 4382 1295 4437 deberet.
1320 4381 1453 4435 Tum
1477 4380 1586 4444 ille,
1620 4378 1943 4433 necessitate

378 4475 708 4543 compulsus,
736 4472 879 4528 dedit
907 4471 1052 4526 illum
1084 4470 1342 4525 militibus
1366 4468 1474 4523 suis
1494 4466 1558 4520 ad
1591 4465 1937 4520 illudendum.

2079 647 2300 716 ciperet.
2332 647 2483 714 Quod
2512 663 2634 702 cum
2668 649 2755 704 ille
2785 650 2978 717 saepius
3008 650 3285 717 abnueret,
3315 652 3498 710 dicens
3526 672 3536 708 :
3574 655 3641 711 In

2078 754 2136 793 eo
2163 754 2215 792 se
2252 740 2382 792 nillil
2422 740 2633 809 dignum
2672 752 2830 795 morte
2859 742 3084 796 invenire
3113 744 3265 812 (Luc.
3292 747 3483 814 xxnt);
3517 758 3643 803 tunc

2078 830 2237 899 impia
2267 845 2395 901 gens
2423 841 2478 887 et
2514 833 2687 888 cuntis
2712 832 3093 899 abominanda,
3138 836 3226 889 tali
3275 838 3555 894 maledicto
3581 854 3643 895 se

2075 920 2367 986 damnavit,
2408 930 2466 977 ut
2506 922 2929 992 imprecarentur
2974 926 3271 994 sanguinem
3318 930 3433 998 ejus
3472 931 3639 984 venire

2074 1029 2223 1082 super
2249 1029 2301 1067 se
2330 1022 2375 1067 et
2402 1029 2555 1082 super
2577 1014 2715 1081 ﬁlios
2750 1031 2869 1069 suos
2899 1013 3111 1085 (Matth.
3147 1032 3309 1083 xxv",
3341 1017 3470 1086 25);
3503 1021 3639 1088 adji-

2073 1106 2274 1161 cientes
2296 1106 2418 1174 quia
2465 1107 2564 1174 ipsi
2605 1108 2772 1176 legem
2805 1108 3081 1171 haberent,
3111 1118 3164 1162 et
3214 1108 3301 1163 ille
3345 1113 3635 1165 secundum

2076 1195 2247 1263 legem
2273 1195 2492 1251 deberet
2515 1214 2545 1248 ιι
2568 1197 2649 1251 ori
2676 1197 2765 1265 qui
2795 1212 2854 1252 se
2882 1197 2973 1251 Dei
3004 1197 3193 1252 Filium
3218 1209 3639 1267 prirsutnptuose

2075 1285 2270 1339 faceret
2300 1302 2311 1335 :
2341 1284 2436 1339 sed
2468 1299 2535 1338 ne
2569 1285 2732 1340 verbo
2769 1286 2982 1354 quidem
3011 1287 3238 1352 simplici
3282 1288 3502 1351 diceret,
3534 1290 3635 1343 nisi

2073 1388 2137 1428 eo
2163 1373 2321 1427 modo
2352 1383 2407 1427 ut
2438 1374 2535 1442 ipsi
2585 1389 2649 1429 ex
2679 1376 2933 1443 operibus
2960 1391 3079 1447 qute
3110 1377 3161 1430 in
3207 1378 3420 1432 nomine
3460 1376 3635 1433 Patris

2072 1464 2151 1517 sui
2210 1462 2433 1518 faciebat
2478 1466 2831 1529 metirentur,
2880 1475 2969 1519 aut
3025 1464 3410 1535 coniectarent,
3461 1477 3634 1522 utrum

2073 1560 2338 1607 tantorum
2369 1554 2693 1607 mirabilium
2717 1564 2963 1622 operator
2991 1555 3153 1611 Filius
3176 1556 3265 1611 Ι)θί
3289 1557 3391 1612 dici
3414 1566 3469 1612 et
3490 1559 3636 1613 credi

2071 1644 2261 1697 merito
2311 1643 2554 1700 deberet.
2599 1643 2689 1699 liis
2737 1644 2894 1714 igitur
2940 1661 3141 1714 praeses
3180 1649 3541 1715 tremefactus,
3582 1658 3636 1701 et

2076 1733 2308 1789 maxime
2335 1745 2550 1803 propter
2580 1734 2708 1789 illud
2739 1737 3085 1798 constrictus,
3117 1736 3255 1805 quod
3285 1738 3433 1806 quasi
3462 1738 3633 1791 maxi-

2069 1837 2212 1876 mum
2263 1832 2317 1879 et
2364 1824 2695 1880 intolerabile
2743 1825 2847 1879 sibi
2893 1827 3160 1881 metuebat
3201 1826 3467 1895 objectum
3512 1845 3524 1879 :
3574 1828 3635 1881 Si

1998 1903 2041 1964 B
2067 1912 2204 1967 hunc
2231 1914 2466 1980 dimittis,
2500 1931 2599 1968 non
2628 1931 2680 1968 es
2708 1916 2904 1969 amicus
2928 1914 3144 1970 Cesaris
3168 1917 3347 1985 (Joan.
3376 1933 3481 1983 xix,
3518 1918 3629 1983 t2),

2065 2003 2380 2075 adiudicavit
2409 2005 2520 2073 ﬁeri
2568 2005 2859 2075 petitionem
2904 2021 3080 2061 eorum
3114 2005 3264 2078 (Luc.
3296 2023 3447 2074 xxttt,
3478 2008 3593 2066 25).

2138 2137 2321 2192 XVIII.
2351 2136 2499 2193 Tunc
2541 2137 2903 2206 imposuerunt
2933 2138 2980 2192 ei
3011 2152 3222 2192 crucem
3252 2155 3408 2206 quam
3439 2139 3504 2194 ad
3545 2141 3622 2194 lo-

2064 2241 2184 2281 cum
2218 2242 2385 2296 usque
2413 2236 2678 2296 portaret;
2715 2227 2809 2282 sed
2834 2234 3009 2282 tamen
3040 2228 3191 2295 quasi
3223 2232 3543 2285 honorantes
3573 2242 3627 2286 ct

2064 2319 2447 2386 compatientes
2476 2316 2524 2370 ei
2565 2330 2721 2386 quem
2757 2325 2862 2370 tam
2910 2316 3121 2389 indigna
3167 2330 3336 2374 morte
3368 2321 3631 2390 perimere

2063 2415 2387 2477 satagerunt,
2429 2415 2719 2474 coegerunt
2764 2408 3048 2475 quemdam
3100 2408 3454 2478 alienigenam
3501 2428 3629 2466 cru-

2062 2513 2176 2555 cem
2206 2498 2345 2553 ferre
2376 2508 2491 2567 p05t
2524 2498 2692 2554 illum.
2729 2498 2938 2553 Etcum
2975 2501 3209 2553 venisset
3238 2500 3302 2553 ad
3337 2501 3508 2555 locum
3540 2505 3627 2572 qui

2063 2588 2322 2644 Calvarite
2349 2588 2647 2653 dicebatur,
2678 2602 2774 2656 pro
2802 2602 2867 2642 eo
2895 2589 3033 2656 quod
3076 2587 3269 2643 ibidem
3310 2589 3374 2644 ad
3404 2603 3627 2645 mortem

2060 2680 2401 2735 condemnati
2443 2681 2674 2733 truncari
2729 2678 2992 2743 solebant,
3036 2679 3300 2734 Christum
3348 2681 3626 2737 Dominum

2060 2772 2459 2843 cruciﬁgentes;
2495 2782 2547 2824 ut
2579 2784 2642 2825 ex
2671 2770 2772 2824 hoc
2804 2771 3107 2838 turpissima
3140 2787 3282 2824 mors
3318 2773 3628 2830 redderetur

2060 2864 2327 2929 intamior,
2370 2862 2602 2916 latrones
2633 2877 2792 2915 unum
2825 2875 2852 2912 a
2882 2861 3106 2924 dextris,
3138 2861 3360 2914 alterum
3405 2878 3627 2932 suspen-

2058 2955 2252 3009 derunt
2280 2968 2309 3007 a
2343 2952 2598 3018 sinistris,
2631 2958 2685 3005 et
2714 2950 2797 3004 his
2824 2951 2998 3004 verbis
3030 2950 3252 3005 irridere
3282 2953 3581 3020 gaudebant
3611 2973 3621 3007 :

2058 3046 2197 3099 Alios
2239 3044 2405 3099 salvos
2435 3044 2572 3110 fecit,
2609 3058 2661 3096 se
2690 3042 2857 3110 ipsum
2904 3055 3002 3094 non
3032 3048 3190 3110 potest
3220 3043 3413 3095 salvum
3462 3046 3627 3111 [arere

2058 3136 2270 3207 (Matth.
2303 3151 2468 3201 xxvn,
2506 3134 2618 3205 62).
2663 3132 2807 3191 Unus
2835 3133 2992 3189 etiam
3023 3133 3089 3188 de
3112 3134 3429 3198 latronibus.
3462 3138 3623 3191 simili

2059 3226 2344 3281 bacchatus
2391 3225 2616 3290 insania,
2660 3223 2791 3279 dixit
2822 3222 2887 3278 ad
2928 3223 3075 3278 illum
3108 3244 3119 3277 :
3149 3223 3209 3279 Si
3252 3235 3305 3278 tu
3354 3242 3404 3279 es
3456 3224 3625 3280 Filius

2061 3314 2179 3380 Dei,
2211 3315 2405 3369 salvum
2435 3319 2518 3385 [ac
2539 3324 2585 3367 te
2608 3315 2774 3379 ipsum
2796 3324 2842 3368 et
2871 3329 2959 3367 nos
2987 3313 3139 3384 (an.
3164 3329 3313 3380 χχιιι,
3336 3316 3445 3384 59).
3479 3315 3625 3370 Alter

2060 3420 2209 3470 vero,
2240 3405 2389 3474 cujus
2417 3406 2555 3459 Deus
2588 3405 2889 3459 illuminare
2915 3403 3161 3474 dignatus
3195 3414 3276 3459 est
3298 3415 3528 3460 mentem
3556 3406 3623 3460 ad

2057 3496 2477 3564 cognoscendam
2510 3497 2786 3549 veritatem
2828 3503 3165 3564 praesentem,
3197 3496 3503 3563 increpabat
3531 3512 3619 3551 so-

2056 3586 2215 3651 cium,
2248 3594 2304 3640 ct
2330 3586 2629 3640 obsecravit
2661 3585 2944 3639 Dominum
2977 3584 3318 3653 pendentem,
3354 3596 3408 3639 ut
3431 3587 3623 3641 saitnet

2056 3679 2108 3732 in
2154 3692 2317 3746 regno
2343 3693 2441 3732 suo
2474 3674 2781 3731 meminisse
2807 3676 3132 3746 dignaretur.
3163 3674 3326 3746 Cujus
3354 3676 3620 3731 credulam

2056 3775 2288 3821 mentem
2329 3774 2383 3820 et
2412 3781 2472 3820 os
2502 3766 2764 3821 conﬁtens
2807 3766 3053 3820 Christus
3082 3766 3400 3834 approbans,
3433 3767 3618 3821 eodem

2052 3855 2138 3910 die
2167 3871 2348 3911 secum
2383 3856 2434 3910 in
2484 3856 2728 3924 paradiso
2766 3855 2913 3910 illum
2959 3855 3243 3925 spepondit
3291 3855 3617 3913 adlaturum.

2054 3946 2186 4001 Dum
2234 3947 2349 4001 lucc
2396 3948 2622 4002 Creator
2671 3962 2700 3999 a
2747 3956 2992 4001 creatura
3041 3961 3197 4015 quam
3252 3947 3616 4001 rationabilem

2050 4036 2310 4098 condidit,
2365 4037 2698 4105 pertulisset,
2754 4036 3138 4091 irrationabilia
3191 4045 3243 4089 ct
3294 4036 3617 4090 insensibiiia

2050 4129 2345 4197 majestatis
2390 4130 2506 4194 t-jns
2553 4143 2680 4182 nutu
2710 4130 3014 4191 conterrita,
3046 4128 3313 4181 defectum
3342 4128 3421 4180 sui
3472 4143 3616 4182 mor-

2051 4222 2243 4274 talibus
2277 4221 2646 4274 minabantur:
2677 4235 2795 4274 cum
2828 4228 2881 4273 et
2916 4218 2995 4271 sol
3024 4219 3073 4271 in
3106 4216 3353 4271 tenebras
3376 4219 3443 4271 sit
3483 4234 3617 4272 con-

2046 4325 2252 4374 versus,
2304 4320 2357 4363 et
2388 4320 2525 4362 terra
2574 4315 2733 4373 mota,
2767 4316 3015 4376 ctpctra:
3065 4307 3266 4371 scissae,
3323 4316 3376 4361 et
3423 4324 3613 4361 monu-

2046 4409 2226 4454 menta
2270 4407 2473 4468 aperta,
2505 4409 2558 4452 et
2605 4413 2779 4451 rerum
2824 4405 3010 4452 natura
3046 4399 3274 4465 turbata,
3305 4412 3424 4467 qua:
3473 4399 3611 4468 inju-

2047 4494 2177 4546 riam
2209 4492 2301 4545 Dei
2359 4490 2498 4544 ferre
2532 4504 2634 4543 non
2676 4489 2988 4544 sustinebat.
3024 4488 3149 4544 Post
3198 4489 3308 4544 haec
3340 4505 3464 4544 vero
3494 4505 3613 4544 cum

374 4566 474 4631 Qui
522 4562 759 4617 irrisoria
797 4568 965 4623 veste,
1019 4559 1193 4651 veluti
1225 4558 1313 4627 qui
1366 4557 1565 4651 regium
1609 4555 1712 4651 sibi
1745 4570 1938 4651 "Ome?
1974 4585 2024 4645 ι)
2049 4583 2224 4637 omnia
2256 4582 2459 4649 reliqua
2492 4596 2613 4650 qua:
2662 4579 2773 4634 lleri
2808 4589 3116 4649 Oportuerat
3147 4589 3327 4636 essent
3376 4582 3609 4651 impleta,

375 4666 640 4720 usurpare
683 4660 1049 4719 praesumeret,
1108 4647 1332 4701 induens
1362 4643 1547 4717 (Forte
1569 4687 1584 4713 ,
1619 4643 1941 4713 induentes),

370 4752 428 4797 et
458 4757 655 4797 corona
686 4741 866 4809 spinea
899 4754 995 4809 pro
1023 4738 1321 4792 diademate
1347 4745 1683 4798 coronatum,
1721 4734 1849 4802 quin
1889 4744 1943 4787 et

370 4830 636 4884 arundine
685 4844 781 4898 pro
826 4840 1042 4897 sceptro
1092 4825 1349 4896 imperiali
1381 4825 1657 4879 dexteram
1701 4824 1943 4891 comple-

373 4934 512 4988 tum,
544 4922 714 4991 sputis
763 4922 815 4975 in
854 4921 1042 4975 faciem
1088 4918 1229 4973 illius
1270 4916 1560 4986 projectis,
1601 4922 1658 4968 et
1700 4914 1943 4982 colaphis

371 5013 648 5081 atapi-que
693 5009 1053 5072 creberrimis,
1104 5006 1393 5075 ferulisque
1435 5003 1767 5059 caedentibus
1819 5017 1941 5056 eum

372 5104 712 5173 injuriantes,
744 5112 800 5157 et
833 5100 972 5170 regis
1002 5098 1219 5154 nomine
1262 5098 1598 5160 salutantes;
1642 5095 1860 5162 insuper
1889 5102 1943 5147 et

371 5194 701 5261 singulorum
748 5190 961 5245 nomina
1014 5187 1238 5256 prodere
1282 5186 1516 5241 velatum
1563 5183 1939 5253 postulantes:

370 5282 524 5352 quasi
552 5282 656 5335 vile
687 5278 1010 5347 mancipium
1031 5278 1115 5349 (ut
1135 5274 1343 5331 interim
1373 5274 1463 5329 Dei
1494 5272 1684 5327 Filium
1709 5273 1939 5340 taceam)

370 5372 665 5425 maximum
692 5368 1031 5438 prophetam,
1054 5376 1109 5422 et
1139 5373 1401 5420 tantorum
1423 5362 1729 5420 effectorem
1757 5361 1941 5430 signo-

372 5476 514 5523 rnm,
546 5457 1108 5528 sapientissimumque
1138 5456 1310 5510 virum
1360 5453 1665 5523 turpissimo
1713 5460 1944 5506 tractare

369 5552 730 5615 studuerunt;
770 5557 825 5603 et
860 5548 937 5604 ita
980 5546 1217 5610 illusum,
1268 5545 1375 5599 imo
1417 5543 1755 5611 castigatum,
1785 5551 1840 5596 et
1886 5552 1944 5596 ut

368 5640 611 5708 apertius
641 5639 854 5707 quidem
889 5638 1084 5703 dicam,
1127 5634 1503 5690 mortiticatum
1542 5632 1803 5702 praefecto
1841 5647 1943 5689 suo

369 5732 566 5787 iterato
596 5729 744 5783 illum
775 5734 1252 5795 prasentaverunt.

446 5820 611 5875 XVII.
636 5818 807 5877 Judaai
847 5832 974 5874 vero
1004 5815 1227 5872 necdum
1261 5812 1422 5871 tantis
1446 5813 1561 5885 ejus
1602 5812 1807 5883 injuriis
1852 5828 1942 5870 sa-

2050 4681 2107 4725 ιιι
2154 4681 2618 4725 consummaretur
2662 4671 2935 4738 Scriptura
2982 4671 3120 4739 quod
3164 4682 3316 4725 aceto
3355 4672 3614 4739 potandus

2046 4774 2207 4829 esset,
2240 4765 2389 4817 sitire
2432 4776 2493 4818 se
2521 4762 2676 4827 dixit,
2709 4771 2909 4816 etcum
2956 4763 3251 4831 accepisset
3296 4772 3526 4828 acetum,
3561 4773 3615 4816 et

2046 4869 2197 4908 suum
2218 4853 2460 4921 spiri‘utn
2488 4852 2538 4907 in
2566 4866 2753 4905 manus
2776 4851 2947 4905 Patris
2967 4851 3416 4917 commendasset,
3439 4852 3607 4906 dixit:

2048 4942 2464 4997 Consummatum
2508 4951 2604 5006 est,
2632 4951 2676 4994 et
2706 4941 2774 4994 sic
2806 4940 3052 4994 inclinato
3081 4942 3242 5009 capite
3267 4941 3477 4994 tradidit
3508 4943 3612 5011 spi-

2046 5035 2196 5085 ritum
2228 5030 2408 5103 (Joan.
2461 5046 2573 5097 xix,
2622 5028 2736 5100 50).
2794 5030 2858 5083 Et
2910 5029 3203 5085 honoriﬁce
3254 5030 3493 5100 sepultus
3544 5035 3612 5083 ab

2044 5124 2251 5187 amicis,
2282 5121 2587 5177 cautissime
2613 5122 2923 5177 servabatur
2949 5137 2977 5175 a
3008 5121 3335 5184 cusmdibus,
3367 5130 3609 5176 metuen-

2048 5218 2187 5271 tibus
2216 5216 2462 5270 videlicet
2487 5228 2554 5269 ne
2583 5213 2671 5269 die
2700 5213 2852 5268 tertia
2871 5253 2887 5280 ,
2919 5214 3055 5267 sicut
3084 5223 3206 5266 ante
3237 5210 3503 5280 praedixit,
3528 5228 3610 5267 re-

2045 5323 2262 5378 surgere
2290 5309 2565 5376 potuisset.

2117 5440 2256 5497 XIX.
2288 5440 2392 5496 Sed
2433 5438 2655 5509 angelus
2686 5452 2718 5493 e
2756 5436 2895 5492 cmlo
2921 5434 3158 5499 veniens,
3185 5436 3381 5490 milites
3427 5436 3608 5504 sepul-

2043 5548 2193 5591 crum
2221 5530 2659 5603 evigilantissime
2686 5526 3045 5582 custodientes
3075 5532 3401 5580 mortuorum
3442 5524 3608 5579 instar

2043 5628 2370 5699 stupefactos
2397 5621 2662 5687 reddidit;
2693 5628 2748 5676 et
2776 5627 2895 5689 post
2922 5617 3187 5673 modicum
3221 5627 3463 5672 recreato
3487 5619 3608 5671 ani-

2047 5736 2135 5778 mo
2161 5729 2216 5775 et
2242 5718 2452 5788 spiritu,
2480 5720 2642 5771 testes
2669 5709 2917 5783 gloriosa:
2942 5710 3347 5766 resurrectionis
3381 5707 3497 5778 ejus
3524 5708 3607 5763 et-o

2048 5811 2192 5870 iecit.
2224 5810 2388 5867 Porro
2415 5803 2630 5863 interim
2656 5816 2780 5861 cum
2818 5800 2919 5874 ipsi
2946 5803 3183 5872 iacerent
3212 5809 3268 5855 ut
3312 5799 3607 5866 exanimes,
