4006 6182
382 438 447 492 25
1225 428 1471 484 SANCTI
1511 426 1711 481 GALLI
1753 420 2041 481 ADBATIS
2090 422 2170 475 ET
2222 419 2680 476 CONFESSORIS
3547 412 3617 471 Ἡ

383 548 494 616 pias
538 558 657 599 cum
711 539 1036 597 aromatibus
1084 536 1199 606 ejus
1229 545 1254 573 ε
1283 534 1655 604 corrumpendi
1701 537 1939 602 corporis
1970 536 2012 590 A
2046 530 2219 596 fuerit,
2252 532 2418 583 salvus
2445 530 2571 592 erit;
2601 528 2688 596 qui
2712 541 2823 581 vero
2855 541 2955 581 non
2995 522 3293 591 crediderit,
3317 521 3620 577 condemna-

384 636 696 693 visitatrices
726 634 864 689 idem
897 630 1118 699 angelus
1147 638 1417 699 gratanter
1441 628 1648 691 affatus,
1696 640 1761 680 ne
1792 624 1947 677 time-

386 739 502 782 rent
530 728 770 780 hortatus
810 731 912 777 est.
961 722 1026 775 Et
1052 721 1173 789 quia
1223 720 1476 774 Dominus
1506 719 1662 772 .Iesus
1710 716 1951 771 Christus

385 819 595 874 devicto
618 815 802 870 mortis
825 813 1047 881 imperio
1070 812 1361 866 resurrexit
1384 818 1531 865 certo
1560 809 1802 876 patefecit
1824 805 1849 844 ιι
1875 806 1953 859 in-

387 911 550 975 dicio,
582 916 634 961 et
663 915 720 959 ut
753 907 924 960 locum
963 904 1204 958 viderent
1238 902 1326 956 ubi
1374 900 1575 970 positus
1619 910 1735 954 erat
1763 898 1955 952 Domi-

387 1013 503 1065 nus,
536 997 830 1051 admonuit.
873 995 989 1062 Quo
1032 1009 1152 1049 cum
1208 994 1489 1057 intrarent,
1527 991 1771 1045 viderunt
1820 988 1955 1043 duos

387 1090 607 1159 angelos
647 1090 700 1144 in
742 1089 876 1144 albis
906 1087 1177 1151 sedentes,
1224 1101 1383 1139 unum
1409 1085 1474 1138 ad
1504 1093 1681 1151 caput,
1712 1091 1765 1137 et
1793 1097 1955 1135 unum

389 1181 457 1234 ad
488 1181 671 1250 pedes,
702 1179 968 1250 quondam
1013 1178 1081 1233 ibi
1116 1177 1528 1246 requiescentis,
1579 1184 1632 1231 et
1678 1174 1835 1229 modo
1867 1188 1956 1227 re-

389 1272 676 1341 surgentis,
711 1270 832 1325 inde
876 1270 1106 1324 auctoris
1138 1277 1351 1323 aeternae
1392 1267 1534 1320 νίιω.
1583 1266 1820 1333 Cumque
1870 1279 1959 1347 pa-

392 1363 609 1418 vefaetze
658 1363 945 1430 coepissent
990 1357 1193 1430 egredi,
1249 1357 1499 1426 aufugere
1546 1357 1839 1423 cupientes,
1872 1366 1961 1407 uc-

391 1454 559 1507 currit
585 1454 662 1506 eis
703 1454 816 1521 ipse
849 1452 1135 1515 Dominus;
1186 1448 1563 1518 benignissime
1608 1448 1864 1500 salutatas
1895 1442 1961 1497 ad

392 1547 682 1612 discipulus
727 1558 851 1598 suos
892 1544 1115 1597 devictae
1166 1541 1353 1594 mortis
1398 1538 1612 1592 nuntias
1655 1537 1961 1591 destinavit.

396 1639 459 1692 Et
488 1637 674 1692 eodem
707 1636 793 1691 die
818 1636 974 1690 Petro
1002 1632 1301 1703 specialiter
1326 1630 1587 1701 apparuit.
1620 1629 1720 1698 Qui
1753 1636 1809 1683 et
1835 1626 1965 1681 duo-

398 1732 496 1786 bns
521 1730 935 1795 ambulantibus,
971 1736 1023 1782 et
1054 1726 1120 1780 de
1150 1741 1207 1779 se
1235 1722 1720 1779 sermocinantibus
1752 1720 1966 1774 convia-

400 1832 482 1874 tor
513 1820 752 1886 eﬂ‘eetus,
784 1819 851 1873 de
892 1818 1181 1887 Scripturis
1223 1815 1455 1869 asseruit
1481 1813 1601 1881 quia
1647 1811 1725 1865 sic
1750 1821 1965 1878 oporte-

406 1921 487 1965 ret
511 1911 779 1965 Christum
811 1909 941 1978 pati,
971 1919 1026 1962 et
1055 1922 1331 1973 resurgere
1358 1921 1388 1959 a
1419 1904 1663 1965 mortuis,
1695 1912 1746 1957 et
1782 1903 1853 1954 ita
1887 1902 1967 1953 in-

402 2009 544 2055 trare
571 2000 622 2054 in
649 2000 871 2068 gloriam
901 2013 1072 2052 suam.
1105 1996 1147 2050 Α
1180 1995 1371 2064 quibus
1414 1993 1569 2049 etiam
1607 1991 1858 2051 invitatus
1903 1989 1968 2043 ad

403 2105 632 2158 cumam,
661 2090 711 2143 in
742 2089 996 2143 fraetione
1029 2088 1177 2155 panis
1205 2094 1284 2141 est
1311 2087 1539 2157 agnitus,
1570 2099 1689 2139 cum
1721 2082 1789 2138 ob
1818 2082 1971 2136 cacci-

407 2191 567 2237 tatem
595 2181 768 2235 cordis
800 2182 944 2248 prius
975 2179 1245 2233 videretur
1272 2177 1501 2247 ignotus.

474 2290 591 2344 XX.
628 2290 760 2346 Sero
790 2302 1000 2357 quoque
1028 2302 1149 2340 cum
1201 2285 1397 2339 factum
1427 2292 1591 2347 esset,
1622 2285 1735 2351 ipsa
1764 2283 1852 2338 die
1882 2297 1973 2350 ap-

404 2384 578 2451 paruit
618 2380 869 2450 apostolis
916 2378 1047 2443 suis,
1078 2387 1130 2433 et
1175 2378 1251 2431 eis
1291 2376 1476 2445 gaudia
1527 2375 1670 2443 pacis
1715 2373 1974 2428 mandans

407 2472 713 2534 insufﬂavit,
748 2480 801 2525 et
826 2471 959 2525 dixit
988 2487 999 2521 :
1028 2469 1250 2536 Accipite
1281 2466 1532 2536 Spiritum
1554 2474 1783 2519 sanctum
1812 2479 1831 2518 :
1854 2480 1975 2531 quo-

404 2582 519 2617 rum
549 2563 844 2617 remiseritis
887 2569 1114 2630 peccata,
1167 2560 1495 2612 remittuntur
1551 2557 1643 2620 eis,
1684 2566 1729 2609 et
1758 2570 1977 2624 quorrm

406 2656 730 2721 retinueritfs,
758 2661 951 2707 retenta
982 2661 1099 2706 sunt
1130 2648 1307 2720 (Joan.
1344 2666 1433 2713 xx,
1463 2648 1554 2710 9.2,
1588 2646 1701 2716 23).
1730 2646 1806 2698 Ad
1850 2659 1975 2698 con-

413 2745 669 2798 tirmanda
697 2743 823 2809 quin
853 2743 1012 2796 etiam
1040 2740 1202 2794 corda
1235 2736 1612 2800 dubitantium,
1645 2735 1735 2804 qui
1783 2750 1841 2789 se
1883 2749 1977 2804 pu-

408 2845 583 2889 tarent
626 2835 870 2903 spiritum
903 2835 1076 2904 potius
1107 2834 1290 2888 videre
1331 2848 1486 2902 quam
1527 2846 1741 2899 corpus,
1793 2840 1977 2883 osten-

408 2927 486 2979 dit
512 2927 590 2981 eis
628 2940 821 2979 manus
849 2936 897 2979 et
931 2925 1091 2992 pedes
1122 2924 1505 2979 rrcentissimae
1537 2920 1802 2990 pass'ouis
1830 2919 1978 2988 signa

410 3021 731 3083 retinentes,
791 3026 846 3071 ut
895 3017 1109 3072 indubie
1160 3011 1565 3071 resurrectionis
1614 3011 1728 3081 ejus
1795 3011 1983 3066 tierent

412 3108 588 3162 idonei
639 3117 824 3163 testes.
859 3106 966 3162 Sed
1020 3107 1125 3161 illis
1170 3105 1343 3161 adhuc
1386 3120 1491 3159 non
1543 3103 1882 3159 credentibus
1926 3111 1982 3157 et

2055 626 2186 677 bitur
2210 623 2398 691 (Marc.
2434 638 2540 689 xvr,
2577 620 2682 691 16).

2125 736 2271 791 XXI.
2300 736 2363 789 Et
2388 734 2508 803 quia
2538 732 2835 787 irritatores
2878 729 2973 785 Dei
3018 736 3073 784 et
3121 725 3380 782 increduli
3430 722 3620 787 Judaei,

2055 836 2109 881 et
2138 835 2322 891 gentes
2351 823 2667 877 idololatriae
2698 819 2862 876 dediti
2890 819 3212 888 sign’serant
3242 817 3305 869 ad
3338 814 3495 868 ﬁdem
3527 828 3624 865 nu-

2059 915 2268 981 triendi,
2301 912 2447 967 dedit
2492 910 2751 981 apostolis
2797 908 2909 964 suis
2954 907 3204 961 virtutem
3254 918 3412 972 super
3444 901 3622 954 omnia

2057 1005 2340 1067 da-monia,
2371 1012 2425 1057 et
2451 1012 2508 1057 ut
2546 1003 2831 1069 languores
2854 1007 3128 1062 curarent,
3160 1010 3331 1053 caecos
3362 993 3626 1048 illumina-

2059 1106 2199 1159 rent,
2233 1095 2470 1162 leprosos
2498 1092 2836 1154 mundarent,
2870 1089 3014 1158 ipsos
3043 1094 3099 1143 et
3131 1095 3370 1140 mortuos
3396 1082 3627 1137 resusci-

2063 1195 2265 1250 tarent;
2296 1193 2349 1239 et
2381 1182 2634 1252 praecepit
2670 1180 2773 1235 illis
2800 1190 2856 1233 ut
2880 1178 3258 1233 annuntiarent
3284 1188 3505 1243 regnum
3537 1172 3629 1226 Dei

2063 1278 2503 1348 appropinquare.
2538 1275 2605 1328 Et
2637 1274 2759 1343 quia
2807 1270 3013 1327 cunctis
3060 1267 3306 1339 gentibus
3335 1276 3390 1323 et
3434 1265 3632 1327 linguis

2065 1385 2255 1424 novam
2301 1371 2438 1422 hanc
2463 1367 2759 1421 doctrinam
2788 1363 3079 1434 praedicare
3125 1361 3443 1423 debuerunt,
3486 1358 3632 1411 dedit

2065 1463 2143 1517 eis
2187 1461 2517 1514 diversarum
2563 1456 2857 1526 linguarum
2909 1453 3253 1524 agnitionem.
3287 1450 3423 1513 Quin
3469 1447 3631 1501 etiam

2068 1552 2199 1620 ipsis
2241 1559 2297 1605 et
2331 1547 2640 1605 earumdem
2692 1546 2814 1601 fidei
2855 1544 3171 1615 sequacibus
3216 1542 3380 1595 multo
3429 1538 3632 1607 majora

2069 1641 2318 1711 promisit
2340 1648 2394 1693 et
2420 1636 2706 1703 concessit,
2736 1637 2804 1690 ita
2835 1643 2890 1689 ut
2914 1634 3038 1688 dum
3064 1632 3407 1700 plurimarum
3434 1629 3634 1696 lingua-

2070 1747 2184 1785 rum
2218 1729 2515 1784 hominibus
2545 1728 2597 1781 in
2642 1741 2745 1780 una
2788 1727 3153 1795 loquerentur,
3185 1736 3215 1774 a
3244 1720 3451 1774 cunctis
3483 1717 3635 1771 intel-

2072 1823 2383 1892 ligerentur,
2411 1829 2463 1875 et
2514 1818 2697 1872 umbra
2748 1816 2957 1871 illorum
3004 1814 3390 1869 transeuntium
3438 1807 3635 1861 infirmi

2069 1919 2407 1974 sanarentur,
2436 1918 2490 1963 et
2529 1907 2757 1962 sudariis
2799 1904 2884 1959 vel
2912 1903 3249 1972 cingulorum
3283 1898 3501 1953 fimbriis
3545 1910 3639 1950 ne-

2070 2018 2223 2073 quam
2252 2001 2469 2070 spiritus
2513 1998 2841 2068 i'ugarentur.
2875 1994 2983 2050 Sed
3020 2008 3140 2048 cum
3173 1993 3286 2045 haec
3317 1990 3369 2043 in
3410 1989 3511 2042 alia
3555 2001 3640 2040 re-

2071 2096 2248 2163 gione,
2282 2093 2380 2147 hoc
2410 2100 2511 2154 est,
2561 2090 2612 2143 in
2644 2088 2885 2153 Galilaia,
2916 2085 2997 2140 vel
3048 2092 3169 2137 ante
3199 2081 3526 2152 passionem,
3554 2077 3639 2131 vel

2074 2194 2192 2252 post
2222 2181 2667 2236 resurrectionem
2698 2192 2847 2231 suam
2878 2174 3149 2243 discipulis
3176 2171 3463 2235 edidisset;
3493 2176 3550 2222 ut
3586 2168 3637 2221 in

2073 2272 2261 2326 vicinia
2295 2270 2411 2339 ejus
2443 2269 2541 2322 loci
2573 2268 2639 2321 ad
2669 2268 2775 2321 alta
2801 2266 2921 2320 coeli
2948 2263 3351 2326 conscenderet,
3386 2261 3471 2314 ubi
3519 2273 3641 2313 cru-

2073 2365 2149 2418 cis
2174 2362 2517 2432 ignominiam
2544 2359 2699 2429 pau'o
2727 2365 2850 2412 ante
2876 2358 3058 2421 subiit,
3100 2364 3259 2425 atque
3285 2354 3400 2423 ipso
3430 2364 3642 2421 quoque

2075 2457 2289 2509 nomine
2334 2451 2787 2521 dispensationem
2856 2446 3275 2509 incarnationis,
3334 2443 3594 2511 passionis
3625 2483 3641 2508 ,

2077 2542 2497 2605 resurrectionis,
2531 2538 2860 2595 ascensionis
2892 2538 2943 2592 in
2988 2538 3182 2592 caelum
3236 2533 3479 2588 ﬁdelibus
3518 2544 3646 2599 ape-

2078 2638 2246 2692 riret:
2283 2633 2613 2697 Dethaniam,
2643 2646 2760 2700 qua:
2811 2624 3000 2684 demus
3046 2625 3364 2681 OUBtiielititB
3411 2622 3643 2685 dicitur,

2079 2728 2219 2781 unde
2250 2725 2414 2778 ctelos
2458 2730 2681 2793 peteret,
2722 2734 2841 2773 cum
2891 2718 3143 2787 apostolis
3188 2715 3387 2777 invisit,
3430 2711 3649 2764 doctore

2080 2816 2320 2888 gentium
2359 2815 2483 2884 quid
2528 2811 2826 2883 signiﬁcent
2853 2816 3191 2878 exponente:
3224 2804 3376 2860 Iesus
3414 2802 3649 2857 Christus

2082 2913 2249 2981 [actus
2290 2916 2363 2962 est
2392 2906 2625 2960 obediens
2660 2919 2815 2973 usque
2844 2903 2909 2955 ad
2942 2908 3177 2964 mortem,
3228 2904 3436 2950 mortem
3483 2904 3648 2947 autem

2082 3003 2281 3064 crucis;
2327 3008 2531 3067 propter
2558 2996 2694 3065 quod
2741 3004 2786 3048 et
2834 2994 2965 3047 Deus
3012 2992 3158 3044 illum
3208 2988 3444 3042 exultavit
3496 2984 3652 3056 (Phi-

2082 3093 2213 3162 lipp.
2247 3108 2304 3155 ll,
2334 3093 2386 3155 8,
2417 3089 2493 3157 9).
2535 3088 2771 3155 Cumque
2800 3085 2942 3139 illum
2974 3083 3063 3151 qui
3102 3087 3460 3136 convenerant
3488 3080 3653 3130 inter-

416 3196 725 3251 miramibus
756 3211 867 3265 prae
896 3195 1112 3264 gaudio,
1146 3205 1202 3248 ut
1232 3210 1325 3263 per
1354 3194 1602 3249 eﬂ‘eclum
1636 3192 1982 3247 comeslionis
2010 3202 2055 3265 ο
2088 3190 2338 3252 rogarent
2367 3181 2410 3233 si
2442 3178 2553 3231 dies
2580 3175 2764 3244 judicii
2789 3186 2843 3227 et
2865 3171 3222 3226 manifestatio
3250 3170 3396 3237 regni
3432 3166 3523 3220 Dei
3542 3165 3651 3234 jam

416 3303 459 3337 Vt
480 3286 610 3341 ritas
654 3294 953 3354 patesceret
999 3285 1195 3351 carnis,
1243 3284 1589 3352 interrogavit
1633 3286 1678 3337 si
1728 3282 1983 3337 haberent

413 3376 609 3447 aliquid
662 3376 729 3432 ad
777 3375 1223 3430 manducandum.
1276 3374 1517 3444 Cumque
1567 3375 1889 3429 obtulissent
1932 3374 1981 3429 ei

417 3477 617 3535 partem
651 3468 814 3536 piscis
842 3467 947 3522 assi
989 3477 1042 3521 et
1088 3467 1261 3520 favum
1309 3468 1504 3532 mellis,
1538 3466 1862 3520 manducans
1895 3479 1984 3519 co-

418 3570 527 3609 ram
561 3556 680 3619 illis,
716 3555 961 3624 reliquias
992 3554 1139 3610 dedit
1169 3556 1266 3618 eis.
1308 3567 1359 3611 et
1402 3556 1839 3611 commemoravit
1871 3557 1983 3609 haec

416 3647 495 3700 eis
520 3659 638 3699 esse
680 3646 839 3700 verba
873 3661 992 3716 quae
1039 3655 1164 3702 ante
1198 3647 1496 3715 passionem
1536 3663 1685 3702 suam
1720 3647 1983 3715 praedixe-

416 3746 519 3801 rat,
553 3737 820 3806 quomodo
851 3751 1073 3793 necesse
1118 3747 1199 3793 est
1244 3752 1336 3793 sua
1386 3749 1557 3793 morte
1603 3738 1789 3792 mortis
1819 3740 1986 3807 impe-

418 3829 557 3882 rium
588 3828 827 3896 dissolvi,
857 3838 911 3885 et
936 3830 987 3883 in
1018 3844 1112 3884 sua
1139 3830 1544 3884 resurrectionis
1575 3831 1845 3901 agnitione
1874 3845 1985 3899 pte-

421 3916 697 3972 nitentiam
727 3926 774 3972 et
809 3919 1179 3974 remissionem
1230 3928 1566 3988 peccatorum
1614 3921 1818 3975 cunctis
1859 3936 1987 3989 gen-

430 4008 559 4063 tlhus
585 4009 886 4076 praedicari;
914 4024 1010 4065 nec
1036 4026 1142 4065 non
1168 4020 1221 4066 et
1242 4011 1384 4081 ipsos
1407 4012 1579 4067 adhuc
1605 4012 1986 4082 gloriOS'ssima

423 4100 657 4168 Spiritus
732 4102 900 4156 saneti
956 4102 1207 4157 missione
1260 4103 1499 4158 roborari
1567 4105 1825 4172 promisit.
1884 4105 1990 4158 Nec

426 4198 600 4243 tamen
648 4190 719 4245 ita
767 4190 1057 4245 instructos
1085 4200 1139 4247 et
1177 4192 1267 4247 tali
1299 4193 1652 4262 promissione
1681 4194 1991 4248 consolatus

429 4294 553 4332 mox
601 4279 854 4336 abscessu
906 4282 1169 4351 corporali
1218 4284 1498 4340 discedere
1528 4286 1713 4350 voluit,
1758 4284 1849 4340 sed
1900 4301 1993 4354 per

427 4368 780 4439 quadraginta
812 4370 926 4425 dies
955 4372 1007 4425 in
1032 4372 1299 4428 universis
1327 4374 1650 4443 argumentis
1681 4389 1773 4429 eos
1812 4377 1993 4429 visita-

432 4460 529 4511 vit.
554 4457 700 4512 Nunc
725 4458 927 4514 foribus
948 4462 1160 4528 clausis,
1187 4464 1239 4517 in
1263 4466 1441 4521 medio
1463 4480 1648 4521 eorum
1676 4468 1991 4530 consistere;

2090 3272 2413 3334 immineret,
2463 3267 2718 3322 dicebat:
2754 3264 2876 3318 Non
2919 3279 3025 3317 esse
3075 3262 3304 3323 illorum,
3348 3258 3432 3312 vel
3478 3257 3654 3326 cujus-

2085 3380 2242 3435 quam
2272 3362 2614 3424 mortalium;
2646 3357 2740 3412 sed
2790 3371 2858 3411 ne
2900 3357 3135 3424 ipsorum
3179 3350 3389 3419 quidem
3438 3351 3655 3419 angelo-

2085 3471 2225 3519 rum,
2256 3469 2400 3506 nosse
2442 3463 2668 3519 tempora
2699 3459 2745 3503 et
2780 3456 3048 3512 nzomenta,
3079 3458 3192 3509 qua:
3224 3440 3381 3494 Pater
3407 3440 3573 3509 posuit
3604 3438 3655 3488 in

2086 3564 2177 3600 sua
2227 3552 2471 3615 potestate
2495 3543 2632 3613 (Act.
2667 3554 2705 3603 t,
2735 3540 2765 3590 7
2796 3538 2952 3604 seq.);
3004 3535 3283 3603 potiusque
3336 3529 3387 3583 in
3439 3527 3656 3581 civitate

2086 3638 2378 3694 Jerusalem
2428 3635 2711 3688 adventum
2750 3626 2920 3682 sancti
2953 3625 3182 3694 Spiritus
3229 3622 3307 3676 eis
3336 3628 3655 3688 exspectare

2089 3726 2449 3799 praecipiebat.
2480 3724 2595 3789 Quo
2633 3719 2823 3790 spiritu
2868 3715 3129 3777 roborati,
3164 3720 3326 3766 testes
3371 3710 3443 3764 illi
3476 3717 3658 3763 essent

2090 3824 2314 3891 primum
2368 3817 2419 3873 in
2468 3817 2652 3871 eadem
2701 3812 2849 3879 urbe,
2901 3810 3095 3865 deinde
3144 3808 3193 3862 in
3240 3814 3346 3860 tota
3392 3801 3572 3858 Judtea
3604 3807 3659 3853 et

2088 3915 2348 3978 Samaria,
2400 3911 2466 3964 ad
2520 3920 2844 3977 postremum
2897 3917 3028 3959 vero
3072 3914 3238 3974 usque
3291 3899 3357 3952 ad
3412 3894 3657 3949 ultimum

2092 4018 2266 4062 terrai.
2299 4005 2362 4058 Et
2409 4003 2490 4057 his
2536 3999 2847 4069 praemissis,
2880 3995 3101 4051 elevatis
3143 3991 3383 4045 manibus
3418 3988 3528 4041 suis
3561 3988 3655 4040 be-

2092 4096 2292 4151 nedixit
2339 4094 2479 4158 illis;
2529 4102 2582 4147 et
2628 4088 2833 4145 eunetis
2879 4085 3009 4139 nihil
3063 4082 3236 4137 minus
3291 4077 3655 4149 opinantibus,

2090 4189 2238 4258 quasi
2274 4185 2458 4256 pennis
2506 4183 2766 4239 columba:
2815 4176 3219 4246 incorruptibile
3262 4185 3453 4240 corpus
3501 4182 3656 4222 suum

2095 4281 2308 4335 libravit
2337 4258 2400 4332 ad
2431 4276 2648 4332 caelum.
2680 4273 2842 4340 Cujus
2885 4270 2963 4325 rei
3014 4284 3135 4323 mox
3182 4266 3289 4321 duo
3335 4262 3533 4331 angeli,
3561 4261 3661 4312 hoc

2094 4384 2195 4436 est,
2229 4370 2347 4440 quia
2368 4369 2560 4423 caelum
2592 4372 2914 4435 penetraret,
2945 4360 3321 4428 astipulatores
3351 4369 3408 4408 as
3437 4358 3659 4414 itciunt,

2094 4472 2147 4517 et
2175 4463 2295 4530 quia
2322 4461 2371 4513 in
2391 4459 2573 4510 eadem
2594 4456 2770 4524 specie
2793 4468 2890 4521 qua
2914 4458 3215 4517 assumptus
3240 4455 3321 4501 est
3347 4444 3413 4498 ab
3441 4444 3565 4503 illis,
3595 4441 3661 4494 ad

431 4561 571 4605 nunc
599 4563 724 4602 vero
754 4564 847 4618 per
879 4559 1039 4605 totam
1073 4562 1281 4607 noctem
1324 4554 1517 4608 frustra
1549 4556 1600 4610 in
1635 4557 1885 4624 piscando
1916 4556 1992 4609 la-
2027 4544 2067 4598 D
2094 4549 2408 4622 judicandos
2436 4549 2585 4601 vivos
2628 4555 2683 4600 et
2728 4551 2967 4597 mortuos
3013 4551 3265 4595 venturus
3314 4544 3476 4601 esset,
3516 4534 3657 4587 dixe»

434 4636 765 4702 uorantibus,
818 4640 932 4706 ipse
979 4647 1125 4694 stans
1167 4640 1218 4694 in
1268 4641 1445 4696 littore
1495 4645 1838 4698 multitudine
1890 4645 1997 4712 pis-

431 4727 572 4779 cium
602 4735 715 4781 rete
742 4742 924 4781 eorum
955 4729 1346 4798 compleverat;
1379 4742 1432 4784 et
1463 4732 1600 4786 inter
1631 4733 1994 4803 prandendum

436 4820 589 4873 beato
616 4818 772 4874 Petro
797 4830 916 4889 post
956 4821 1132 4875 claves
1172 4823 1319 4892 regni
1349 4824 1603 4879 caelorum
1644 4840 1707 4881 ac
1742 4827 2000 4882 retentio-

434 4924 531 4966 nes
580 4910 1000 4966 relaxationesve
1030 4922 1386 4979 peccatorum,
1417 4915 1593 4967 ovium
1645 4929 1858 4968 suarum
1909 4930 2001 4968 cu-

433 5014 548 5054 ram
594 5002 862 5069 praecepit,
908 5010 962 5056 et
990 5003 1112 5071 quia
1160 5019 1254 5072 pro
1292 5006 1598 5059 earumdem
1650 5020 1775 5061 cura
1822 5006 1999 5061 ovium

436 5104 647 5149 crucem
673 5093 945 5147 subiturus
972 5102 1113 5147 esset
1138 5094 1417 5150 intiinavit.
1445 5095 1645 5152 Deinde
1685 5097 1736 5151 in
1762 5107 1999 5151 montem

438 5181 721 5249 quemdam
765 5197 976 5239 secutos
1022 5184 1074 5239 in
1124 5186 1224 5240 lide
1269 5187 1534 5254 soliduvit,
1562 5196 1617 5243 et
1663 5189 1914 5258 praecepit
1945 5198 2003 5242 ut

441 5273 579 5326 irent
603 5274 781 5327 docere
809 5292 977 5329 omnes
1007 5287 1197 5346 gentes,
1228 5261 1276 5331 εἰ
1316 5278 1575 5345 baptizare
1614 5295 1697 5333 eos
1723 5279 1774 5333 in
1802 5279 2006 5332 nomine

441 5360 636 5429 Patris,
663 5374 709 5416 et
764 5363 889 5419 Filii
932 5377 979 5419 et
1028 5367 1253 5434 Spiritus
1295 5370 1487 5433 sancti;
1520 5369 1756 5422 docentes
1807 5383 2005 5423 servare

441 5454 609 5507 omnia
638 5453 852 5522 (Matth.
903 5472 1093 5521 ssvm,
1130 5458 1217 5526 19)
1245 5473 1579 5528 quaecunque
1624 5461 1736 5529 ipse
1787 5461 2007 5514 manda-

441 5556 587 5600 verat
631 5548 755 5612 illis,
787 5557 840 5603 et
882 5549 953 5603 ait
996 5550 1137 5605 illis:
1175 5551 1276 5618 Qui
1319 5552 1585 5606 crediderit
1631 5564 1677 5605 et
1719 5547 2005 5621 baptizaius

440 5698 973 5838 iangtigririnmprndi.
1032 5704 1385 5774 Exscriptoris
1437 5707 1703 5764 mendum.
1758 5706 2009 5765 Rescribe

2099 4648 2241 4693 runt.
2275 4638 2422 4690 Tunc
2466 4643 2522 4688 ut
2568 4634 2665 4687 sibi
2714 4648 2742 4684 a
2791 4629 3125 4684 dominatore
3170 4627 3290 4682 caeli
3342 4631 3661 4694 prtrceptum

2098 4737 2234 4796 erat,
2277 4726 2569 4781 Jerusalem
2622 4720 2867 4789 ingressi,
2909 4718 3075 4773 sancti
3117 4717 3344 4785 Spiritus
3374 4714 3662 4768 adventura:

2100 4817 2342 4886 suSpensi
2397 4812 2863 4884 praestolabantur.
2906 4810 3003 4877 Qui
3051 4807 3256 4863 decima
3308 4806 3540 4875 posthmc
3578 4801 3663 4853 die

2102 4912 2269 4978 venit,
2304 4918 2358 4965 et
2383 4906 2622 4963 scientiae
2664 4903 2991 4973 perfectione
3037 4902 3156 4956 illos
3198 4900 3428 4957 edocuit,
3463 4904 3516 4949 et
3560 4893 3664 4946 lin-

2101 5017 2326 5074 guarum
2358 5002 2613 5053 varietate
2637 4996 2882 5061 donavit,
2911 5003 2964 5048 et
3006 4994 3259 5046 adversus
3296 4988 3495 5042 rabiem
3541 4999 3665 5053 per-

2105 5100 2327 5152 fidorum
2380 5090 2651 5148 roboravit
2699 5108 2711 5143 :
2758 5087 3169 5157 congruentibus
3219 5083 3283 5136 ad
3337 5082 3451 5134 hmo
3501 5077 3668 5148 signis

2104 5187 2355 5251 ostensis,
2405 5198 2539 5237 sono
2583 5179 2829 5235 videlicet
2881 5178 3034 5231 ﬂatus
3087 5170 3440 5232 vehementis,
3479 5178 3532 5222 et
3571 5167 3669 5220 Iin-

2105 5281 2222 5349 guis
2267 5278 2464 5349 igneis;
2512 5274 2665 5343 cujus
2713 5270 3026 5326 auctoritate
3072 5262 3381 5324 confortati,
3431 5275 3671 5315 resurre-

2106 5374 2334 5429 ctionem
2366 5367 2573 5422 Domini
2606 5364 2769 5418 nostri
2798 5362 2923 5415 .lesu
2951 5356 3145 5413 Christi
3191 5357 3511 5408 auctoritate
3548 5368 3672 5422 pro-

2110 5460 2320 5531 phetica
2349 5454 2777 5523 comprobantes,
2817 5449 2962 5502 mille
3006 5446 3297 5500 Judeorum
3346 5444 3533 5498 eodem
3586 5441 3673 5494 die

2106 5551 2171 5605 ad
2223 5549 2379 5603 fidem
2430 5552 2829 5601 convertuntur.
2868 5537 2936 5593 Et
2985 5539 3036 5591 in
3082 5536 3426 5606 sequentibus
3476 5533 3673 5605 aliquot

2181 5702 2207 5740 ι’
2242 5699 2469 5756 Indicio.
2521 5697 2594 5750 ita
2650 5710 2713 5749 ex
2779 5701 3035 5748 contextu
3088 5690 3475 5760 rescripsimus.
3536 5688 3671 5742 Edit.

2112 5773 2272 5843 male,
2302 5782 2358 5824 ut
2388 5768 2612 5836 videtur,
2639 5765 2862 5836 judicio.
