4018 6184
378 373 454 427 25
1884 369 2127 429 sanun.
3572 352 3642 404 96

395 492 583 543 millia.
627 487 921 557 Quamdam
962 503 1088 544 vero
1119 487 1326 542 turbam
1368 485 1703 541 sacerdotum
1745 483 1962 539 obedire
1992 485 2036 538 Α
2066 484 2155 529 aut
2184 471 2546 533 homicidium,
2578 470 2659 524 vel
2692 466 2989 522 convicium
3021 463 3296 526 conferre,
3324 470 3414 517 aut
3454 461 3643 513 falsum

403 583 525 637 lhlei
560 590 956 650 persuaserunt.

473 668 636 722 XXII.
684 668 889 722 lnterea
921 682 1047 721 vero
1094 666 1219 721 dum
1270 666 1448 720 omnia
1496 679 1654 733 supra
1705 663 1843 718 dicta
1878 663 1969 716 lie-

426 768 537 823 ent,
585 758 786 812 dimisit
833 757 1088 812 Dominus
1132 771 1319 811 omnes
1362 765 1549 826 gentes
1597 754 1799 825 ingredi
1855 754 1971 806 vias

398 865 543 913 suas,
576 858 631 904 et
660 849 1147 904 diversissimorum
1197 864 1443 903 errorum
1491 847 1830 917 opinionibus
1870 846 1971 899 im-

401 942 571 1007 pleri;
603 940 673 993 ita
710 950 767 993 ut
794 940 1010 1008 quidam
1051 939 1216 994 solem
1249 949 1301 993 et
1344 941 1519 992 lunam
1552 947 1605 992 et
1633 938 1836 1001 stellas,
1870 937 1971 989 mi-

402 1032 619 1085 nisteria
650 1031 901 1086 videlicet
954 1030 1199 1086 humanis
1244 1032 1428 1085 usibus
1474 1030 1748 1094 attributa,
1781 1028 1974 1082 divinis

404 1121 692 1175 honoribus
738 1121 1090 1175 celebrarent.
1124 1119 1230 1175 Alii
1277 1135 1405 1175 vero
1458 1119 1659 1190 majore
1704 1119 1974 1174 dementia

406 1210 566 1277 capti,
599 1223 702 1263 non
749 1210 921 1263 solum
962 1224 1147 1263 aurum
1188 1220 1241 1263 et
1270 1219 1567 1277 argentum,
1599 1209 1693 1263 sed
1737 1217 1789 1263 et
1832 1208 1974 1278 ligna

406 1308 454 1352 et
487 1297 710 1367 lapides,
754 1299 1141 1368 quadrupedis,
1187 1297 1456 1367 serpentia
1504 1313 1599 1352 seu
1634 1296 1888 1363 volatilia,
1921 1305 1976 1351 et

406 1390 516 1456 ipsa
564 1400 718 1443 terra:
749 1388 998 1457 virentia,
1032 1404 1129 1458 pro
1154 1390 1263 1444 Deo
1304 1398 1522 1445 auctore
1567 1400 1973 1443 venerarentur.

407 1480 641 1533 Tandem
675 1495 804 1549 ergo
833 1482 949 1549 pius
994 1492 1206 1537 creator
1233 1484 1496 1547 omnium,
1523 1484 1733 1553 quando
1776 1492 1831 1539 et
1880 1499 1978 1539 nos

406 1570 549 1637 ipsos
578 1570 1013 1625 adinventionum
1055 1583 1108 1626 et
1149 1573 1501 1641 pessimorum
1534 1584 1743 1628 actuum
1777 1586 1980 1629 nostro-

410 1675 525 1712 rum
556 1660 735 1729 pigere
763 1660 987 1717 deberet
1015 1678 1077 1717 ac
1109 1664 1329 1728 tardere,
1359 1665 1557 1719 direxit
1601 1666 1665 1718 ad
1702 1680 1796 1719 nos
1845 1681 1977 1735 apo-

408 1749 574 1802 stolos
616 1764 741 1804 suos
787 1752 875 1818 qui
907 1750 1163 1806 docerent
1208 1768 1305 1807 nos
1337 1754 1404 1807 ab
1433 1754 1513 1807 his
1542 1756 1695 1808 vanis
1739 1756 1976 1808 converti

2071 565 2430 621 testimonium
2494 562 2560 617 de
2638 561 2993 629 qualicunque
3075 558 3297 611 crimine
3361 563 3649 624 praesumat

2070 658 2312 720 inurere;
2344 655 2436 710 sed
2480 656 2597 709 sitis
2644 653 2870 707 invicem
2912 651 3149 719 benigni,
3184 657 3237 704 et
3262 648 3522 702 donantes
3556 661 3645 697 vo.

2070 747 2433 814 bismetipsis,
2518 745 2657 798 sicut
2718 742 2859 797 Deus
2940 740 3160 795 donavit
3214 740 3369 793 vobis
3430 750 3647 805 peccata

2073 849 2268 892 veStra.
2321 838 2386 890 Et
2439 836 2630 889 delicta
2684 833 2956 902 praeterita
3010 831 3340 899 poenitentiae
3392 828 3648 882 remediis

2076 931 2157 985 vel
2194 932 2652 997 elecmosynarum
2702 925 2948 993 largitate
2987 923 3332 986 redimentes,
3368 920 3650 973 imminen-

2076 1022 2146 1075 tia
2184 1036 2302 1074 cnm
2353 1018 2445 1072 Dei
2494 1015 2756 1085 adiutorio
2789 1028 3089 1084 praecavere
3134 1011 3418 1065 studeatis.
3463 1009 3648 1063 Scien-

2077 1121 2155 1166 tes
2183 1120 2235 1164 et
2264 1109 2405 1163 diem
2438 1107 2700 1177 generalis
2745 1104 2927 1173 jndicii
2974 1103 3084 1172 jam
3128 1101 3347 1169 jamque
3381 1098 3647 1167 proxima—

2077 1217 2157 1264 re,
2198 1210 2251 1254 et
2295 1201 2550 1253 incertam
2589 1195 2813 1265 singulis
2858 1194 3032 1247 exitus
3078 1192 3159 1246 sui
3207 1190 3391 1243 horam
3440 1188 3646 1256 impen-

2078 1296 2226 1348 dere.
2261 1293 2322 1346 Et
2358 1291 2573 1360 quidem
2625 1289 2801 1358 magni
2825 1283 3013 1356 jndieii
3057 1282 3345 1337 novissima
3377 1280 3492 1334 dies
3517 1296 3649 1333 euu-
3692 1340 3703 1351 ,

2079 1387 2180 1440 etis
2227 1393 2310 1438 est
2355 1382 2670 1436 mortalibus
2721 1377 3153 1447 expavescenda,
3188 1384 3243 1427 ut
3292 1382 3414 1440 puta
3463 1371 3516 1423 in
3547 1383 3649 1437 qua

2081 1479 2211 1533 nihil
2252 1480 2605 1531 incorrectum
2640 1475 2839 1543 absque
2885 1469 3121 1525 eternali
3168 1481 3322 1538 paena
3354 1462 3652 1518 remanebit

2082 1569 2329 1624 inultum.

2153 1659 2342 1713 XXIV.
2374 1656 2479 1713 Sed
2525 1671 2629 1710 non
2681 1654 2857 1709 minus
2908 1650 3113 1706 cunctis
3160 1647 3492 1717 sapientibus
3522 1659 3656 1712 qun—

2085 1752 2338 1805 tidianum
2390 1749 2481 1803 Dei
2528 1748 2783 1817 judicium
2845 1742 3239 1797 formidandum
3299 1748 3402 1802 est,
3447 1751 3554 1804 quo
3601 1744 3655 1788 et

407 1838 471 1890 ad
516 1838 680 1893 Deum
728 1840 906 1894 vivum
961 1851 1014 1895 et
1061 1858 1265 1911 verum,
1323 1854 1377 1899 et
1430 1856 1740 1912 exspectare
1785 1843 1975 1898 Filium
2013 1843 2052 1902 Β
2084 1842 2339 1910 quosdam
2372 1839 2672 1909 probandos
2702 1835 3095 1905 dispensatorie
3126 1829 3335 1898 reliquit
3367 1828 3418 1881 in
3454 1826 3653 1880 mundo

412 1929 529 1994 ejus
552 1929 620 1982 de
644 1930 815 1991 ctelis.
841 1940 894 1985 et
923 1931 974 1984 in
1005 1933 1345 2001 perceptione
1372 1934 1599 2004 Spiritus
1629 1935 1796 1988 sancti
1822 1951 1977 2002 quem

410 2017 464 2071 in
496 2019 709 2073 Christo
748 2022 1045 2087 regenerati
1079 2026 1411 2091 percepimus
1442 2027 1807 2079 remissionem
1856 2039 1979 2096 pec-

407 2119 649 2164 catorum
675 2115 929 2181 consequi
962 2127 1057 2168 nos
1079 2116 1444 2170 crederemus.

488 2202 672 2256 XXI“.
702 2202 869 2271 Hujus
901 2204 1059 2273 igitur
1090 2206 1368 2275 legationis
1413 2221 1509 2260 nos
1554 2206 1753 2275 indigni
1786 2206 1984 2260 nostris

412 2294 744 2360 temporibus
776 2294 945 2347 vicem
986 2306 1255 2364 gerentes,
1297 2298 1641 2351 obsecramus
1689 2313 1783 2364 pro
1830 2295 1984 2352 Citri-

407 2394 515 2441 sto,
546 2387 757 2437 utsicut
782 2385 1050 2453 quondam
1081 2386 1131 2440 in
1168 2387 1452 2455 baptismo,
1488 2388 1559 2442 ita
1589 2404 1801 2457 semper
1825 2389 1985 2443 abre-

414 2474 671 2527 nuntietis
698 2473 908 2529 diabolo
938 2484 991 2530 et
1010 2477 1255 2533 omnibus
1286 2480 1533 2546 operibus
1560 2480 1697 2547 ejus,
1727 2489 1778 2534 et
1809 2480 1986 2533 omni-

414 2564 514 2616 hm
545 2565 752 2634 pompis
781 2565 931 2634 ejus;
966 2576 1019 2620 et
1047 2572 1382 2636 cognoscatis
1413 2586 1572 2623 unum
1604 2585 1785 2624 verum
1820 2571 1982 2625 Deum

414 2656 632 2709 Patrem
673 2671 887 2726 semper
915 2659 967 2714 in
999 2659 1133 2715 coelo
1165 2670 1494 2729 regnantem,
1528 2672 1577 2716 et
1600 2663 1981 2731 sempiternam

418 2748 745 2815 Sapientiam
777 2750 892 2818 ejus
939 2753 991 2805 in
1026 2761 1265 2819 tempore
1308 2768 1403 2822 pro
1432 2754 1583 2806 nobis
1632 2753 1981 2816 incarnatam,

412 2852 467 2895 et
495 2855 736 2896 sinctum
769 2843 1024 2911 Spiritum
1073 2852 1289 2899 aeterna:
1321 2846 1509 2915 pignus
1557 2845 1743 2899 salutis
1784 2845 1835 2898 in
1889 2845 1987 2899 hac

415 2932 569 2985 vobis
619 2934 1043 3000 leregrinatione
1090 2948 1438 3001 concessum;
1487 2947 1644 3006 a'que
1694 2935 1761 2989 ita
1809 2936 1986 2989 vivere

410 3024 633 3088 curetis,
661 3024 797 3078 sicut
844 3024 936 3078 Dei
970 3025 1107 3081 ﬁlios
1137 3026 1327 3081 decere
1368 3026 1712 3095 cognovistis,
1746 3027 1986 3081 devitau.

414 3123 497 3167 tes
537 3113 671 3182 gula:
717 3114 1223 3183 concupiscentiam,
1273 3124 1328 3171 et
1375 3115 1650 3169 ebrietatis
1693 3116 1977 3181 insaniam,

2082 1934 2146 1987 ad
2198 1942 2426 1999 tempus,
2477 1929 2731 1998 quosdam
2780 1941 2907 1979 vero
2956 1924 3036 1977 his
3081 1922 3223 1990 juste
3268 1917 3654 1972 condemnatus

2081 2025 2417 2083 obliviscitur
2448 2026 2498 2078 in
2532 2029 2863 2091 perpetuum.
2898 2017 3044 2071 Alios
3090 2027 3302 2084 quoque
3334 2011 3423 2064 diu
3459 2009 3648 2078 jacen-

2085 2129 2163 2173 tes
2212 2119 2262 2170 in
2312 2115 2622 2169 criminibus
2667 2127 2822 2165 manu
2879 2106 3258 2162 misericordia:
3311 2118 3421 2155 sua:
3470 2102 3651 2153 levat:

2082 2214 2214 2268 alios
2242 2219 2418 2263 autem
2450 2206 2516 2259 de
2548 2214 2756 2274 peracta
2795 2198 2995 2271 justitia
3030 2204 3410 2265 praesumentes
3436 2198 3458 2224 δι
3496 2190 3650 2244 foeda:

2083 2301 2349 2372 quondam
2402 2294 2633 2365 passioui
2680 2291 2961 2347 concedit:
3006 2288 3104 2341 bos
3153 2300 3279 2340 vero
3338 2297 3657 2352 quocunque

2086 2391 2307 2445 verbere
2354 2387 2612 2441 coercitos
2644 2396 2806 2452 usque
2858 2381 2909 2434 in
2961 2380 3116 2433 linem
3158 2377 3222 2432 ab
3249 2375 3392 2430 omni
3435 2388 3653 2442 prorsus

2085 2484 2345 2537 scelerum
2392 2478 2512 2532 labe
2558 2474 2808 2530 custodit.
2839 2471 3099 2539 Quocirca
3139 2468 3239 2522 sub
3283 2467 3366 2520 his
3403 2465 3492 2519 Dei
3516 2463 3657 2532 judi-

2085 2574 2181 2628 ciis
2211 2571 2497 2639 unicuique
2526 2566 2577 2620 in
2614 2566 2711 2618 hac
2752 2564 2859 2616 vita
2893 2559 3232 2615 metuendum
3262 2565 3364 2619 est,
3395 2565 3453 2608 ut
3482 2553 3533 2607 in
3581 2552 3659 2603 fu-

2090 2672 2207 2715 tum
2252 2658 2457 2729 judicio
2488 2656 2556 2710 ab
2601 2652 2745 2707 omni
2788 2660 2935 2705 metu
2977 2657 3316 2719 peccatorum
3368 2653 3423 2699 et
3467 2641 3657 2696 mortis

2087 2754 2287 2809 absolvi
2346 2757 2637 2805 mereatur.
2694 2746 2831 2798 Dens
2885 2740 3263 2811 omnipotens,
3335 2736 3422 2801 qui
3490 2748 3662 2787 omnes

2088 2848 2316 2899 homines
2360 2841 2465 2895 vult
2508 2840 2672 2894 salvos
2709 2837 2846 2906 ﬁeri,
2873 2843 2919 2887 et
2966 2832 3034 2885 ad
3079 2830 3388 2900 agnitionem
3434 2824 3662 2878 veritatis

2089 2939 2252 2992 venire
2277 2935 2330 3007 (1
2359 2933 2491 2988 Tim.
2526 2947 2586 2994 ll,
2625 2929 2694 2997 ί),
2727 2926 2814 2997 qui
2863 2926 2975 2979 haec
3027 2937 3121 2992 per
3161 2919 3511 2974 ministerium
3564 2916 3664 2968 lin-

2086 3046 2203 3101 gnte
2230 3036 2427 3082 nostra:
2456 3023 2674 3077 auribus
2693 3026 2884 3073 vestrm
2915 3011 3261 3070 fraternitatis
3293 3010 3517 3072 inludit;
3551 3010 3663 3074 ipse

2096 3096 2190 3189 per
2220 3118 2439 3185 gratiam
2470 3128 2621 3167 suam
2661 3110 2847 3163 eadem
2881 3110 2931 3160 in
2964 3102 3216 3158 cordibus
3250 3098 3440 3155 vestris
3474 3096 3661 3149 frtnzti-

415 3207 779 3260 lornicationis
827 3206 1218 3259 immunditiam
1247 3248 1261 3272 ,
1310 3206 1552 3260 avaritiae
1608 3206 1981 3271 idololatriatn,
2018 3191 2062 3251 C
2098 3185 2257 3267 ticam
2285 3208 2463 3273 faciat,
2512 3211 2832 3272 cnoperante
2863 3196 3088 3251 Domino
3131 3200 3314 3247 nostro
3344 3189 3468 3244 Jesu
3513 3185 3665 3239 Chri-

417 3296 511 3349 ira:
553 3296 842 3358 vesaniam.
897 3296 1128 3351 tristitia:
1172 3298 1441 3364 nebulam,
1495 3296 1637 3351 tmdii
1686 3311 1986 3361 rancorem,

418 3386 624 3441 invidia:
658 3390 975 3455 rubiginem,
1009 3391 1295 3445 inﬂationis
1336 3391 1671 3455 inanitatem,
1722 3388 1990 3457 superbia:

419 3482 852 3547 subversionem;
885 3494 940 3537 et
984 3484 1157 3537 nullus
1199 3484 1418 3539 cuilibet
1456 3483 1759 3537 Christiano
1792 3480 1989 3536 furtum

489 3648 514 3675 ⁸
545 3641 745 3698 For-dte.
778 3646 1001 3717 B.:snag.
1035 3648 1215 3710 cdiio.
1252 3665 1555 3718 perperam,
1585 3650 1737 3720 (inde.

422 3802 1475 3835 m—

2094 3313 2199 3369 sto,
2231 3313 2280 3356 et
2305 3300 2503 3371 Spiritu
2533 3294 2821 3368 paracleto.
2855 3288 3170 3345 Benedictus
3200 3282 3337 3338 Deus
3366 3281 3417 3335 in
3448 3277 3664 3335 saecula.

2097 3399 2291 3452 Amen.

2010 3809 2076 3817 __
2183 3809 2193 3815 _
2200 3802 2686 3815 _______.__..__—
2694 3779 3656 3815 ww
3264 3794 3661 3812 ________......

1517 3806 2757 3819 _______._______________.__7
2786 3806 2795 3807 ,

1546 3962 2555 4076 APPENDIX.

1270 4284 2005 4363 EPIGRAMMATA
2055 4317 2151 4357 seu
2187 4278 2521 4357 IIYMNI
2567 4272 2848 4351 SACRI

882 4488 1518 4605 ANTIQUORUM
1590 4483 1992 4584 PATBUM
2062 4477 2655 4580 MONASTEBII
2729 4475 2802 4571 S.
2879 4472 3229 4599 GALLI,

636 4724 1055 4792 nenmnm,
1101 4721 1584 4790 COLUMBANI,
1632 4714 2114 4793 ECKERARDI,
2165 4708 2683 4793 manuus],
2719 4697 3480 4793 ggrntgntpALBULl.

952 4782 1298 4864 NO'TKEtu
1341 4782 1640 4871 MEDICI,
1676 4782 2688 4871 ni'rpsnrtjsrnnutsape!
2708 4782 3173 4871 [asumma

1202 4863 1679 4955 TUTELONIS,
1726 4863 2264 4942 wacuaaunt,
2307 4863 2907 4937 ANONYMORUM;

848 5043 880 5083 Δ
918 5039 1166 5084 (ἈΝῙΞΙΟ
1196 5039 1443 5083 PRIMUM
1480 5038 1561 5081 EX
1594 5033 2059 5080 VETUSTISSIMIS
2092 5031 2195 5075 MS.
2231 5027 2562 5074 CODICIBUS
2594 5023 2811 5070 SANCTI
2849 5022 3030 5067 GALLI
3067 5020 3283 5065 EDITA.

1563 5228 1916 5290 CANlSIUS
1961 5227 2065 5287 AD
2113 5224 2562 5288 LECTOREM.

503 5383 792 5441 Illustrium
828 5381 1054 5435 virorum
1098 5376 1404 5433 monasterii
1450 5374 1627 5430 Sancti
1664 5372 1799 5429 Galli
1843 5385 1994 5425 sacra

425 5456 675 5512 carmina
704 5454 788 5505 ubi
818 5454 951 5515 vidi,
998 5453 1153 5515 digna
1184 5450 1367 5503 censui
1399 5448 1544 5509 luce,
1587 5454 1696 5515 tum
1728 5444 1796 5495 ob
1822 5443 1999 5497 θιἪιΙίσ

427 5531 635 5581 tionem
659 5564 673 5584 .
722 5534 829 5575 tum
860 5524 927 5573 ob
960 5524 1202 5588 pietatem
1230 5558 1245 5581 ,
1295 5528 1348 5571 et
1390 5516 1470 5570 vel
1520 5514 1749 5588 maxime
1788 5521 2001 5588 propter

430 5580 797 5651 vcnerandam
826 5580 1213 5660 antiquitatem.
1252 5590 1497 5660 Ejusdem
1528 5586 1706 5660 indicii
1733 5583 1826 5660 fuit
1851 5580 2000 5660 nobi-

431 5668 674 5722 lissimus
707 5664 914 5716 Marcus
945 5653 1222 5724 \ielserus,
1265 5653 1351 5729 qui
1384 5659 1435 5729 in
1469 5657 1658 5729 litteris
1689 5653 2001 5729 quibusdam

434 5737 665 5799 scribit,
715 5734 830 5786 hazc
859 5747 1007 5785 saera
1038 5723 1405 5785 carmina'sihi
1437 5724 1677 5799 apprime
1707 5723 2001 5799 placuisse,

430 5810 508 5862 iqa
549 5816 603 5859 ut
644 5794 900 5858 interdum
929 5818 1053 5874 pene
1084 5802 1335 5871 lacrgmas
1368 5797 1708 5862 excuswrint,
1755 5794 2016 5863 antiquam

2104 5371 2334 5429 pietatem
2371 5383 2484 5419 cum
2523 5366 2707 5419 nostris
2745 5360 3046 5427 temporibus
3078 5362 3352 5428 conferent:
3382 5356 3688 5429 ,_ita_yen_im

2104 5424 2337 5506 loquitur
2369 5438 2639 5491 Velserus.
2687 5424 2960 5506 Debemus
2983 5424 3365 5506 h:ec_c_armina
3505 5424 3561 5477 Ρ.
3596 5426 3689 5481 Jo~

2103 5496 2240 5564 ἀυὲο
2271 5510 2544 5573 Metzlero,
2589 5504 2899 5573 monasterii
2930 5500 3110 5573 Sancti
3139 5496 3582 5573 Galli__prol:esso,
3630 5507 3686 5551 et

2106 5595 2377 5635 sacrorum
2409 5566 2668 5630 canonum
2699 5572 2934 5632 tl-tClOl‘i,
2979 5571 3069 5637 qui
3102 5570 3245 5621 misit
3279 5566 3522 5637 libellum
3576 5581 3680 5621 tns.

2107 5665 2263 5719 quem
2299 5649 2473 5719 studio
2521 5656 2594 5719 et,
2621 5658 2803 5719 amore
2833 5636 3165 5719 antiquitatis
3197 5636 3683 5719 conscripsit-nvo.

2111 5706 2301 5785 eatque
2328 5716 2634 5772 Memoriale
2664 5712 2946 5766 illustrium
2968 5706 3203 5762 virorum
3227 5706 3411 5785 Sancti
3440 5706 3602 5785 Galli,
3632 5708 3686 5759 in

2122 5773 2273 5859 cujus
2302 5791 2468 5858 prima
2500 5795 2647 5856 parte
2668 5785 2902 5838 illustres
2928 5788 3247 5849 sanctosque
3271 5778 3415 5831 viros
3439 5773 3689 5843 ejusdem
