4018 6184
278 293 345 347 53
740 292 1252 349 ‘EPICBAIIMATA
1289 292 1421 348 SEU
1465 289 1675 345 IIYMNI
1716 282 1917 343 SACRI
1963 279 2185 346 ANTIO.
2233 275 2515 333 PATIKUM
2560 274 2721 330 MON.
2762 274 2820 330 S.
2865 274 3092 329 GALLI.
3486 274 3553 330 3‘

279 409 563 472 lartinus,
591 405 872 470 Proculus,
905 402 1194 465 Cmsarius,
1230 402 1601 470 Eusebiusque
1888 402 1939 458 Δ

360 501 531 555 Orent
559 512 655 564 pro
682 495 884 550 nostris
912 494 1229 547 criminibus
1257 494 1437 546 variis.

278 592 422 648 Ordo
451 600 697 643 sacratus
723 586 1094 640 confessorum
1126 586 1540 653 praecipuorum.

348 681 564 736 Auxilio
595 687 744 732 tutos
773 678 1011 744 undique
1038 676 1206 729 redde
1236 687 1377 729 tuos.

278 775 449 841 Atque
479 782 569 823 tua
603 776 817 823 nosmet
848 782 1027 835 prece,
1058 765 1380 820 dimittendo
1415 776 1646 830 reatum,

350 864 458 918 Nos
486 860 707 931 fragiles
740 858 967 913 multum
993 858 1233 912 cladibus
1264 858 1584 927 omnigenis.

278 954 477 1007 Paulus
503 960 560 1005 et
592 950 886 1013 Antonius,
918 947 1241 1011 Macharius,
1270 947 1654 1016 ArseniuSqne,

353 1043 699 1108 Pachumius,
736 1039 898 1103 Beda,
932 1039 1129 1103 Attztla,
1165 1040 1459 1092 Pafnutius.

282 1135 571 1199 Dertolfus,
607 1132 938 1197 Libertinos,
976 1130 1219 1193 Basilius,
1249 1140 1413 1197 atque

354 1228 712 1294 Hieronymus
741 1224 949 1285 doctor,
980 1236 1077 1275 nos
1097 1221 1351 1273 miserate
1378 1233 1585 1287 precor.

282 1319 430 1375 Galle
458 1318 549 1371 Dei
573 1316 767 1370 sumini
798 1315 951 1368 miles
978 1313 1267 1368 fortissime
1294 1311 1496 1366 Christi

353 1410 517 1463 Nobis
546 1421 690 1461 nunc
720 1404 930 1459 famulis
956 1404 1213 1457 auxiliare
1246 1403 1373 1457 tuis.

282 1503 365 1557 Nil
388 1502 465 1554 sic
496 1497 1062 1569 perspicuumvpoterit
1088 1508 1186 1548 nos
1209 1494 1349 1547 clara
1381 1492 1602 1559 referre,

358 1590 425 1646 Ut
454 1591 615 1643 decet
640 1590 692 1642 in
720 1587 812 1641 tali
840 1601 981 1641 nunc
1008 1587 1172 1654 patris
1201 1586 1476 1653 obsequio.

283 1681 381 1737 liic
413 1680 508 1733 tibi
540 1681 815 1747 perpetuis
847 1684 1101 1730 resonent
1128 1676 1477 1730 concentibus
1504 1673 1646 1729 aedes
1678 1694 1693 1737 ;

356 1771 582 1826 Ossibus
610 1776 667 1823 et
688 1769 852 1822 sacris
878 1782 1090 1835 semper
1110 1766 1335 1820 habetur
1360 1766 1548 1819 honos.

284 1864 419 1919 Cum
450 1865 559 1918 lmti
593 1862 769 1915 lainuli
802 1861 1077 1915 celebrant
1104 1859 1187 1912 hic
1222 1859 1354 1912 festa
1382 1856 1613 1925 benigni,

355 1957 638 2013 Laudibus
661 1956 919 2009 instantes
948 1962 1124 2019 nocte,
1158 1951 1349 2020 dieque
1378 1952 1483 2003 tuis

290 2052 471 2121 Dirige
499 2048 662 2103 corda
693 2048 834 2118 pius,
862 2055 917 2102 et
947 2053 1185 2114 tempora
1213 2044 1380 2112 dirige
1410 2051 1587 2097 nostra

363 2146 539 2211 Atque
569 2141 685 2194 dies
713 2140 865 2193 ltetos
894 2138 1087 2192 ducere
1108 2136 1177 2190 da
1206 2135 1432 2190 famulos

291 2234 361 2291 Ol
390 2248 607 2302 semper
634 2231 849 2285 valeant
876 2230 1083 2285 tibimet
1107 2239 1322 2283 cantare
1350 2227 1533 2296 quieti,

356 2323 437 2376 Te
466 2337 678 2391 quoque
708 2320 915 2374 caelesti
947 2333 1169 2374 cernere
1191 2319 1306 2373 luce
1334 2317 1458 2386 poli.

284 2415 328 2471 0
358 2416 570 2471 Dilecta
599 2415 690 2469 Dei
723 2414 942 2469 radians
972 2413 1166 2468 virtute
1189 2426 1433 2477 corusca,

357 2507 555 2563 Sancte
582 2506 840 2560 Ottimare
872 2512 1042 2574 pater,
1067 2505 1229 2573 junge
1261 2518 1444 2572 preces
1478 2502 1673 2570 pariter
1702 2519 1716 2567 ;

289 2600 569 2654 lntercede
597 2599 736 2668 pius,
772 2598 981 2651 veniam
1013 2595 1285 2666 poscendo
1316 2595 1559 2663 misellis,

370 2696 621 2760 Aureque
641 2690 756 2759 jam
790 2689 977 2743 blanda
1006 2690 1239 2743 carmina
1263 2687 1577 2757 percipiens.

288 2786 510 2839 Summe
539 2783 629 2837 Dei
654 2782 853 2847 cultor,
885 2782 1265 2835 monachorum
1295 2789 1495 2844 rector,
1521 2787 1577 2834 et
1608 2780 1777 2841 Abba,

361 2867 408 2923 Ο
435 2869 745 2934 Benedicte,
778 2882 950 2931 sacer,
979 2875 1137 2937 atque
1171 2866 1394 2935 benigne
1427 2876 1593 2933 pater.

290 2957 437 3013 Istud
464 2957 792 3025 cmnobium,
823 2965 1129 3024 cretamque
1168 2956 1260 3010 tibi
1290 2953 1653 3019 famulantum,

361 3050 666 3120 Nostraque
697 3047 1043 3104 sanrtil‘icans
1071 3054 1262 3102 cuncta
1296 3055 1444 3102 tuere
1473 3047 1650 3101 simul.

291 3142 572 3207 Felicitas,
607 3140 781 3207 Felix,
814 3140 1035 3204 Eulalia,
1066 3139 1255 3207 Digna,
1289 3137 1514 3201 Verena,

364 3233 782 3302 Petronellaque
812 3246 934 3285 cum
968 3232 1050 3300 pia
1083 3228 1370 3298 Perpetua,

294 3326 496 3395 Agnes,
522 3332 685 3393 atque
726 3321 979 3392 Agathes,
1003 3318 1325 3384 Christiana,
1356 3318 1642 3386 Euprepta,
1674 3314 1855 3379 Tecla,

372 3415 691 3484 Euphemia,
729 3414 950 3483 Regula,
985 3412 1217 3482 Eugenia
1243 3418 1404 3479 atque
1436 3408 1602 3463 Bona.

296 3507 621 3576 Virginitate
652 3506 850 3561 chorus
876 3502 1222 3572 resplendens
1250 3500 1652 3555 candidularnm

368 3596 549 3651 Turba
581 3594 879 3664 puellarum
904 3591 1208 3663 integritate
1236 3591 1433 3644 nitens.

301 3690 437 3755 Quae
464 3687 685 3756 geminis
712 3683 911 3754 gaudes
933 3683 1206 3752 pulchrum
1235 3680 1482 3735 decorata
1511 3677 1721 3733 coronis

374 3777 553 3831 Laude
582 3775 877 3846 pudicitia,
910 3772 1258 3843 martyriique
1280 3769 1459 3824 simul.

294 3867 500 3924 Omnes
527 3881 670 3921 nunc
691 3867 862 3920 sancti
888 3865 1084 3919 nostris
1123 3863 1420 3917 succurrite
1450 3861 1611 3930 lapsis

374 3960 441 4013 Et
466 3960 678 4013 veniam
708 3957 913 4012 cunctis
943 3956 1078 4011 ferte
1096 3954 1332 4023 juvando
1358 3952 1538 4006 malis.

300 4054 435 4109 Nam
468 4051 663 4107 vestris
695 4051 960 4119 precibus,
994 4047 1173 4117 petitis
1196 4059 1525 4115 qumcunque
1546 4049 1793 4111 rogantes

375 4145 578 4197 Annuit
605 4144 718 4209 ipse
750 4142 892 4209 pius,
924 4140 1103 4206 nilque
1134 4146 1287 4205 negat
1316 4135 1589 4187 Dominus.

299 4237 495 4291 Pacem
524 4243 835 4303 perpetuam
864 4230 1152 4300 rogitamus
1183 4228 1427 4299 prospice
1454 4225 1690 4291 Christe,

381 4329 450 4382 Et
478 4342 622 4381 sanae
647 4326 771 4379 vitae
798 4324 983 4395 gaudia
1012 4323 1165 4393 longa
1190 4321 1299 4376 diu.

298 4420 642 4488 Temperiem
670 4418 793 4473 cmli
828 4415 1088 4479 tribuens,
1126 4420 1184 4466 ut
1213 4412 1365 4479 copia
1397 4410 1604 4480 frugum

374 4511 637 4567 Omnibus
665 4506 914 4574 exundet,
950 4506 1111 4561 ubere
1138 4504 1344 4557 ltetitia.

304 4605 460 4670 Agne
492 4603 583 4656 Dei
616 4600 807 4670 patris,
840 4600 928 4667 qui
960 4596 1141 4651 mundi
1168 4595 1393 4649 erimina
1424 4592 1567 4647 tollis

374 4691 569 4759 Optata
596 4688 741 4760 pacis
764 4703 982 4742 munera
1015 4686 1155 4740 dona
1185 4684 1311 4738 tuis.

306 4823 530 4881 Carmen
581 4823 901 4894 Sapphicam
941 4821 1223 4901 cuiusdam.
1250 4817 1486 4872 monachi
1531 4817 1707 4871 Sancti
1756 4814 1895 4869 Galli

980 4906 1243 4961 anongmi.

525 5008 770 5063 Christus
798 5005 862 5060 ad
894 5012 1103 5060 nostras
1127 5002 1304 5057 veniat
1327 5014 1620 5067 cammnas,

459 5097 703 5153 Christus
731 5106 786 5152 et
814 5111 1000 5152 vocem
1031 5095 1226 5149 tribuat
1255 5092 1545 5158 salubrem,

459 5190 702 5247 Christus
728 5199 781 5245 et
802 5192 963 5243 vitam
992 5185 1153 5241 vehat
1181 5184 1247 5237 ad
1275 5197 1566 5252 perennem

872 5279 942 5335 Se
972 5277 1327 5332 modulantes.

538 5392 727 5447 Audiat
757 5399 965 5445 nosmet
989 5389 1184 5443 chorus
1215 5384 1550 5453 angelorum,

463 5482 709 5553 Protegat
738 5496 837 5536 nos
868 5481 1015 5549 plebs
1040 5486 1094 5532 et
1124 5474 1513 5545 apostolorum,

461 5574 785 5628 Patriarcha‘.
812 5571 924 5637 Dei,
952 5569 1107 5624 simul
1137 5574 1193 5622 et
1220 5564 1499 5635 propheta:

915 5663 1041 5717 \‘ice
1064 5659 1306 5730 perenni.

536 5755 823 5827 Martyrum
854 5753 1037 5809 turbas
1064 5752 1297 5824 petimus
1329 5758 1576 5814 serenas,
1650 5742 1653 5747 ”

1992 4372 2271 4427 Fortitudo
2303 4380 2506 4435 nostra,

1920 4465 1970 4526 υ
1998 4461 2279 4516 Prudentia
2311 4470 2364 4515 et
2390 4458 2745 4528 temperantia
2776 4466 2983 4517 nostra.

2105 388 2390 457 Sanguinis
2420 388 2616 457 palma,
2650 384 2927 453 pretioque
2953 385 3149 448 claras,

2115 480 2271 535 Vocis
2298 486 2355 532 nt
2387 491 2588 531 nostrae
2619 475 2851 529 modulis
2875 474 3105 543 receptis

2498 566 2703 621 Gaudia
2729 576 3006 635 praestent.

2183 682 2335 738 Nunc
2362 680 2694 747 sacerdotes,
2728 680 3122 748 monachosque
3153 680 3331 738 claros

2114 774 2194 830 Ad
2224 789 2411 843 preces
2442 782 2653 827 nostras
2677 773 2854 841 cupidi
2886 789 3161 837 vocamus,

2113 867 2337 923 Nosmet
2368 876 2423 922 ut
2451 879 2667 934 semper
2695 864 2929 930 foveant,
2963 873 3018 919 et
3049 872 3229 917 nostra

2596 956 2734 1010 Pace
2765 954 2913 1009 suavi

2184 1071 2461 1140 Virginum
2495 1069 2707 1135 dulces,
2748 1067 3050 1136 nitidosque
3081 1067 3242 1124 ﬂores

2113 1164 2337 1230 Semper
2366 1162 2419 1215 in
2449 1170 2632 1214 nostro
2663 1160 2892 1227 petimus
2925 1158 3109 1212 favore

2117 1255 2248 1309 Esse
2280 1263 2569 1322 praasentes
2600 1252 2756 1305 simul
2787 1259 2841 1305 et
2865 1248 3109 1318 fugantes

2546 1344 2709 1399 Noxia
2736 1361 2978 1414 qumque.

2183 1455 2430 1509 Omnium
2465 1469 2591 1508 sane
2623 1457 2815 1508 rutilus
2847 1456 3054 1522 piorum

2116 1545 2303 1602 Castus
2331 1547 2395 1599 ad
2431 1555 2668 1598 nostram
2702 1545 2882 1614 vigilet
2910 1546 3163 1613 salutem,

2118 1637 2362 1693 luridum
2395 1637 2601 1706 pellens
2634 1637 2984 1706 rabidamque
3016 1636 3206 1703 furem,

2522 1728 2743 1782 Munere
2773 1726 2998 1781 Christi.

2186 1838 2424 1905 Christe,
2455 1853 2552 1893 nos
2578 1852 2767 1892 servos
2797 1839 3054 1891 miserare
3082 1836 3243 1901 fidos,

2117 1930 2199 1985 Ob
2229 1945 2440 1999 precem
2471 1937 2670 1982 sancta:
2696 1928 2982 1995 nitidaeque
3013 1928 3199 1993 plebis,

2119 2022 2262 2077 Inter
2292 2021 2390 2076 hos
2420 2018 2594 2090 Magni
2622 2018 2870 2072 meritum
2902 2018 3213 2081 recordans,

2554 2110 2781 2165 Maxime
2810 2108 3001 2164 Judex.

2192 2225 2293 2281 Per
2324 2239 2537 2279 crucem
2564 2231 2825 2286 sanctam,
2862 2220 3141 2275 moderare
3169 2227 3405 2274 nostram

2121 2316 2383 2371 Conditor
2409 2316 2595 2378 vitam,
2627 2312 2868 2367 tribuens
2891 2311 3131 2380 quietem

2125 2408 2356 2463 Perditis
2382 2405 2538 2474 culpa
2568 2404 2778 2458 veniam
2809 2401 3110 2471 rependens

2544 2494 2783 2549 Luminis
2808 2505 3014 2546 auCtor.

2194 2607 2346 2661 Pacis
2373 2616 2714 2674 augmentum
2743 2604 2946 2657 tribuas
2976 2614 3247 2670 rogamus,

2126 2701 2299 2770 thue
2323 2701 2593 2754 salvemnr
2620 2700 2816 2769 pariter
2848 2712 3146 2767 precamur,

2129 2800 2203 2847 Ac
2234 2792 2540 2846 reinittendi
2568 2793 2731 2845 decus
2754 2788 2996 2843 exhiberi

2567 2881 2642 2934 Te
2671 2882 2979 2933 miserante.

2205 2992 2447 3047 Etheris
2473 2989 2695 3044 blandos
2726 2987 3013 3056 facilesque
3039 2993 3237 3052 motus,

2132 3084 2319 3155 Frugis
2340 3095 2391 3139 et
2418 3084 2592 3153 largos
2622 3094 2863 3136 remeare
2889 3088 3148 3149 quaestus,

2130 3177 2369 3247 Regibus
2400 3175 2588 3240 vitam,
2622 3171 2933 3244 pepulisque
2964 3184 3146 3240 pacem

2526 3266 2623 3333 Da,
2658 3265 2815 3319 Pater
2836 3261 3002 3316 orbis.

2198 3378 2422 3434 Praesuli
2450 3385 2635 3432 nostro
2665 3374 2950 3429 dominans
2975 3372 3169 3434 favete,

2130 3470 2371 3539 lluicque
2396 3470 2671 3525 caelestem
2698 3465 2936 3521 tribuens
2965 3464 3226 3519 honorem

2132 3561 2482 3616 Posthumum
2510 3558 2651 3613 Petri
2684 3558 2841 3610 facito
2869 3553 3090 3623 perenni

2596 3647 2773 3702 Laude
2796 3645 2961 3700 beari.

2201 3745 2371 3811 Agne,
2396 3740 2483 3810 qui
2517 3739 2658 3793 tollis
2686 3738 2889 3791 facinus
2922 3748 3159 3800 reorum,

2128 3834 2386 3889 Conditor
2417 3831 2572 3897 lucis,
2604 3829 2861 3883 miserere
2889 3825 3064 3891 nobis,

2130 3928 2360 3993 Christe,
2394 3942 2491 3981 nos
2521 3924 2642 3979 andi
2674 3941 2688 3990 ;
2722 3923 2891 3976 Patris
2920 3921 3063 3975 alme
3096 3918 3216 3984 Fili,

2558 4017 2741 4086 Kyrie,
2773 4016 2997 4069 eleison.

2083 4152 2302 4206 Litaniw
2324 4150 2580 4220 Anonymi
2610 4149 2877 4220 cujusdam
2910 4144 3083 4197 Patris
3108 4140 3272 4195 sancti
3302 4137 3459 4195 Galli.

3144 4262 3290 4333 ῖῖῖὲ
3365 4267 3563 4323 Vincit.

3158 4348 3297 4421 iis
3376 4358 3569 4412 Vincit.

3145 4437 3291 4509 Ἦῖξ
3366 4448 3565 4504 Vincit.

3155 4523 3299 4597 iﬁi§
3372 4539 3571 4598 Vincit.

3165 4612 3306 4684 ᾖῙῖ
3376 4629 3574 4691 Vincit.

2060 4282 2330 4337 Auxilium
2363 4290 2625 4341 nostrum,

1997 4554 2264 4609 Liberatio
2283 4561 2337 4607 et
2366 4550 2665 4621 redemptio
2694 4560 2898 4617 nostra,

1996 4644 2174 4698 Murus
2204 4652 2387 4697 noster
2419 4639 2870 4712 inexpugnabdis,
3162 4639 3308 4710 ﬁt};

1996 4733 2230 4788 Victoria
2261 4741 2470 4797 nostra,
3157 4718 3295 4775 xus
3372 4725 3570 4780 Vincit.

1997 4826 2249 4882 Defensio
2280 4834 2337 4881 et
2360 4826 2615 4880 exaltatio
2646 4832 2849 4886 nostra,
3159 4799 3304 4872 ῖῖίξ
3373 4815 3567 4869 Vincit-

2066 4917 2167 4987 Ipsi
2197 4917 2295 4972 soli
2322 4916 2623 4985 imperium,
2652 4914 2839 4985 gloria,
2871 4923 2923 4969 et
2956 4920 3213 4982 potestas,
3248 4924 3341 4979 per
3367 4906 3571 4962 inﬁnita

1996 5008 2191 5062 saecula
2225 5008 2568 5062 sazeulorum.
2600 5007 2794 5060 Amen.

2068 5100 2166 5167 Ipsi
2194 5100 2289 5154 soli
2318 5102 2451 5165 laus,
2479 5100 2671 5166 honor,
2690 5095 3005 5165 etjubilatio
3027 5108 3119 5163 per
3144 5091 3351 5146 infinita
3369 5087 3563 5143 saecula

1996 5191 2337 5244 sreculorum.
2363 5193 2556 5244 Amen.

2070 5278 2175 5348 Ipsi
2202 5279 2301 5333 soli
2332 5279 2499 5333 virtus
2544 5286 2599 5332 et
2624 5278 2897 5340 fortitudo,
2929 5282 2984 5330 et
3025 5270 3247 5327 victoria
3278 5286 3370 5345 per
3395 5270 3574 5325 omnia

1997 5369 2190 5424 stecula
2220 5371 2563 5426 saeculorum.
2595 5372 2788 5425 Amen.

2067 5447 2203 5520 ῖίῖἒ
2233 5465 2413 5529 vincit,
2436 5446 2579 5520 ῑῑᾱ
2606 5472 2809 5533 regnat,
2996 5456 3239 5524 imperat.
3268 5450 3483 5522 (Tribus
3505 5451 3580 5503 ri-

1998 5556 2183 5624 ribus.)

2067 5648 2299 5717 Christe,
2320 5649 2441 5703 audi
2475 5661 2590 5701 nos.
2622 5646 2640 5713 (
2650 5644 2827 5698 Tribus
2850 5639 3085 5709 vicibus.)

2110 5738 2292 5808 Kyrie,
2323 5740 2546 5798 eleison.
2571 5736 2802 5803 Christe,
2833 5734 3056 5791 eleison.
3088 5729 3269 5801 Kyrie,
3301 5729 3527 5785 eleisoo.
