4006 6182
470 318 537 372 55
1539 313 1882 368 ΑΡΡΕΝΒΙΧ
1927 313 2016 366 AD

2161 311 2358 366 GALLI
2399 312 2709 368 SCRIPTA.‘
3666 318 3729 372 56

892 428 1016 484 Item
1047 431 1193 483 etiam
1226 428 1469 499 anonynti
1499 431 1622 482 alia.

466 543 616 596 Iluuc
643 541 803 595 diem.
1375 540 1411 606 ti)
1435 578 1450 593 .
1525 539 1713 592 Multos
1743 553 1932 591 annos.

467 635 616 688 Hunc
643 633 801 688 diem.
1371 631 1407 698 ιῆ
1429 669 1444 685 .
1521 630 1714 684 Multos
1746 645 1936 682 annos.

465 725 614 778 llunc
643 723 800 778 diem.
1370 721 1404 786 ti
1427 759 1441 772 .
1519 720 1709 774 Multos
1739 736 1930 774 annos.

467 819 620 872 Istam
651 816 1111 884 congregationem
1382 814 1417 873 ἡ
1441 851 1455 866 .
1536 813 1674 868 Deus
1703 822 2006 869 conservet.

463 906 618 958 Istam
649 909 1112 973 congregationem
1372 903 1408 970 ἢ
1430 943 1443 956 .
1526 903 1664 956 Deus
1695 913 2003 957 conservet.

1534 990 1672 1044 Deus
1700 999 2006 1046 conservet.

1527 1081 1664 1134 Deus
1694 1081 2036 1148 multiplicet.

1531 1171 1670 1224 Deus
1698 1172 2038 1240 multiplicet.

1532 1262 1672 1316 Deus
1706 1263 2036 1332 multiplicet.

1531 1353 1801 1408 Feliciter.

467 996 620 1048 Istam
652 993 1117 1062 congregationem
1380 992 1415 1059 ιῆ
1439 1030 1453 1044 .

465 1087 643 1137 Annos
671 1084 790 1136 vita:
1372 1081 1444 1148 ιῆ.

465 1177 642 1227 Annos
671 1175 791 1226 vitae
1373 1171 1410 1238 ti
1438 1213 1448 1224 .

465 1265 645 1320 Annos
669 1267 787 1320 vita:
1376 1263 1414 1322 ἡ
1436 1302 1453 1319 .

466 1358 734 1412 Feliciter.
1182 1354 1453 1410 Feliciter.

604 1491 783 1543 l’ersas
809 1497 830 1522 ⁸³
857 1488 1128 1544 Rnpenrt
1158 1489 1219 1542 de
1250 1490 1518 1556 festivitate
1548 1501 1712 1543 sancti
1738 1491 1902 1544 Galli.

466 1607 673 1665 Annua,
697 1617 721 1655 s
741 1610 876 1654 -ncte
911 1601 1022 1665 Dei,
1053 1601 1388 1655 celebremus
1413 1601 1545 1655 festa
1571 1601 1700 1668 diei,

533 1695 642 1760 Qua
675 1702 823 1760 pater
854 1706 883 1744 e
910 1692 1066 1744 terris
1089 1691 1288 1755 sidera,
1322 1691 1497 1751 Galle.
1531 1694 1688 1758 petis.

467 1786 602 1839 Ecoe
629 1783 743 1836 dies
773 1783 978 1851 p0pulis
1011 1783 1168 1834 micat
1201 1785 1312 1835 haec
1341 1783 1680 1835 sanctissima
1711 1782 1928 1846 nostris,

541 1876 775 1938 Quorum
807 1883 858 1925 tu
890 1873 1132 1939 princeps
1160 1883 1344 1923 auctor
1371 1871 1434 1923 ad
1466 1880 1606 1924 astra
1640 1887 1808 1937 meas,

476 1965 687 2020 Finibus
714 1963 959 2018 Occiduis
990 1963 1195 2027 abiens,
1227 1963 1467 2016 succedis
1503 1963 1646 2028 Eois,

547 2058 685 2111 llans
717 2057 885 2108 lucem
921 2055 1086 2121 plebis
1117 2055 1378 2121 dogmatis
1419 2053 1538 2123 igne
1570 2057 1664 2107 ttti.

469 2148 598 2214 Qua:
631 2146 905 2200 tenebrosa
939 2143 1033 2198 fuit
1065 2143 1183 2197 fidei
1208 2158 1304 2198 nec
1334 2143 1446 2197 luce
1469 2143 1699 2208 refulsit,

539 2313 563 2340 ι
595 2303 764 2356 Placet
797 2301 881 2353 hic
911 2300 1066 2352 verba
1101 2297 1336 2351 Metzleri
1363 2297 1652 2361 ascribere,
1701 2313 1821 2366 quae
1847 2299 1912 2353 de
1937 2299 2038 2352 Ra-

469 2384 618 2442 pcrto
641 2382 693 2426 et
721 2380 909 2442 sancto
931 2367 1080 2421 Gallo
1108 2367 1413 2442 observavit
1437 2382 1451 2423 :
1482 2367 1744 2442 llapertus
1775 2369 2038 2442 virunde-

466 2436 675 2512 quaque
702 2441 1056 2502 doctissimus,
1090 2436 1266 2512 gravis
1296 2446 1361 2512 et_
1379 2437 1629 2512 prudens,
1665 2437 1867 2492 schola:
1900 2454 2037 2506 pro-

467 2506 563 2566 luit
591 2506 659 2565 'in
692 2512 885 2562 multos
930 2523 1120 2568 annos,
1169 2508 1301 2560 adeo
1331 2506 1633 2575 dtligenter,
1686 2516 1742 2561 ιιι
1788 2522 2036 2561 nonnon-

467 2597 622 2650 quatn
655 2582 843 2634 missas
871 2588 926 2633 et
969 2578 1534 2650 cursumnegligert-t,
1583 2578 1805 2650 dicens:
1865 2578 2036 2632 Bonas

467 2645 653 2707 missas
684 2651 924 2710 facimus,
971 2648 1015 2701 si
1042 2661 1133 2701 eas
1175 2646 1429 2700 docemus
1459 2645 1652 2700 facere.
1695 2647 1888 2700 Doctor
1919 2651 2033 2714 pla-

466 2738 564 2776 nus
610 2731 664 2774 et
709 2721 1029 2777 benevolus,
1080 2718 1372 2783 disciplinis
1415 2717 1674 2783 aSperior.
1720 2717 2034 2787 Gorrigendi

469 2793 768 2846 facultatem
801 2788 966 2842 tenuit
995 2788 1044 2841 in
1073 2787 1326 2852 capitulo.
1361 2787 1659 2854 Disciplina:
1687 2796 1740 2840 et
1773 2791 2034 2854 regularis

469 2865 587 2916 vita:
616 2872 793 2914 tenax.
842 2859 1023 2912 Tantae
1052 2857 1354 2911 stabilitatis
1383 2867 1437 2910 et
1481 2857 1802 2920 solitudinis,
1837 2867 1892 2910 ut
1921 2870 2032 2913 toto

464 2947 603 2986 anno
632 2947 735 2985 non
766 2929 864 2983 nisi
894 2944 1056 2982 unum
1091 2943 1181 2994 par
1198 2927 1494 2981 calceorum
1517 2936 1729 2980 tereret.
1763 2929 2033 2984 Excursus

467 3011 713 3067 mortem,
749 3002 921 3053 labem
953 2997 1237 3051 maximam
1280 2998 1494 3050 claustri
1529 2997 1896 3063 impunitatem
1933 3013 2026 3051 vo-

468 3077 657 3127 citans.
713 3072 853 3123 Raro
879 3077 935 3121 et
969 3076 1164 3137 prtetcr
1205 3067 1395 3120 fratres
1423 3081 1689 3132 nunquam
1735 3069 2025 3121 claustrum

2075 429 2120 483 Α
2225 427 2323 479 Per
2353 437 2403 482 te
2429 429 2703 484 cmlestem
2733 430 2891 498 erepit
2919 430 3114 486 habere
3141 431 3279 485 diem

2153 514 2245 569 llic
2277 517 2364 570 ubi
2396 520 2673 571 nocticolae
2705 530 2923 574 tenuere
2946 521 3137 575 cubilia
3171 523 3352 584 larvte,

2221 611 2297 664 Ad
2333 613 2544 666 laudem
2571 611 2765 668 Christi
2800 615 2976 682 psallit
3003 615 3196 684 ubique
3223 616 3443 670 chorus.

2150 702 2242 756 llic
2273 702 2369 756 fuit
2391 718 2522 760 ecce
2547 705 2671 760 leris
2702 708 2866 761 statio
2893 707 3198 776 gratissima
3221 708 3376 761 saevis
3401 724 3420 774 ;

2215 791 2365 847 Nunc
2392 794 2548 848 sedes
2576 795 2781 850 sanctis
2812 805 2864 850 te
2895 805 3180 851 resonante
3205 806 3403 851 manet.

2145 881 2222 934 Tu
2251 891 2399 948 pater
2431 883 2532 938 huc
2564 885 2805 948 veniens,
2843 885 2950 939 fers
2979 895 3152 940 tecum
3184 886 3327 954 pacis
3359 887 3630 952 honores;

2217 972 2349 1027 Hinc
2379 983 2545 1028 totum
2572 975 2777 1042 pellens
2807 976 3066 1044 quidquid
3093 975 3284 1031 adesse
3311 986 3485 1030 nocet.

2145 1062 2441 1130 Expuleras
2472 1080 2723 1132 nocuum,
2753 1067 3028 1135 complens
3053 1065 3336 1121 dulcedine
3363 1076 3552 1131 totum,

2219 1156 2336 1221 Quo
2365 1171 2559 1225 corpus
2596 1157 2863 1226 linquens,
2914 1159 3134 1226 spiritus
3165 1166 3304 1211 astra
3333 1158 3481 1226 petit.

2146 1246 2223 1300 En
2253 1247 2411 1300 hodie
2437 1249 2685 1301 meritum
2721 1257 2776 1301 ιιι
2809 1258 2925 1316 post
2953 1249 3239 1302 certamina
3273 1249 3502 1316 palmam

2213 1337 2519 1404 Sumpsisti,
2553 1337 2714 1401 Galli,
2749 1347 2965 1407 protege
2997 1351 3090 1390 nos
3121 1338 3300 1391 hodie.

2143 1425 2256 1480 lam
2285 1441 2444 1493 super
2474 1436 2614 1480 astra
2648 1427 2821 1480 nitens
2854 1427 3172 1480 famulorum
3206 1428 3417 1497 suscipe
3446 1426 3652 1495 laudes,

2211 1517 2311 1584 Qui
2338 1518 2427 1570 tibi
2459 1518 2654 1572 devoto
2683 1534 2824 1572 nunc
2847 1520 3080 1586 jubilant
3105 1520 3344 1574 modulo.

2141 1607 2331 1674 Aspice
2362 1606 2618 1674 prepitius
2645 1618 2961 1662 venerantes
2996 1607 3170 1662 nobile
3202 1609 3417 1676 pignus,

2209 1699 2419 1767 Corpus
2447 1699 2779 1767 praeclarum,
2812 1699 2958 1754 Galle
2989 1702 3162 1764 beate,
3194 1709 3364 1755 tuum.

2076 1771 2118 1828 Β
2148 1788 2335 1856 Aspice
2359 1805 2474 1854 qua:
2502 1789 2764 1854 canimus,
2799 1805 3040 1858 expugna
3067 1792 3224 1843 corda
3257 1791 3536 1860 benignus,

2215 1877 2270 1929 In
2301 1878 2464 1930 rebus
2493 1879 2698 1931 cunctis
2730 1888 2908 1932 reetor
2929 1879 3116 1932 adesto
3147 1880 3269 1933 tuis.

2145 1966 2275 2020 llinc
2305 1965 2532 2020 Domitio
2562 1967 2702 2020 trino
2737 1967 2842 2020 laeti
2877 1981 3166 2035 pangamus
3193 1977 3244 2021 et
3274 1983 3400 2035 uno,

2212 2056 2310 2123 Qui
2341 2071 2438 2111 nos
2466 2073 2604 2112 nunc
2634 2057 2792 2112 talem
2820 2057 2945 2112 fecit
2975 2059 3170 2114 habere
3198 2069 3426 2126 patrem.

2354 2149 2542 2204 Amen.

2138 2302 2365 2372 exstitit.
2415 2301 2871 2372 Quiadolescens
2920 2303 3018 2356 sub
3069 2302 3478 2372 obedientiaict
3529 2305 3706 2372 rcgnla

2138 2372 2306 2444 Sancti
2337 2371 2672 2444 Columbam,
2708 2372 2757 2423 in
2789 2372 2964 2444 St-otia
3013 2374 3089 2444 [In
3117 2373 3351 2441 margine
3399 2371 3513 2425 hrec
3545 2376 3707 2429 ctiam

2139 2440 2743 2508 asmipsigMetzlerus:
2783 2441 2951 2494 υἱάὶεὶ
2995 2440 3090 2494 Ιῐοε
3119 2458 3182 2494 ea:
3228 2440 3514 2494 nostrorum
3547 2445 3712 2497 homi-

2138 2525 2259 2561 num
2287 2511 2555 2562 traditione
2579 2549 2594 2574 ,
2639 2521 2686 2562 et
2734 2527 2796 2563 ex
2823 2513 3041 2578 quodam
3071 2514 3164 2564 viri
3193 2528 3292 2564 non
3322 2513 3583 2574 illiterato,
3623 2517 3712 2581 qui

2136 2596 2188 2632 se
2228 2582 2278 2631 id
2302 2581 2551 2633 audivisse
2588 2581 2676 2650 ait,
2707 2590 2754 2632 et
2786 2583 2965 2650 legisse
3008 2582 3174 2648 (Sicut
3199 2592 3246 2634 et
3271 2583 3492 2642 parentis
3520 2587 3711 2636 utrius-

2137 2665 2230 2720 que
2261 2651 2461 2718 nomen)
2508 2666 2567 2702 ex
2587 2649 2784 2720 illustri
2826 2649 2873 2702 et
2921 2653 3158 2720 religiosa
3205 2653 3409 2704 domina
3451 2655 3709 2706 contitissa

2139 2717 2332 2771 Montis
2359 2717 2542 2781 sancti,
2576 2717 2830 2772 Friderici
2859 2717 3088 2774 moderni
3117 2732 3294 2773 matre.
3332 2720 3396 2772 Et
3420 2722 3570 2774 tradit
3593 2739 3710 2776 cum

2145 2789 2439 2856 Walafrido
2487 2793 2762 2842 communis
2813 2790 3029 2861 Opinio],
3072 2793 3263 2858 Spretis
3307 2793 3570 2844 nobilibus
3617 2808 3707 2859 pa-

2141 2861 2402 2921 rentibus,
2434 2860 2723 2930 mundique
2754 2860 3172 2926 potnpis,’vitatn
3201 2875 3487 2928 pauperum
3512 2863 3698 2930 elegit,

2134 2937 2189 2982 et
2216 2941 2269 2982 ut
2293 2930 2403 2996 ipse
2435 2929 2648 2995 fatetur,
2676 2930 2956 2982 humilitati
2982 2930 3395 2993 etobedientize,
3424 2929 3704 2994 perfectae-

2134 3014 2237 3067 que
2268 2999 2582 3068 subjectioni
2613 2998 2876 3052 indefesse
2904 3015 3114 3066 semper
3137 3000 3355 3054 studuit.
3390 2999 3550 3053 Venit
3583 3010 3703 3054 tan-

2136 3071 2256 3122 dem
2285 3084 2403 3122 cutn
2429 3071 2682 3136 magistro
2710 3084 2807 3122 suo
2833 3080 2883 3122 et
2915 3071 3158 3123 undecim
3189 3070 3306 3122 aliis
3330 3070 3579 3124 fratribus
3607 3085 3704 3137 per

464 3115 850 3212 ἑὲῗὲἔᾷἱεὲἑῦὲῖ
880 3115 1323 3212 Eilib'iiin'atiia—tii
1340 3115 2025 3212 jgg.‘;.‘.'.l.‘.a";"a;a1.2;15;;
2055 3115 2104 3180 C
2139 3115 2802 3212 ιιὶἰιὶιῖιῦἰξίιὶἰῗῖᾘὶιῖιιξιῇἷ
2831 3115 2883 3192 iii
2917 3115 3695 3212 ῐξὲῐῆζεὶὶὶὶιιῖἱὶῖέὶἒιῐίἑιῖἰξςῖιῧῖιὶ

468 3207 669 3276 mundi,
714 3224 870 3279 quam
903 3221 1037 3276 papa
1066 3207 1415 3279 Nico_|aus_|ll
1455 3207 1804 3279 canonizavit,
1854 3217 1906 3261 et
1933 3224 2026 3261 tto-

467 3285 558 3336 Sll'i
605 3274 779 3349 patres
825 3274 1136 3330 solemniter
1190 3276 1241 3328 in
1285 3275 1474 3329 diebus
1521 3274 1867 3349 [legationum
1921 3293 2024 3332 non

465 3355 582 3408 sine
608 3345 799 3405 itll‘ectu
831 3355 1046 3400 cantare
1087 3355 1491 3399 consueverunt.
1550 3345 1692 3398 Fecit
1723 3346 1878 3399 etiam
1911 3362 2026 3401 ver-

467 3439 557 3477 sus
602 3423 666 3474 ad
697 3418 1082 3485 processiones,
1112 3429 1336 3485 quorum
1385 3415 1592 3482 aliquos
1623 3414 1726 3468 vidi
1761 3417 1810 3468 in
1837 3416 2026 3470 biblio-

468 3495 638 3546 theca.
673 3484 904 3559 Ilymnos
927 3486 1194 3559 desancto
1220 3484 1373 3539 Gallo
1398 3502 1410 3536 :
1460 3487 1640 3559 Annae
1667 3495 1859 3559 sancte
1883 3501 1906 3551 ,°
1956 3487 2024 3541 de

463 3572 645 3617 sancto
667 3554 953 3614 Uthmaro:
989 3554 1198 3608 Festum
1220 3563 1492 3608 sacratum.
1526 3554 1747 3621 Laudes,
1780 3556 2024 3624 Omnipo-

465 3643 592 3696 tens,
642 3633 873 3702 ferimus.
927 3627 1345 3702 Dictayit_etiatn
1378 3626 1520 3702 varia
1551 3625 1614 3702 ad
1655 3626 2024 3702 suscipiendos

465 3695 704 3771 reges,'et
730 3702 830 3754 alia
847 3699 1029 3771 multa.
1057 3697 1283 3771 Scripsit
1306 3707 1359 3749 et
1384 3695 1684 3771 Cltronicon
1713 3698 2025 3771 tttonasterii

463 3765 692 3841 graviter
708 3781 760 3841 ct
780 3769 1000 3841 erudite,
1027 3766 1168 3841 qunti
1196 3782 1222 3817 a
1246 3776 1428 3819 sancto
1445 3765 1596 3841 tiallo
1611 3781 1772 3841 usque
1793 3767 1857 3820 ad
1891 3768 2021 3820 Ber-

468 3836 688 3895 itardum
720 3840 758 3906 Ι,
789 3839 878 3907 qui
910 3839 1115 3905 praefuit
1158 3851 1243 3888 an.
1275 3841 1361 3907 εδ,
1391 3851 1482 3907 sua
1514 3836 1756 3890 videlicet
1785 3847 2021 3905 tempora

468 3905 749 3979 perduxit,
779 3905 917 3978 quod
949 3922 1046 3960 ms.
1078 3907 1250 3958 adhuc
1279 3905 1329 3979 in
1358 3906 1672 3979 bibliotheca
1700 3916 1889 3979 quater
1910 3922 2022 3961 ser-

466 3975 616 4036 vatur
664 3975 959 4034 tnittiittum.
1011 3977 1318 4046 Composuit
1349 3975 1516 4046 ctiam
1569 3975 1815 4031 ritltttiice
1846 3975 2020 4046 lingua

462 4053 776 4107 Germanica
810 4048 979 4101 Vitam
1012 4046 1177 4099 sancti
1223 4045 1398 4110 Galli,
1448 4061 1603 4113 quam
1649 4047 1794 4099 dedit
1827 4045 2020 4115 populo

466 4122 675 4190 publice
704 4125 754 4174 in
803 4117 1037 4172 Ecclesia
1064 4117 1398 4190 cantandam,
1430 4130 1547 4184 quae
1580 4130 1671 4190 per
1718 4115 2015 4170 Eckerltar-

463 4185 586 4245 dum
611 4193 881 4246 .lttniorem
911 4187 1160 4240 translata
1189 4185 1371 4238 Latine
1400 4193 1572 4239 exstat
1602 4185 1652 4237 in
1684 4194 1887 4239 vetusto
1916 4203 2014 4239 ms.

462 4263 677 4321 Codice,
705 4269 751 4313 el
776 4276 806 4311 a
832 4260 980 4310 nobis
1004 4271 1169 4322 nuper
1201 4256 1448 4308 translata
1472 4265 1552 4307 est
1585 4255 1634 4306 in
1663 4256 1881 4308 iambos.
1926 4256 2017 4311 llis

465 4333 624 4400 igitur
653 4339 707 4383 et
735 4327 1269 4400 sitntltbttsdoctritne
1297 4336 1350 4380 et
1385 4330 1630 4400 \irtutum
1660 4325 1850 4379 studiis
1881 4327 2018 4379 invi-

463 4397 648 4469 gilans,
683 4401 892 4469 tandem
921 4407 974 4449 et
1003 4397 1115 4469 ipse
1143 4405 1356 4469 sanctus
1387 4397 1523 4450 cirCa
1569 4397 1855 4469 claustrum
1885 4411 2014 4449 san-

466 4465 531 4523 an
567 4469 700 4524 Galli
729 4483 848 4520 cum
882 4465 1155 4534 languidus
1185 4465 1306 4527 iret,
1347 4479 1444 4518 nec
1475 4477 1646 4519 tamen
1688 4468 1880 4519 docere
1919 4469 2016 4520 de-

467 4541 684 4601 sineret,
718 4553 784 4590 xt.
815 4535 1086 4601 discipulis
1115 4536 1379 4600 quondam
1412 4536 1521 4587 suis
1549 4535 1843 4598 canonicis,
1891 4543 2018 4590 tunc

465 4611 678 4678 quidem
709 4606 1054 4676 presbyteris,
1105 4603 1221 4678 loco
1250 4613 1466 4678 propter
1511 4603 1701 4678 festum
1732 4606 2017 4659 advenien-

467 4674 642 4744 tibus,
691 4674 921 4731 animam
968 4688 1116 4726 suam
1165 4674 1382 4740 singulis
1425 4675 1692 4744 commisit
1734 4692 1745 4726 :
1793 4688 2018 4743 quorum

468 4743 690 4817 quisque
713 4748 926 4817 triginta
957 4744 1144 4796 missas
1172 4743 1381 4817 obituro
1417 4743 1677 4817 promisit.
1709 4744 1901 4813 Sicque
1932 4746 2022 4800 ille

468 4813 771 4873 laetissimus
795 4813 976 4869 Deum
1007 4824 1061 4865 ιιι
1088 4827 1146 4866 se
1173 4814 1369 4866 diutius
1418 4813 1605 4865 morbo
1633 4824 1887 4881 coqueret
1933 4830 2018 4870 ro-

463 4905 615 4960 gans,
649 4889 796 4957 panis
826 4886 1021 4938 nitidus
1046 4883 1233 4960 factus,
1270 4886 1404 4935 inter
1425 4881 1800 4960 discipulorum
1833 4900 2020 4939 manus

466 4951 516 5014 in
550 4951 869 5029 paradisum,
921 4964 977 5007 ut
1017 4955 1307 5029 credimus,
1359 4951 1586 5029 transiit,
1633 4966 1792 5014 anno,
1842 4964 2020 5029 ut__ego

463 5023 713 5101 conjicio,
742 5027 849 5101 r883
875 5043 887 5089 ;
922 5039 985 5078 eo
1011 5024 1150 5101 enim
1185 5038 1350 5101 usque
1375 5023 1607 5101 scripsit,
1642 5037 1864 5101 proque
1890 5023 2015 5101 δοῖ.

463 5093 643 5165 kerus,
668 5093 752 5154 cui
784 5105 1036 5165 cognatus
1075 5094 1190 5159 fuit,
1223 5108 1275 5165 et
1306 5093 1514 5165 Tutelo,
1547 5094 1663 5160 plus
1679 5093 1806 5165 aliis
1831 5093 2019 5165 dolen-

464 5183 563 5234 tes,
625 5162 789 5226 multa
843 5162 1098 5221 fecerunt.
1157 5162 1524 5217 Eckerhardus
1554 5162 1853 5234 utgobique,
1891 5163 2021 5217 Bru-

464 5232 664 5306 scltius,
694 5235 1234 5306 Stutnphius._ll_uner
1269 5234 1557 5306 liapertum
1609 5232 2018 5306 T_huregiensem

461 5301 732 5379 appellant
760 5301 990 5379 quidam.
1022 5302 1145 5379 fuit
1171 5304 1316 5379 alius
1341 5303 1594 5379 item_ltic
1638 5301 2022 5379 Rapcrt‘usne-

466 5372 559 5447 pos
592 5372 968 5447 hujus,'sancti
1009 5372 1583 5447 Notkeridiscipulus,
1638 5383 1691 5424 et
1731 5375 1784 5426 in
1813 5373 2023 5447 dialogo

462 5444 528 5504 de
562 5444 677 5502 Vita
707 5451 874 5502 sancti
905 5446 1038 5502 Galli
1067 5455 1180 5513 post
1213 5444 1592 5496 Ilartmannum
1621 5450 1884 5496 mortuum
1907 5446 2023 5510 ejus

465 5522 827 5575 interlocutor.
881 5517 1004 5571 llam
1028 5515 1256 5570 Jodocus
1298 5513 1599 5574 Metzlcrus,
1631 5514 1720 5578 qui
1750 5513 1814 5566 de
1837 5521 2023 5567 sancto

465 5593 616 5644 Gallo
640 5592 796 5644 etiam
830 5589 941 5640 haec
981 5588 1172 5639 habet:
1224 5584 1449 5638 Sanctus
1496 5582 1678 5636 Gallus
1727 5583 1925 5635 electus
1971 5591 2026 5636 et

465 5665 686 5714 dilectus
717 5659 806 5712 Dei
837 5657 1082 5719 famulus,
1118 5657 1317 5724 primus
1344 5664 1498 5707 terrae
1523 5651 1698 5730 .bujus
1724 5664 1778 5706 et
1808 5653 1910 5704 loci
1940 5654 2026 5730 in-

466 5732 603 5797 cola,
654 5730 937 5783 multorum
982 5722 1283 5782 sanctorum
1330 5722 1708 5779 monachorum
1743 5732 1891 5790 pater
1940 5722 2021 5775 hie

2129 3210 2229 3261 sub
2258 3211 2444 3262 eodem
2477 3209 2668 3263 abbate
2697 3210 2916 3276 degens,
2962 3209 3197 3273 tendent,
3242 3211 3470 3263 abeunte
3499 3209 3588 3262 illo
3643 3215 3694 3264 in

2129 3279 2356 3345 Italiam,
2409 3280 2557 3332 febre
2581 3290 2856 3347 correptus
2889 3281 3003 3347 ipse
3034 3295 3154 3332 cum
3195 3279 3402 3333 duobtts
3433 3281 3591 3333 sociis
3646 3282 3701 3335 in

2129 3347 2410 3403 Germania
2442 3351 2751 3414 relinquitur
2781 3365 2794 3401 :
2825 3363 2889 3402 et
2931 3365 3030 3417 qua
3064 3360 3120 3401 ttt
3146 3351 3435 3412 convaluit,
3472 3351 3520 3402 itt
3556 3351 3696 3404 hunc

2127 3419 2324 3483 locum,
2370 3428 2495 3473 tunc
2525 3419 2794 3472 desertum
2828 3422 3055 3486 penitus,
3088 3418 3197 3472 Deo
3231 3421 3448 3473 liberius
3481 3431 3698 3472 Vacalu-

2126 3504 2237 3552 rns,
2266 3489 2505 3552 secessit,
2550 3504 2706 3557 quem
2744 3489 2832 3541 ubi
2866 3489 3109 3542 triduano
3155 3489 3380 3554 jejunio,
3429 3500 3482 3542 et
3513 3490 3698 3543 multis

2125 3560 2456 3612 orationibus
2484 3559 2838 3621 eoosecravit,
2887 3557 3172 3612 exstructis
3204 3558 3409 3610 cellulis
3453 3567 3506 3612 et
3533 3574 3701 3627 parco

2125 3629 2362 3680 oratorio
2389 3637 2442 3681 et
2465 3629 2669 3682 olerum
2710 3629 2862 3679 horto
2888 3629 3139 3695 excitato,
3173 3631 3332 3695 (-(npit
3359 3627 3538 3680 vivere
3572 3628 3702 3681 fari-

2126 3699 2265 3763 nula,
2293 3697 2540 3765 panibus,
2590 3697 2825 3750 oleribus
2847 3696 2906 3748 'et
2938 3694 3221 3763 pisciculis,
3265 3694 3324 3750 in
3357 3712 3546 3764 magna
3576 3700 3697 3766 qui-

2127 3769 2245 3820 dem
2277 3775 2602 3836 paupertate,
2636 3767 2728 3820 sed
2757 3766 2918 3818 tnulta
2949 3767 3201 3833 patientia
3225 3807 3240 3828 ,
3283 3779 3337 3819 et
3362 3768 3585 3836 spiritus
3611 3785 3699 3834 ju-

2123 3839 2414 3900 cunditate,
2461 3838 2512 3889 in
2554 3835 2664 3904 jugi
2720 3837 2975 3888 orationis
2998 3845 3053 3888 et
3083 3835 3700 3904 vigiliaruminstantia,

2122 3922 2314 3975 corpus
2344 3907 2610 3976 castigans
2656 3921 2758 3958 non
2791 3907 2949 3958 modo
2996 3905 3192 3970 inedia,
3235 3919 3366 3958 mStu
3394 3915 3447 3959 et
3479 3906 3699 3974 frigore,

2123 3979 2216 4030 sed
2243 3987 2298 4031 et
2319 3977 2492 4030 cilicio
2518 3988 2571 4030 et
2595 3979 2753 4030 ferro.
2788 3976 3146 4029 Atnbitionetn
3175 3986 3227 4030 et
3254 3990 3440 4030 vanam
3467 3977 3699 4045 gloriam

2122 4049 2255 4101 adeo
2284 4058 2441 4101 caute
2480 4046 2756 4101 declinans
2783 4056 2836 4100 et
2866 4047 3090 4113 fugiens,
3127 4053 3184 4099 ut
3209 4060 3378 4114 usque
3402 4048 3468 4100 ad
3491 4047 3697 4102 obitum

2122 4116 2460 4196 cjusnnulltts
2481 4117 2856 4195 discipulorum
2889 4117 2956 4196 de
2979 4116 3234 4196 cilicioet
3263 4125 3474 4196 catena,
3504 4117 3701 4196 quibus

2120 4201 2178 4240 se
2203 4187 2469 4256 afﬂigebat
2507 4187 2668 4240 etiam
2701 4200 2865 4256 usque
2895 4188 2958 4238 ad
2988 4189 3321 4256 sanguinem,
3371 4187 3568 4254 aliquid
3605 4202 3700 4240 co-

2119 4255 2420 4325 gnosceret.
2449 4256 2708 4310 Servabat
2733 4255 2874 4308 enim
2904 4269 2965 4309 ea
2996 4255 3047 4308 in
3073 4257 3301 4324 capsella
3331 4271 3398 4308 ex
3435 4259 3582 4308 corio
3610 4256 3696 4309 fa-

2119 4338 2226 4389 cta,
2259 4342 2420 4396 quam
2450 4340 2775 4395 quocunque
2801 4325 2918 4388 iret,
2966 4325 3020 4378 in
3063 4326 3288 4396 humero
3329 4325 3550 4390 ferebat,
3581 4328 3697 4380 cla-

2123 4411 2244 4450 vetn
2282 4395 2361 4449 ad
2410 4411 2596 4449 zonam
2644 4409 2794 4447 suam
2843 4395 3194 4463 suspendens.
3249 4396 3450 4448 Auctor
3494 4399 3698 4462 primus

2051 4471 2101 4533 ι)
2128 4465 2257 4519 Vita:
2287 4466 2423 4533 ejus,
2464 4465 2551 4533 qui
2580 4465 2790 4531 scripsit
2812 4479 2928 4518 eam
2955 4480 3017 4517 ex
3055 4479 3148 4517 ore
3189 4477 3493 4520 sanctorum
3521 4466 3696 4534 Magni

2127 4545 2181 4589 et
2218 4536 2503 4600 Theodori,
2535 4549 2656 4599 seu,
2692 4543 2747 4586 ιιι
2779 4535 2888 4601 ipse
2914 4535 3009 4597 ait,
3038 4535 3430 4588 Theodeodori.
3462 4535 3594 4587 Cum
3627 4537 3696 4589 ad

2128 4605 2422 4673 principem
2471 4615 2749 4658 vocaretur
2793 4603 3110 4673 aliquando,
3161 4606 3296 4657 clam
3347 4605 3413 4658 ad
3461 4614 3695 4673 tempus,

2125 4671 2332 4743 longius
2377 4689 2406 4726 a
2426 4688 2520 4727 sua
2549 4673 2736 4726 cellula
2765 4671 3071 4741 diil‘ugiens,
3100 4674 3236 4736 Quid
3266 4674 3413 4738 mihi,
3445 4675 3541 4738 ait,
3572 4671 3695 4728 cum

2126 4744 2452 4818 principibus
2482 4743 2660 4818 ‘hujus
2707 4744 2874 4818 secli?
2920 4743 2984 4818 Et
3030 4745 3154 4810 quia
3193 4745 3262 4818 in
3307 4747 3693 4818 grammaticis,

2127 4813 2367 4884 poeticis,
2393 4824 2452 4884 et
2477 4813 2767 4884 Scripturis
2795 4813 2996 4884 sanctis,
3018 4813 3412 4882 canettibusque
3446 4814 3578 4866 bene
3613 4816 3694 4867 in-

2125 4883 2355 4938 Structus
2382 4883 2500 4946 fuit,
2547 4883 2709 4936 multa
2741 4897 2859 4936 cum
2889 4883 3148 4950 sapientia
3180 4894 3233 4936 et
3256 4884 3570 4938 auctoritate
3597 4885 3692 4935 oh-

2125 4955 2288 5009 latutn
2321 4955 2417 5007 sibi
2446 4953 2780 5020 episcopatus
2801 4953 3223 5006 Constantiensis
3247 4954 3522 5013 honorem,
3558 4955 3689 5020 quin

2125 5036 2182 5078 et
2217 5026 2438 5077 abbatize
2469 5024 2810 5092 Luxgviensis
2853 5021 3163 5092 dignitatem
3192 5035 3253 5092 ex
3295 5021 3405 5074 suis
3446 5020 3688 5076 humeris

2125 5093 2358 5148 excussit
2378 5095 2543 5146 sancti
2575 5090 3092 5161 Columbaui,'cujus
3119 5091 3346 5161 animam
3371 5092 3564 5144 caelum
3600 5107 3694 5158 pe~

2128 5173 2326 5217 tentem
2354 5163 2483 5216 vidit
2509 5177 2667 5231 super
2694 5172 2926 5216 montem
2951 5159 3121 5216 sancti
3149 5159 3366 5215 Netkeri
3409 5162 3496 5231 ubi
3541 5163 3688 5231 rivus

2125 5234 2373 5287 Steinaha
2406 5247 2498 5298 per
2539 5230 2683 5300 rupis
2704 5245 2936 5285 concava
2962 5231 3253 5293 descendit,
3305 5238 3362 5282 ιιι
3391 5230 3462 5283 ait
3494 5230 3687 5285 Ecker.

2129 5304 2220 5357 lib.
2265 5303 2715 5365 Benedictionum,
2771 5311 2824 5355 et
2873 5301 3128 5366 Rapertus
3177 5305 3226 5352 In
3267 5301 3524 5354 carmine.
3577 5301 3693 5355 Ali-

2126 5373 2338 5441 quando
2369 5387 2396 5423 a
2431 5371 2661 5437 principe
2691 5379 2858 5425 multo
2897 5379 3114 5434 argento
3156 5381 3381 5441 etauro
3428 5371 3684 5434 donatus,

2129 5440 2295 5495 totum
2325 5443 2462 5508 quod
2495 5442 2720 5506 accepit,
2752 5449 3033 5507 antequam
3061 5441 3125 5491 ad
3154 5440 3344 5493 cellam
3382 5442 3596 5504 rediret,
3633 5442 3690 5494 in

2129 5526 2387 5582 pauperes
2418 5508 2699 5565 distribuit.
2722 5511 2992 5582 _C_untque
3021 5509 3302 5578 aliquando
3341 5525 3445 5565 non
3482 5513 3581 5565 nisi
3606 5511 3692 5564 di—

2131 5579 2349 5635 initltum
2380 5582 2667 5634 sextarium
2715 5579 2896 5633 farinae
2944 5579 2996 5649 in_
3040 5582 3403 5649 promptuario
3446 5582 3686 5645 haberet,

2130 5663 2182 5706 et
2214 5667 2302 5704 sex
2334 5650 2522 5704 fratres
2558 5652 2622 5702 de
2654 5649 2890 5704 Luxovio
2934 5647 3296 5713 advenissent,
3341 5651 3414 5702 ait
3465 5651 3692 5706 cellario

2131 5723 2378 5790 quidnam
2408 5730 2547 5776 esset
2572 5720 2696 5790 ipsis
2721 5720 2773 5774 in
2799 5719 2993 5775 cibum.
3026 5721 3086 5774 Et
3114 5729 3170 5776 ut
3191 5734 3403 5776 onmem
3436 5720 3685 5776 substan-
