4018 6184
358 254 425 306 57
836 249 1336 306 EPIGRAMMATA
1376 250 1504 306 seu
1548 251 1756 306 HYMNI
1799 251 1997 308 SACRI
2040 253 2262 320 ANTIQ.
2311 253 2590 313 PA'IRUM
2631 257 2789 315 non.
2833 261 2891 318 s.
2936 263 3158 320 GALLI.
3548 273 3618 325 εδ

674 366 875 420 N0tker
905 363 1192 418 Lantberto
1212 363 1360 418 fratri
1388 364 1633 419 salutem.

367 481 506 545 Quid
562 476 780 548 singula:
830 487 857 513 ⁸
911 477 1095 528 littera:
1162 479 1232 548 ln_
1261 476 1684 548 superscriptimie
1714 476 1936 548 signiﬁ-

437 559 546 603 cent
573 544 876 609 Cantilenar,
899 563 993 614 pro
1012 553 1066 596 ut
1087 544 1232 610 potui
1244 547 1398 613 juxta
1418 554 1558 595 tuam
1579 546 1871 614 petitionem

910 614 1187 684 explanare
1212 615 1400 666 curavi.

439 714 498 762 Α.
527 708 595 764 Ut
622 708 784 762 altius
810 706 1051 762 elevetur
1103 705 1378 761 admonet.

439 805 496 856 lt.
526 801 834 858 Secundum
862 801 1069 854 litteras
1096 799 1289 868 quibus
1319 798 1625 868 adiungitur
1644 839 1659 864 ,
1692 807 1748 853 ut
1809 800 1942 856 bene

361 895 586 948 multum
641 890 970 955 extollatur,
1030 888 1114 944 vel
1164 897 1446 957 gravetur,
1499 889 1613 943 sive
1669 897 1935 954 teneatur,

363 986 606 1055 belgicat.

431 1077 493 1128 C.
539 1075 606 1130 Ut
633 1074 762 1136 cito,
790 1077 878 1128 vel
907 1073 1158 1129 celeriter
1187 1072 1410 1133 dicatur,
1445 1072 1722 1126 certificat.

435 1167 496 1221 Ι).
527 1165 590 1221 Ut
606 1165 957 1233 deprimatur,
974 1164 1325 1219 demonstrat.

435 1260 496 1312 Ε.
533 1259 594 1312 Ut
626 1257 902 1326 :equaliter
926 1265 1165 1321 sonetur,
1182 1257 1467 1326 eloquitur.

435 1349 492 1401 Ρ.
537 1347 604 1403 Ut
645 1361 767 1401 cum
817 1344 1025 1415 fragore
1075 1360 1170 1402 seu
1199 1346 1445 1402 frendore
1492 1347 1734 1414 feriatur,
1779 1345 1936 1402 efﬂa-

362 1443 511 1508 gitat.

435 1529 496 1583 G.
557 1529 624 1584 Ut
671 1528 726 1583 in
772 1535 986 1598 gutture
1039 1527 1296 1597 gradatim
1355 1529 1655 1598 garruletur
1710 1531 1936 1598 genuine

359 1622 674 1693 gratulatur.

433 1717 496 1769 ll.
533 1715 599 1769 Ut
627 1721 830 1767 tantum
875 1712 926 1766 in
956 1712 1214 1781 scriptura
1249 1713 1478 1781 aspirat,
1528 1724 1597 1766 ita
1647 1724 1698 1768 et
1728 1713 1779 1768 in
1808 1722 1931 1769 nota

361 1808 589 1874 ldipsum
623 1803 845 1858 habitat.

433 1898 470 1950 Ι.
502 1896 717 1950 Jussum
748 1894 827 1948 vel
875 1894 1097 1947 inferius
1148 1894 1400 1958 insinuat,
1455 1893 1936 1964 gratitudinemque

361 2003 455 2052 pro
476 2005 509 2057 g
532 1987 797 2040 interdum
828 1984 1045 2038 indicat.

431 2078 498 2134 Κ.
534 2078 681 2132 Licet
727 2077 867 2146 apud
902 2077 1114 2130 Latinos
1161 2076 1291 2129 nihil
1321 2077 1510 2139 valeat,
1540 2075 1678 2144 apud
1730 2091 1825 2130 nos
1854 2085 1936 2130 ta-

361 2184 488 2224 men
549 2169 870 2222 Alemannos
920 2180 1018 2236 pro
1063 2187 1112 2230 κ,
1154 2179 1321 2234 ειωεδ
1370 2165 1600 2234 positum
1656 2166 1935 2236 chlencge,

355 2261 566 2328 clange,
594 2258 848 2313 clamitat.

433 2352 492 2405 L.
519 2351 739 2415 Levare,
772 2350 1000 2404 lzetatur.

433 2445 504 2499 ιι.
537 2444 890 2508 Mediocriter,
916 2439 1222 2503 melodiam,
1247 2439 1529 2505 moderari,
1557 2441 1932 2507 mendicando,

359 2544 639 2590 memorat.

435 2626 497 2681 Ν.
543 2625 760 2690 Νοιεπε,
793 2626 890 2679 hoc
915 2637 1014 2692 est,
1044 2623 1329 2689 noscitare,
1358 2623 1615 2676 notttlcat.

352 2779 510 2840 tiam,
553 2791 670 2846 quae
698 2775 914 2846 prefata
947 2785 1149 2830 tantum
1192 2773 1358 2828 farina
1388 2774 1507 2840 fuit,
1538 2774 1807 2842 indicavit,
1860 2776 1933 2833 ait

353 2849 432 2899 illi
473 2857 528 2901 ut
560 2847 684 2901 inde
726 2863 912 2916 panem
956 2854 1225 2912 coqueret,
1260 2855 1447 2916 potens
1496 2855 1577 2900 est
1619 2849 1762 2916 enim
1795 2848 1932 2903 Deus

353 2932 546 2986 parare
592 2915 829 2972 mensam
879 2919 931 2972 in
964 2919 1202 2969 deserto.
1258 2919 1320 2969 Et
1350 2915 1534 2969 abiens
1566 2915 1630 2967 ad
1663 2919 1926 2984 gurgitem

351 2989 423 3041 ad
452 2989 757 3043 Australem
809 2991 1015 3056 plagam
1065 2988 1396 3053 monasterii,
1445 2986 1587 3054 cepit
1634 2989 1830 3054 piscem
1879 2994 1928 3042 in

350 3058 570 3112 tluviolo
620 3074 692 3113 xit
741 3060 902 3127 pedes
952 3060 1165 3125 longum
1201 3067 1296 3112 tet
1339 3073 1388 3112 tv
1437 3057 1622 3118 latum.
1665 3070 1919 3125 Superve-

1969 373 2014 430 Α
2116 369 2179 423 Ο.
2224 369 2466 438 Figuram
2500 375 2582 427 sui
2618 374 2668 428 in
2699 390 2791 430 ore
2813 381 3075 435 cantantis
3103 382 3334 437 ordinat.

2119 461 2175 515 P.
2206 461 2561 533 Pressionem,
2595 468 2676 521 vel
2713 468 3071 536 prensionem,
3132 475 3404 540 praedicat.

2116 550 2176 615 ρ.
2241 551 2295 604 ln
2347 552 2816 622 significationibus
2873 569 3121 615 notarum
3160 577 3257 616 cur
3302 570 3611 634 qumruturl

2045 653 2165 694 cum
2197 643 2354 696 etiam
2397 645 2451 699 in
2481 646 2662 702 verbis
2687 647 2752 700 ad
2784 647 2914 704 nihil
2941 650 3083 705 aliud
3112 653 3394 721 scribatur,
3423 658 3520 711 nisi
3548 670 3608 714 ut

2048 746 2281 803 sequens
2303 751 2330 788 υ
2361 737 2466 790 vim
2514 752 2664 793 suam
2693 740 2940 796 amittere
2978 745 3255 812 quaeritur.

2117 824 2181 877 Β.
2217 825 2608 884 Rectitudinem
2637 830 2719 885 vel
2749 845 2990 886 rasuram
3023 849 3126 889 non
3157 836 3480 906 abolitionis,
3517 841 3610 896 sed

2044 916 2383 984 crispationis
2413 920 2624 990 rogitat.

2114 1007 2173 1060 S.
2206 1006 2400 1062 Susum
2429 1011 2510 1066 vel
2540 1025 2748 1075 sursum
2773 1014 3032 1070 scandere
3054 1017 3256 1073 sibilat.

2115 1096 2176 1150 'l‘.
2202 1097 2438 1154 Trahere
2461 1102 2541 1156 vel
2572 1113 2752 1158 tenere
2771 1105 2968 1160 debere
2993 1115 3233 1164 testatur.

2116 1188 2177 1243 V.
2211 1188 2358 1244 Licet
2384 1192 2575 1246 amissa
2608 1194 2659 1248 in
2710 1210 2824 1259 sua,
2877 1198 3036 1252 veluti
3072 1200 3228 1256 valde
3279 1216 3377 1257 vau
3409 1201 3617 1272 Grrrca,

2043 1279 2120 1331 vel
2155 1279 2394 1346 llebrzea,
2429 1283 2679 1338 velnlicat.

2114 1370 2180 1424 X.
2233 1372 2488 1438 Quamvis
2519 1376 2702 1432 Latina
2732 1380 2889 1435 verba
2923 1395 3015 1451 per
3044 1397 3104 1440 se
3135 1384 3368 1450 inchoet,
3434 1399 3611 1444 tamen

2040 1475 2350 1530 exspectare
2377 1466 2599 1534 expetit.

2112 1553 2176 1608 Υ.
2204 1555 2356 1624 Apud
2385 1558 2601 1615 Latinos
2629 1561 2758 1617 nihil
2778 1563 3069 1634 hymuizat.

2109 1647 2166 1700 Z.
2206 1649 2343 1704 Vero
2374 1651 2495 1706 licet
2518 1642 2584 1708 et
2618 1654 2730 1723 ipsa
2778 1672 2923 1712 mere
2954 1657 3162 1727 Grmca,
3192 1671 3245 1716 et
3275 1662 3342 1716 ob
3374 1662 3425 1717 id
3479 1663 3617 1719 haud

1967 1738 2011 1798 B
2042 1743 2338 1796 necessaria
2391 1743 2662 1815 Romanis,
2721 1760 2939 1817 propter
2993 1754 3297 1820 priedictatn
3359 1764 3533 1812 tamen
3586 1775 3613 1810 ι·

2041 1831 2228 1886 litterae
2260 1835 2664 1906 occupationem
2695 1840 2760 1894 ad
2810 1842 2911 1896 alia
2946 1845 3238 1912 requirere.
3271 1846 3328 1900 lu
3371 1861 3463 1901 sua
3513 1849 3611 1904 liii-

2038 1937 2140 1992 gua
2172 1926 2327 1980 zitise
2358 1929 2597 1996 require.

2112 2015 2426 2101 Ubicunque
2479 2030 2659 2075 autem
2717 2022 2876 2088 duae,
2935 2025 3017 2080 vel
3072 2035 3177 2082 tres
3212 2071 3225 2094 ,
3284 2039 3376 2084 aut
3434 2032 3612 2099 p'ures

2041 2105 2235 2161 littera:
2267 2119 2536 2176 ponuntur
2566 2112 2619 2166 in
2645 2129 2748 2166 uno
2779 2115 2920 2180 loco,
2951 2131 3016 2168 ex
3047 2117 3322 2185 superiore
3350 2119 3612 2189 interpre-

2041 2198 2258 2266 tatione,
2302 2203 2639 2272 maximeque
2689 2205 2799 2270 illa,
2832 2221 2990 2275 quam
3019 2207 3084 2261 de
3115 2210 3141 2260 ὁ
3169 2209 3294 2272 dixi,
3328 2211 3450 2279 quid
3504 2214 3609 2266 sibi

2038 2289 2204 2342 velint
2233 2290 2388 2346 facile
2418 2294 2612 2360 poterit
2637 2294 2864 2349 adverti.
2891 2295 3133 2351 Salutant
3161 2310 3212 2352 te
3241 2300 3449 2355 Eilinici
3492 2302 3597 2356 fra-

2043 2389 2172 2447 tres,
2216 2391 2500 2438 monentes
2532 2393 2583 2438 te
2616 2385 2730 2439 fieri
2752 2385 2818 2440 de
2871 2387 3075 2442 ratione
3107 2390 3404 2448 embolisnii
3453 2393 3615 2448 trien-

2040 2471 2141 2536 nis,
2195 2481 2250 2525 ut
2305 2473 2508 2543 absque
2537 2489 2718 2530 errore
2756 2491 2953 2545 gnarus
2999 2494 3118 2534 esse
3176 2481 3350 2538 valcas
3403 2483 3617 2540 biennis

2038 2573 2348 2633 contempto
2377 2569 2547 2636 pretio
2564 2568 2867 2624 divitiarum
2902 2570 3114 2627 Xerxis.

2034 2779 2335 2840 sermonem
2365 2769 2748 2840 superEvang.
2801 2765 2932 2824 Ecce
2960 2787 3052 2823 nos
3085 2771 3382 2840 reliquimus
3412 2775 3602 2839 omnia,

2035 2839 2122 2903 qui
2165 2848 2217 2914 et
2250 2839 2481 2914 homiliaa
2529 2839 2664 2914 Ioco_
2695 2841 2884 2909 legitur
2943 2841 2992 2914 in
3045 2839 3328 2914 festivitate
3358 2846 3474 2914 ejus
3505 2850 3603 2898 sub

2039 2908 2253 2977 nomine
2277 2908 2471 2973 Bedm;
2526 2909 2666 2977 quod
2715 2908 2890 2964 tamen
2923 2911 3007 2963 vix
3060 2911 3268 2964 videtur
3315 2913 3605 2968 admitten-

2036 2975 2183 3038 dum,
2233 2978 2333 3045 nisi
2362 2979 2505 3030 dicas
2535 2975 2657 3031 eum
2685 2991 3005 3042 mutuatum,
3059 2981 3278 3036 mutatis
3322 2985 3607 3038 mutandis.

2041 3045 2179 3100 Beda
2211 3055 2384 3100 tamen
2436 3064 2764 3117 nequaquam
2819 3051 3063 3117 indignus
3090 3061 3173 3104 est
3210 3066 3409 3106 sermo.
3465 3057 3610 3107 Scri-

350 3105 1919 3198 3i.;;;;,:.e'i;a55'q'.;u;.'.animaanimasuamias

2031 3115 2250 3198 liuut_de
2278 3131 2343 3170 eo
2357 3105 3320 3198 ‘lleriii:iii_tiusnGontractus,sanctus
3346 3105 3608 3198 Netherus

351 3199 517 3252 cados
547 3200 677 3263 viui,
719 3212 820 3253 etc.
854 3201 1060 3262 Latine,
1102 3198 1334 3264 ScOtice,
1366 3205 1422 3252 et
1442 3198 1757 3253 Germanice
1783 3200 1924 3268 loqui

352 3272 485 3322 satis
514 3269 725 3324 doctus.
777 3271 926 3325 Unde
966 3271 1123 3323 etiam
1171 3269 1382 3336 scripsit
1429 3268 1722 3323 orationem
1751 3279 1803 3324 et
1831 3287 1926 3339 gu-

351 3341 648 3393 bernandte
694 3341 944 3394 Ecclesiae
985 3341 1228 3392 formam.
1279 3340 1409 3393 Cum
1441 3341 1668 3392 Arbonae
1707 3340 1759 3394 in
1791 3342 1925 3394 festo

353 3410 524 3463 sancti
554 3411 825 3465 Michaelis
854 3420 973 3478 pOsl.
1000 3425 1231 3473 sacrum,
1263 3421 1320 3463 ut
1349 3407 1592 3474 aitEck.,
1626 3411 1711 3463 ubi
1739 3425 1918 3479 supra,

351 3480 673 3534 concionem
722 3481 1014 3544 habuisset,
1066 3479 1212 3534 febre
1253 3479 1446 3533 ibidem
1472 3480 1776 3548 corripitur,
1807 3495 1925 3550 qua:

350 3552 515 3603 etiam
546 3565 668 3605 eum
702 3565 796 3616 per
821 3552 934 3604 dies
962 3565 1046 3604 xiv
1079 3550 1245 3618 magis
1284 3552 1676 3618 ingravescens,
1709 3553 1921 3619 plenum

351 3621 656 3685 sanctitate,
689 3623 985 3675 innumeris
1010 3621 1214 3673 clarum
1246 3619 1545 3687 miraculis,
1587 3621 1724 3675 inter
1753 3623 1924 3675 disei-

351 3693 600 3755 pulorum
633 3706 823 3745 manus
854 3693 904 3745 in
937 3690 1224 3760 parochiali
1267 3690 1429 3744 domo
1458 3691 1737 3759 exstinxit,
1784 3706 1924 3744 anno

346 3776 462 3814 sua:
505 3762 682 3817 atatis
721 3761 815 3826 95,
865 3761 1063 3817 Christi
1111 3774 1240 3814 vero
1287 3761 1413 3825 640,
1467 3762 1728 3818 incolatus
1757 3761 1923 3816 eremi

351 3830 438 3893 lt),
466 3835 730 3888 adventus
755 3834 836 3886 sui
873 3834 924 3886 iti
954 3831 1294 3886 Germaniam
1320 3829 1414 3895 26,
1453 3832 1555 3896 vel,
1586 3834 1725 3900 quod
1756 3833 1924 3902 magis

343 3902 530 3969 credo,
564 3905 634 3958 13
661 3916 754 3957 aut
790 3901 880 3958 Η.
929 3902 1038 3956 Nec
1087 3902 1228 3956 enim
1267 3902 1386 3970 lego
1413 3916 1533 3956 eum
1569 3903 1660 3955 diu
1706 3905 1925 3956 haesisse

346 3970 429 4024 vel
461 3972 740 4036 Tuconiaz,
766 3973 849 4027 vel
874 3973 1103 4028 Athona:
1129 3989 1144 4037 ;
1179 3971 1460 4041 Brigantiae
1486 3987 1612 4026 vero
1645 3987 1735 4041 per
1759 3973 1924 4028 trieno

342 4043 492 4096 nium
521 4057 627 4101 etc.
679 4044 854 4100 Habes
899 4045 966 4100 de
994 4057 1060 4098 eo
1105 4044 1501 4112 gravissimum,
1535 4057 1655 4098 meo
1697 4041 1921 4113 judicio,

2037 3200 2091 3240 ιιι
2122 3187 2284 3261 libros
2311 3204 2323 3254 ;
2357 3187 2915 3261 Walal‘ridusStrabo,
2960 3191 3141 3261 Augitn
3169 3191 3354 3261 abbas,
3387 3194 3474 3261 qui
3517 3205 3601 3247 est

2035 3258 2173 3326 apud
2221 3261 2450 3324 Snrium,
2505 3271 2631 3314 tom.
2681 3259 2760 3324 V;
2809 3258 3167 3325 Marcellinus,
3217 3260 3268 3316 in
3306 3258 3418 3316 Vita
3464 3262 3604 3319 Swi-

2037 3327 2169 3383 berti
2199 3339 2382 3385 auctor
2409 3331 2535 3385 Viue
2559 3332 2725 3386 sancti
2753 3333 3036 3385 Burchardi
3064 3347 3078 3391 ;
3111 3331 3294 3396 Jonas,
3327 3333 3379 3386 in
3410 3345 3596 3388 sancto

2034 3399 2399 3467 Columbano;
2437 3402 2593 3462 Beda.
2630 3413 2809 3456 noster
2841 3403 2995 3456 Pater
3024 3402 3357 3466 Theodorus,
3390 3404 3440 3456 in
3472 3420 3598 3457 san~

2033 3480 2120 3524 cto
2149 3470 2334 3539 Magno
2360 3489 2374 3536 ;
2409 3473 2665 3540 Rapertus
2697 3473 2820 3525 item
2857 3473 3010 3526 l’ater
3040 3481 3216 3526 noster
3249 3483 3302 3526 et
3329 3471 3596 3528 Ekerltar-

2033 3543 2133 3593 dus
2163 3542 2371 3610 Junior,
2423 3543 2514 3597 lib.
2564 3542 3018 3607 Benedicaionum,
3068 3552 3122 3596 et
3162 3543 3325 3607 alibi;
3378 3544 3595 3599 Trithe-

2035 3612 2198 3677 niius,
2232 3612 2507 3676 Baronius,
2552 3613 2782 3666 Joannes
2815 3611 3070 3676 Leslmns,
3115 3611 3208 3667 lib.
3237 3628 3309 3677 tv,
3344 3613 3394 3667 in
3424 3614 3599 3668 Clien-

2031 3694 2156 3736 ueto
2184 3697 2330 3752 rege.
2376 3684 2748 3754 Martyrologia
2796 3698 2930 3752 pene
2955 3683 3154 3738 omnia.
3184 3683 3386 3754 Quem
3410 3685 3600 3738 merito

2032 3754 2310 3878 ﬁlem'auni
2359 3752 2524 3809 suum
2567 3754 2864 3824 apostolum
2915 3764 3126 3808 vocant.
3181 3753 3306 3808 Haec
3362 3752 3594 3808 Jodocus

2086 3836 2168 3878 etz
2192 3839 2334 3878 erus.

2086 3827 2334 3880 etzlerus.

2103 3906 2130 3933 κ
2160 3897 2288 3962 Quae
2315 3897 2422 3952 sint
2465 3894 2571 3950 illa:
2599 3894 2787 3949 litterae
2817 3894 3128 3957 Cantuenze.
3162 3907 3267 3948 non
3297 3893 3448 3963 capio
3477 3907 3598 3961 ego,

2035 3968 2260 4023 fideliter
2283 3978 2458 4022 tamen
2483 3967 2745 4034 descripta
2782 3975 2924 4029 sunt,
2946 3979 3275 4034 qmeeunque
3297 3965 3594 4031 sequeban-

2033 4051 2137 4107 tur,
2168 4038 2640 4110 przeceditautem,
2663 4031 2866 4090 'litania
2904 4031 3202 4089 Auxilium;
3236 4031 3369 4090 Cum.

435 4196 2731 4228 Μ

1609 4328 1883 4405 ΝΟΤΑ
1933 4323 2346 4403 GANISII.

413 4545 480 4599 υι
509 4538 777 4609 intelligas
806 4535 924 4607 quis
968 4534 1054 4609 hii;
1091 4534 1376 4601 Νοιιςθιιυε,
1428 4544 1488 4609 ει
1532 4551 1649 4609 qua;
1679 4537 1786 4609 δίης
1843 4543 1924 4594 ha,
1950 4537 2002 4598 D
2030 4526 2202 4609 amico
2230 4521 2438 4609 cuidam
2496 4520 2698 4609 litteras
2722 4521 3066 4609 Aa'lpliabeti,‘
3093 4536 3224 4609 quas
3275 4521 3594 4609 quibusdam

339 4617 561 4667 musicae
621 4605 863 4671 litt'erte',
927 4606 1245 4674 subiungam
1305 4621 1424 4674 quae
1475 4605 1636 4662 habet
1685 4607 1918 4664 Jodocus

337 4686 666 4740 Metzlerus:
702 4676 967 4732 Notkerus
999 4687 1220 4748 vocatus
1242 4676 1515 4748 Balbulus,
1560 4679 1732 4748 Magni
1767 4677 1918 4732 Otto-

339 4757 419 4809 nis
452 4767 642 4822 nepos,
674 4759 826 4822 natus
852 4749 904 4800 in
927 4755 1101 4822 eastro
1130 4747 1408 4822 lleiligovv,
1439 4748 1630 4822 abbati
1654 4747 1917 4802 crium]-

337 4829 408 4878 tto
437 4816 656 4877 oblatus
685 4830 766 4874 est
794 4816 1133 4884 juveneulus,
1178 4816 1313 4871 voce
1368 4817 1636 4881 balbulus,
1688 4833 1917 4886 corpore

333 4894 574 4963 gracilis,
623 4887 1354 4963 adurepentinatimidulus,
1402 4889 1532 4943 solis
1583 4890 1914 4963 daemonibus

333 4956 596 5032 Exceptis,
622 4961 816 5030 quibus
849 4971 909 5032 se
937 4956 1186 5032 audacter
1208 4957 1415 5032 occulte
1442 4967 1495 5012 et
1521 4956 1812 5032 manifeste
1836 4960 1915 5012 in-

328 5027 654 5088 festantibus
673 5027 997 5099 opponebat.
1022 5028 1245 5099 Auditor
1271 5029 1548 5099 rstudiosus
1566 5029 1663 5082 fuit
1680 5029 1844 5083 lsonis
1867 5037 1921 5084 et

329 5105 590 5158 Marcelli.
627 5103 681 5156 lu
714 5098 939 5163 erando,
975 5098 1217 5165 legendo,
1250 5098 1500 5153 dictando
1521 5099 1726 5166 creber,
1759 5108 1830 5162 et,
1862 5109 1919 5154 ut

331 5176 500 5229 verbo
553 5174 750 5235 dicam,
805 5183 933 5224 vere
983 5169 1153 5222 sancti
1208 5169 1438 5237 Spiritus
1471 5169 1566 5223 fuit
1615 5171 1912 5234 vasculum,

326 5247 431 5298 fuit
483 5243 647 5298 etiam
698 5240 994 5311 prophetiae
1048 5239 1238 5311 spiritu
1292 5239 1526 5311 plenum.
1579 5239 1794 5311 Nescias
1843 5254 1909 5294 an

327 5314 501 5382 magis
527 5313 738 5367 mireris
779 5310 1090 5382 genus,_an
1143 5310 1468 5382 doctrinam,
1513 5324 1581 5364 an
1630 5310 1905 5382 virtutem.

327 5379 546 5437 l’rimus
574 5382 847 5436 adinvenit
882 5379 1079 5447 jubilos
1107 5395 1200 5434 seu
1232 5380 1535 5448 sequentias
1584 5379 1904 5444 modulatas,

323 5469 465 5518 quas
494 5457 609 5520 ipse
657 5454 724 5506 ad
771 5450 1173 5507 distinctionem
1230 5450 1545 5504 Metensium
1603 5450 1904 5518 appellabat

325 5523 603 5592 Frigdora:
636 5532 727 5575 aut
747 5520 1140 5592 Occidentatiae,
1164 5534 1296 5588 quas
1318 5527 1389 5592 et,
1408 5520 1545 5592 inter
1562 5520 1899 5592 sanetissima

319 5590 584 5664 mysteria
616 5593 774 5649 toties
813 5591 1050 5647 Ecclesia
1099 5593 1315 5661 repetit.
1371 5590 1691 5645 Dilucidavit
1735 5593 1895 5647 etiam

2028 4595 2223 4650 notulis
2275 4592 2684 4660 antiphnnarutn
2717 4593 2997 4646 alliuxerat
3031 4593 3298 4646 Romanus
3351 4594 3589 4661 quidam,

2020 4670 2110 4734 qui
2133 4670 2201 4719 ab
2231 4663 2467 4718 Adriano
2523 4677 2656 4734 papa
2705 4665 2768 4715 ad
2826 4664 3126 4716 instantiam
3182 4663 3358 4734 Caroli
3417 4663 3590 4732 Magni

2019 4733 2205 4790 cantor
2257 4734 2519 4788 ECclesias
2563 4733 2850 4788 Galliarum
2900 4735 2950 4786 in
2982 4743 3137 4788 cantu
3165 4733 3231 4786 ad
3286 4735 3594 4801 primaivum

2019 4808 2237 4859 modum
2294 4804 2684 4874 Gregorianum
2743 4804 3030 4858 reducebat
3085 4804 3416 4858 aberrantes.
3483 4806 3584 4869 Qui

2018 4874 2289 4930 Romanus
2338 4887 2518 4943 postea
2551 4877 2600 4928 in
2635 4875 2955 4928 monasterio
2986 4875 3173 4927 morbo
3221 4875 3444 4940 primum
3490 4875 3585 4928 de-

2017 4954 2214 5009 tentus,
2236 4946 2454 5001 omnino
2476 4945 2635 5000 etiam
2663 4944 2884 5012 jubente
2911 4944 3103 4997 Carolo
3133 4943 3203 4996 ibi
3230 4943 3401 4996 limsit.
3439 4944 3583 4997 Prte-

2030 5026 2108 5088 ter
2134 5017 2222 5071 illa
2259 5033 2380 5088 quas
2412 5016 2519 5088 Aluic
2564 5016 2876 5088 editasunt,
2928 5013 3142 5088 scripsit
3184 5014 3250 5088 de
3294 5015 3585 5088 expositio-

2026 5086 2182 5142 nibus
2209 5081 2376 5141 séra:
2403 5085 2690 5154 Scriptura:
2715 5084 2804 5138 lib.
2838 5102 2851 5139 l
2887 5103 2899 5136 :
2936 5083 3062 5137 Cum
3095 5084 3333 5154 prudens.
3366 5081 3445 5154 De
3470 5098 3588 5135 mu-

2021 5157 2130 5228 sica
2162 5167 2219 5213 et
2243 5152 2559 5228 symphonia
2588 5155 2794 5228 lib.‘_t;_
2828 5156 3183 5228 epistularum
3221 5152 3286 5205 ad
3344 5153 3590 5228 diversos

2019 5226 2113 5281 lib.
2144 5245 2157 5282 l
2188 5245 2202 5291 ;
2235 5221 2303 5282 de
2333 5228 2448 5280 Vita
2479 5227 2646 5279 sancti
2674 5221 2926 5280 Fridolini
2955 5226 3077 5277 abb.
3131 5222 3224 5276 lib.
3255 5235 3270 5273 ι
3303 5237 3318 5285 ;
3351 5223 3418 5276 de
3470 5221 3588 5276 Vita

2015 5301 2186 5353 sancti
2209 5298 2370 5361 Galli,
2401 5297 2491 5350 lib.
2520 5311 2597 5362 Ill,
2621 5295 3069 5365 Martyrologium,
3090 5301 3144 5345 et
3168 5292 3276 5365 alia
3304 5294 3584 5365 nonnulla.

2013 5366 2091 5421 Ex
2123 5369 2310 5422 Graeco
2361 5369 2517 5421 vertit
2569 5363 3206 5432 librosiperil’iertnenias
3260 5363 3584 5416 Aristotelis.

2010 5437 2110 5492 Per
2138 5439 2340 5493 litteras
2383 5436 2676 5493 sciscitanti
2726 5435 2900 5506 abbati
2928 5433 3180 5500 Augiensi
3219 5432 3394 5503 qualis
3441 5440 3587 5506 esset

2007 5509 2060 5563 in
2093 5510 2188 5563 hac
2214 5513 2425 5578 regione
2450 5518 2610 5572 terra,
2637 5505 2906 5574 respondit
2929 5523 2942 5556 :

2132 5603 2262 5652 Dura
2284 5604 2422 5662 viris,
2447 5611 2496 5650 et
2521 5601 2638 5649 dura
2661 5599 2774 5658 lide,
2801 5597 3056 5646 durissima
3077 5597 3241 5660 gleba.
