4018 6184
192 325 254 376 bl
679 314 1175 373 EPlGRAMMATA
1215 311 1345 369 SEU
1387 307 1596 366 HYMNI
1636 302 1833 362 SACRI
1882 266 2106 368 ANTIO;
2150 302 2430 358 PATRUM
2475 301 2633 356 MON.
2675 303 2731 356 S.
2771 299 2996 357 GALLI.
3393 276 3460 327 Η

481 433 740 488 Occurrat
768 443 936 482 ovans
964 427 1226 482 coalitum.
1791 438 1802 443 λ’
1819 420 1860 479 Α

501 545 511 555 ·
558 522 755 576 Intacta
793 517 988 574 Christi
1019 516 1249 586 genitrix

484 611 646 664 Mater
678 609 878 661 honora
905 605 1192 676 virginum,

483 703 721 757 Cborum
754 701 1004 766 pudicum
1035 700 1264 762 socians,

480 795 598 850 Tibi
632 793 886 862 procedat
913 793 1149 846 obviam.

567 884 921 953 Agonathetze
941 883 1187 952 apostoli,

497 976 778 1030 \‘ictoriosi
811 985 1092 1046 martyres,

491 1068 798 1132 Omnesque
826 1064 996 1118 sancti
1029 1061 1266 1128 ordines,

495 1155 720 1222 Semper
749 1161 939 1206 vocent
964 1161 1016 1207 te
1045 1151 1292 1207 laudibus

572 1246 678 1299 Nos
709 1259 806 1314 pro
832 1251 972 1297 statu
1005 1241 1150 1311 parvi
1178 1241 1302 1305 loci,

502 1335 706 1400 Reique
737 1334 894 1386 modo
924 1332 1191 1400 pauperis,

503 1426 768 1478 Lmtantes
798 1424 887 1493 pio
918 1423 1145 1476 Domino

494 1516 840 1570 Occurrimus
868 1511 917 1565 in
938 1512 1210 1565 omnibus.

571 1604 693 1657 lltec
723 1605 834 1671 ipsa
863 1602 1094 1671 gaudent
1123 1609 1382 1670 tempora,

500 1696 759 1762 l‘loreqne
788 1709 954 1746 verno
982 1693 1284 1761 germinant

492 1787 764 1840 Adventus
793 1785 938 1837 omni
969 1784 1184 1853 gaudio,
1824 1775 1872 1833 B

498 1879 722 1945 Quando
749 1877 890 1930 venit
919 1877 1175 1944 Optatior.

2250 415 2433 483 llujus,
2468 414 2677 468 Christe
2705 424 2880 466 rector
2906 417 3064 473 alme,

2175 505 2348 559 Plebis
2381 517 2499 560 vota
2531 507 2763 572 suscipe,
2859 510 2885 548 \

2168 599 2268 665 Qui
2300 597 2574 665 plasmasti
2602 597 2985 664 protoplastum

2179 690 2242 744 Ut
2271 705 2435 759 genus
2465 688 2808 759 gignentium.

2247 817 2348 872 Fac
2381 820 2428 870 in
2460 828 2595 870 terra
2625 817 2784 868 fontis
2813 815 2968 881 liujns

2169 907 2443 963 Sacratnm
2471 906 2800 976 mysterium,

2174 994 2272 1060 Qui
2305 995 2550 1061 proﬂuxit
2578 1009 2697 1046 cum
2729 1007 2919 1046 cruore

2176 1080 2337 1136 Sacra
2367 1079 2561 1134 Christi
2586 1094 2830 1146 corpore.

2258 1211 2403 1265 Mitte.
2433 1221 2670 1264 sanctum
2706 1224 2843 1261 nunc
2874 1210 3148 1260 amborum

2177 1303 2426 1371 Spiritum
2459 1303 2771 1370 paraclitnm

2183 1394 2237 1446 In
2267 1393 2400 1447 lianc
2429 1394 2662 1462 plebem,
2694 1409 2849 1460 quam
2881 1402 3148 1447 recentem

2114 1530 2119 1536 .
2179 1485 2317 1538 Fons
2346 1485 2585 1554 baptismi
2619 1485 2862 1552 parturit.

2257 1622 2473 1687 Prmsta,
2509 1623 2679 1675 Patris
2704 1633 2861 1687 atque
2896 1623 3010 1675 Nati

2183 1709 2431 1778 Compar,
2461 1723 2642 1766 sancte
2682 1713 2929 1771 Spiritus,

2183 1802 2246 1855 Ut
2280 1811 2329 1855 te
2358 1803 2526 1856 solum
2554 1818 2764 1867 semper
2793 1805 2934 1854 omni

2181 1890 2468 1960 Diligamus
2500 1901 2758 1960 tempore.

503 2031 730 2099 Ratperti
759 2030 826 2082 ad
843 2030 1072 2100 reginam
1101 2026 1506 2096 suscipiendam.
2249 2024 2357 2079 Rex
2388 2035 2687 2080 sanctorum
2719 2027 3027 2094 angelorum

214 2175 398 2222 Aurea
430 2171 515 2218 lux
543 2173 718 2228 terrm,
746 2160 1070 2216 dominatrix
1102 2158 1316 2228 inclyta,
1346 2157 1515 2220 salve,
2182 2116 2370 2170 Tomm
2403 2118 2653 2171 mundum
2693 2117 2905 2186 adj'm‘

290 2257 424 2323 Quae
447 2253 690 2308 domibus
720 2252 924 2306 nostris
955 2263 1095 2304 nunc
1124 2247 1398 2302 benedicta
1429 2245 1599 2300 venis.

217 2347 390 2415 Larga
424 2354 641 2399 maneto
669 2343 776 2396 tuis
803 2355 1019 2410 semper
1047 2337 1342 2393 clarissima
1371 2335 1564 2399 servis,

291 2438 394 2504 Qui
431 2437 522 2489 tibi
554 2443 731 2488 mente
756 2439 974 2495 canunt,
1003 2444 1218 2483 carmen
1251 2437 1304 2481 et
1328 2442 1421 2480 ore
1467 2428 1663 2480 ierunt.
1737 2426 1800 2478 Α.

218 2531 352 2586 Plus
382 2529 542 2583 hodie
571 2527 736 2582 solito
767 2526 942 2579 radiat
971 2525 1048 2577 sol
1079 2522 1254 2576 clarus
1285 2521 1335 2574 in
1369 2520 1497 2584 alto,

294 2623 540 2689 Cumque
569 2633 758 2674 serena
792 2617 942 2671 venis
970 2615 1150 2668 nubila
1179 2623 1366 2667 cuncta
1398 2612 1544 2664 teris.
1623 2610 1688 2676 ρ.

215 2716 480 2770 Floribus
507 2728 630 2766 arva
663 2713 853 2772 nitent,
885 2709 1008 2777 quia
1043 2717 1094 2761 te
1125 2720 1223 2760 nos
1252 2705 1426 2757 visere
1452 2711 1697 2762 cernunt,

300 2806 520 2860 Fetibus
549 2815 710 2872 atque
739 2802 911 2856 solum
942 2798 1205 2867 germinat
1230 2811 1386 2850 omne
1417 2795 1636 2848 bonum.
1713 2790 1778 2845 Α.

227 2897 420 2952 Gloria
451 2893 747 2963 magnifica
776 2889 1004 2944 rutilans
1034 2887 1328 2942 celsissima
1362 2884 1564 2949 Romm,

302 2990 482 3058 Atque
506 2986 662 3038 itaios
689 2983 851 3035 radiis
874 2982 1042 3034 comis
1073 2993 1278 3034 amoena
1310 2978 1431 3032 tuis.
1511 2977 1576 3039 Ο.

225 3083 299 3134 At
330 3077 426 3130 tibi
455 3089 516 3129 se
547 3074 796 3126 famulam
833 3069 1032 3139 praebet
1061 3067 1342 3123 Germania
1386 3067 1563 3129 nillil",

306 3167 514 3234 Saepius
541 3174 594 3218 et
626 3163 756 3216 faeie
785 3170 840 3215 te
866 3160 1012 3229 cupit
1033 3161 1288 3228 aspicere.
1367 3158 1429 3210 A.

222 3258 470 3314 Caesaris
499 3257 611 3324 ipsa
640 3255 828 3318 decus,
859 3249 1174 3319 populorum
1203 3249 1426 3316 corrigis
1464 3256 1638 3314 actus,

308 3346 560 3403 Pluribus
590 3356 642 3399 et
672 3343 860 3396 validis
888 3342 1198 3408 imperitans
1225 3340 1455 3406 populis.
1533 3338 1598 3405 ρ.

225 3440 388 3493 Nune
415 3438 530 3489 sine
563 3436 667 3490 line
695 3433 836 3495 vale,
868 3432 1133 3485 miserans
1161 3441 1213 3483 et
1242 3438 1418 3482 nostra
1451 3437 1623 3490 tuere,

304 3531 390 3584 Sit
424 3527 518 3582 tibi
546 3541 732 3596 magna
759 3525 927 3588 salus,
956 3524 1090 3588 laus,
1120 3523 1309 3586 honor,
1341 3530 1497 3590 atque
1527 3521 1714 3575 decus.

1943 2297 2151 2353 Notkeri
2182 2297 2417 2370 Magistri
2439 2308 2767 2380 cognomento
2801 2298 3008 2353 Bnlbnli
3037 2300 3217 2353 (itania
3249 2302 3432 2370 rhyth-

2626 2385 2776 2421 mica.

1911 2528 2056 2581 Votis
2088 2527 2413 2598 supplicibus
2441 2542 2598 2583 voces
2620 2543 2782 2597 super
2822 2538 2964 2582 astra
3000 2529 3252 2592 feramus,

1976 2621 2173 2676 Trinus
2203 2630 2259 2674 nt
2285 2631 2338 2675 et
2366 2621 2593 2690 simplex
2620 2636 2717 2676 nos
2743 2632 2895 2691 regat
2939 2621 3292 2689 omnipotens.
3377 2621 3480 2691 κει.

1910 2712 2104 2768 Sancte
2135 2712 2311 2774 Pater,
2339 2712 2529 2780 adjuva
2559 2725 2675 2767 nos.
2709 2712 2902 2766 Sancte
2930 2711 3051 2776 Fili,
3080 2712 3269 2776 adjnva
3295 2725 3411 2765 nos.

1983 2801 2213 2872 Compar
2243 2803 2323 2860 his
2344 2811 2396 2855 et
2421 2801 2669 2868 Spiritus,
2687 2815 2860 2868 ungue
2880 2815 2975 2853 nos
3001 2801 3335 2853 intrinsecus.
3363 2799 3483 2852 Vol.

1916 2895 2106 2951 Sancta
2139 2895 2300 2964 Virgo
2329 2895 2616 2961 virginum,
2652 2894 2815 2946 Sit-lla
2851 2893 3032 2953 maris,
3068 2892 3249 2954 Maria,

1985 2987 2064 3039 Tu
2093 3000 2189 3054 pro
2217 2984 2369 3038 nobis
2401 2982 2680 3036 Dominum
2708 2981 2809 3034 Ora
2843 2981 3108 3034 Christum
3141 2979 3350 3032 Filium.
3399 2983 3488 3037 Tr.

1843 3112 1890 3173 ο
1919 3078 2148 3134 Summae
2170 3076 2316 3130 sedis
2347 3074 2607 3139 minister,
2638 3073 2768 3140 Quis
2799 3083 2853 3124 ut
2885 3073 3024 3125 Deus
3054 3070 3312 3124 Michael?

1871 3152 1890 3173 ⁸
1991 3167 2123 3222 Cum
2154 3165 2400 3236 supernis
2416 3165 2645 3230 civibus,
2677 3166 2744 3216 sit
2775 3163 2925 3214 nobis
2945 3160 3202 3230 propitius
3225 3161 3286 3213 K.
3310 3159 3349 3214 L
3397 3159 3486 3214 Tr.

1925 3260 2104 3314 Prmeo
2134 3257 2329 3332 Christi
2361 3255 2611 3319 Joannes,
2643 3253 2776 3324 Agni
2808 3253 2898 3307 Dei
2928 3262 3194 3314 ostensor,

1995 3349 2366 3416 Redemptoris
2395 3345 2744 3414 l3apti'3ta,'l‘u
2777 3360 2872 3398 nos
2904 3343 3010 3396 Deo
3029 3341 3363 3396 commenda.
3395 3340 3488 3394 Vo.

1923 3441 2117 3496 Sancte
2146 3439 2325 3499 Petre,
2353 3446 2406 3489 et
2433 3436 2612 3496 Paule,
2642 3436 2924 3501 cunctique
2952 3434 3199 3500 apostoli,

2000 3531 2102 3582 Vos
2133 3539 2284 3582 orate
2315 3542 2407 3595 pro
2438 3523 2627 3579 vcsltis
2669 3523 2982 3577 Christianis
3012 3522 3236 3591 populis.
3287 3519 3492 3574 Trintts.

1923 3620 2101 3678 .lttncli
2124 3627 2309 3673 sancto
2339 3617 2632 3686 Stephano,
2665 3615 2898 3670 universi
2931 3626 3211 3684 martyres,

2002 3714 2180 3766 Estote
2203 3710 2402 3764 auxilio
2423 3708 2616 3776 popqu
2641 3707 2921 3761 catholico.
2954 3706 3015 3759 ν.
3043 3707 3100 3759 1,.
3134 3705 3199 3759 Κ.

1932 3801 2126 3857 Βίην-ιθ
2159 3799 2326 3864 Galle,
2361 3802 2645 3862 succurre;
2678 3807 2858 3850 sancto
2888 3795 3160 3854 Otltmare,
3189 3789 3456 3856 subveni,

2003 3892 2128 3954 Nos,
2159 3905 2278 3945 cum
2318 3887 2732 3952 confcssoribus,
2770 3885 3081 3956 Adjuvantlo
3105 3885 3370 3952 precibus.
3405 3883 3496 3938 Tr.

1932 3985 1976 4038 O
2001 3990 2200 4051 martyr
2233 3982 2499 4040 Felicitas,
2523 3978 2730 4032 Cohors
2751 3986 2905 4044 atque
2931 3977 3216 4045 virginum,

2009 4074 2277 4125 Postulate
2303 4088 2395 4139 pro
2438 4071 2589 4122 nobis
2619 4070 2908 4135 majesatis
2935 4065 3234 4118 Dominum.
3274 4063 3436 4139 Vtilis.

1934 4162 2132 4217 Omnes
2153 4138 2320 4214 sancti
2350 4159 2576 4222 Domini,
2601 4157 2785 4222 Angeli
2807 4167 2858 4209 et
2883 4156 3144 4218 homines,
3335 4138 3349 4150 ’

2015 4253 2117 4306 Vos
2145 4252 2210 4304 ad
2235 4265 2392 4304 aures
2413 4248 2639 4310 divinas,
2668 4246 2799 4300 ferte
2824 4259 3006 4314 preces
3031 4244 3263 4298 sedulas.
3298 4245 3505 4299 Trinus.

1943 4342 2007 4397 Ut
2038 4343 2189 4398 nobis
2216 4342 2463 4397 remis-io
2491 4350 2828 4406 peccatorum
2862 4337 3109 4401 donetur,

731 3702 808 3753 Ad
832 3701 1120 3752 descensum
1153 3699 1330 3760 fontis.

607 3854 711 3907 Rev
747 3862 1051 3906 sanctorum
1078 3852 1382 3920 angelorum

542 3945 728 3998 Totum
762 3942 1012 3993 mundum
1045 3941 1253 4010 adjuva.

605 4039 707 4089 Ora
736 4035 964 4101 primum
997 4044 1046 4084 tu
1079 4047 1176 4100 pro
1205 4031 1355 4085 nobis

541 4126 699 4193 Virgo
732 4135 902 4178 mater
923 4125 1214 4191 germinis;

541 4219 603 4269 Et
635 4217 876 4269 minister
901 4215 1069 4267 Patris
1099 4215 1316 4278 summi,

536 4308 766 4359 Ordines
795 4304 1041 4372 angelici.

605 4397 913 4466 Supplicate
941 4395 1156 4447 Christo
1187 4389 1338 4462 Regi,

540 4489 722 4542 Canus
749 4487 1026 4555 apostolici
1053 4503 1067 4545 :

546 4579 926 4646 Supplicetque
956 4593 1049 4645 per
1080 4592 1389 4644 magnorum

542 4669 768 4736 Sanguis
799 4668 945 4721 [usus
973 4679 1269 4737 martyrum

617 4761 809 4812 Sancte
837 4758 1009 4821 Galle,
1045 4755 1200 4810 Pater
1229 4757 1388 4820 alme,

549 4851 662 4901 Tun
693 4850 770 4903 fac
795 4850 1055 4912 oramine,

543 4944 659 5007 Quo
686 4943 933 5008 dignetur
963 4942 1045 4992 his
1074 4940 1274 4993 ieslivis

545 5033 809 5086 Interesse
837 5032 1066 5100 gaudiis.

623 5126 929 5190 Implorate,
969 5125 1326 5186 contessores,

552 5215 918 5282 Consonteipte
949 5215 1178 5282 virgines
1194 5256 1207 5277 ,

554 5307 700 5372 Quod
732 5307 958 5359 donetur
988 5320 1192 5372 magna;
1222 5306 1374 5358 nobis

553 5397 788 5466 Tempus
816 5397 1178 5466 indulgentite.

619 5488 823 5542 Omnes
848 5489 1018 5539 sancti
1051 5497 1207 5550 atque
1233 5487 1360 5554 justi

558 5579 665 5633 Vos
694 5594 977 5648 precamur
1002 5582 1203 5642 cernni,

557 5669 626 5724 Ut
657 5677 914 5737 purgetur
939 5672 1138 5722 crimen
1170 5684 1328 5722 omne

553 5758 745 5812 Vestro
775 5759 1158 5813 sublevatniue.

563 5874 833 5931 Ριτηθῐ..
884 5871 1264 5930 LXXXV”.

2011 4437 2164 4491 Aeris
2197 4432 2503 4500 temperies,
2534 4433 2818 4498 Terrmqne
2845 4430 3107 4482 fertilitas.
3169 4429 3237 4482 Κ.

1945 4528 2134 4581 Pacem
2168 4525 2320 4577 nobis
2349 4524 2597 4590 imploret
2626 4532 2798 4574 vestra
2832 4519 3164 4583 intercessio,

2013 4618 2307 4673 Sanitatem
2337 4628 2644 4682 corporum,
2684 4613 2744 4665 Et
2775 4627 3006 4679 perenne
3033 4612 3300 4678 gaudium.
3347 4611 3412 4662 Κ.

1946 4710 2013 4766 Ut
2045 4709 2234 4762 [amem
2261 4718 2310 4760 et
2347 4705 2513 4758 morbi
2545 4708 2673 4767 vim,
2707 4705 2968 4757 Amovere
2999 4703 3247 4770 dignetur

2015 4801 2362 4868 Omnipotens
2395 4799 2665 4860 Dominus,
2697 4797 2930 4848 obiinete
2975 4795 3237 4862 precibus.
3287 4793 3444 4848 Viris.

1951 4891 2011 4946 Ut
2038 4889 2263 4942 saeviens
2289 4887 2514 4958 gladius,
2542 4887 2604 4938 Et
2633 4901 2865 4952 paganus
2899 4885 3141 4951 populus,

2022 4979 2328 5046 Depellatur
2359 4993 2385 5028 a
2419 4976 2592 5038 nobis,
2625 4975 2697 5026 Te
2726 4989 2992 5042 rogamus,
3029 4973 3271 5025 Domine.
3311 4971 3516 5024 Troius.

1954 5067 2020 5120 Ut
2049 5077 2315 5137 pastorem
2350 5068 2504 5118 tut-ri.
2541 5065 2792 5116 Nostrum
2825 5064 2956 5114 velis
2983 5073 3032 5112 et
3061 5063 3281 5119 clerum,

2021 5161 2218 5214 Omnes
2241 5159 2396 5211 simul
2423 5173 2659 5221 oramus,
2681 5156 2804 5210 Jcsu
2840 5154 3002 5220 ῖιῖιῑῖἶ,
3032 5155 3150 5205 andi
3186 5168 3306 5206 nos.
3351 5154 3414 5206 ις.

1955 5251 2021 5306 l‘t
2050 5266 2146 5304 rex
2173 5262 2354 5302 noster
2382 5249 2753 5309 Cltnonradns,
2792 5247 2920 5315 Ejus
2946 5255 2998 5296 et
3029 5244 3315 5306 exercitus,

2027 5344 2157 5395 Hinc
2179 5351 2233 5394 et
2255 5341 2376 5393 inde
2398 5350 2661 5402 servetur,
2685 5341 2907 5390 Oramus
2934 5335 3092 5395 ἇπῑῖἷ,
3130 5336 3247 5385 anili
3280 5349 3392 5386 nos.
3430 5334 3524 5387 Vo.

2840 5153 2985 5164 ———-—.

1899 5486 1902 5490 -
1958 5456 2020 5511 Ut
2047 5469 2235 5507 cruore
2261 5453 2594 5519 redemptum
2630 5451 2867 5502 Pretioso
2898 5444 3143 5512 populum

2025 5539 2630 5610 Conservaretligneris,
2652 5539 2874 5591 Oramus
2896 5535 3125 5599 Christe,
3152 5535 3269 5587 andi
3293 5550 3405 5587 nos.
3441 5532 3532 5586 Tr.

1959 5659 2178 5710 Animas
2205 5653 2512 5714 catholicas,
2546 5649 2599 5702 lu
2633 5659 2828 5701 tctcrna
2863 5650 3043 5716 requie

2028 5743 2304 5802 Conforeri
2347 5747 2551 5813 jnbeas,
2579 5746 2803 5797 Oramus
2831 5741 3063 5798 Christo,
3098 5739 3218 5792 andi
3254 5756 3366 5791 nos.
3403 5738 3466 5790 Κ.

3073 5862 3116 5916 ‘2
