4006 6182
496 312 568 367 45
1541 299 1880 358 ΑΡΡΕΝῡΙΧ
1926 299 2012 355 Αἰ)
2055 298 2083 354 ε

2215 299 2357 353 ALLI
2396 297 2707 355 SCRIPTA.
3687 285 3764 339 ιι

493 434 692 487 Omnes
723 427 815 483 tibi
844 424 1103 481 canimus.
1138 416 1382 476 Universi
1414 416 1727 481 clamantes,

572 520 802 576 Vocibus
820 525 871 572 et
888 513 1159 577 cordibus,
1185 512 1411 566 Oramus
1433 507 1665 571 Christe,
1690 505 1810 559 audi
1844 519 1958 559 nos.
1980 501 2073 557 Tr.

490 614 722 669 Oramus
751 608 982 668 Christe,
1006 604 1129 658 audi
1157 616 1274 667 nos,
1293 598 1532 663 Christe,
1561 597 1929 661 Christe,audi
1956 609 2073 648 nos.

565 700 914 772 Kyrieleyson
972 694 1262 758 canimus,
1331 689 1543 744 Christe
1610 689 1826 756 eleyson
1902 684 2080 753 psalli-

1683 777 1847 849 [mus.
1888 772 2079 843 Votis.]

503 950 738 1022 Hymnus
761 948 968 1022 otkeri
986 945 1223 1022 Magistri
1243 950 1572 1022 cognomento
1594 937 1797 1022 Βρίξιλξὶ
1818 935 2079 1022 ἀεἸδαηειο

584 1021 898 1077 Columbano
928 1019 995 1070 ad
1019 1004 1258 1083 utrasque
1296 1004 1544 1081 Vespera:
1574 1019 1621 1062 et
1647 1011 1714 1059 ad
1751 1004 1980 1057 Laudes.

850 1173 1027 1229 Nostri
1056 1169 1311 1226 solemnis
1336 1167 1516 1220 srrculi

780 1263 1026 1333 Refulget
1056 1261 1170 1315 dies
1195 1258 1420 1326 inclyta,

777 1359 892 1425 Quo
919 1369 1070 1409 sacer
1095 1351 1266 1406 eteius
1289 1348 1546 1402 Columba

776 1444 1033 1502 Ascendit
1063 1442 1237 1497 ferens
1266 1438 1525 1510 trophma.

843 1536 947 1591 Sed
979 1535 1282 1600 priusquam
1311 1544 1432 1582 eum
1465 1535 1635 1579 mater

778 1630 832 1685 In
857 1632 1015 1683 auras
1043 1627 1178 1680 lucis
1211 1624 1414 1685 ederet,

780 1724 817 1775 E
841 1725 959 1775 sinu
987 1719 1153 1773 solem
1188 1713 1456 1782 prospexit.

776 1815 955 1870 Terris
986 1813 1164 1865 lumen
1194 1806 1514 1865 dili'undere,

847 1906 943 1973 Qui
974 1911 1089 1972 post
1111 1900 1249 1954 altus
1276 1897 1563 1966 Hybernia,

777 2002 945 2055 Sacro
973 1996 1194 2051 edoctus
1224 1993 1495 2059 dogmate,

784 2089 983 2143 Gallica
1011 2099 1140 2140 arva
1170 2083 1358 2137 adiens

786 2180 929 2234 Plebi
955 2178 1179 2229 salutem
1206 2171 1409 2225 tribuit.

859 2268 1006 2337 [Egri
1038 2272 1291 2319 sanantur
1318 2262 1489 2323 ocius,

786 2362 971 2418 Nautis
1003 2358 1162 2431 [Ms.,
1195 2355 1365 2409 acutis
1393 2349 1413 2421 l
1446 2348 1690 2419 producit
1712 2345 1918 2403 latices,

788 2454 953 2508 Piscis
973 2448 1136 2522 [Μδη
1167 2445 1353 2517 priscis
1379 2442 1399 2516 ]
1424 2442 1476 2496 in
1508 2454 1660 2496 usum
1691 2437 1983 2507 praebetur,

782 2544 934 2601 Cedit
960 2542 1129 2595 imber
1162 2553 1189 2590 a
1220 2546 1425 2605 segete.

865 2632 1073 2688 Prolem
1103 2629 1244 2695 capit
1269 2624 1490 2687 sterilis,

778 2726 904 2782 Ales
931 2722 1169 2790 rapinam
1203 2715 1453 2777 reddidit,

790 2816 949 2871 Fanis
974 2814 1162 2866 horrea
1190 2813 1473 2876 augentur.

786 2906 1033 2965 Abscissa
1064 2914 1189 2956 caro
1210 2910 1397 2964 sospes
1425 2902 1525 2947 est.

858 2997 1053 3051 Tactus
1078 2992 1229 3053 vidit,
1252 3002 1351 3041 nec
1379 2980 1643 3046 cernitur,

786 3087 961 3144 Sentit
986 3084 1179 3136 damna
1210 3075 1561 3146 ergastulum,

785 3178 940 3249 Fugit
969 3173 1134 3245 pestis
1160 3172 1228 3224 ab
1267 3169 1501 3229 homine,

782 3270 952 3336 Quam
984 3265 1192 3319 daemon
1223 3273 1396 3314 saevus
1426 3255 1663 3316 miserat,

853 3358 1029 3429 Ligeri
1060 3354 1312 3423 scapham
1344 3351 1557 3416 retinet,

784 3451 974 3508 Ablato
1002 3448 1141 3503 furto
1173 3446 1455 3515 prodeunt,

705 3562 711 3567 ο
785 3540 1082 3606 (Ζωωεῳιθ
1109 3536 1283 3589 lumen
1314 3532 1522 3599 recipit,

790 3629 1086 3687 Prmbeudo
1112 3628 1264 3680 cibus
1286 3634 1533 3692 augetur.

866 3722 921 3775 In
947 3735 1067 3775 esca
1094 3719 1221 3773 salis
1246 3717 1492 3778 veniunt,

792 3815 928 3870 Fere
948 3810 1112 3880 jussis
1140 3807 1420 3871 obediunt,

801 3906 957 3961 Fides
986 3899 1183 3973 patrari
1211 3898 1443 3954 conscia.

798 3998 954 4054 Novit
981 3995 1121 4066 quod
1154 3992 1322 4063 possit
1347 3989 1547 4044 omnia.

858 4093 966 4145 Deo
999 4088 1137 4144 Patri
1170 4088 1234 4140 sit
1264 4085 1427 4155 gloria

792 4184 1024 4253 Ejusque
1046 4181 1145 4235 soli
1177 4177 1330 4241 Filio,

791 4276 921 4327 Cum
945 4273 1143 4338 Spiritu
1178 4271 1451 4338 paraclyto

795 4367 856 4418 Et
882 4377 1021 4416 nunc
1049 4363 1170 4413 etin
1206 4371 1535 4427 perpetuum.

871 4461 1061 4509 Amen.

682 4613 865 4667 Versus
896 4605 1199 4661 "artmanni
1229 4604 1294 4657 ad
1317 4604 1692 4674 suscipiendum
1721 4616 1906 4670 regem.

514 4763 737 4833 Suscipe
766 4760 1105 4819 clementem,
1142 4752 1292 4822 plebs
1322 4752 1690 4811 devotisslma,
1727 4764 1932 4818 regem,

595 4859 809 4922 Ducque
834 4863 1035 4905 canens
1066 4846 1203 4900 Galli
1237 4855 1373 4899 tecta
1401 4843 1500 4897 sub
1526 4843 1633 4895 alta
1664 4843 1759 4909 pii.

518 4954 632 5007 iam
665 4943 944 5001 benedicta
975 4937 1123 5000 veni,
1154 4947 1326 4992 rector
1346 4934 1659 5003 dignissime
1691 4929 1899 4994 mundi,

596 5042 821 5095 Dextera
847 5044 896 5088 te
921 5030 1139 5096 Christi,
1175 5036 1413 5097 protegat
1435 5039 1559 5078 arce
1579 5024 1702 5090 poli,

526 5133 745 5188 Actibus
776 5126 827 5178 iu
857 5124 1061 5178 cunctis
1094 5120 1185 5172 tibi
1222 5131 1473 5185 prospera
1496 5122 1685 5167 cuncta
1718 5123 1948 5179 superne

599 5219 938 5281 Proveniant,
970 5211 1104 5265 votis
1132 5219 1184 5263 et
1214 5209 1329 5260 sine
1357 5206 1461 5259 line
1494 5203 1621 5271 piis.

529 5315 639 5369 Hoc
669 5323 766 5364 nos
794 5308 1055 5361 instanter
1083 5299 1375 5367 rogitamus
1401 5303 1617 5362 pectore
1654 5290 1785 5359 liilo,

604 5403 717 5458 Hoc
748 5402 973 5470 petimus
1000 5407 1206 5454 omnes,
1237 5398 1391 5443 nocte
1418 5387 1609 5455 dieque
1637 5384 1816 5439 simul.

607 5549 634 5577 ι
677 5534 921 5605 Ejusdem
983 5531 1151 5591 forte,
1208 5521 1511 5578 immediate
1563 5518 1704 5571 enim
1755 5516 1806 5569 in
1867 5513 1965 5568 Ms.
2022 5524 2107 5565 se-

536 5610 736 5678 quitur.

606 5649 931 5729 l'>"l'labemus
963 5669 1132 5721 Vitam
1165 5663 1335 5717 sancti
1368 5660 1537 5731 Magni
1572 5673 1635 5713 ex
1660 5657 1756 5711 Ms.
1788 5649 2104 5731 monasterii

533 5726 704 5805 sancti
768 5726 936 5810 htagni
988 5740 1037 5791 in
1094 5737 1226 5807 pede
1276 5726 1736 5801 pontis'llntisp.,
1769 5726 2024 5794 scriptam
2075 5734 2102 5771 a

2094 416 2140 471 Α
2171 412 2251 466 Te
2282 413 2434 467 nobis
2466 411 2715 465 blandum
2747 408 2969 461 dederat
2998 401 3212 469 dilectio
3240 401 3464 462 Christi,

2252 506 2352 573 Qui
2376 513 2586 560 nosmet
2616 512 2755 557 tanta
2790 498 3074 553 sedulitate
3094 496 3263 550 foves.

2180 596 2339 650 Insita
2366 605 2415 650 te
2438 596 2594 649 nobis
2622 592 2831 648 bonitas
2860 598 2916 644 et
2937 597 3122 642 sancta
3150 586 3396 640 voluntas

2252 686 2387 738 Ante
2413 683 2559 738 dedit
2587 683 2808 737 charum
2836 695 2995 748 quam
3025 691 3237 747 quoque
3268 676 3412 728 visus
3440 686 3579 727 eras.

2177 772 2412 829 Cernere
2442 787 2579 826 nunc
2610 771 2797 825 faciem
2833 770 2991 823 liceat
3015 770 3209 821 virtute
3241 766 3520 826 nitentem,

2252 866 2409 930 Optio
2436 862 2576 931 quod
2609 870 2785 915 nostra
2818 874 2959 927 saepe
2985 857 3160 925 cupita
3194 854 3308 908 fuit.

2181 956 2290 1008 Rex
2321 954 2575 1006 Dominus
2607 967 2790 1022 regum
2825 950 3013 1011 factor,
3063 956 3344 1014 rectorque
3374 952 3648 1013 potentum

2249 1048 2348 1112 Qui
2380 1050 2447 1100 de
2479 1054 2692 1099 terreno
2726 1044 2960 1112 prwtulit
2989 1040 3232 1111 imperio.

2184 1142 2279 1194 llic
2301 1152 2352 1195 te
2381 1139 2644 1194 confortet
2667 1152 2903 1204 semper,
2938 1137 3134 1189 virtute
3160 1134 3424 1201 polorum,

2256 1233 2315 1284 Et
2346 1245 2419 1284 set
2441 1245 2525 1284 um
2557 1243 2723 1298 regno
2749 1226 2987 1281 laetitlcet
3021 1239 3236 1293 supero.

2678 1360 3038 1423 Waldrammi,
3068 1358 3271 1411 decimi.

2185 1474 2292 1525 εἰει
2320 1470 2617 1534 benedicte,
2654 1472 2791 1536 veni,
2826 1472 3005 1524 visens
3035 1469 3331 1529 habitacula
3357 1467 3491 1520 Galli

2251 1564 2495 1618 Othniari
2528 1564 2687 1617 tectis
2716 1562 3029 1630 accipienda
3052 1562 3244 1615 sacris.

2186 1655 2326 1709 lstud
2350 1664 2655 1709 sanctorum
2679 1654 2955 1708 concludit
2996 1652 3159 1706 millia
3196 1652 3468 1715 templum,

2110 1760 2157 1817 Β
2251 1748 2418 1813 Quam
2452 1746 2667 1800 subiens
2696 1746 2889 1807 aedem.
2922 1745 3215 1812 experieris
3246 1758 3425 1809 opem.

2182 1838 2387 1906 Jugiter
2418 1838 2514 1890 ista
2546 1836 2656 1889 suis
2686 1851 2746 1891 se
2765 1844 2947 1888 servet
2966 1834 3115 1888 turba
3145 1835 3242 1886 sub
3266 1834 3386 1893 alis,

2242 1926 2419 1996 {Cujus
2448 1925 2719 1994 relliquias
2750 1926 2863 1979 lucc
2890 1934 3035 1979 tenet
3058 1925 3174 1977 aula
3210 1924 3341 1990 pias.

2186 2019 2409 2073 Francia
2438 2029 2491 2073 te
2519 2017 2729 2082 Suavis,
2763 2032 2797 2071 o
2832 2032 2948 2081 rex,
2978 2018 3176 2071 direxit
3196 2015 3419 2075 alendis,

2252 2113 2370 2167 Jam
2397 2128 2620 2181 pecuare
2644 2121 2790 2167 tuum
2814 2127 2973 2181 pasce
2998 2112 3087 2165 diu
3117 2112 3355 2166 viduum.

2190 2203 2434 2266 Noricus,
2468 2212 2522 2256 et
2545 2204 2789 2268 Sclavus,
2823 2203 3106 2264 Bemauus,
3140 2202 3304 2265 Saxo,
3327 2202 3610 2270 Toringus,

2258 2296 2432 2349 Corde
2461 2304 2678 2351 manent
2701 2296 2865 2349 alacri
2893 2307 2943 2350 te
2967 2295 3276 2349 dominante
3301 2295 3408 2347 sui.

2187 2386 2435 2441 OCCidUiB
2461 2397 2667 2456 gentes,
2705 2387 2953 2455 Hispania
2978 2427 2993 2449 ,
3021 2386 3189 2440 Gallia
3227 2388 3441 2453 triplex,

2257 2480 2329 2535 Se
2350 2480 2602 2534 studeant
2631 2494 2854 2548 prapere
2883 2480 2984 2533 sub
3008 2489 3095 2535 tua
3126 2492 3331 2548 seeptra
3365 2481 3515 2534 dare.

2190 2571 2359 2626 Italia
2389 2569 2615 2639 populus
2642 2571 2859 2624 diverso
2889 2573 3147 2637 sanguine
3176 2571 3366 2624 mistus

2262 2662 2341 2715 Ad
2366 2668 2419 2715 te
2445 2660 2730 2729 pigmentis
2754 2660 3093 2729 palliolisque
3122 2671 3261 2715 ruat.

2191 2752 2382 2817 Ebrus,
2454 2750 2858 2816 Thermoodon,
2905 2751 3103 2812 Thrax,
3159 2750 3389 2815 Nuclml,
3444 2748 3784 2816 Bosplwrus,

2261 2840 2486 2895 Sumant
2512 2841 2873 2909 maxillisjam
2908 2851 2995 2893 tua
3032 2841 3179 2894 frena
3204 2842 3334 2895 suis.
3546 2838 3785 2909 [Uter-ea,

2194 2927 2301 2980 llos
2327 2928 2464 2984 inter
2487 2929 2713 2998 p0pulos
2744 2929 2912 2983 nostri
2937 2929 3215 2992 miserere,
3242 2928 3555 2983 monarcha.

2264 3018 2629 3073 Commonitus
2658 3018 2764 3072 litlo
2794 3034 2820 3070 a
2845 3018 3133 3081 Salomone
3164 3027 3274 3073 tuo.

2117 3127 2163 3185 ρ
2198 3109 2321 3164 Fias
2349 3100 2587 3178 placatus
2623 3108 2796 3174 nobis,
2831 3123 3154 3176 maneasque
3185 3109 3453 3171 misertus,

2262 3200 2406 3268 Quos
2430 3200 2591 3270 stirps
2620 3200 2924 3255 Scottorum
2957 3201 3125 3255 suasit
3155 3199 3208 3253 in
3231 3198 3367 3255 hanc
3397 3212 3656 3253 eremum.

2675 3314 2824 3377 Item,
2851 3314 2915 3368 de
2936 3331 3031 3381 quo
3061 3330 3221 3383 supra
3250 3317 3295 3366 °.

2405 3407 2784 3475 Imperatormu
2806 3408 3052 3475 genimen
3076 3416 3346 3474 potentum
3365 3445 3381 3469 ,

2342 3497 2509 3551 Macte
2539 3513 2824 3565 regnorum
2855 3499 3090 3551 novitate
3120 3497 3272 3559 mira,

2335 3592 2557 3659 Semper
2581 3590 2810 3659 antiquis
2840 3590 3067 3655 famnlts,
3096 3590 3318 3659 benigne

2658 3679 2790 3746 Rex,
2822 3681 3095 3735 miserere.

2410 3771 2642 3826 Francia:
2673 3774 2812 3841 regis
2841 3773 3124 3836 miscuere,
3159 3784 3333 3840 patres

2346 3864 2548 3934 Fulgidi
2579 3866 2717 3935 regis
2741 3864 2941 3928 Karoli,
2972 3881 3066 3934 per
3095 3867 3282 3918 orbein

2338 3957 2444 4012 Nec
2476 3958 2649 4012 minus
2676 3969 2872 4011 matres
2905 3958 3192 4011 Alemanna
3223 3957 3381 4009 tellus

2653 4047 2791 4101 Misit
2818 4047 3071 4099 hunoras.

2412 4135 2506 4189 llic
2537 4135 2744 4198 domus,
2780 4134 2876 4186 hac
2899 4143 2979 4187 et
3011 4134 3174 4202 patria
3205 4144 3416 4184 creatus

2341 4226 2532 4280 Fautor
2553 4226 2864 4291 Otltmarus,
2894 4224 3212 4277 Benedictus
3238 4224 3393 4287 abba,

2339 4322 2520 4377 Callus
2548 4337 2577 4376 e
2608 4321 2804 4374 Scottis
2836 4321 3058 4372 veniens
3090 4319 3266 4372 beat-it

2656 4411 2840 4463 Omnia
2884 4420 3081 4462 nostra.
3336 4416 3363 4447 ί

2415 4503 2673 4555 Barbaros
2704 4511 2932 4557 terrens,
2963 4499 3206 4566 prpprios
3237 4496 3435 4563 iovem,

2330 4594 2461 4647 Cttm
2491 4594 2679 4662 quibus
2708 4605 2895 4644 omnes
2927 4591 3160 4643 Orientis
3191 4600 3332 4642 artes

2339 4686 2504 4739 Immo
2530 4682 2771 4754 quadrati
2800 4683 3083 4749 superaliis
3115 4682 3230 4734 arri

2653 4775 2869 4828 Summa
2901 4775 2980 4827 vel
3008 4773 3133 4826 ima.

2405 4867 2546 4921 Juris
2568 4874 2625 4919 et
2658 4865 2801 4933 pacis
2826 4863 3129 4917 moderator
3157 4878 3357 4930 aequus,

2340 4959 2653 5026 Tcmperas,
2689 4955 2841 5009 fortis
2870 4955 3049 5023 vigcas
3081 4970 3172 5020 per
3201 4965 3362 5005 omne

2341 5050 2597 5119 Tempus,
2627 5050 2712 5102 hic
2738 5049 2957 5117 degens,
2992 5061 3150 5110 super
3170 5054 3309 5096 astra
3334 5042 3458 5095 caeli

2662 5140 2795 5193 Hinc
2822 5140 3082 5191 abiturus.

2456 5253 2641 5307 Versus
2677 5251 2902 5320 ltatperti
2933 5251 2993 5299 de
3016 5255 3190 5301 sancto
3222 5244 3412 5314 illagno
3442 5241 3494 5297 δ.

2414 5366 2541 5420 Mire
2568 5376 2877 5420 cunctorum
2911 5361 3048 5414 Deus
3066 5367 3122 5413 et
3148 5368 3383 5420 creator,

2205 5506 2486 5562 Theodoro
2516 5505 2661 5558 socio
2692 5500 2862 5557 sancti
2896 5496 3031 5550 Galli
3074 5506 3126 5549 et
3175 5494 3345 5549 sancti
3389 5490 3582 5562 Magni,
3615 5502 3793 5562 quam

2206 5558 2518 5633 Theodorus
2572 5577 2623 5628 in
2667 5573 2915 5641 sepulcro
2954 5568 3124 5622 sancti
3174 5566 3344 5636 Magni
3385 5563 3450 5616 ad
3476 5558 3653 5629 'capnt
3680 5558 3791 5611 de-

2210 5648 2404 5719 posuit.
2437 5648 2568 5702 CAN.
