4018 6184
233 282 307 339 ss
731 274 1230 332 ΕΡΙΟΒΑΜΜΑΤΛ
1275 272 1403 330 SEU
1447 272 1665 329 llYMNl
1708 269 1820 327 SM

1942 265 2167 334 ANTlQ.
2211 266 2489 324 PATRUM
2530 266 2692 323 MON.
2735 266 2793 322 S.
2833 266 3059 323 GALLI.
3448 272 3517 327 ιϐ

391 390 537 446 Mitis
558 398 613 443 et
639 387 809 451 fortis,
840 385 1098 441 solidator
1124 384 1293 449 orbis,

392 483 527 537 Vota
558 496 836 536 servorum
872 478 965 533 tibi
1003 478 1337 532 subditorum

720 571 915 641 Aspice
944 570 1204 626 clemens.

464 663 757 733 Paugimus
776 663 981 717 clarum
1010 660 1187 731 cupidi
1218 660 1544 730 triumphum

392 757 574 811 Mente
602 754 919 825 gaudentes,
942 753 1102 807 simul
1129 761 1186 808 et
1213 761 1516 822 precantes,

391 849 627 906 Sanctus
654 860 709 901 ut
742 861 979 915 praesens
1005 861 1168 914 super
1194 855 1338 901 astra
1364 844 1600 915 gaudens

722 936 828 990 Nos
849 935 1146 990 benedicat.

473 1030 565 1084 ille
592 1030 717 1082 dum
750 1029 857 1081 vita
882 1026 1073 1080 fruitur
1094 1024 1317 1093 caduca,

398 1121 561 1175 Lucis
586 1130 805 1173 aeterna:
834 1118 1012 1171 radios
1035 1116 1243 1178 videre,

397 1207 617 1262 Visibus
647 1204 825 1259 cordis
852 1202 1057 1257 studuit
1082 1201 1182 1255 sub
1207 1199 1330 1255 imis

723 1294 915 1348 Fretus
943 1294 1011 1346 ab
1035 1293 1178 1347 altis.

472 1386 677 1441 Nomen
706 1384 789 1438 hic
822 1385 994 1452 Magni
1026 1384 1318 1439 reserando
1340 1384 1480 1451 plebi

400 1479 615 1533 Viribus
642 1476 871 1546 magnis,
913 1476 1103 1535 colitur
1131 1475 1375 1540 celebris,

398 1571 609 1623 Auctus
633 1582 663 1620 a
691 1564 844 1621 Gallo
873 1567 1080 1636 superis
1101 1566 1329 1620 amando

516 1664 523 1673 '
723 1660 979 1729 Dogmate
1000 1660 1159 1729 largo.

476 1749 655 1805 llosﬁs
692 1749 953 1805 immitem
984 1752 1191 1804 domuit
1222 1750 1481 1815 furorem,

400 1844 556 1898 Pacis
584 1854 855 1897 auctorem
885 1842 1192 1896 comitando
1220 1856 1458 1895 suavem.

396 1934 665 1988 Omnibus
695 1942 894 1987 sanctae
918 1932 1246 2002 placidaeque
1276 1933 1397 1985 vitae

721 2021 976 2076 Normula
1000 2020 1188 2076 faetus.

480 2114 574 2168 Ille
604 2122 725 2181 post
752 2113 953 2167 clarum
984 2126 1265 2167 remanens
1296 2110 1629 2181 magistrum,

398 2204 534 2272 Ejus
554 2204 817 2271 exemplis
845 2202 1058 2255 inhians
1086 2202 1276 2264 beatis,

393 2296 698 2351 Turbidum
723 2294 908 2350 mundi
938 2295 1231 2364 reprobatis
1258 2294 1536 2355 honorem,

726 2384 925 2439 Terrea
952 2384 1171 2452 sprevit.

472 2475 677 2542 Spiritu
708 2489 910 2544 panper
937 2473 1038 2527 fuit
1064 2473 1150 2528 hic
1182 2473 1440 2537 minister,

401 2567 543 2621 llinc
571 2568 703 2621 etin
729 2581 894 2636 regno
920 2567 1085 2621 micat
1112 2566 1200 2619 ille
1231 2564 1437 2630 dexter,

404 2659 554 2712 Mitis
577 2659 841 2724 exstabat,
877 2667 1018 2712 tenet
1046 2668 1205 2726 atque
1235 2667 1429 2709 terram

722 2748 847 2804 Visa
872 2759 1168 2820 gerentem.

474 2840 706 2896 Fervida
732 2840 944 2907 planctu
974 2840 1133 2893 simul
1162 2839 1246 2894 hic
1276 2840 1491 2895 dolebat

398 2932 532 2983 lmle
560 2931 789 2985 solatum
820 2930 1077 2985 Dominus
1101 2944 1343 2995 coronat,

394 3018 676 3074 Tristibus
698 3021 912 3088 spretis,
962 3020 1318 3092 lacrymisqne
1351 3026 1506 3078 tersis

723 3110 949 3180 Perpete
973 3125 1155 3181 regno.
1307 3114 1459 3168 Mire.

483 3203 666 3258 Famis
683 3218 750 3258 en
773 3203 957 3273 justte,
986 3205 1186 3274 pariter
1212 3206 1437 3275 sitisque

405 3293 615 3346 Damna
646 3308 956 3360 perpessus,
990 3294 1085 3347 fuit
1116 3294 1202 3348 hic
1235 3295 1441 3359 beatus,

404 3382 560 3436 Unde
586 3383 785 3436 divinis
813 3383 1044 3452 dapibus
1069 3384 1302 3454 repletus

727 3473 936 3526 Gaudet
965 3474 1019 3527 in
1049 3474 1232 3528 astris.
1382 3476 1531 3529 blire.

486 3562 589 3616 llic
618 3562 713 3615 fuit
734 3564 991 3628 clemens,
1026 3564 1285 3620 miserans
1313 3567 1572 3621 misellos.

416 3655 550 3721 Ejus
568 3664 625 3707 et
646 3652 815 3706 .ludex
844 3652 1125 3707 miseretur
1153 3657 1291 3710 altus

409 3747 545 3800 Tota
566 3760 689 3798 cum
719 3744 901 3797 mundi
924 3747 1129 3813 species
1158 3747 1347 3810 abibit,

732 3833 864 3887 Fine
893 3834 992 3889 sub
1012 3850 1139 3892 uno.
1288 3838 1436 3893 Mire.

477 3925 654 3978 Corde
688 3941 810 3979 nam
842 3926 1041 3981 mundo
1065 3928 1163 3982 fuit
1187 3939 1342 3997 atque
1363 3944 1495 3999 puro
1517 3972 1533 3996 ,

417 4018 555 4070 llinc
582 4017 748 4070 Deum
773 4017 917 4071 clare
942 4018 1135 4071 meruit
1166 4020 1375 4089 videre,

414 4109 585 4164 Filius
605 4109 803 4163 summi
832 4110 988 4163 simul
1017 4120 1074 4163 et
1101 4114 1278 4165 vocari

739 4202 946 4257 Pacifer
967 4203 1101 4271 ipse.
1251 4204 1399 4258 Mire.

494 4290 900 4347 Persecutorem
932 4293 1185 4346 toleravit
1214 4288 1333 4358 iste,

414 4389 568 4438 .lnsta
598 4384 721 4438 dum
749 4386 913 4446 vovit,
944 4386 1271 4454 Dominoque
1298 4390 1488 4455 reddit,

418 4476 547 4528 Inde
569 4476 839 4529 cmlestem
874 4478 1064 4530 merito
1094 4478 1341 4530 decorem

747 4566 981 4620 Possidet
1007 4568 1139 4634 ipse.
1290 4568 1444 4621 Mire.

498 4655 582 4707 Bis
612 4665 795 4720 quater
815 4656 1039 4709 summis
1077 4658 1353 4724 speciebus
1380 4674 1507 4712 ecce

421 4746 681 4799 Prcditus
704 4747 947 4812 splendet
979 4748 1134 4800 Pater
1158 4749 1242 4802 hic
1268 4751 1476 4813 beatus,

413 4836 680 4891 Omnibus
722 4837 872 4889 nobis
902 4838 1110 4889 veniam
1144 4838 1405 4906 benignus

744 4925 994 4979 Conferat
1020 4928 1183 4980 idem.
1332 4929 1483 4982 Mire.

497 5018 624 5071 lude
648 5033 786 5071 nunc
810 5017 935 5071 caeli
967 5018 1192 5071 rtttilans
1225 5019 1276 5071 in
1306 5020 1444 5086 aula,

414 5110 587 5175 Cujus
612 5119 828 5163 eterna!
854 5110 1136 5178 sociusque
1166 5117 1350 5163 turmae

412 5203 612 5256 Nostra
637 5202 873 5269 placatus
899 5200 1020 5267 pius
1044 5209 1101 5253 et
1126 5200 1386 5270 benignus

744 5295 978 5350 Crimina
1017 5302 1206 5362 ιον-επ.

496 5388 720 5440 Ριντιξειει
743 5386 842 5440 hoc
867 5385 1020 5439 nobis
1048 5386 1268 5440 Genitor
1292 5388 1558 5453 perennis,

413 5479 591 5533 Natus
616 5489 670 5530 et
694 5478 882 5546 plenus
912 5476 1071 5530 Patrii
1104 5476 1325 5545 vigoris,

411 5571 653 5640 Spiritus
682 5571 851 5624 sancti
883 5570 1191 5624 moderante
1223 5580 1434 5622 nostros

750 5660 971 5714 Lumine
997 5674 1206 5714 sensus.
1352 5662 1501 5714 Miro.

1864 381 1913 440 Α
1951 379 2139 433 Versus
2168 381 2236 432 ad
2264 381 2534 434 solemnem
2567 396 2654 447 per
2696 395 2899 447 campos
2930 388 2978 434 et
3007 391 3199 435 montes
3234 386 3516 449 processio-

2016 466 2129 503 nem
2167 450 2232 571 ge
2254 451 2482 523 reliquiis
2523 452 2684 504 sancti
2714 449 2872 515 Galli,
2903 450 2973 503 ibi
3012 460 3119 504 tum
3158 455 3515 519 prtesentibus,

2016 536 2079 571 es:
2107 535 2163 571 eo
2206 536 2301 571 em.

2016 536 2079 573 ex
2107 535 2301 574 eadem.

2017 655 2133 711 Jam
2167 654 2341 709 ﬁdelis
2372 654 2521 709 turba
2549 651 2770 708 fratrum
2795 668 2924 709 voce
2952 653 3093 708 dulci
3126 664 3304 720 sonet,

1948 744 2213 814 llymnum
2238 743 2397 807 dicat,
2422 754 2477 798 et
2498 759 2686 797 serena
2714 744 2970 811 partiatur
2997 745 3294 810 dragmata,

1947 836 2111 890 Dulce
2138 834 2345 904 pondus
2377 842 2432 886 et
2454 833 2667 887 beatum
2692 832 2745 887 in
2770 832 2956 887 lectica
2982 833 3248 887 deferens.

2018 929 2291 984 Scandens
2318 936 2371 981 et
2399 928 2734 982 descendens
2762 928 2901 981 inter
2924 929 3179 980 montium
3208 928 3462 993 confinia,

1946 1019 2207 1076 Silvarum
2234 1018 2523 1073 scrutando
2549 1019 2685 1080 loca,
2716 1016 3035 1086 valliumque
3063 1032 3321 1083 concava,

1947 1114 2133 1169 Nullus
2159 1127 2352 1181 expers
2379 1121 2435 1166 ut
2461 1112 2609 1164 locus
2636 1111 2706 1163 sit
2737 1108 2888 1164 istius
2914 1106 3211 1162 solaminis.

2017 1205 2240 1274 Jamque
2261 1203 2479 1271 ccelum,
2498 1202 2717 1273 jamque
2760 1210 2919 1264 terra,
2943 1198 3163 1268 jamque
3191 1207 3382 1266 pontus
3414 1197 3528 1250 lan-

2836 1298 2839 1299 ⁷
3342 1288 3349 1357 |
3376 1286 3529 1339 dibus

1948 1388 2187 1453 Plaudat,
2215 1396 2377 1457 atque
2404 1386 2818 1455 circumquaque
2841 1396 2942 1436 vox
2969 1380 3163 1436 emissa
3192 1378 3457 1450 plebibus,

1949 1482 2236 1534 Auctorem
2277 1486 2588 1546 patremque
2620 1476 2749 1530 tanti
2775 1475 2900 1528 clari
2936 1472 3173 1526 luminis.

2018 1572 2152 1626 Hinc
2173 1571 2415 1625 exultent
2436 1579 2576 1624 astra
2601 1554 3075 1635 coeliﬂacteusque
3105 1566 3361 1628 circulus,

1948 1663 2106 1733 Signa
2134 1674 2243 1717 tum
2268 1663 2479 1717 bissena
2510 1662 2722 1724 saltent,
2755 1669 2809 1714 et
2840 1673 3035 1713 corona
3061 1657 3253 1710 nobilis

1877 1731 1917 1787 Β
1947 1731 2286 1824 Or-natusque
2313 1765 2454 1807 totus
2486 1754 2582 1807 soli
2607 1752 2882 1806 Conditori
2908 1752 3171 1813 cognitus.

2019 1846 2126 1900 Nos
2157 1845 2379 1898 istorum
2412 1858 2623 1910 semper
2653 1842 2793 1892 clara
2827 1839 2994 1893 secttti
3026 1841 3203 1889 munia

1952 1938 2231 1996 Sztnctitati
2264 1947 2424 1992 tanta?
2441 1945 2598 1991 cantu
2626 1950 2971 2005 personemus
2997 1932 3262 1996 bomhico,

1952 2031 2221 2087 Exaudire
2248 2030 2386 2100 quod
2417 2030 2642 2083 delectet
2672 2029 2844 2080 cuncti
2875 2027 3081 2091 plasten
3114 2025 3325 2079 saeculi.

2022 2123 2114 2177 llis
2143 2121 2367 2188 inceptis
2398 2121 2535 2173 adsit
2565 2120 2700 2172 alma
2733 2118 2877 2172 Felix
2907 2128 2960 2170 et
2985 2118 3308 2171 Theotocus.

1952 2212 2105 2267 Adsit
2130 2212 2340 2274 Petrus,
2369 2210 2512 2263 hunc
2554 2218 2807 2278 sequatur
2835 2207 3008 2261 omnis
3039 2216 3196 2275 atque
3225 2205 3522 2274 apostolus.

1953 2302 2151 2373 Martyr
2175 2310 2229 2356 et
2255 2300 2536 2356 confessor
2588 2310 2749 2367 atque
2779 2300 2929 2351 turba
2962 2305 3142 2351 sancta
3170 2298 3451 2363 virginum.

2023 2392 2174 2447 Nunc
2203 2391 2529 2459 Redemptor
2555 2399 2609 2443 et
2634 2390 2874 2456 tlrcator,
2907 2398 3090 2440 auctor
3117 2389 3225 2441 veri
3256 2386 3430 2454 gaudii

1954 2485 2230 2555 Largiatur
2250 2491 2428 2551 aptam
2452 2482 2602 2535 vobis
2631 2480 2837 2533 virtutis
2865 2468 3134 2538 fiduciam,

1955 2575 2023 2629 Ut
2052 2575 2150 2630 sibi
2183 2573 2413 2629 volendo
2443 2573 2622 2642 digna,
2658 2584 2931 2641 captemus
2964 2572 3235 2639 perennia.

2240 2703 2369 2759 Item
2400 2704 2463 2757 de
2487 2719 2586 2772 quo
2615 2719 2792 2771 supra,
2822 2706 3089 2773 anonymi,
3118 2713 3217 2759 etc.

2308 2840 2352 2893 0
2387 2846 2564 2892 rector
2590 2835 2957 2902 invictissime,

2239 2932 2546 3000 [legumque
2572 2938 2716 2980 sator
2740 2926 2955 2993 inclyte,

2236 3022 2456 3076 Nostras
2485 3033 2669 3089 preces
2697 3033 2815 3071 cum
2840 3016 3078 3070 carmine

2239 3111 2457 3165 Intende
2481 3124 2619 3164 nunc
2643 3107 2903 3177 piissime.

2311 3202 2567 3257 Timenda
2600 3216 2683 3254 res
2709 3211 2789 3253 est
2818 3198 3064 3263 denique,

2244 3294 2624 3348 Praesumimus
2652 3305 2809 3359 quam
2837 3298 3073 3357 tangere,

2247 3387 2404 3439 Artus
2432 3394 2514 3439 est
2546 3383 2733 3437 horum
2768 3396 3000 3449 pangere

2242 3480 2388 3545 Quos
2413 3486 2467 3529 tu
2492 3477 2657 3528 beasti
2692 3474 2744 3526 in
2775 3470 2999 3525 aethere.

2318 3568 2579 3636 Absterge
2604 3575 2801 3628 nostra,
2837 3577 3165 3633 qumsumus,

2246 3660 2493 3718 Peccata,
2520 3673 2623 3724 que
2651 3652 3042 3709 commisimus.

2249 3753 2319 3806 Ut
2345 3760 2523 3805 sancta
2555 3748 2794 3801 membra
2826 3756 3045 3815 tangere

2247 3842 2360 3895 Non
2383 3854 2536 3907 paena
2569 3840 2658 3902 sit,
2692 3837 2786 3891 sed
2822 3839 3098 3905 praemium

2313 3933 2479 3986 Adest
2507 3930 2639 3983 lides
2665 3931 3083 3996 promptissima,

2246 4023 2527 4092 Spondens
2558 4037 2650 4091 per
2683 4020 2781 4073 ista
2808 4020 2984 4071 munia

2252 4115 2359 4169 Nos
2385 4114 2623 4182 adjuvari
2654 4113 2876 4175 certius,

2190 4268 2194 4272 Α
2228 4205 2495 4261 »ῡίεοεὼιι
2527 4205 2647 4256 hinc
2672 4202 2781 4269 jam
2818 4198 3050 4266 perfidus
3078 4214 3093 4250 :

2321 4297 2451 4351 Nam
2480 4294 2710 4361 Spiritus
2733 4307 2797 4345 ex
2831 4290 3011 4343 sidere

2251 4389 2374 4442 llzec
2407 4385 2643 4440 creditur
2670 4384 2935 4444 revisere,

2257 4478 2509 4532 Gandens
2541 4478 2796 4528 honorem
2830 4471 3046 4540 provehi

2252 4570 2579 4635 Quandoque
2608 4565 2937 4619 reddendum
2971 4562 3095 4615 sibi.

2322 4661 2471 4714 Nunc
2502 4660 2720 4726 Magnus
2743 4657 2844 4711 iste
2871 4656 3105 4715 nomine,

2254 4752 2529 4820 Maiorque
2559 4749 2756 4801 Christi
2788 4762 3030 4799 munere.

2254 4841 2507 4895 Delendat
2536 4842 2671 4891 alma
2705 4842 2895 4906 gratia,

2253 4934 2429 4988 Plebis
2455 4932 2646 4984 viantis
2677 4940 2915 4997 pectora.

2318 5026 2596 5078 Portamns
2619 5037 2742 5076 ecce
2766 5024 2948 5075 cernut

2251 5118 2451 5185 Pignus
2476 5116 2685 5169 decoris
2716 5112 3003 5181 splendidi,

2253 5207 2403 5260 Nunc
2427 5206 2582 5274 plane
2612 5218 2752 5257 nunc
2782 5218 2876 5268 per
2906 5202 3077 5255 ardua

2254 5300 2333 5353 Ad
2365 5299 2510 5353 sedis
2536 5307 2657 5366 apta
2681 5296 2935 5350 culmina.

2330 5393 2424 5446 Hic
2454 5393 2645 5446 civium
2673 5389 2965 5444 caelestium

2250 5484 2364 5539 Lux
2387 5485 2528 5537 clara
2558 5481 2801 5551 splendet
2831 5481 3023 5544 obvia,

2257 5577 2331 5628 Ac
2359 5588 2634 5644 compares
2665 5570 2905 5625 fidissimi

2258 5670 2553 5734 ,lttnguntnr
2573 5678 2665 5717 ore
2696 5662 2884 5720 oohifi.
