4006 6182
461 354 539 411 »47
1521 326 1857 388 APPENDI-X
1899 322 1986 376 AD
2024 317 2076 371 S.

2228 313 2319 368 [ιιι
2363 307 2668 367 ΞΟΒΙΡΤΛ.
3050 323 3056 332 -
3652 285 3717 340 48

830 461 976 515 Illinc
1005 454 1245 512 Parentis
1271 449 1491 520 gloriam

753 553 1064 619 Summique
1089 547 1202 599 Nati
1231 543 1453 613 gratiam

759 647 888 700 Cum
913 641 1159 694 claritate
1192 634 1444 700 Spiritus,

761 733 917 790 Lmtis
940 743 1191 786 canamus
1219 725 1461 779 vocibus.

832 828 1020 879 Amen.

976 947 1001 974 ⁸
1035 935 1107 988 De
1134 939 1307 986 sancto
1344 927 1550 997 Magno.

476 1035 721 1092 Carmina
755 1043 893 1087 nunc
924 1028 1072 1082 festis
1102 1022 1391 1092 psallamus
1413 1018 1512 1069 rite
1540 1009 1786 1068 choreis,

547 1127 710 1182 Obvia
731 1124 975 1179 laetantes
1006 1126 1217 1187 pectora
1248 1111 1338 1181 qui
1366 1107 1619 1162 ferimus.

480 1229 653 1280 Aurea
685 1222 791 1290 iam
822 1221 1077 1270 resonent
1103 1206 1368 1264 redimitis
1396 1197 1631 1255 carmina
1667 1189 1905 1250 bombis,

552 1315 680 1380 Quae
708 1307 866 1362 variis
893 1303 1089 1358 mistim
1122 1297 1343 1351 vocibus
1373 1307 1499 1344 aura
1532 1289 1694 1340 ferat.

467 1405 564 1459 "Nil
595 1403 673 1457 sic
702 1396 1037 1470 perspicuum
1061 1387 1254 1460 poterit
1282 1400 1383 1438 vox
1409 1381 1551 1436 clara
1591 1375 1816 1433 referre,

557 1495 626 1550 Ut
651 1468 804 1547 decet
833 1489 886 1542 in
921 1485 1011 1540 tali
1042 1495 1178 1536 nunc
1203 1477 1368 1547 patris
1392 1468 1676 1538 obsequio.

484 1588 573 1643 Sic
603 1586 794 1639 devota
828 1589 1007 1633 tamen
1040 1570 1332 1642 pandamus
1361 1578 1476 1626 ora,
1505 1567 1783 1617 canentes,

565 1681 787 1732 Pectore
816 1671 882 1726 de
913 1683 1044 1737 puro
1073 1665 1169 1717 hos
1199 1657 1478 1715 referendo
1500 1667 1678 1706 sonos.

490 1780 628 1832 Istue
651 1774 760 1842 jam
789 1779 1081 1837 properans
1105 1757 1314 1814 Domini
1347 1753 1552 1806 delecte
1575 1745 1893 1814 propinqua,

568 1840 685 1931 Quo
713 1861 805 1915 tibi
838 1856 1096 1920 condigna
1120 1847 1360 1914 corporis
1383 1843 1502 1894 aula
1529 1840 1683 1891 nitet.

493 1961 587 2013 llic
613 1955 706 2010 tibi
739 1947 1009 2020 perpetuis
1040 1946 1296 1996 resonent
1323 1932 1671 1990 concentibus
1703 1926 1848 1980 o'des

570 2048 790 2105 Ossibus
818 2051 872 2097 et
898 2037 1068 2098 sacris
1090 2046 1304 2102 semper
1334 2029 1557 2083 habetur
1583 2025 1770 2075 honos.

497 2142 634 2196 Dum
668 2136 772 2190 Ia'ti
798 2129 982 2188 famuli
1007 2125 1281 2182 celebrant
1305 2120 1390 2172 hic
1422 2117 1554 2171 festa
1585 2109 1797 2178 benigni

571 2229 839 2284 Laudibus
869 2225 1129 2275 instantes
1157 2222 1335 2276 nocte,
1361 2210 1555 2275 dieque
1587 2205 1710 2256 tuis.

496 2325 672 2377 Laetus
695 2317 762 2372 ob
792 2316 895 2369 hoc
924 2319 1137 2365 nostrOs
1162 2302 1502 2366 blandusque
1521 2294 1733 2349 invisito
1757 2290 1907 2350 lines,

571 2417 740 2480 Atque
771 2410 884 2477 pius
906 2403 1076 2458 servis
1107 2395 1366 2452 auxiliare
1399 2389 1528 2444 tuis.

503 2505 610 2560 Iam
648 2515 787 2556 nunc
819 2493 1052 2550 servitiis
1085 2486 1338 2542 famulum
1367 2489 1664 2535 consucsre
1697 2482 1908 2525 tuorum

571 2594 805 2656 Prosper
833 2596 886 2640 et
913 2583 1053 2637 hunc
1079 2578 1280 2632 vultum
1311 2572 1466 2626 ﬂecte
1498 2580 1688 2621 serene
1719 2571 1888 2616 tuum.

501 2684 675 2751 Dirige
700 2677 863 2733 corda
895 2675 1035 2744 pius,
1063 2677 1119 2723 et
1141 2676 1386 2733 tempora
1419 2658 1587 2727 dirige
1616 2663 1824 2715 nostra,

557 2749 745 2842 .Atque
773 2768 889 2821 dies
923 2766 1075 2818 laetos
1095 2760 1297 2814 ducere
1323 2753 1390 2808 da
1423 2749 1669 2804 famulos.

502 2866 572 2922 Ut
595 2837 807 2930 semper
833 2856 1047 2910 valeant
1077 2851 1285 2904 tibimet
1307 2851 1526 2899 cantare
1555 2837 1754 2908 quieti,

576 2955 651 3008 Te
681 2963 894 3020 quoque
923 2941 1128 2999 caelesti
1159 2951 1382 2994 cernere
1412 2935 1528 2986 luce
1559 2930 1684 2998 poli.

499 3014 763 3103 Sternere
791 3014 1124 3107 supplicibus
1154 3030 1341 3083 istltzec
1365 3023 1526 3079 modo
1559 3018 1726 3089 patria
1750 3014 1912 3075 notis,

579 3137 641 3188 Et
664 3143 926 3186 venerans
952 3123 1082 3179 tanti
1115 3120 1325 3187 suscipe
1356 3114 1592 3170 membra
1622 3111 1740 3162 viri.

507 3229 652 3298 Ipsas
683 3223 971 3291 omnigeno
1000 3217 1262 3269 decorans
1293 3222 1415 3264 cum
1448 3208 1578 3260 ﬂore
1611 3204 1811 3271 plateas

574 3316 798 3374 Lumina
831 3305 1164 3380 perpulchris
1195 3301 1348 3357 obvia
1385 3295 1736 3364 lampadibus.

507 3410 811 3469 Adveniunt
839 3403 1063 3474 pariter,
1101 3410 1198 3451 nec
1228 3408 1334 3448 non
1359 3388 1683 3445 comitantur
1709 3379 1955 3437 eumdem

581 3497 850 3568 Perspicui
883 3496 1097 3551 fratres,
1131 3483 1356 3555 angelici
1391 3493 1659 3550 proceres.

519 3595 619 3662 Qui
653 3587 825 3644 sancti
849 3585 1102 3639 feretrum
1134 3569 1607 3632 circumvolitando
1631 3568 1843 3621 beatum

586 3683 799 3736 Alarum
830 3687 1068 3744 expansu
1099 3668 1332 3736 undique
1361 3664 1600 3717 membra
1637 3666 1844 3725 tegunt.

520 3776 641 3829 lude
669 3769 1032 3824 Columbanus
1062 3770 1246 3814 noster
1281 3757 1434 3810 Pater
1465 3762 1626 3820 atque
1654 3750 1906 3816 magister

586 3863 810 3933 Alpibus
839 3854 1083 3912 excursis
1115 3850 1378 3917 aeriisque
1410 3845 1530 3898 viis.

517 3961 610 4015 llic
640 3929 809 4010 aderit
837 3961 1095 4022 praesens,
1126 3943 1426 4008 alacrisqne
1449 3935 1514 3989 ad
1545 3929 1736 4002 gaudia
1767 3937 1911 3983 tanta

584 4048 807 4119 Agmina
835 4039 1108 4109 conjungit
1135 4031 1437 4089 consociata
1467 4024 1645 4080 simul.

519 4116 930 4209 Coniunguntur
960 4135 1008 4188 ei
1037 4130 1264 4192 celeres,
1295 4134 1615 4194 gressusque
1647 4116 1887 4184 fatigant,

587 4235 720 4287 Tres
743 4208 956 4298 quoque
982 4226 1310 4280 Francorum
1336 4217 1394 4270 St
1407 4216 1631 4282 otigena:
1658 4208 1875 4277 pariter.

518 4329 664 4392 Quos
692 4336 759 4376 vo
783 4323 921 4374 itaus
950 4317 1090 4370 fama
1117 4313 1386 4367 asciscens
1417 4306 1481 4358 ad
1514 4300 1703 4374 gaudia
1743 4303 1906 4359 tanta,

592 4414 780 4468 Unitos
813 4408 995 4462 tulerit
1026 4404 1273 4458 dulcibus
1300 4395 1599 4463 obsequiis.

526 4507 722 4562 Uhvius
753 4501 876 4555 hinc
910 4497 1150 4567 proprios
1177 4493 1359 4548 Gallus
1387 4487 1635 4559 producit
1667 4483 1908 4557 alumnos
1936 4520 1951 4544 ,

597 4596 826 4665 Longius
858 4605 1082 4646 occursu
1119 4597 1480 4654 approperans
1512 4581 1718 4648 rapido.

525 4695 672 4748 Ilnnc
698 4690 899 4743 circum
925 4683 1156 4739 medium
1190 4675 1492 4732 numero~is
1521 4674 1748 4726 ccetihus
1777 4680 1966 4723 auctus

599 4785 859 4838 DcnSatur
892 4775 1088 4829 nitidus
1120 4769 1423 4826 corlicolum
1462 4765 1709 4834 populus.

525 4880 722 4933 Omnes
747 4869 832 4940 qui
866 4869 1063 4938 pariter
1089 4872 1271 4917 sancta
1297 4860 1366 4914 de
1394 4873 1525 4911 voce
1559 4856 1774 4920 salutat,

603 4969 667 5021 Et
696 4963 938 5034 proprios
965 4958 1128 5011 Lares
1159 4956 1344 5024 Magne
1377 4951 1558 5002 subire
1589 4957 1762 5012 rugat,

531 5062 600 5117 Ut
627 5071 758 5128 quos
779 5050 994 5107 aetherei
1046 5047 1242 5102 retinet
1269 5043 1575 5098 connnnnio
1603 5038 1806 5104 templi,

599 5150 697 5203 llic
721 5159 932 5216 quoque
959 5138 1226 5195 consortis
1252 5136 1440 5204 jungat
1475 5132 1699 5184 honoris
1729 5143 1900 5182 amor.

533 5247 738 5296 Interea
777 5234 1022 5292 Otltmari
1053 5228 1328 5299 praestabit
1357 5241 1482 5278 cura
1516 5224 1676 5286 beati,

604 5330 803 5386 Mansio
830 5332 1131 5380 constructa
1179 5319 1390 5386 quoque
1422 5325 1602 5383 parata
1635 5314 1747 5366 fiat.

537 5426 598 5482 Ut
634 5422 765 5477 nihil
797 5417 1080 5486 displiceat
1109 5410 1335 5465 venietis
1367 5405 1594 5474 hospitis
1622 5407 1724 5470 ori,

606 5514 797 5570 Omnia
823 5508 1122 5578 splendenti
1156 5502 1247 5557 sed
1277 5500 1478 5554 niteant
1501 5496 1656 5549 facie.

611 5657 636 5685 ⁸·
671 5641 866 5699 Incerti
897 5638 1147 5700 auctoris,
1204 5633 1448 5690 monachi
1502 5641 1678 5685 tamen
1711 5628 1878 5682 sancti
1945 5627 2100 5689 Galli,

538 5731 698 5787 atque
723 5726 778 5767 ut
827 5712 1057 5787 videtur,
1091 5705 1424 5787 llartmantti,
1460 5713 1676 5787 propter
1707 5703 1960 5767 quosdam
1995 5715 2108 5752 eius

2073 435 2117 488 Α
2430 418 2671 472 lnvitatio
2711 411 2873 466 sancti
2905 406 3101 476 Magni,
3134 401 3376 472 intonymi

2297 557 2445 612 Miles
2475 555 2541 608 ad
2573 561 2808 606 castrum
2832 555 3087 614 properes
3117 537 3407 596 novellum,

2296 649 2510 703 Pridem
2543 653 2593 696 et
2627 649 2780 694 notos
2809 646 3016 703 repetas
3055 631 3305 690 locellos,

2300 737 2518 793 Posside
2551 746 2746 787 terram
2775 727 2870 782 tibi
2897 732 3244 794 pra-paratam

2295 830 2408 883 Jam
2437 839 2620 879 comes
2651 820 2810 885 Galli,
2840 817 3048 872 sociare
3083 813 3178 864 illi.

2155 922 2262 974 Nos
2287 935 2402 979 sua,
2435 918 2642 980 Magne,

2159 1013 2367 1063 Miserat
2397 1006 2459 1058 ad
2493 1016 2542 1056 te

3220 900 3446 967 Pignora
3474 895 3654 949 Gallus

3217 985 3400 1053 Teque
3431 986 3607 1038 venire

3346 1076 3449 1128 lllili
3472 1090 3516 1126 s.

3235 1167 3342 1220 Rus
3375 1167 3698 1232 laquearqne

3231 1261 3455 1316 Comere
3487 1260 3646 1318 laute,

3333 1350 3504 1404 Miles.

3235 1443 3322 1494 \‘ir
3350 1440 3661 1503 mulierque.

3220 1535 3402 1588 Caelus
3443 1528 3734 1596 equestris.

3351 1622 3522 1687 Miles,

3231 1716 3445 1782 Expetit
3474 1709 3668 1770 omnis,

3235 1805 3434 1859 Cuncta
3475 1801 3703 1854 tneileris
3727 1813 3744 1860 ;

3371 1893 3536 1945 Miles.

2719 1087 2923 1156 Oppido
2948 1090 3138 1152 poSt-it.

2157 1190 2307 1244 Nunc
2333 1185 2512 1239 studet
2541 1182 2632 1236 ille

2158 1286 2234 1339 Te
2265 1284 2513 1337 veniente

2727 1363 2807 1416 Nil
2835 1357 3137 1414 retnort-ris.

2161 1463 2328 1519 Sexus
2353 1472 2599 1529 uterque,

2163 1556 2338 1611 Turba
2373 1550 2651 1622 pedestris,

2755 1633 3137 1687 Vocieraotur.

2096 1774 2140 1831 Β
2168 1737 2267 1800 Te,
2298 1736 2477 1794 Pater,
2514 1742 2643 1784 aetas

2171 1827 2234 1883 Ut
2262 1824 2527 1879 veniendo
3133 1877 3136 1881 Δ

2737 1907 2795 1958 Et
2831 1901 3187 1956 modulantur.

2175 1985 2398 2051 Quando
2429 1989 2610 2052 parata
3083 1998 3094 2009 -
3233 1963 3547 2033 lngrediaris

2175 2078 2362 2138 Tecta,
2392 2074 2644 2133 Patrone,
3235 2058 3340 2109 bos
3372 2052 3689 2105 famulantes

2744 2159 2860 2225 Ipse
2891 2167 3056 2208 tuere.
3359 2146 3530 2198 Miles.

3241 2237 3444 2292 Limina
3477 2243 3678 2288 stratus

3229 2331 3420 2383 Sancte
3449 2325 3647 2387 favere,

3359 2419 3528 2472 Miles.

3216 2510 3506 2571 Grandine,
3538 2506 3756 2570 morito,

3216 2604 3403 2665 Marte,
3440 2601 3685 2666 fatttnqne

2179 2255 2256 2310 Ad
2287 2264 2371 2308 tua
2398 2253 2638 2322 quisquis

2177 2348 2254 2401 'I‘c
2280 2347 2380 2399 sibi
2413 2351 2598 2414 poscat

2749 2429 2873 2482 Esto
2899 2426 2966 2478 mi
3001 2434 3170 2478 citus.

2183 2528 2308 2596 Igne
2339 2527 2552 2586 nocivo,

2183 2617 2451 2671 hannonis
2482 2625 2624 2677 astu,

2757 2701 2980 2766 Protrge
3010 2697 3173 2748 cives.
3359 2690 3526 2743 Miles.

2177 2794 2434 2864 Corporis
2461 2803 2516 2845 ut
2541 2793 2627 2860 qui
3222 2781 3603 2850 Iielliqniarutn

2183 2889 2426 2943 Condere
2461 2898 2662 2954 partem
3229 2873 3436 2926 Pt-omet
3451 2880 3661 2926 uerunt,

2757 2971 2961 3026 laveris
2995 2969 3133 3022 illos.
3354 2962 3499 3014 Miles
3530 2957 3554 2995 δ

2106 3117 2152 3179 c
2193 3091 2403 3145 Numeri
2435 3089 2654 3158 physici,
2679 3102 2764 3138 seu
2794 3084 3039 3146 zallionis,
3067 3080 3283 3149 hymnus
3327 3078 3390 3129 de
3420 3091 3518 3126 mm
3542 3074 3769 3139 virgine.

2545 3203 2807 3272 Ilymnutn
2840 3199 3008 3252 beatae
3044 3195 3235 3262 virgini

2473 3292 2564 3346 Die
2598 3303 2768 3344 turma
2796 3303 2926 3341 voce
2952 3285 3194 3353 supplic-,

2476 3385 2653 3438 Laude
2690 3383 2850 3436 Deum
2885 3395 2979 3449 per
3008 3375 3206 3435 omnia,

2476 3477 2603 3544 Ejus
2631 3487 2827 3526 canens
2861 3470 3133 3522 miracula.

2551 3565 2764 3619 Infirma
2793 3560 2974 3618 mundi
3005 3559 3172 3628 eligit,

2478 3661 2541 3712 Et
2566 3671 2750 3726 magna
2781 3666 3042 3722 spernens
3066 3649 3302 3717 proiicit,

2484 3751 2717 3803 Inﬁrmat
2748 3747 2885 3800 idem
2919 3743 3093 3805 fortia,

2481 3839 2758 3894 Confortat
2788 3844 2963 3888 autem
2999 3833 3143 3884 vilia.

2546 3931 2696 3999 Quod
2732 3942 2871 3983 nunc
2902 3926 2954 3979 in
2985 3925 3121 3977 alma
3154 3922 3378 3989 virgim-,

2479 4022 2656 4075 Palam
2683 4020 2920 4072 valemus
2945 4029 3187 4079 cernere,

2481 4112 2676 4163 Su-xnm
2707 4108 2928 4159 domans
2951 4119 3068 4171 quae
3097 4102 3301 4154 labilem
3327 4138 3344 4165 ,

2491 4202 2524 4250 \'
2538 4204 2660 4251 itam
2689 4198 2903 4265 gerebat
2934 4207 3024 4246 etet
3037 4195 3195 4245 ihetn.

2560 4292 2818 4355 Pomposa
2849 4285 3026 4338 mundi
3055 4283 3240 4351 gaudia

2486 4379 2818 4445 Contempsit
2850 4388 2907 4428 ttt
2930 4376 3177 4438 ludibria,

2128 4485 2177 4542 Ι)
2485 4475 2592 4527 Soli
2628 4472 2733 4524 Deo
2763 4485 2821 4522 se
2843 4467 3079 4522 subdidit

2487 4565 2670 4628 IUique
2703 4569 2864 4611 totam
2900 4555 3137 4608 tradidit.

2569 4653 2675 4704 Deo
2707 4649 2844 4700 Patri
2875 4648 2942 4699 sit
2967 4647 3158 4714 gloria,
3191 4654 3289 4697 etc.

2280 4766 2554 4821 Ei'kcmrdi
2585 4763 2764 4816 damni
2798 4759 3018 4830 hymnus
3045 4761 3104 4810 de
3136 4757 3354 4825 simpliri
3397 4757 3703 4826 confessam.

2557 4858 2844 4911 Confesser
2870 4856 3054 4906 aeterni
3089 4851 3280 4911 Patris,

2493 4945 2691 5001 Invicte
2721 4944 2875 4997 miles
2905 4942 3043 5006 Filii,

2495 5038 2707 5092 Atltleta
2741 5035 2892 5090 fortis
2921 5035 3180 5102 Spiritus,

2488 5131 2650 5185 Nobis
2679 5131 2794 5182 fave
2822 5125 3182 5194 poscentibus.

2563 5221 2786 5275 Crucem
2811 5217 3008 5272 Christi
3033 5224 3087 5267 tu
3109 5210 3312 5278 baiulas
3335 5251 3350 5274 ,

2492 5313 2807 5378 Christoque
2834 5309 3074 5361 confixus
3101 5305 3246 5358 cruci

2496 5403 2732 5460 Iucunda
2762 5411 3021 5467 spernens
3054 5394 3233 5448 saeculi

2501 5493 2714 5548 Gaudes
2741 5488 2898 5543 modo
2927 5485 2979 5540 in
3010 5499 3177 5555 regno
3207 5481 3320 5539 Dei.

2282 5633 2312 5670 ι’
2343 5631 2606 5684 "actenus
2651 5642 2714 5681 ex
2749 5638 2852 5678 ms.
2883 5620 3082 5675 Codice
3111 5621 3198 5690 qui
3255 5617 3353 5671 fuit
3391 5618 3490 5670 sub
3542 5615 3811 5671 Conrado

2213 5703 2420 5757 Ca'sare
2444 5707 2713 5754 exoratus.
2736 5697 2868 5749 CAN.

541 5768 726 5844 vei-sus
748 5798 882 5853 quos
906 5768 1063 5834 habet
1086 5777 1242 5832 etiam
1268 5777 1318 5830 iu
1347 5768 1568 5829 Litatna
1583 5770 1776 5824 Humili
1796 5783 1959 5838 prece.
1979 5768 2106 5821 Cm.
