4018 6184
230 341 304 396 49
715 340 1208 394 El'IGHAMMATA
1247 340 1371 395 SEU
1416 298 1865 396 [HMNIISACRI
1905 344 2126 412 ANTIQ.
2171 346 2445 402 PATltUM
2488 347 2646 402 MON.
2689 350 2745 403 S.
2789 348 3014 407 GALLI.
3399 355 3469 409 δυ

600 455 744 506 [\unc
769 469 900 522 ergo
927 456 1100 519 nobis,
1134 470 1462 523 quaesumus,

532 546 776 597 Przescns
800 551 987 597 adesto
1013 547 1281 599 cominus.

532 633 700 688 Omne
733 634 1067 699 impetrando
1095 635 1456 688 cmntnodutn.

531 728 702 789 Atque
735 739 967 789 perennc
995 725 1265 792 gaudium.

605 814 825 868 Przesta.
853 831 904 881 ρ.

236 947 320 1002 De
340 948 521 1002 eodem
549 955 726 998 sancto
753 944 905 998 Gallo
933 947 1171 1014 uno'iymi
1201 947 1441 1011 hymnus,
1465 947 1736 1015 quotannis
1758 947 1809 999 in

633 1018 742 1086 ejus
763 1019 980 1069 solemne
1005 1019 1200 1068 cantari
1230 1019 1431 1069 solitus.

465 1151 582 1204 Vita
611 1162 938 1212 sanctorum,
973 1151 1072 1210 via,
1105 1164 1250 1215 Spes,
1277 1150 1548 1218 salusque,

391 1242 624 1302 Christe,
665 1239 884 1307 largitor
907 1238 1204 1302 probitatis,
1237 1252 1395 1305 atque

390 1332 653 1388 Conditor
681 1333 845 1401 pacis,
878 1331 967 1384 tibi
997 1346 1146 1394 voce,
1171 1344 1332 1383 sensu

713 1422 994 1488 Pangimus
1026 1421 1303 1489 hymnum.

467 1511 630 1580 Cujus
659 1520 744 1563 est
772 1511 937 1564 virtus
964 1510 1263 1570 manifesta,
1295 1520 1461 1561 totum

394 1603 548 1667 Quod
582 1602 650 1670 pii
686 1611 932 1668 possunt,
962 1604 1098 1670 quod
1130 1601 1348 1661 habent,
1382 1598 1520 1669 quod
1550 1613 1668 1662 ore,

325 1727 331 1732 -
395 1693 573 1749 Corde
599 1693 682 1746 vel
713 1690 869 1745 factis
890 1693 1107 1759 cupiunt
1131 1691 1332 1745 amoris

718 1782 843 1850 Igne
872 1781 1170 1851 ﬂagrantes.

473 1874 574 1940 Qui
609 1883 696 1926 tua
723 1883 962 1926 sanctqu
990 1874 1182 1938 pietate
1213 1870 1418 1924 Gallum

393 1965 628 2019 lndicem
660 1961 794 2018 lucis
819 1978 1028 2030 supera:
1050 1961 1245 2014 dedisti

399 2053 533 2124 Ejus
561 2065 618 2108 ut
647 2053 791 2108 docti
816 2053 1034 2106 monitis
1064 2051 1305 2104 tenebras

731 2141 906 2195 Mente
928 2140 1189 2208 fugamus.

475 2233 574 2286 Hic
593 2233 662 2286 ad
688 2234 988 2298 exemplum
1021 2231 1249 2284 volucris
1277 2245 1489 2283 canora:

402 2328 628 2380 Actibus
659 2340 779 2378 sese
810 2324 956 2393 prius
981 2324 1248 2386 excitavit,

409 2417 479 2472 L't
502 2419 645 2487 quod
671 2418 894 2482 ingessit
928 2417 1076 2482 vigor
1101 2414 1414 2468 instruentis

730 2505 846 2558 \‘ita
880 2505 1145 2571 probaret.

484 2597 585 2663 Qui
615 2609 803 2666 potens
832 2596 1019 2660 veabo,
1051 2597 1385 2650 venerandus
1410 2607 1554 2660 actu,

413 2690 639 2754 Semper
664 2688 883 2742 aeternis
913 2687 1121 2739 inhians
1149 2687 1376 2752 lucellis,

417 2778 576 2830 I'lura
603 2777 816 2830 virtutis
843 2777 1032 2829 meruit
1053 2789 1296 2842 superna:

729 2867 888 2935 Signa
918 2882 976 2932 pa
985 2875 1144 2919 trare.

486 2959 827 3025 Quaesumus,
860 2955 1038 3009 mundi
1061 2963 1206 3009 sator
1228 2965 1282 3010 et
1304 2955 1654 3024 Redemptor,

416 3049 482 3102 Ut
508 3050 676 3102 sacris
702 3050 820 3115 ejus
851 3046 1050 3100 meritis
1079 3047 1210 3100 tueri
1230 3086 1246 3109 .

412 3137 564 3192 llan‘c
591 3138 727 3191 velis
757 3135 987 3202 plebem,
1020 3135 1256 3190 tribuens
1279 3135 1420 3204 quod
1444 3145 1594 3205 optat

738 3227 911 3281 Corde
938 3227 1186 3295 benigno.

492 3317 817 3384 Temporutn
844 3331 1048 3384 pacem,
1081 3317 1201 3370 lidei
1235 3325 1472 3370 tenorem

415 3408 701 3477 Languidus
727 3421 935 3472 cuiam,
966 3409 1278 3476 veniamque
1309 3409 1488 3474 lapsis,

414 3497 670 3551 Omnbus
692 3505 884 3565 pnesta
917 3495 1115 3560 pariter
1145 3496 1317 3549 beata:

735 3587 954 3639 Munera
976 3588 1121 3638 vlta}.

489 3677 565 3731 Ne
590 3677 782 3744 quibus
811 3679 945 3730 tanti
976 3677 1199 3730 dederas
1231 3677 1436 3743 patroni

424 3768 598 3819 Prima
627 3770 869 3835 provisor
895 3768 1208 3820 documenta
1239 3766 1474 3820 clemens
1500 3809 1514 3831 ,

419 3857 567 3909 Illius
595 3870 805 3910 sacram
840 3856 1058 3921 patiaris
1086 3869 1316 3925 unquam

739 3945 934 4000 Before
959 3961 1164 4000 curam.

499 4036 668 4106 Hujus
690 4037 914 4091 obtentu
945 4038 1068 4092 licet
1094 4038 1321 4103 actitari,
1397 4055 1403 4061 ·

428 4131 534 4184 Iste
555 4146 622 4184 ne
651 4130 862 4184 laudem
891 4130 982 4184 tibi
1009 4145 1216 4185 summe
1248 4147 1427 4195 rerum

425 4221 623 4274 ﬂector
651 4230 951 4286 acceptam,
985 4220 1130 4274 locus
1157 4221 1414 4288 expedire

741 4308 930 4364 Cesset
953 4311 1004 4362 in
1027 4325 1224 4374 aevum,

505 4399 613 4453 lloc
642 4399 814 4454 Patris
844 4401 1044 4467 proles,
1070 4400 1223 4454 Pater
1259 4405 1359 4453 hoc
1390 4399 1635 4468 benigne.

428 4491 663 4551 Spiritus
690 4505 946 4556 presens.
983 4491 1083 4545 boc
1112 4503 1335 4559 uterque
1358 4506 1600 4560 compar,

429 4577 587 4633 Nunc
614 4587 668 4633 et
695 4589 902 4632 aeterno
923 4576 1088 4632 facias
1118 4581 1335 4645 perenni

753 4668 961 4724 Pariter
983 4670 1161 4725 saeclo.

281 4868 512 4923 holitori
565 4870 743 4919 medici
787 4871 1011 4922 doctoris
1065 4871 1156 4937 (ut
1197 4887 1308 4922 eum
1349 4871 1729 4934 antiquissimus
1764 4871 1864 4922 De-

355 4937 845 5010 functorumilsiber
870 4941 1133 5007 appellat)
1179 4942 1585 4993 excellentissimi
1641 4943 1864 5010 hymnus

353 5009 418 5060 de
445 5016 632 5060 salicto
661 5009 909 5062 Utltmaro
932 5010 1146 5063 usitatus
1169 5012 1339 5064 etiam.

507 5138 706 5194 ﬂector
731 5139 920 5193 aeterni
944 5141 1224 5196 metuende
1253 5143 1424 5206 saecli,

430 5232 643 5284 Auctor
661 5239 715 5284 et
743 5246 969 5284 summa!
1003 5231 1252 5287 bonitatis
1281 5232 1417 5300 ipse,

431 5321 587 5386 Quas
613 5320 702 5374 tibi
724 5321 910 5374 laudes
936 5321 1157 5378 ferimus
1186 5333 1466 5388 canentes,

765 5413 964 5480 Accipe
985 5415 1240 5469 clemens.

513 5503 673 5559 Festa
696 5521 819 5573 qua:
845 5508 1045 5561 sanctis
1073 5507 1298 5562 colimus
1325 5509 1598 5577 traplneis,

446 5595 658 5651 Nomen
677 5597 922 5654 Otbmari
948 5609 1193 5653 resonant
1219 5600 1354 5654 beati
1366 5641 1380 5666 ,
1642 5591 1644 5593 i

435 5687 610 5758 Cujus
638 5691 885 5759 optandis
915 5691 1140 5754 meritis,
1165 5691 1406 5756 Creator,

771 5783 863 5837 Illa
893 5784 1101 5838 dicasti.

1841 463 1891 518 Δ

2129 463 2226 527 Qui
2252 474 2456 531 patrum
2491 482 2703 520 normas
2733 469 2990 523 imitando
3021 487 3220 534 sacras,

2063 553 2242 606 Victor
2274 556 2323 607 in
2353 555 2488 610 duro
2517 557 2725 610 validus
2752 558 2952 626 duello,

2061 643 2236 698 Hostis
2258 647 2454 700 atrocis
2482 649 2680 702 rabiem
2709 650 2918 719 subegit

2370 735 2606 805 Belliger
2631 740 2821 792 audax.

2133 821 2433 890 Princ'pum
2465 840 2630 878 sazvas
2661 827 2828 880 doluit
2853 831 3088 895 rapinas,

2063 913 2188 966 Inde
2217 923 2483 980 raptorum
2515 916 2706 969 studiis
2737 928 3011 986 gravatus,

2066 1001 2310 1072 Martyris
2334 1005 2504 1072 palma
2538 1007 2728 1060 meruit
2755 1023 2985 1077 superna

2375 1098 2644 1154 Scandere
2674 1117 2856 1169 regna.

2134 1187 2259 1255 Ejus
2281 1189 2345 1242 ad
2373 1200 2610 1244 sanctum
2640 1193 2898 1265 tumulum
2931 1196 3154 1261 patescit

2063 1283 2266 1343 Quanta
2297 1282 2593 1350 splendoris
2619 1295 2795 1339 teneat
2829 1289 3078 1351 perennis

2068 1374 2232 1439 Dona,
2258 1391 2376 1429 cum
2399 1389 2609 1442 semper
2637 1378 2848 1446 capiant
2879 1379 3072 1434 ibidem

2385 1466 2544 1521 Lassa
2577 1469 2830 1538 vigorem.

2135 1560 2328 1614 Cassos
2351 1561 2552 1628 auditu,
2579 1579 2772 1618 vacuus
2800 1566 3030 1632 loquela,

2066 1647 2264 1714 Captus
2291 1667 2495 1718 gressu,
2521 1655 2731 1722 capiunt
2760 1654 2956 1708 salutis

2075 1745 2263 1800 Munus
2292 1758 2554 1816 optatum,
2583 1750 2850 1803 relcvante
2878 1758 3063 1806 sancto

2389 1837 2650 1905 Languida
2677 1853 2920 1906 quaeque.

2141 1926 2456 1986 Oumsumus
2488 1928 2662 1992 nobis,
2690 1929 2994 1982 Dominator
3013 1929 3184 1997 orbis,

2074 2015 2241 2083 llujus
2265 2018 2482 2071 obtentu
2511 2019 2717 2072 veniam
2747 2020 2996 2073 misertus

2076 2104 2272 2160 Confer
2301 2107 2546 2170 indignis,
2583 2107 2816 2162 tribuens
2846 2107 3107 2162 manentis

2391 2196 2589 2251 Gaudia
2622 2197 2772 2252 lucis.

2146 2287 2258 2341 lloc
2281 2289 2436 2342 Pater
2467 2303 2729 2354 summus,
2761 2291 2937 2346 Patris
2958 2301 3118 2359 atque
3145 2292 3326 2358 Natus,

2078 2376 2298 2432 Prmstet
2328 2386 2383 2432 et
2411 2381 2645 2436 clemens
2670 2382 2944 2449 utriusque
2969 2381 3168 2436 Flatus.

2081 2466 2316 2522 Trinitas
2343 2469 2592 2537 simplex,
2625 2479 2679 2524 et
2708 2471 2901 2539 ubique
2923 2472 3182 2541 Princeps

2394 2561 2564 2614 Omne
2586 2575 2683 2630 per
2705 2575 2901 2615 aevum.

1941 2672 2119 2728 Samii
2167 2671 2377 2725 Natkm’
2422 2685 2752 2741 cognomento
2796 2673 2998 2726 Balbuli
3044 2674 3110 2726 ad
3157 2675 3495 2727 Lnilwurdmn

2010 2742 2234 2796 abbatem
2275 2741 2593 2803 Bobiensem,
2619 2745 3100 2807 archicaprllannm,
3122 2741 3335 2797 Cmsoris
3379 2760 3497 2800 nro-

2010 2811 2244 2864 chtorem
2272 2815 2347 2874 (ut
2376 2817 2483 2874 ipse
2510 2814 2753 2878 loquitur)
2776 2815 3024 2865 mitissimi
3047 2813 3203 2871 Galli.
3236 2814 3494 2866 conrlusio

2010 2881 2326 2951 dedicatoria
2368 2883 2551 2950 prioris
2602 2884 2756 2944 partis
2793 2899 3053 2936 sacrarum
3098 2884 3492 2951 sequentiarum.

2016 2950 2280 3004 Habentur
2305 2952 2358 3004 in
2388 2952 2499 3021 ipso
2528 2965 2694 3018 opere.

2016 3061 2165 3122 Pars,
2200 3061 2523 3128 Luitwarde,
2556 3063 2703 3130 prior
2732 3063 2913 3117 linitur
2937 3064 3077 3118 calle
3101 3066 3196 3120 sub
3228 3075 3399 3127 arcto,

1869 3144 2281 3216 C1Commotam
2310 3167 2443 3207 cane
2473 3163 2594 3222 post
2625 3163 2818 3208 terram
2843 3194 2858 3221 ,
2892 3153 3250 3223 miserumque
3283 3154 3502 3220 profun-

3233 3242 3395 3314 [dum
3416 3285 3431 3307 ,

1948 3332 2279 3402 Laetitiaaque
2308 3334 2496 3398 melos,
2526 3335 2804 3403 sanctique
2831 3334 3028 3388 decens
3057 3323 3401 3398 babitaclum,

1951 3427 2128 3490 Atque
2153 3425 2341 3479 oculos
2373 3425 2500 3493 Regi
2533 3425 2787 3479 meditare
2818 3423 3092 3480 intendere
3121 3423 3275 3479 caeli:
3396 3413 3402 3420 ’

1951 3511 2245 3565 Jerusalem
2271 3514 2444 3567 donec
2473 3515 2728 3569 merearis
2758 3514 3017 3568 scandere
3046 3515 3271 3579 celsam,

1951 3604 2064 3667 oua
2099 3603 2372 3659 deridebis
2398 3607 2660 3674 quondam
2689 3607 2930 3661 cedentia
2961 3605 3149 3673 ﬂagra,

1953 3693 2018 3744 Et
2042 3707 2160 3746 cum
2193 3691 2339 3763 Rege
2367 3705 2455 3748 tuo
2481 3695 2735 3764 gaudebis
2768 3697 2852 3750 hic
2879 3696 3151 3760 crucitixo,

1951 3779 2231 3838 Posterior
2262 3785 2424 3852 pratis
2454 3786 2651 3840 renitet
2674 3801 2793 3840 cum
2826 3785 3040 3841 ﬂoribus
3069 3785 3279 3854 amplis.

1953 3938 2028 3992 De
2064 3938 2263 4008 Spiritu
2288 3950 2484 4009 sancto,
2503 3942 2762 4012 anonymi.
2787 3943 2886 4010 (Ex
2909 3941 3251 3997 vetustissimi
3282 3939 3510 4008 codice.)

2300 4072 2607 4126 Pneumatis
2622 4071 2996 4136 aeterni,Deus,
3010 4070 3245 4136 adsitgra
3257 4068 3322 4122 tia
3337 4068 3517 4140 nobis,

2241 4162 2308 4215 Et
2329 4163 2418 4215 tibi
2449 4161 2669 4215 devotos
2692 4160 2989 4214 sanctiﬁcet
3019 4158 3265 4212 famulos.

2237 4250 2489 4318 Pnrgator
2519 4249 2659 4302 idem
2691 4248 2953 4314 sordium,

2238 4340 2505 4392 Discretor
2535 4325 2588 4392 et
2609 4346 2893 4391 ornatuum

2237 4428 2452 4481 Cunctis
2474 4427 2526 4480 in
2558 4442 2618 4481 se
2646 4427 2930 4500 lidentibus

2247 4520 2398 4574 Adsit
2425 4530 2693 4585 protector
2721 4520 2958 4576 sedulus.

2314 4612 2628 4666 Sanctorum
2657 4613 2980 4681 cogitatuum

2241 4705 2445 4757 Snasor
2470 4711 2524 4756 et
2558 4703 2927 4768 meditatuum,

2248 4791 2528 4861 Unguento
2559 4802 2671 4859 tuo,
2704 4808 3026 4861 quiesumus,

2247 4881 2392 4946 Unge
2415 4897 2532 4946 nos,
2561 4891 2744 4936 sancte
2767 4883 3017 4950 Spiritus.

2325 4973 2590 5041 Spirando
2615 4988 2706 5027 sua
2717 4989 2780 5027 ve
2807 4971 3054 5029 sensibus

2242 5065 2464 5119 lnfunde
2496 5067 2673 5120 lmnen
2697 5066 2909 5121 coalitus

2254 5157 2464 5210 Possint
2493 5166 2543 5210 ut
2577 5173 2725 5211 mere
2751 5158 3087 5225 splendidum

2261 5245 2621 5314 Contemplari
2655 5248 2994 5316 principium.

2329 5338 2404 5391 Ex
2439 5338 2625 5403 priscis
2655 5339 2917 5408 quondam
2947 5340 3178 5405 vatibus.

2256 5430 2490 5484 Diversis
2517 5430 2905 5499 aanigmatibus,

2255 5520 2571 5574 Clausurum
2603 5521 2786 5575 matris
2803 5531 3020 5574 uterum

2260 5606 2553 5661 Promisisti
2589 5608 2679 5662 Dei
2707 5609 2916 5664 Filium.

2337 5697 2506 5751 Electi
2535 5698 2708 5766 gregis
2737 5698 3022 5766 principes,

2270 5786 2332 5838 Et
2362 5785 2643 5840 bellatores
2664 5787 2879 5853 milites,
