4006 6182
503 323 565 380 ⁵1
1499 327 1833 385 APPENDIX
1876 328 1967 383 AD
2005 326 2064 382 S.
2106 325 2307 381 GALLI
2350 324 2662 381 SCRIPTA.

782 439 998 495 Donasti
1030 441 1146 493 forti
1177 450 1386 509 pectore

782 534 976 590 Nescio
1006 533 1175 603 pcenis
1204 533 1421 589 cedere.

859 625 1078 679 Intende
1102 628 1236 679 votis
1266 626 1567 695 supplicum

780 714 899 768 Tibi
931 728 1069 768 nunc
1090 714 1428 779 spirantium,

785 806 885 859 Per
906 821 1063 874 quem
1087 806 1263 859 devoti
1294 805 1523 874 gemitus

787 899 1047 953 Parantur
1073 898 1164 952 Dei
1195 897 1433 950 auribus.

844 990 1097 1058 Dignatus
1124 990 1262 1043 idem
1288 987 1442 1042 hodie

777 1080 1071 1134 Terrestria
1100 1078 1355 1143 invisere,

781 1172 819 1225 Γ
823 1173 1037 1225 ormain
1069 1187 1245 1226 mores
1275 1171 1546 1224 hominum

779 1263 1063 1330 Exemplar
1090 1264 1153 1315 ad
1184 1260 1509 1316 caelestium.

851 1353 1135 1422 Splendor,
1162 1352 1351 1421 virtus,
1383 1353 1494 1405 laus
1530 1352 1619 1405 tibi
1645 1353 1741 1420 sit,

773 1442 905 1498 Cum
938 1445 1093 1498 Patre
1128 1459 1220 1512 par
1247 1452 1303 1498 et
1332 1444 1466 1498 Filio

774 1538 995 1591 Sacrato
1015 1546 1200 1591 sancte
1226 1536 1456 1605 Spiritus

777 1626 879 1679 Per
905 1627 1225 1680 saeculorum
1252 1624 1468 1681 szecula.

845 1713 1032 1773 Amen.

2094 446 2144 499 Α
2188 488 2189 491 η

2618 438 2773 492 Aliud
2793 439 2856 491 de
2884 448 3059 491 sancta
3080 438 3290 508 Agnete.

2321 572 2519 642 Inclyta
2554 572 2704 640 virgo
2738 570 2826 624 Dei
2860 581 3043 624 sancto
3074 571 3351 638 conjuncta
3389 573 3575 639 pndnri

2316 668 2495 730 Agnes
2522 676 2743 715 accensa
2781 662 2957 717 Studet
2981 660 3135 714 obvia
3168 662 3407 728 lampade
3446 663 3673 726 t.hri5to,

2322 752 2623 821 Virginibus
2666 753 2917 804 comitata
2952 751 3070 819 piis,
3117 753 3270 819 queis
3300 754 3536 804 carmine
3566 752 3753 805 laudes

2318 843 2559 898 Concinit
2583 844 2684 897 iste
2709 843 2905 897 chorus
2938 844 3179 897 recolens
3208 843 3289 911 pia
3333 840 3467 897 facta
3502 844 3752 914 benigne.

2322 977 2448 1032 Item
2480 988 2656 1047 tropus
2687 977 2822 1030 alius
2866 978 2931 1029 de
2960 976 3353 1030 Resurrectione
3384 976 3607 1029 Domini.

2524 1116 2783 1183 Exsurge,
2826 1115 3020 1169 ltector
3046 1113 3301 1182 gentium,

2528 1208 2636 1261 Nec
2661 1207 2951 1260 moriturus
2974 1206 3222 1272 amplius,

2522 1296 2822 1363 Orbemque
2855 1304 3023 1350 totum
3058 1294 3272 1363 posside

2526 1388 2637 1442 Tuo
2662 1387 2992 1455 redemptum
3028 1387 3301 1455 sanguine.

2277 1521 2407 1576 Item
2433 1539 2598 1577 versus
2619 1522 2708 1576 alii
2734 1522 3062 1577 vetustissimi
3103 1521 3163 1575 de
3196 1531 3367 1572 sancto
3396 1518 3640 1573 Nolkero.

2172 1656 2371 1724 Optans
2396 1655 2608 1709 misceri
2640 1652 2901 1707 Notkerus
2927 1653 2977 1706 in
3012 1654 3211 1707 ethera
3247 1650 3406 1719 plehi,

2171 1746 2335 1815 Cujus
2364 1747 2652 1800 dulcisonis
2685 1760 2786 1797 nox
2816 1758 3088 1812 nunquam
3110 1752 3284 1796 cessat
3312 1742 3379 1795 ab
3409 1743 3641 1811 hymnis,

490 1823 741 1877 Carminis
773 1825 837 1877 de
878 1836 1053 1879 sancto
1096 1825 1359 1898 Stephano
1402 1831 1763 1898 fragmentum,
1797 1826 2055 1895 anonymi.
2095 1812 2141 1871 Β
2170 1812 2368 1891 ϐηὶιάξίι
2402 1839 2528 1891 dum
2561 1836 2710 1890 licuit
2734 1836 2908 1890 crucis
2931 1838 3031 1890 hoc
3055 1835 3107 1889 in
3136 1836 3371 1888 carmine
3401 1834 3525 1886 lusit

555 1934 765 1989 Primus
792 1935 886 1990 init
914 1936 1215 2007 Stephanus
1255 1937 1559 1993 mercedem
1582 1937 1860 2007 sanguinis
1886 1938 2059 1991 imbre

491 2023 733 2079 Alllictus
764 2025 1016 2095 lapidum,
1050 2028 1321 2083 Christum
1350 2039 1525 2083 tamen
1556 2029 1644 2083 ille
1672 2037 1930 2083 cruentus

489 2113 632 2169 Inter
661 2130 792 2170 saxa
825 2126 1003 2186 rogat,
1036 2133 1101 2173 ne
1133 2119 1201 2173 sit
1230 2118 1481 2188 lapidatio
1511 2118 1680 2173 fraudi

490 2205 769 2269 Hostibus,
805 2222 834 2258 o
867 2207 1051 2273 prima:
1084 2213 1249 2276 pic‘as
1274 2208 1515 2262 miranda
1547 2209 1791 2262 coronm!

486 2296 564 2351 En
584 2297 700 2349 vice
730 2311 825 2348 nos
842 2298 1170 2366 Stephanum
1194 2299 1475 2352 Dominum
1500 2298 1759 2366 pulsando
1780 2312 2058 2351 canamus.

555 2387 719 2455 Agite.
745 2386 777 2440 J
786 2405 869 2440 am
900 2392 1126 2459 sequitur
1155 2400 1337 2443 cantus
1358 2390 1526 2444 soluta
1550 2395 1804 2445 oratione.

699 2479 1069 2552 Fragmentum
1097 2486 1345 2539 carminis
1371 2486 1533 2538 sancti
1560 2484 1841 2540 Tutelonia.

484 2569 596 2624 Rex
628 2572 733 2638 pie,
776 2574 886 2627 ltex
914 2590 1118 2644 regum,
1148 2590 1399 2644 regnans,
1431 2592 1465 2631 o
1485 2577 1721 2643 Christe,
1753 2594 1845 2645 per
1886 2592 2056 2631 :cvum

484 2660 584 2727 Qui
614 2678 779 2730 mare,
808 2668 895 2735 qui
930 2676 1115 2735 terras,
1151 2670 1271 2724 creti
1295 2668 1385 2737 qui
1422 2682 1632 2740 sceptra
1662 2672 1950 2739 gubernas,

486 2752 655 2807 Noxia
682 2755 976 2824 depellens,
1008 2760 1285 2829 culparum
1314 2761 1495 2817 debita
1527 2762 1761 2826 solvens,

487 2848 587 2914 Qui
618 2864 781 2918 super
805 2859 946 2903 astra
969 2853 1144 2917 sedes,
1173 2852 1312 2908 Patri
1343 2853 1541 2907 deitate
1570 2855 1809 2908 coha:res
1830 2906 1845 2919 ,

488 2940 561 2993 Es
587 2955 798 3010 quoque
827 2958 1005 2998 sermo
1038 2944 1209 3000 Patris
1239 2947 1472 3013 summi,
1505 2958 1780 3016 reparator
1811 2956 1866 3001 et
1887 2947 2053 3011 orbis,

480 3031 619 3092 Lux,
654 3034 764 3097 via,
796 3034 925 3100 vita,
956 3036 1120 3102 salus,
1151 3052 1297 3108 spes,
1332 3055 1457 3106 pax,
1489 3040 1770 3107 sapientia,
1805 3040 1990 3104 virtus,

479 3122 575 3177 llic
606 3124 697 3179 tibi
724 3127 839 3179 laus
870 3138 1103 3191 resonet,
1130 3131 1325 3183 chorus
1358 3130 1445 3184 hic
1478 3130 1530 3183 in
1573 3130 1725 3185 laude
1756 3129 1999 3185 resultet.

1028 3248 1053 3276 ⁸
1086 3238 1160 3293 De
1186 3220 1499 3311 Epiphania.

833 3328 1024 3383 Tribus
1056 3332 1218 3399 signis
1247 3331 1353 3385 Deo
1385 3333 1557 3403 dignis

757 3421 879 3474 Dies
912 3422 1011 3474 ista
1038 3422 1249 3489 colitur,

758 3513 880 3568 Tria
909 3516 1060 3585 signa
1092 3516 1247 3571 laude
1277 3518 1432 3588 digna

757 3606 940 3664 Caelus
968 3609 1052 3665 hic
1084 3612 1441 3682 persequitur,

757 3700 921 3755 Stella
950 3716 1132 3770 magos
1160 3703 1311 3756 duxit
1343 3721 1503 3773 vagos

753 3793 834 3845 Ad
864 3808 1101 3861 praesepe
1124 3794 1358 3851 Domini.

828 3885 1238 3954 Congaudeutes
1272 3901 1460 3941 omnes
1488 3895 1677 3957 gentes

756 3976 885 4045 Ejus
916 3979 1144 4047 psallunt
1175 3982 1400 4045 nomini,

756 4072 959 4124 Novum
991 4071 1209 4136 ntirum,
1239 4088 1374 4141 aqua
1410 4070 1586 4127 vinum

753 4160 974 4215 Factum
1007 4172 1091 4216 est
1122 4163 1187 4216 ad
1214 4163 1449 4228 nuptias,

756 4251 981 4306 Mundus
1012 4253 1205 4313 credit,
1233 4254 1479 4306 Christus
1510 4253 1655 4307 dedit

756 4342 1039 4410 Signorum
1073 4344 1356 4410 primitias.

829 4433 873 4483 A
901 4428 1107 4485 Joanne
1138 4434 1188 4486 in
1220 4436 1458 4491 .lordaue
1554 4420 1564 4431 ’

754 4517 997 4575 Christus
1022 4524 1321 4591 baptizatus
1343 4538 1445 4592 est,

762 4616 912 4670 Unde
944 4616 1081 4671 lotus
1113 4619 1341 4673 mundus
1368 4630 1509 4673 totus

763 4706 827 4761 Et
856 4708 1165 4775 puriﬁcatus
1189 4716 1305 4769 cst;

751 4797 963 4862 Lector,
987 4799 1118 4867 lege.
1146 4800 1189 4852 A
1217 4815 1428 4854 summo
1452 4817 1577 4871 rege

758 4888 875 4943 Tibi
898 4890 1206 4945 benedictio

762 4977 877 5044 Sit;
911 4978 961 5032 in
985 4978 1135 5036 caelis
1164 4980 1313 5048 plebs
1347 4981 1519 5037 ﬁdelis

765 5070 960 5124 Psallat
987 5085 1109 5126 tam
1146 5072 1402 5141 tripudio.

831 5167 1022 5217 Amen.

724 5278 1089 5353 Fragmentum
1120 5281 1182 5334 de
1209 5280 1506 5346 Nalivitate,
1534 5283 1801 5352 anonymi.

619 5390 917 5446 Laudemus
946 5406 1132 5448 omnes
1165 5394 1445 5448 Dominum
1466 5437 1479 5459 ,

612 5480 710 5548 Qui
739 5480 969 5551 Virginis
1001 5498 1092 5552 per
1121 5496 1331 5538 uterum

618 5570 817 5627 Parvus
843 5575 893 5627 in
923 5575 1177 5629 mundum
1215 5586 1435 5634 venerat

620 5664 867 5721 Mundum
901 5683 1086 5737 regens
1115 5685 1269 5739 quem
1300 5669 1521 5725 fecerat.

2085 3172 2133 3232 C

2167 1929 2319 1996 Quod
2352 1929 2578 1982 Domino
2608 1925 2770 1993 laudi,
2803 1924 3063 1995 Galloque
3090 1925 3337 1979 studebat
3366 1925 3577 1980 honori.

2928 2016 2994 2069 Et

2169 2108 2399 2163 Plurima
2424 2106 2680 2162 falsidicis
2708 2105 2929 2160 indulsit
2960 2106 3095 2159 ﬂens
3126 2103 3374 2158 inimicis.

2166 2198 2430 2267 Pluraque
2456 2197 2725 2268 pandebat
2754 2197 2867 2250 fore
2897 2212 3014 2264 qua:
3047 2206 3270 2250 ventura
3301 2194 3532 2250 videbat.

2520 2329 2595 2382 De
2623 2338 2797 2382 sancto
2828 2326 3030 2380 Joanne
3058 2327 3386 2395 evangelista.

2524 2462 2602 2516 Ad
2633 2461 2865 2515 Laudem
2895 2461 3054 2530 Regis
3077 2461 3262 2531 glorise

2524 2550 2639 2605 Vox
2672 2552 2878 2605 intonet
2910 2552 3181 2618 Ecclesitc,

2522 2644 2748 2711 Propter
2776 2642 3000 2697 Joannis
3024 2644 3209 2697 tnerita

2520 2734 2647 2788 llaec
2676 2734 2906 2789 recitans
2935 2735 3216 2804 praeconia.

2522 2825 2891 2880 Proclamabat
2922 2826 3273 2880 saluberrime

2509 2916 2743 2985 Spiritus
2773 2916 2943 2969 sancti
2974 2916 3232 2982 carmine,

2518 3008 2687 3073 Quam
2715 3006 2900 3061 ﬁdeles
2932 3006 3261 3075 perpendite.

2518 3099 2585 3150 lit
2615 3097 2871 3165 percipiat
2895 3095 3083 3165 gaudia

2513 3190 2819 3245 Conditoris
2846 3190 3096 3259 perennia
3130 3208 3141 3240 :

2606 3282 2667 3334 Et
2698 3283 2783 3350 qui
2811 3281 3071 3334 continens
3093 3290 3185 3343 est,
3214 3288 3318 3332 etc.

2526 3376 2658 3441 Quia
2690 3373 2862 3429 dulcis
2892 3382 2971 3427 est
3003 3373 3192 3441 gratia,

2523 3469 2626 3521 Sua
2636 3464 2711 3518 vis
2740 3462 3125 3527 misericordia,

2520 3556 2770 3611 Mirabilis
2798 3556 2851 3608 in
2882 3553 3073 3623 gloria.

2617 3647 2813 3703 Cibavit
2844 3646 2988 3700 illum
3016 3659 3169 3714 pane,
3194 3654 3300 3698 etc.

2521 3741 2656 3794 Dum
2683 3755 2840 3807 supra
2868 3746 3052 3805 pectus
3082 3736 3289 3790 Domini

2517 3830 2870 3886 llecutuberet
2893 3828 3157 3883 altissimi.

2624 3924 2690 3977 lit
2718 3940 2852 3992 aqua
2880 3922 3161 3990 sapientiae,
3191 3934 3299 3977 etc.

2523 4016 2592 4070 Ut
2614 3998 2849 4085 paradisi
2880 4014 3113 4069 ﬂuminis

2521 4107 2717 4161 Totum
2744 4106 2928 4160 urbem
2955 4105 3269 4161 cmlestibus

2519 4198 2767 4266 lrrigaret
2790 4196 3153 4264 dogmatibus.

2680 4288 2747 4342 Et
2777 4290 3085 4358 ﬁrmabitur,
3119 4299 3225 4343 etc.

2524 4384 2588 4437 Ut
2614 4397 2739 4438 arce
2768 4381 2896 4435 Sion
2931 4381 3133 4447 positus

2510 4474 2827 4528 Pramiiueat
2854 4472 3158 4526 virtutibus.

2664 4563 2728 4616 Et
2758 4564 2913 4617 estalt.
2945 4563 3114 4627 illum,
3144 4572 3250 4617 etc.

2520 4655 2651 4708 Cum
2685 4670 2839 4722 atquo
2868 4655 3048 4707 mundi
3075 4653 3264 4707 Judice

2518 4743 2735 4796 Throno
2770 4742 3045 4795 sedentem
3074 4738 3277 4807 gloriae.

2616 4833 2679 4889 In
2702 4835 2867 4889 medio
2897 4833 3166 4909 Ecclesia,
3196 4843 3299 4887 etc.

2528 4929 2583 4982 In
2616 4942 2745 4980 voce
2768 4927 3095 4994 evangelica,

2517 5019 2590 5075 Ad
2619 5019 2798 5071 divina
2829 5017 3113 5084 przecouia.

2596 5108 2658 5163 Et
2685 5109 2908 5173 impleuit
2930 5106 3075 5160 illum
3101 5105 3319 5175 Spiritu,
3352 5112 3457 5159 etc.

2522 5202 2592 5257 Ut
2621 5216 2769 5255 more
2796 5200 2979 5255 volans
3008 5197 3221 5266 aquilte,

2521 5294 2697 5349 Solem
2722 5298 2929 5360 spectet
2955 5287 3201 5343 Justitiaz.

2664 5382 2731 5435 Et
2756 5383 2890 5435 stola
2916 5382 3113 5452 glaria’,
3144 5387 3248 5433 etc.

2523 5475 2664 5529 Inter
2693 5483 2996 5528 sanctorum
3026 5470 3235 5540 agmina

2512 5564 2734 5619 Coronis
2762 5564 3052 5625 rutilantia,

2520 5660 2586 5712 Et
2617 5661 2733 5713 luce
2756 5655 2887 5711 solis
2912 5656 3158 5711 candida.

575 5835 597 5866 ι
634 5828 907 5885 Mctzlcrus
938 5838 1084 5898 putat
1126 5845 1244 5885 esse
1296 5831 1624 5898 llarttnanni,
1690 5844 1807 5883 nam
1858 5825 1909 5881 in
1956 5821 2053 5875 Ms.
2088 5830 2238 5876 erant
2263 5818 2451 5876 annexi
2478 5817 2716 5873 versibus
2747 5813 3077 5869 Hartnianni.
3111 5814 3243 5871 CA5.
