4018 6184
330 299 411 358 53
800 302 1297 359 EPICRAMMATA
1340 304 1469 363 SEU
1514 306 1730 364 HYMNI
1770 308 1969 367 SACRI
2012 309 2255 383 ANTIO.
2294 310 2575 369 PATRUM
2616 313 2777 374 ΜΘΝ.
2818 315 2876 373 S.
2919 316 3146 375 GALLI.

881 417 1112 471 Jucnnd.
1144 427 1192 472 et
1217 420 1377 474 exuit.

702 506 759 559 ln
786 506 1097 575 angelorum
1127 510 1271 563 curia

702 596 943 653 Perfecta
972 598 1314 653 immortalia.

868 684 934 740 Et
962 690 1165 742 nomine
1188 703 1395 746 interno.

697 776 865 842 Quem
892 777 1080 833 dilexit
1109 793 1218 847 prae
1245 782 1494 837 omnibus

699 866 900 922 Unicus
928 868 1021 924 Dei
1052 869 1219 925 Filius
1248 888 1265 925 :

805 960 1055 1015 Dominus
1081 960 1221 1017 Deus
1249 973 1440 1017 noster.

691 1054 737 1105 Ο
766 1052 1007 1108 Joannes
1040 1054 1307 1119 tlteologe,

698 1141 742 1195 0
767 1140 982 1198 Christe
1007 1144 1371 1211 dilectissime,

694 1230 824 1285 Tuis
854 1232 1003 1286 lmlos
1033 1234 1309 1288 solemniis

694 1322 830 1377 Caeli
854 1325 1120 1395 conjunge
1142 1326 1373 1395 gaudiis.

324 1436 614 1504 Anonymi,
662 1434 728 1489 de
790 1434 1089 1509 Epiphania
1142 1456 1401 1509 exponens
1462 1438 1725 1494 lertionem
1781 1439 1922 1494 Isaia

939 1508 1109 1578 Surge
1140 1508 1312 1563 illum.

686 1614 974 1673 Praesentis
1001 1618 1118 1673 festi
1149 1621 1357 1687 gaudia,

685 1704 907 1761 λεῖοι-ηε
935 1709 1052 1764 luce
1074 1710 1373 1778 Splendida,

692 1796 763 1849 lta
793 1800 977 1866 pandit
1002 1800 1261 1863 Ecclesia,

680 1888 791 1942 Sub
818 1888 1117 1947 Jerusalem
1152 1894 1351 1964 specie,

684 1982 764 2049 Qu
782 2000 811 2036 e
836 1982 1051 2052 jacebat
1079 1986 1129 2039 in
1159 1988 1395 2041 tenebris

687 2071 787 2126 Per
810 2072 968 2139 primi
998 2074 1206 2143 culpam
1240 2075 1491 2129 hominis.

473 2164 659 2233 Surge,
690 2173 821 2229 etc.,
852 2166 1021 2235 gloria
1055 2166 1264 2221 Domini
1288 2185 1439 2239 sttper
1464 2180 1511 2221 te
1542 2178 1651 2223 orta
1680 2178 1753 2224 est

685 2258 758 2311 De
784 2258 1030 2327 virginali
1063 2268 1239 2325 utero,

675 2348 1042 2403 Ubumbrante
1072 2349 1353 2415 Paraclito,

672 2437 834 2494 Teste
857 2448 1037 2494 vatum
1062 2441 1352 2508 praeconio.

766 2532 901 2597 Quia
928 2547 1043 2585 ecce
1066 2534 1282 2586 tenebras
1303 2534 1547 2601 operient,
1573 2543 1682 2590 etc.

680 2620 862 2675 Judtea
893 2623 1035 2676 enim
1068 2623 1293 2691 perﬁda,

680 2712 919 2769 Peecatis
951 2714 1353 2780 obscurissima,

674 2804 1005 2873 Contempsit
1035 2806 1149 2860 inec
1178 2808 1479 2874 praesentia,

675 2896 920 2950 Caelestis
950 2897 1098 2965 regni
1122 2897 1341 2950 lutniua.

757 2986 926 3056 Super
956 2996 1001 3040 te
1030 2997 1196 3040 autem
1226 2990 1416 3041 orietur
1446 2988 1615 3044 Deus.

673 3074 834 3143 Cujus
863 3084 984 3130 ortu
1012 3077 1307 3145 tripudians

668 3168 997 3236 Angelorum
1037 3170 1378 3240 symphonia,

675 3259 783 3313 Sub
810 3262 984 3315 noctis
1014 3262 1302 3316 canticinio

675 3350 825 3405 Dulci
847 3351 1177 3418 deprompsit
1208 3369 1431 3422 organo.

832 3442 894 3495 Et
927 3444 1239 3510 ambulante,
1276 3456 1381 3502 etc.

672 3535 837 3589 Stella
869 3537 1096 3591 ducente
1124 3539 1319 3604 prtevia

671 3628 749 3680 Ad
781 3632 927 3696 pueri
959 3631 1248 3695 cunabula,

386 3806 410 3830 ⁸
444 3802 776 3875 Huiusmodi,
826 3814 881 3856 ut
910 3805 1200 3872 appel'ant,
1235 3815 1419 3875 tropos
1460 3806 1638 3875 plures
1678 3808 1887 3861 dictavit

307 3883 526 3926 sanctus
565 3872 777 3939 Tutela,
828 3890 961 3942 quos
1004 3876 1195 3941 ubique
1235 3872 1529 3942 sequuntur
1559 3878 1889 3947 gravissimae

3540 323 3614 380 ει

1950 430 2000 485 Α
2388 427 2485 481 Ubi
2514 429 2674 482 lactat
2705 444 2963 499 puerpera

2386 516 2566 589 Ipsum
2592 520 2679 584 qui
2714 521 2846 589 regit
2871 522 3085 577 saecula.

2454 607 2611 673 Lata,
2643 618 2771 674 etc.,
2794 622 3035 665 venerunt
3058 611 3167 667 tibi.

2390 705 2453 760 Ut
2486 702 2609 761 ﬁdei
2638 716 2735 774 per
2756 702 2980 773 gratiam

2386 795 2754 852 Provehantnr
2780 800 2844 855 ad
2877 794 3123 863 gloriam.

2496 888 2624 942 Filii
2650 891 2723 944 tui
2747 893 2810 945 de
2839 893 3009 964 longe,
3044 897 3148 949 εις.

2384 979 2630 1047 Supremi
2658 982 2816 1053 Regis
2840 986 3031 1056 gratia,

2384 1069 2483 1136 Qui
2512 1088 2809 1139 praeconum
2838 1076 3087 1132 instantia

2384 1163 2458 1216 Ex
2481 1164 2684 1233 quadro
2713 1167 2892 1221 mundi
2918 1169 3083 1223 latere

2380 1252 2516 1306 intra
2540 1252 2712 1309 sinum
2747 1256 2997 1312 Ecclesia:

2382 1343 2570 1397 Multos
2604 1344 2652 1397 in
2688 1346 2789 1401 ﬁde
2818 1348 3043 1421 colligit,

2383 1433 2440 1488 Et
2471 1436 2590 1489 caeli
2613 1437 2756 1493 cives
2779 1438 2965 1498 efﬁcit.

2205 1523 2343 1577 Tum:
2369 1527 2574 1592 videbis,
2607 1539 2739 1597 etc.,
2770 1536 3029 1595 omnesne
3050 1537 3187 1593 Saba
3210 1539 3421 1596 venient.

2371 1614 2502 1672 Cum
2538 1622 2751 1690 myrrha
2775 1624 3090 1693 imputribili

2364 1712 2461 1765 ’Ad
2487 1714 2793 1779 sepulcrum
2822 1716 3053 1781 Domini.

1952 1772 1999 1835 Β
2379 1803 2511 1857 Cum
2546 1772 2684 1860 Deus
2709 1816 2764 1861 et
2792 1822 2885 1862 rex
2914 1772 3100 1878 gloriae

2383 1893 2647 1948 Adoratur
2676 1895 2729 1949 in
2762 1896 2997 1953 homine.

2507 2021 2707 2096 Tropus
2734 2027 2798 2081 de
2820 2027 3121 2086 Nativitate.

2375 2161 2674 2218 Laudemus
2696 2178 2884 2222 omnes
2914 2167 3220 2233 Dominum,

2374 2258 2474 2320 Qui
2506 2258 2738 2328 Virginis
2768 2274 2865 2329 per
2893 2273 3101 2316 uterum

2377 2346 2577 2404 Parvus
2609 2350 2660 2403 in
2688 2350 2944 2406 mundum
2976 2362 3195 2408 venerat

2375 2439 2624 2494 litandum
2654 2455 2843 2511 regens
2868 2457 3024 2511 quem
3054 2440 3273 2500 fecerat.

2283 2570 2425 2627 Alius
2454 2573 2517 2627 de
2540 2584 2715 2629 sancto
2743 2572 2944 2630 Joanne
2969 2578 3297 2650 euangelista.

2372 2709 2603 2765 Dilectus
2630 2712 2729 2766 iste
2754 2712 2965 2768 Domini

2367 2799 2599 2854 Joannes
2626 2812 2709 2856 est
2734 2804 3030 2872 apostolus,

2363 2889 2587 2957 Scriptis
2614 2892 2767 2959 cujus
2798 2903 2851 2947 et
2877 2895 3095 2951 monitis

2368 2977 2535 3033 Pollet
2561 2980 2725 3036 decus
2754 2982 3031 3039 Ecclesiae.

2391 3115 2533 3171 Alius
2556 3119 2618 3171 de
2646 3115 2944 3191 Epiphania
2973 3120 3204 3180 Domini.

2368 3249 2555 3303 Forma
2587 3251 2941 3319 speciosissim
2950 3268 3033 3320 us,

2355 3341 2616 3412 Ilanuque
2639 3345 3063 3414 potentissimus,

2366 3435 2443 3488 Ex
2475 3436 2686 3490 Davidis
2715 3438 2923 3506 origine

2360 3526 2523 3583 Natus
2552 3530 2712 3584 Maria
2744 3530 2947 3599 virgine
2976 3534 3025 3589 ⁸.

1998 3810 2322 3874 antipltonze.
2367 3810 2553 3867 Utrum
2588 3826 2712 3867 vero
2748 3812 2908 3867 etiam
2943 3814 3038 3869 bos
3070 3815 3274 3880 fecerit,
3311 3814 3437 3871 milii
3478 3816 3570 3872 in-

1996 3888 2348 3950 compertum,
2379 3883 2471 3936 sed
2501 3883 2650 3937 valde
2675 3884 2931 3939 credibile
2956 3894 3055 3940 est.
3081 3885 3291 3941 Μετιι..

1565 4126 1838 4202 ΝΟΤΑ
1887 4122 2302 4201 CANISII.

374 4351 508 4417 Quia
541 4350 660 4415 hos,
691 4359 747 4403 ut
785 4350 1073 4419 appellant,
1099 4359 1302 4418 tropos,
1343 4352 1574 4407 Jodocus
1601 4352 1883 4406 Metzlerus

301 4433 447 4490 putat
477 4436 506 4491 a
531 4431 717 4475 sancto
734 4419 994 4491 Tutelone
1024 4424 1386 4491 conscriptos,
1411 4424 1574 4486 volui,
1602 4436 1657 4476 ut
1682 4426 1881 4477 sciatur

299 4496 422 4559 quis
453 4490 759 4561 Tutelorsit,
788 4490 1109 4561 subiungere
1128 4490 1255 4560 quas
1288 4493 1569 4547 Metzlerus
1598 4492 1757 4546 habet
1786 4494 1874 4547 lib.

299 4564 370 4616 de
401 4562 599 4615 illustr.
630 4560 768 4632 Viris
790 4560 959 4616 saneti
984 4563 1143 4617 Galli.
1178 4563 1371 4617 Beatus
1391 4561 1582 4615 Tutelo
1608 4565 1716 4632 (qui
1749 4564 1874 4616 olim

300 4630 671 4701 vulgo_sancli
713 4631 926 4699 Cum),
959 4648 1275 4699 magnorum
1303 4643 1355 4686 et
1391 4630 1657 4687 nobilium
1680 4648 1874 4697 paren-

300 4699 413 4754 tum
465 4699 627 4765 ﬁlius,
675 4704 993 4757 monachum
1040 4704 1091 4755 in
1142 4712 1327 4757 sancto
1374 4704 1529 4758 Gallo
1576 4702 1871 4771 professus,

302 4778 353 4839 pi
378 4783 495 4834 tor,
521 4764 697 4845 poeta,
720 4784 920 4837 orator,
946 4773 1178 4827 musicus
1198 4786 1248 4826 et
1270 4778 1514 4842 egregius
1532 4764 1715 4845 ὼὶαγλὺ
1727 4764 1872 4845 ncnc,
1907 4764 1955 4823 Ι)

302 4848 356 4895 in
388 4853 611 4909 utraque
638 4841 811 4911 lingua
855 4856 1062 4911 potens,
1097 4841 1373 4911 promptus
1412 4841 1794 4907 natura,'serio
1823 4854 1876 4897 et

293 4914 419 4980 joco
441 4912 683 4974 festivus,
712 4927 841 4967 voce
860 4915 1055 4980 clarus,
1082 4914 1331 4967 caelatura
1355 4915 1589 4983 elegans.
1619 4914 1875 4982 Pingehat

296 4983 592 5053 aliqttando
622 4983 675 5036 in
704 4983 1015 5037 Metensium
1048 4985 1181 5038 urbe
1211 4985 1493 5053 imaginem
1522 4984 1579 5037 D.
1619 4983 1871 5051 Virginis,

294 5063 353 5105 et
379 5067 508 5123 ecce
537 5052 644 5105 duo
670 5054 840 5123 angeli
872 5054 936 5107 ad
970 5054 1141 5123 ipsum
1175 5055 1227 5108 in
1261 5052 1439 5107 habitu
1473 5054 1869 5121 peregrinorum

292 5122 620 5194 accedentes
650 5122 1057 5194 eleemosynam
1114 5135 1315 5189 petunt,
1370 5138 1471 5192 qua
1529 5132 1746 5189 accepta
1804 5124 1869 5177 ad

334 5193 585 5246 nemdam
611 5193 866 5247 clericum
904 5193 1035 5247 sese
1065 5202 1407 5258 convertunt,
1458 5204 1512 5247 et
1555 5194 1705 5246 aiunt
1751 5194 1823 5247 illi
1854 5212 1866 5247 :

438 5264 522 5316 ina
549 5262 657 5326 illa,
686 5278 805 5332 qua:
846 5264 917 5316 illi
950 5263 1128 5317 radios
1156 5266 1223 5316 ita
1255 5263 1319 5316 ad
1351 5278 1563 5317 manum
1589 5264 1698 5324 dat,
1733 5279 1869 5316 nun-

289 5334 423 5401 quid
468 5333 610 5386 illius
635 5348 790 5387 soror
812 5335 927 5388 est?
957 5335 1187 5401 Stupens
1213 5334 1439 5388 clericus
1468 5334 1610 5403 (quia
1642 5334 1711 5387 ibi
1740 5348 1869 5387 con-

289 5406 495 5457 sistens
537 5404 669 5457 nihil
711 5406 886 5458 simile
913 5403 1139 5471 viderat)
1190 5404 1601 5473 appropinquat,
1646 5403 1865 5472 etquod

288 5482 452 5526 antea
483 5474 654 5539 latuit,
698 5474 858 5527 etiam
890 5474 962 5527 illi
997 5476 1053 5526 lit
1086 5473 1278 5541 palam.
1323 5473 1474 5527 Unde
1517 5488 1576 5527 se
1615 5475 1867 5527 cohibere

288 5559 400 5597 non
424 5543 627 5607 valens,
650 5543 723 5597 ait
743 5543 815 5597 illi
846 5561 858 5595 :
886 5542 1200 5597 Benedictus
1231 5553 1308 5611 tu,
1334 5543 1554 5597 Domine
1581 5554 1750 5611 pater,
1776 5545 1863 5612 qui

282 5614 385 5667 sali
419 5615 669 5682 magistra
721 5614 889 5668 uteris
918 5616 981 5666 ad
1013 5616 1211 5681 opera?
1240 5615 1339 5679 Qui
1385 5630 1503 5668 cum
1560 5615 1703 5681 ipsos
1742 5614 1863 5681 quid

284 5685 531 5739 dicerent
574 5685 780 5738 nescire
808 5692 1090 5747 assereret,
1130 5686 1475 5738 vehementer
1531 5685 1580 5736 in
1633 5686 1747 5737 illos
1790 5685 1870 5737 in-

284 5764 494 5819 vectus,
532 5770 596 5809 ne
623 5756 708 5809 cui
741 5755 848 5808 tale
898 5754 1020 5822 quid
1068 5755 1306 5810 dicereut
1349 5756 1716 5810 interminatus
1761 5766 1860 5809 cst.

1989 4350 2179 4404 Statim
2232 4349 2495 4419 peregrini
2530 4355 2865 4403 transeuntes
2893 4347 3288 4419 disparuerunt.
3340 4348 3394 4402 ln
3442 4364 3563 4403 cra—

1987 4423 2185 4474 Slinttm
2215 4418 2393 4474 autem
2420 4435 2538 4472 cum
2570 4420 2793 4487 gloriam
2828 4420 2983 4473 talem
3016 4418 3084 4473 de
3117 4433 3177 4473 se
3208 4419 3388 4488 plures
3416 4421 3563 4475 audi-

1986 4502 2068 4545 ret
2096 4489 2362 4553 dictitare,
2388 4490 2597 4544 occulte
2625 4505 2745 4543 sese
2769 4489 3108 4552 subtrahens,
3134 4491 3291 4544 cessit
3315 4505 3345 4542 e
3368 4490 3562 4555 medio,

1987 4576 2161 4629 neque
2184 4560 2293 4628 jam
2324 4561 2457 4612 ultra
2491 4560 2541 4611 in
2574 4559 2701 4613 urbe
2732 4559 2819 4613 illa
2846 4561 3053 4627 operari
3095 4560 3324 4613 Volebat.
3356 4560 3411 4614 ltt
3445 4563 3558 4628 pla-

1982 4633 2109 4685 nitie
2136 4641 2311 4684 autem
2346 4630 2459 4695 ipsa
2502 4644 2661 4682 aurea
2688 4643 2808 4683 cum
2838 4630 3140 4696 reliquisset
3166 4630 3423 4683 circulum
3466 4648 3560 4683 va-

1978 4715 2157 4766 cuum,
2190 4700 2372 4754 nescio
2397 4699 2548 4769 cujus
2576 4708 2692 4755 arte
2720 4701 2853 4756 tales
2881 4701 3053 4755 caelati
3083 4708 3209 4754 sunt
3234 4700 3417 4771 apices
3443 4716 3459 4754 :

2104 4811 2207 4861 Hoc
2230 4811 2486 4874 panthema
2511 4813 2585 4873 pia
2610 4812 2865 4861 caelaverat
2889 4813 2990 4873 ipsa
3015 4811 3180 4860 Maria.

2048 4916 2114 4969 Et
2145 4915 2425 4986 imaginem
2455 4915 2665 4982 quidem
2696 4917 2845 4983 quasi
2872 4915 3143 4970 sedentem
3176 4916 3385 4969 cunctis
3414 4916 3557 4982 aspi-

1975 4987 2236 5040 cientibus
2267 4986 2399 5039 mire
2430 4986 2788 5041 venerandam
2834 4994 3080 5054 tanquam
3112 4987 3282 5038 vivam
3318 4987 3551 5051 reliquit.

1976 5055 2031 5109 ln
2081 5057 2253 5110 reditu
2293 5064 2469 5109 autem
2512 5058 2577 5109 ad
2622 5057 3000 5110 monasterium
3039 5056 3308 5124 (dicebant
3345 5053 3549 5121 Patres)

1971 5142 2091 5179 cum
2122 5127 2327 5194 signum
2358 5125 2423 5177 ad
2456 5126 2667 5180 missam
2700 5128 2936 5189 daretur,
2969 5128 3017 5177 in
3054 5126 3173 5177 villa
3202 5124 3427 5190 quadam
3458 5139 3540 5189 pet

1972 5195 2361 5250 invocationem
2384 5196 2552 5249 sancti
2582 5195 2717 5249 Galli
2740 5196 3060 5249 daemonium
3090 5209 3210 5247 eum
3236 5194 3459 5259 ejecisse
3482 5210 3537 5249 et

1972 5268 2197 5334 quodam
2228 5268 2278 5319 in
2312 5266 2511 5332 templo
2540 5266 2632 5318 illo
2659 5275 2782 5318 tunc
2807 5264 3188 5319 debacchante.
3214 5266 3339 5316 Erat
3364 5263 3413 5316 in
3451 5280 3539 5329 plt-

1972 5336 2107 5389 blico
2137 5337 2309 5401 laetus,
2339 5336 2391 5389 in
2414 5336 2618 5404 angulis
2639 5336 2986 5404 lacrymosus,
3012 5335 3062 5388 in
3089 5336 3255 5389 choro
3276 5344 3541 5393 strenuus,

1971 5406 2187 5459 honoris
2234 5405 2329 5459 Dei
2376 5406 2578 5459 zelator
2606 5406 2793 5459 mirus.
2837 5405 2902 5457 Et
2938 5420 3057 5457 cum
3105 5405 3316 5473 egregie
3358 5405 3543 5456 ductus

1970 5486 2130 5539 esset,
2155 5476 2322 5529 edidit
2347 5491 2451 5529 non
2479 5490 2638 5543 pauca
2669 5476 2865 5542 ingenii
2894 5482 2947 5527 et
2974 5475 3269 5527 devotionis
3294 5488 3402 5526 sua:
3431 5489 3544 5526 mo-

1975 5556 2245 5608 numenta,
2271 5560 2334 5600 ex
2358 5542 2548 5615 quibus
2574 5553 2697 5598 sunt
2721 5544 2866 5596 multi
2889 5544 3025 5613 tropi
3049 5554 3102 5598 et
3131 5542 3392 5605 melodiaz,
3420 5560 3548 5612 qua-

1974 5630 2091 5669 rum
2120 5619 2277 5669 etiam
2311 5612 2574 5670 in'sancta
2615 5615 2779 5669 missa
2811 5628 2937 5667 usus
2964 5612 3063 5667 est.
3112 5615 3274 5682 Cujus
3304 5615 3546 5668 universa

1974 5686 2167 5738 dictata
2198 5686 2475 5755 singularis
2505 5696 2557 5739 et
2596 5684 2935 5754 agnoscibilis
2977 5685 3215 5738 melodia:
3255 5692 3397 5755 sunt,
3426 5686 3545 5748 quia

1972 5768 2065 5822 per
2115 5754 2443 5823 psalterium,
2489 5769 2582 5810 seu
2634 5769 2727 5823 per
2782 5764 2950 5809 rotam
2989 5756 3190 5825 (textus
3247 5754 3391 5809 habet
3439 5767 3545 5809 rm-
