4018 6184
479 301 548 354 εέ5
1519 302 1860 356 APPENDIX
1900 300 1991 354 AD
2029 298 2088 355 S.
2131 299 2331 354 GALLI
2370 299 2678 356 SCRIPTA.
3661 298 3730 352 56

481 421 670 484 illam);
722 436 822 488 qua
883 408 1144 486 potentior
1193 421 1302 484 ipse
1357 427 1498 488 erat,
1543 427 1810 488 iteumata
1840 415 2048 463 iuvruta
2082 418 2126 472 Α
2159 411 2326 488 sancti
2353 411 2633 488 Toletanis
2677 409 2918 482 vocatur)
2948 412 3011 466 ad
3042 413 3287 467 dextrum
3320 413 3500 466 altaris
3540 427 3730 476 cornu,

479 483 714 544 dulciOra
739 483 912 550 'sunt,
963 499 1018 542 ut
1048 483 1268 555 apparet
1295 489 1344 540 in
1393 487 1562 539 Hodie
1591 483 1968 555 can'andus‘est
2000 491 2054 555 et

482 559 724 612 Omnium
746 561 985 612 virtutum
1009 551 1239 628 gmina,
1265 571 1397 628 quos
1420 557 1636 628 quidem
1657 564 1837 620 tropos
1858 551 2052 628 Carolo

480 631 589 695 regi
623 629 687 680 ad
729 622 1078 689 olferenduin,
1110 622 1291 694 quem
1315 622 1446 690 ipse,
1477 641 1566 678 rex
1614 624 1830 695 fecerat,
1865 622 2053 673 obtul.t

479 691 765 750 emendos.
791 699 890 766 Qui
924 713 1011 751 rex
1045 691 1225 755 etiam,
1273 696 1376 748 Viri
1401 695 1603 748 Galitwi
1635 709 1754 748 cum
1778 691 2047 766 dictasset,

482 768 726 820 'l‘uteloni
761 762 943 819 versus
973 767 1170 820 addere
1202 766 1448 834 injunsit,
1485 777 1542 818 ut
1569 766 1717 818 aiunt
1750 780 1762 814 :
1799 762 2051 824 Quoniam

483 837 728 889 Dominus
771 835 918 889 Iesus
953 851 1067 888 cum
1097 846 1243 908 esset,
1280 834 1612 908 Omnipotens
1655 834 1872 908 genitor,
1915 834 2050 908 fons,

480 916 526 979 et
555 908 721 979 origo,
755 923 872 959 cum
916 906 1277 979 sequentibus,
1311 899 1442 979 etc.,
1498 906 1594 958 hos
1614 899 1759 979 enim
1792 900 1935 979 solos
1965 899 2048 954 ,ιιι

479 975 591 1028 buit
614 973 847 1039 adferre,
871 988 946 1039 ut,
974 977 1014 1029 si
1045 980 1277 1030 musicos
1297 976 1391 1041 sis,
1416 989 1571 1040 quiam
1594 973 1773 1039 dispar
1795 973 1910 1036 ejus
1939 983 2051 1022 me-

483 1045 621 1098 lodia
649 1048 717 1099 sit
761 1047 960 1100 videas.
1014 1046 1250 1100 Mortuus
1280 1055 1364 1099 est
1389 1044 1642 1112 opinione
1670 1042 1904 1095 omnium
1931 1055 2055 1092 san-

481 1127 622 1182 ctus,
665 1126 720 1170 et
759 1119 997 1182 sepultus
1039 1117 1089 1169 in
1143 1115 1467 1171 monasterio
1518 1115 1567 1166 in
1615 1112 1814 1166 sacello
1858 1117 2056 1182 sancta:

480 1179 780 1240 Camarina:
807 1179 970 1256 (quod
1001 1186 1135 1240 sicut
1167 1197 1217 1239 et
1248 1183 1613 1240 cmmeterium
1649 1182 1720 1236 illi
1749 1179 2054 1247 contiguum

492 1321 678 1376 Versus
699 1324 750 1375 in
770 1322 820 1375 Ν
825 1324 896 1375 ιιιὶ
903 1323 1050 1375 ritate
1066 1321 1270 1376 Domini
1284 1322 1498 1374 canendi
1520 1322 1573 1374 in
1595 1320 1994 1390 processionibus
2013 1322 2035 1346 υ
2049 1356 2062 1369 .

483 1414 639 1468 Salve
668 1416 949 1468 mirilicum
974 1430 1188 1483 semper
1212 1416 1352 1468 Dens
1375 1416 1425 1468 in
1454 1412 1612 1466 Patre
1646 1412 1897 1476 Verbum,

555 1505 777 1557 Iliritico
805 1514 952 1572 partu
979 1503 1088 1573 jam
1120 1520 1243 1559 caro
1272 1519 1431 1557 carne
1451 1515 1645 1557 satum.

491 1595 690 1649 Venisti
721 1595 916 1648 mundo
946 1610 1080 1648 nova
1111 1595 1298 1663 gaudia
1321 1595 1554 1648 condere
1578 1601 1791 1656 mmsto,

561 1689 621 1740 Et
656 1688 748 1741 tibi
775 1690 978 1742 devotis
1012 1689 1244 1756 pandere
1276 1699 1328 1744 te
1358 1689 1590 1742 famulis.

490 1779 787 1832 Pe;sultent
810 1792 1004 1832 nostrae
1031 1781 1144 1841 tibi,
1177 1783 1322 1848 virgo
1353 1780 1534 1843 Maria,
1567 1793 1848 1838 carmen-ae,

559 1872 688 1936 Qua:
711 1870 897 1923 rutilas
927 1872 1088 1923 tantis
1115 1885 1349 1938 congrua
1381 1871 1669 1939 mysteriis.

491 1963 595 2018 Sed
626 1978 744 2031 quae
770 1962 1065 2032 condignas
1092 1963 1185 2016 tibi
1216 1963 1393 2032 lingua
1423 1962 1718 2031 rependere
1745 1960 1926 2015 laudes

560 2054 839 2117 Prevalet,
865 2053 1124 2108 extollens
1152 2069 1340 2107 nomen
1374 2053 1439 2107 ad
1467 2062 1610 2106 astra
1635 2062 1782 2105 tuum
1805 2053 1827 2101 ἲ

491 2145 658 2210 Quem
689 2161 792 2198 non
827 2145 1070 2199 immensi
1092 2145 1274 2210 capiat
1303 2155 1446 2199 teres
1471 2145 1642 2198 orbita
1673 2141 1856 2197 mundi

563 2235 614 2287 In
645 2243 728 2287 tua
753 2249 813 2288 se
840 2235 1029 2287 clausit
1059 2234 1259 2288 viscera
1293 2235 1460 2288 fat-tus
1493 2234 1669 2287 homo.

492 2326 698 2380 Caelum
729 2325 986 2387 curvavit,
1019 2325 1133 2379 sola
1167 2325 1309 2388 fecit,
1339 2337 1393 2379 et
1430 2339 1644 2393 mquora
1672 2323 1825 2388 fudit,

564 2416 810 2484 Principii
835 2415 1101 2484 princeps,
1123 2412 1285 2470 omne
1311 2416 1450 2485 quod
1474 2424 1558 2470 est
1588 2416 1808 2470 faciens.

497 2507 830 2561 Excrescens
865 2507 1018 2575 lapis,
1052 2508 1252 2574 absque
1284 2522 1442 2561 manu
1469 2507 1535 2560 de
1561 2518 1741 2562 monte
1772 2507 2034 2571 revulsus,

569 2599 704 2653 Mole
735 2599 814 2652 sui
845 2599 1097 2652 mundum
1130 2598 1358 2653 obtinuit
1385 2599 1690 2667 stupidum;

496 2692 722 2758 S"vllt[Ier
750 2706 868 2744 cum
897 2691 1052 2746 Patre
1079 2691 1160 2746 cui
1197 2693 1361 2746 virtus
1386 2700 1439 2745 et
1463 2691 1654 2760 gloria,
1684 2704 1929 2759 sorsque.

571 2781 886 2850 Aiqniparet
918 2797 1162 2850 regnum,
1191 2781 1465 2849 splendor,
1500 2785 1691 2849 honor,
1725 2779 1936 2836 solium.

1079 2870 1142 2924 In
1175 2870 1490 2940 Epiphania.

498 2963 655 3018 Salve
683 2962 962 3017 mirificum
985 2977 1196 3032 semper
1221 2963 1358 3018 Deus
1381 2964 1432 3017 in
1463 2964 1616 3017 Patre
1646 2962 1901 3027 Verbum,

570 3055 788 3109 Mirilico
818 3066 968 3124 partu
987 3055 1096 3123 jam
1124 3069 1248 3108 caro
1275 3069 1436 3110 carne
1464 3064 1655 3109 satum.

503 3146 612 3201 iloc
636 3147 937 3210 fecundata,
960 3155 1013 3198 et
1043 3146 1245 3201 cwlesti
1268 3161 1330 3200 es
1368 3161 1486 3199 rore
1509 3147 1675 3214 rigata

573 3237 873 3300 Florueras,
909 3234 1066 3304 Virgo
1097 3248 1148 3288 tu
1178 3236 1454 3290 benedicta
1485 3236 1612 3297 Deo,

501 3328 686 3380 Natum
713 3327 939 3392 lactasti,
969 3327 1278 3396 gremioque
1308 3325 1534 3381 fovendo
1568 3329 1772 3393 locasti,

570 3420 668 3485 Qui
697 3430 818 3474 tuus
843 3429 926 3472 est
950 3423 1167 3483 Auctor,
1205 3419 1370 3473 Filius
1395 3431 1444 3473 et
1478 3421 1751 3474 Dominus.

503 3513 742 3576 Ingratus
775 3527 925 3565 noxae
952 3512 1108 3565 timor
1135 3512 1312 3564 omnis
1341 3513 1527 3566 abesto
1561 3523 1807 3567 veterum.

571 3606 684 3659 Jam
715 3605 920 3658 novitas
944 3615 1147 3671 regnat,
1181 3613 1321 3658 totus
1349 3618 1400 3659 et
1422 3605 1568 3659 orbis
1595 3617 1738 3658 ovat.

504 3697 580 3749 lin
605 3695 756 3750 JeSse
781 3695 981 3762 virgam
1009 3694 1229 3748 decorat
1259 3695 1392 3748 bene
1425 3694 1673 3750 [loculus
1723 3697 1893 3762 illam,

579 3786 720 3839 Vatis
753 3797 806 3839 ut
835 3800 1022 3839 exorsa
1056 3784 1382 3851 praecinuere
1412 3801 1581 3838 sar-ra.

506 3878 834 3931 Ertcrescens
876 3875 1032 3944 lapis,
1061 3877 1262 3944 absque
1292 3892 1450 3929 inanu
1484 3877 1551 3930 de
1599 3888 1778 3932 m0ute
1831 3879 2074 3935 revulsus

577 3968 713 4022 Mole
741 3967 823 4022 sui
857 3967 1110 4021 mundum
1125 3966 1360 4032 ,obtinuit
1384 3968 1674 4036 stupidum.

507 4060 583 4114 Eu
617 4074 755 4113 nunc
779 4057 1020 4126 implevit
1045 4057 1186 4127 quod
1213 4073 1273 4112 ea
1308 4073 1399 4127 per
1427 4059 1690 4129 enigmata
1719 4060 1932 4126 clausit,

576 4153 766 4208 Pandit
794 4162 848 4209 et
875 4153 1099 4208 obscura
1128 4151 1300 4220 gratia
1331 4149 1450 4205 luce
1489 4166 1642 4204 nova.

508 4245 757 4299 Testatur
777 4243 892 4299 lidis
916 4245 1092 4313 gregis
1116 4241 1337 4311 angelus
1366 4242 1478 4309 ipse
1511 4243 1802 4310 magistris,

581 4335 708 4403 Ejus
736 4335 788 4388 iu
819 4344 1006 4388 exortu
1040 4333 1157 4387 luce
1182 4333 1384 4386 micans
1411 4331 1624 4386 rutilus.

510 4425 621 4478 Hoc
651 4423 842 4478 festum
877 4424 1007 4476 tanti
1036 4423 1181 4476 canit
1229 4423 1342 4475 hac
1372 4423 1454 4491 pia
1484 4433 1604 4476 vota
1633 4423 1763 4487 diei,

580 4512 743 4567 Stella
776 4528 961 4569 recens
990 4512 1204 4577 clamat,
1233 4523 1386 4566 aucta
1413 4513 1529 4568 dies
1553 4514 1760 4582 jubilat.

510 4602 733 4670 Semper
763 4619 883 4658 cum
914 4603 1069 4657 Patre
1100 4603 1186 4656 cui
1212 4603 1404 4668 virtus,
1427 4611 1530 4658 etc.
1558 4644 1573 4668 ,
1600 4615 1652 4659 ut
1681 4622 1862 4675 supra.

888 4693 954 4747 In
987 4693 1253 4762 festivitate
1280 4694 1442 4746 sancti
1469 4693 1728 4761 Othmmi,

947 4783 1136 4838 Versus
1163 4784 1230 4837 ad
1271 4785 1658 4850 processionem.

871 4877 1086 4930 Festum
1110 4885 1375 4930 sacratum
1398 4875 1694 4942 psallimus,

797 4967 1010 5022 Christo
1036 4977 1288 5020 canentes
1316 4967 1581 5033 laudibus,

797 5063 893 5128 Qui
923 5061 1015 5115 dat
1037 5074 1287 5114 coronam
1318 5061 1566 5127 testibus,

797 5155 960 5212 Nobis
989 5156 1078 5208 det
1106 5154 1510 5222 indulgentiam.

873 5246 1158 5302 Otltmarus
1189 5245 1354 5299 abbas
1375 5244 1592 5298 vocibus

805 5341 1048 5395 Orandus
1073 5352 1153 5394 est
1181 5337 1557 5400 concordibus,

804 5433 974 5499 Quem
1007 5429 1197 5486 Factor
1227 5430 1343 5500 ipse
1381 5429 1591 5484 coalitus

801 5525 1021 5579 Donavit
1049 5525 1134 5579 hic
1181 5524 1482 5579 virtutibus.

875 5621 1022 5674 llunc
1051 5633 1168 5676 esse
1198 5629 1400 5691 patrem
1443 5594 1628 5688 patria}.

2159 482 2257 533 hoc
2284 479 2551 548 epitapbio
2583 499 2594 533 :

2279 571 2731 637 Virgrnisalmilicte
2755 575 2904 634 pictor
2931 578 3167 637 egregius
3182 575 3362 629 Tmolo

2340 633 2598 682 Excellens
2620 633 2808 684 meritis
2826 645 2875 685 et
2901 633 3083 697 pie'tate
3113 647 3299 695 potens.

2279 693 2433 758 Nemo
2457 698 2608 743 tristis
2627 699 2746 758 abit,
2770 699 2851 758 qui
2875 693 2925 746 te
2949 697 3068 746 colit
3087 693 3136 746 et
3160 703 3444 756 veneratur,

2339 754 2461 803 Fers
2477 759 2662 806 cunctis
2681 754 2909 819 placidam
2933 761 3121 820 quippe
3140 760 3308 807 salutis
3327 754 3483 819 opem.

2233 835 2436 890 Floruit
2491 848 2730 906 tempore
2783 843 2950 893 sancti
3003 839 3246 902 Notkeri,
3304 840 3404 893 sub
3459 839 3735 892 Bernardo

2159 907 2370 969 abbate,
2411 909 2549 960 circa
2594 926 2682 961 an.
2728 909 2852 963 883.
2888 910 2957 962 De
2989 925 3056 963 eo
3102 910 3472 962 Eckerliardus
3504 911 3554 960 in
3589 909 3737 961 libris

2160 976 2385 1028 Casuum
2412 986 2465 1030 et
2494 979 2951 1042 Benedictionum,
2979 989 3032 1032 et
3056 979 3232 1032 Codex
3259 991 3382 1032 ante
3405 995 3534 1034 accc
3561 994 3734 1031 annos

2161 1046 2410 1113 scriptus,
2445 1048 2752 1114 Bruschius,
2783 1060 2885 1102 etc.
2919 1050 3044 1102 Haec
3074 1049 3372 1108 Metzlerus,
3397 1051 3485 1118 qui
3508 1051 3738 1118 diligen-

2166 1118 2368 1168 tissime
2393 1131 2458 1170 ex
2489 1120 2718 1186 antiquis
2740 1122 3096 1173 monumentis
3117 1120 3345 1188 collegit.

2450 1327 2685 1378 Lzetetur
2711 1324 2887 1390 omnis
2913 1325 3127 1388 Suevia,

2452 1415 2543 1468 liis
2572 1424 2749 1479 natus,
2793 1414 2889 1467 hos
2919 1429 3058 1468 nunc
3084 1413 3356 1479 confovet,

2451 1507 2719 1561 Placando
2747 1504 3022 1559 Christum
3085 1505 3348 1572 plebibus.

2525 1597 2619 1650 ilic
2649 1595 2786 1650 dona
2816 1597 2987 1650 sancti
3021 1596 3267 1662 Spiritus,
3342 1632 3350 1639 ρ

2457 1686 2675 1751 Accepit
2701 1686 2855 1738 annis
2877 1687 3144 1754 parvulus,

2453 1775 2627 1841 Ipsum
2659 1776 2905 1830 Datorem
2934 1791 3212 1830 murerutn

2455 1864 2724 1933 Spargens
2749 1867 2799 1920 in
2831 1881 2955 1920 oras
2979 1879 3212 1921 exteras.

2527 1957 2726 2014 Omnes
2747 1960 2943 2028 gradus
2967 1960 3054 2013 hic
3078 1959 3356 2029 presbyter

2459 2050 2623 2104 Orant
2652 2050 2823 2106 beatis
2850 2051 3108 2114 moribus,

2458 2142 2595 2194 Patri
2629 2156 2814 2210 preces
2852 2145 3150 2197 caelestium

2463 2232 2608 2285 Votis
2637 2231 2838 2285 litando
2869 2248 3166 2286 munerum.

2526 2321 2840 2375 Communis
2871 2321 2955 2374 hic
2988 2323 3107 2375 vita:
3135 2334 3280 2374 satur

2447 2410 2551 2465 Seu
2578 2426 2797 2480 magnus
2820 2421 2989 2465 exstat
3018 2413 3281 2477 conditur,

2461 2501 2721 2557 Pratlatus
2747 2501 2914 2556 abbas
2938 2502 3128 2555 incolis

2464 2592 2630 2660 Hujus
2660 2592 2762 2647 loci
2795 2595 3122 2662 praenobilis.

2533 2685 2617 2738 Fit
2647 2703 2845 2755 pauper
2879 2687 2964 2740 hic
2996 2703 3089 2754 pro
3121 2703 3370 2754 paupere,

2457 2777 2692 2832 Cunctos
2723 2788 2941 2848 egentes
2966 2778 3286 2844 conferens,

2461 2867 2593 2922 Dum
2625 2870 2764 2935 quod
2795 2869 2886 2922 dat
2913 2871 2992 2924 eis
3025 2872 3278 2937 parvulis,

2460 2956 2725 3012 Christum
2759 2967 3023 3026 respectat
3050 2959 3321 3013 fratribus.

2531 3049 2678 3104 Nunc
2705 3052 2897 3120 gaudet
2921 3052 2972 3106 in
3007 3068 3169 3122 regno
3195 3053 3284 3108 Dei

2463 3143 2697 3198 Functus
2730 3160 2926 3200 corona
2973 3148 3197 3214 praemii,

2461 3235 2629 3300 Quam
2659 3234 2906 3290 Christus
2931 3237 3004 3291 illi
3047 3238 3292 3303 reddidit,

2470 3325 2573 3378 Pro
2604 3340 2712 3393 quo
2741 3325 2953 3380 labores
2983 3327 3212 3383 sustulit.

2545 3415 2698 3471 Gallo
2732 3417 2873 3471 Patri
2906 3418 3157 3473 laudabili

2461 3507 2747 3562 Othmarus
2788 3510 2949 3564 abbas
2995 3511 3249 3580 jungitur,

2467 3597 2624 3651 Istum
2652 3599 2823 3652 locum
2853 3602 2940 3667 qui
2963 3599 3161 3671 iugiter

2461 3687 2744 3754 Tulentur,
2777 3701 2829 3744 et
2861 3707 2958 3745 nos
3003 3695 3292 3762 supplices.

2543 3778 2746 3834 Virtute
2774 3791 2947 3836 semet
2977 3783 3157 3840 vivere

2466 3869 2800 3925 Demonstrat
2822 3872 2905 3926 hic
2931 3875 3293 3942 credentibus,

2463 3961 2678 4015 Certum
2711 3961 2814 4017 [ide
2841 3965 2980 4033 quod
3023 3967 3329 4034 quasrimus,

2467 4059 2673 4138 Praebet
2696 4060 2853 4116 Pater
2879 4062 3269 4118 sanctissimus.

2541 4152 2765 4208 Eli‘unde
2793 4170 2968 4221 voces,
2998 4156 3146 4225 plebs
3180 4157 3292 4222 Dei,

2463 4242 2759 4299 Commissa
2787 4244 2925 4300 delle
2957 4247 3133 4312 nmio,

2475 4341 2624 4390 Astat
2655 4348 2869 4408 rogator
2897 4341 3100 4407 gratim,

2475 4429 2719 4484 Reddcns
2747 4447 2955 4499 acquum
2986 4433 3124 4501 quod
3148 4433 3388 4502 suscipit.

2543 4520 2793 4585 Absolve,
2821 4522 3263 4587 clementissime,

2470 4608 2618 4664 Nexu
2646 4610 2836 4680 ligatos
2863 4613 3121 4678 criminis,

2471 4701 2664 4756 Delens
2684 4703 2880 4758 malum
2913 4706 3050 4773 quod
3103 4707 3328 4776 respuis,

2476 4793 2692 4850 Addens
2722 4795 2918 4850 bonum
2951 4797 3090 4866 quod
3122 4797 3363 4865 respicis.

2544 4884 2680 4939 Laus
2708 4886 3036 4955 sempiterno
3064 4890 3134 4940 sit
3163 4888 3304 4941 Patri

2471 4974 2578 5029 Nec
2609 4991 2713 5028 non
2741 4979 2960 5044 perenni
2994 4977 3152 5042 Filio,

2473 5068 2775 5138 Sanctoque
2805 5070 2874 5125 sit
2896 5069 3207 5140 Spiramini,

2472 5159 2572 5216 Per
2597 5163 2915 5218 saaculorum
2946 5163 3162 5217 saacula.

2589 5361 2593 5364 ν
2627 5295 2687 5350 ιη
2729 5298 3046 5367 susceptione
3075 5297 3337 5366 principis.

2194 5407 2370 5474 Salve,
2403 5408 2532 5462 festa
2557 5407 2691 5471 dies,
2723 5409 3020 5472 laudabilis,
3045 5417 3204 5476 atque
3235 5408 3409 5472 beata,

2264 5501 2374 5566 Qua
2422 5499 2557 5554 Deus
2606 5498 2658 5553 in
2689 5514 2898 5553 servum
2934 5498 3062 5551 vidit
3091 5501 3156 5550 ab
3189 5513 3311 5551 arce
3340 5512 3517 5556 suum,

2199 5593 2334 5648 Ecce
2367 5592 2503 5646 redit
2526 5593 2774 5661 princeps
2796 5591 3088 5645 laudandus
3113 5593 3350 5644 carmiue
3379 5601 3586 5652 nostro,

594 5764 617 5797 ⁸
645 5756 935 5825 Habentur,
963 5758 1097 5811 sicut
1121 5768 1171 5814 et
1190 5770 1296 5814 tres
1322 5766 1604 5827 sequentes
1628 5755 1808 5827 hymni
1835 5755 1886 5810 in
1915 5756 2274 5810 vetustissimo
2308 5750 2400 5805 Ms.
2435 5750 2618 5814 ebore,
2659 5757 2897 5818 argento,
2943 5747 3167 5818 gemmis
3216 5762 3346 5800 auro
3381 5746 3504 5799 olim
3551 5745 3769 5800 vestito.
