4006 6182
380 321 452 375 57
861 322 1353 379 EPIGRAMMATA
1394 326 1523 381 SEU
1566 325 1773 379 IIYMNI
1813 324 2013 378 SACRI
2055 322 2284 390 ANTIQ.
2328 321 2614 379 PATRUM
2658 322 2820 378 MON.
2866 322 2924 377 S.
2969 320 3197 377 GALLI.
3606 316 3672 367 ΓΗ

459 435 662 490 Gaudia
692 437 818 497 sint,
866 436 1060 504 pepnlo
1086 437 1226 504 quod
1260 437 1398 491 redit
1434 439 1526 492 ille
1558 453 1676 490 suo.

386 528 521 581 Vive
552 527 663 589 diu,
700 527 965 594 princeps,
993 536 1113 594 post
1143 528 1363 595 plurima
1398 530 1577 595 prmlia
1605 533 1791 594 victor,

463 621 707 687 Undique
735 618 991 672 deficiunt
1022 620 1107 688 qui
1136 632 1221 673 tua
1244 621 1437 675 damna
1472 634 1673 687 petunt.

384 710 657 764 Virtutum
690 711 895 765 meritis
922 722 1007 763 tua
1039 713 1146 763 vita
1177 714 1401 783 refulget
1435 714 1675 779 honesta,

460 803 595 856 Hinc
613 817 663 856 te
690 803 841 856 laude
871 801 973 855 frui
1006 802 1129 856 fecit
1153 805 1204 856 in
1232 806 1360 858 orbe
1393 805 1552 858 Deus.

384 893 559 953 infula
584 895 852 946 sincerum
887 910 1026 947 nunc
1068 903 1223 948 ornet
1252 895 1527 962 Splendida
1563 897 1787 961 vultum,

458 986 814 1052 Omnipotens
847 985 939 1038 tibi
987 986 1097 1037 laus
1122 986 1275 1039 detur
1299 986 1365 1039 ab
1397 987 1518 1040 itide
1552 990 1709 1042 Dens.

380 1076 589 1128 Invidia
617 1092 804 1143 magna
847 1086 1124 1144 correptus
1152 1080 1346 1146 praesul
1376 1079 1589 1147 iniquus

462 1168 686 1231 invidet,
720 1178 878 1235 atque
908 1172 1071 1237 gemit
1098 1170 1237 1237 quod
1268 1171 1407 1223 Deus
1439 1172 1537 1223 ista
1571 1170 1717 1226 facit.

379 1258 642 1326 Nequiter
668 1261 948 1314 intendens
990 1272 1041 1315 te
1070 1263 1283 1315 vincere
1314 1263 1539 1315 vincitur
1571 1263 1679 1331 ilfe,

458 1350 702 1401 Cuticidit
733 1353 784 1403 in
812 1350 1015 1403 foveam
1039 1351 1191 1419 cujus
1223 1362 1275 1404 et
1303 1360 1487 1405 auctor
1509 1364 1645 1407 erat.

382 1441 653 1494 Defensus
683 1442 908 1504 meritis,
940 1443 990 1493 in
1021 1442 1224 1494 honore
1255 1458 1496 1509 manens,
1530 1444 1669 1498 bone
1697 1444 1966 1514 princeps,

464 1530 630 1599 Digne
660 1530 987 1597 susciperis;
1019 1530 1293 1596 psallimus
1317 1531 1443 1585 inde
1474 1533 1563 1587 tibi
1594 1551 1608 1586 :

377 1621 493 1674 Nos
527 1632 650 1676 tuus
678 1626 937 1677 adventus
960 1623 1221 1692 condigne
1266 1626 1493 1691 psallere
1520 1626 1681 1693 cegit,

459 1715 541 1767 Sit
583 1714 675 1768 tibi
705 1730 804 1784 pax
844 1714 1073 1785 requies,
1101 1716 1170 1769 sit
1199 1716 1476 1771 benedicta
1507 1717 1646 1771 dies.

376 1846 451 1898 D.
483 1844 553 1899 Ρ.
593 1846 666 1900 Ν.
701 1845 916 1901 Notkm‘
946 1845 1156 1900 Balbuli
1204 1848 1422 1917 hymnus
1474 1847 1535 1901 de
1565 1846 1793 1902 omnibus
1840 1864 1964 1901 san-

901 1919 995 1971 ctis
1023 1920 1218 1972 cantari
1246 1919 1445 1973 solitus.

743 2051 943 2107 Omnes
972 2053 1191 2119 superni
1222 2053 1461 2119 ordines,

666 2144 870 2208 Quibus
894 2145 1100 2197 dicatur
1122 2144 1207 2196 hic
1226 2142 1360 2209 dies,

674 2233 760 2286 Mil
786 2248 817 2287 e
842 2233 1038 2287 milleni
1079 2234 1291 2299 millies,

668 2322 888 2376 V'estros
910 2322 1094 2377 audite
1117 2323 1403 2393 supplices.

738 2416 974 2469 Primum
1002 2433 1019 2465 ι
1032 2415 1065 2468 ii
1081 2426 1219 2469 tutes
1241 2417 1411 2486 ignem

670 2505 783 2559 Mox
818 2507 1037 2575 repleta:
1056 2505 1295 2562 scientiae

669 2596 803 2651 Exin
826 2598 1009 2667 juvate
1040 2611 1135 2651 nos
1165 2613 1321 2665 prece

665 2688 950 2744 Sessiones
981 2688 1295 2746 Dominicae.

740 2782 870 2834 Dum
902 2796 1000 2836 nos
1022 2782 1270 2838 cwlesies
1297 2782 1532 2851 Domini,

666 2869 729 2923 Et
759 2872 1028 2941 principes
1057 2874 1348 2943 praevalidi,

664 2961 1013 3032 Potentiaque
1041 2966 1260 3034 praediti,

662 3052 842 3107 Estote
867 3053 1023 3107 nobis
1046 3056 1258 3124 placidi.

734 3145 869 3203 Hinc
897 3147 1049 3207 ditati
1078 3149 1383 3215 virtutibus,

665 3238 871 3308 Vosque
906 3241 1165 3295 tremendi
1196 3244 1411 3298 nutibus

665 3330 727 3383 Et
761 3331 1018 3401 fulgurosi
1060 3333 1308 3398 vultibus,

667 3426 862 3479 Christi
892 3426 1066 3482 favete
1092 3428 1351 3496 plebibus.

732 3519 927 3575 Omnes
956 3536 1090 3589 quos
1115 3521 1203 3575 Dei
1249 3522 1413 3591 gratia

664 3611 742 3663 Ab
774 3612 871 3664 hac
901 3613 1101 3665 exemit
1129 3614 1317 3681 patria,

664 3700 804 3753 Bona
835 3701 1033 3757 donate
1060 3704 1318 3767 caelestia,

667 3788 855 3842 Nostra
884 3791 1059 3844 laxate
1109 3791 1355 3846 crimina.

730 3880 807 3934 Tu
841 3892 990 3950 pater
1021 3884 1168 3939 adsis
1198 3886 1490 3949 Abraham,

666 3971 869 4026 Claram
903 3990 1096 4044 regens
1128 3978 1452 4046 prosapiam,

657 4065 787 4117 Cum
818 4067 945 4132 ipsis
993 4070 1352 4122 necessariam

629 4212 640 4220 ,
669 4155 828 4211 Nobis
860 4160 1127 4225 precando
1161 4162 1389 4213 veniam.

732 4246 965 4307 Tandem
999 4249 1165 4303 David
1191 4249 1509 4321 hymnidicis

662 4335 792 4391 Hinc
819 4339 942 4392 inde
963 4341 1190 4407 stipatus
1217 4342 1421 4409 choris,

664 4424 887 4481 Pulcher
916 4430 1132 4482 coronis
1163 4430 1347 4499 regiis,

658 4515 870 4572 Cunctis
896 4534 1151 4574 succurre
1173 4519 1405 4578 miseris.

736 4614 897 4669 Sacer
926 4616 1109 4668 adesto
1134 4615 1379 4684 ﬂagitans

666 4705 844 4761 Cmtus
867 4706 1043 4759 futura
1074 4708 1295 4776 prredica
1306 4722 1389 4777 ns,

662 4796 819 4852 Nobis
846 4798 1120 4852 Christum
1170 4799 1487 4864 concilians,

664 4891 714 4944 ln
745 4891 882 4946 caelo
908 4891 1019 4962 jam
1050 4891 1366 4961 tripudians.

729 4984 947 5049 Omnes,
981 4985 1107 5040 dum
1133 5000 1352 5040 carnem
1382 4985 1574 5053 induit,

657 5075 797 5143 Quos
827 5076 1069 5131 Christus
1103 5092 1342 5145 praesens
1366 5078 1564 5143 docuit,

657 5168 905 5239 Quosque
927 5170 1179 5223 absentes
1207 5169 1396 5224 imbuit

660 5264 874 5334 Erigite,
906 5267 996 5334 qui
1015 5266 1238 5319 corruit.

726 5356 969 5421 Nostros,
1002 5371 1251 5424 supreme
1280 5356 1509 5426 claviger

658 5444 718 5498 Et
744 5460 895 5500 novae
929 5446 1075 5515 pacis
1103 5444 1306 5514 legifer,

654 5537 941 5607 Omnisque
978 5538 1173 5592 Christi
1214 5538 1458 5605 crucifer,

659 5634 818 5683 Actus
842 5630 1093 5684 mundate
1124 5630 1348 5700 pariter.

2004 441 2048 494 Α
2432 436 2580 489 Nunc
2602 452 2762 489 cunne
2790 436 3172 499 sacerdotium,

2358 528 2565 581 Primus
2591 530 2721 581 ordo
2746 528 3079 594 pontificum,

2356 617 2569 671 Cleruin
2598 619 2840 670 ducendo
2871 619 3160 681 subditum,

2360 710 2565 763 Fletuni
2600 712 2789 778 tergite
2818 712 3139 777 supplicum.

2431 806 2578 858 Nunc
2607 820 2764 871 posce
2792 807 2970 869 nobis,
3002 805 3247 858 (lenitrix

2354 899 2641 965 Omnisque
2673 899 2847 950 carnis
2874 899 3147 960 domitrix,

2362 989 2431 1043 Ut
2451 998 2625 1043 cesset
2660 989 2810 1055 culpa
2839 989 3117 1057 perditi-iv,

2365 1079 2427 1131 Et
2457 1081 2602 1147 pletis
2626 1080 2860 1131 salvatur
2900 1078 3150 1132 deliitrix.

2434 1167 2575 1221 Istud
2598 1167 2857 1233 concede,
2890 1167 3143 1230 Trinitas,

2363 1257 2428 1310 Et
2454 1259 2677 1311 indivisa
2712 1260 2908 1322 unitas,

2360 1347 2555 1401 Domus
2584 1364 2771 1415 regens
2802 1349 3048 1414 pacificus

2362 1435 2570 1489 2Etates
2599 1453 2691 1503 per
2733 1437 3067 1491 interminas.

2431 1531 2624 1582 Amen.

2143 1617 2427 1685 Sequentis
2453 1618 2848 1673 lamentationis
2883 1633 3093 1687 prosam
3126 1618 3249 1674 fecit
3278 1631 3493 1675 sanctus
3517 1621 3649 1675 Not-

2077 1711 2253 1777 kerus,
2288 1724 2411 1763 cum
2440 1710 2492 1763 in
2523 1710 2901 1765 Martinsdohel
2932 1727 3063 1781 pons
3085 1711 3135 1766 in
3161 1714 3278 1767 loco
3319 1714 3574 1782 praecipiti
3600 1726 3654 1768 et

2002 1785 2049 1844 Β
2083 1801 2535 1867 periculosissimo
2566 1802 2943 1857 mdiiicaretur.
2973 1803 3103 1869 Quis
3132 1812 3307 1857 autem
3340 1820 3529 1859 versus
3558 1808 3650 1857 ad-

2074 1892 2289 1957 iecerit,
2351 1892 2554 1947 nescio.
2598 1891 2866 1960 Dcscripsi
2916 1907 2979 1945 ex
3030 1894 3391 1946 vetustissimo
3435 1895 3651 1961 Codice,

2074 1980 2160 2034 ubi
2201 1997 2322 2033 cum
2355 1981 2624 2035 modernis
2650 1982 2808 2035 etiam
2842 1981 2979 2035 notis
3004 1995 3085 2036 εει
3112 2000 3123 2034 :

2147 2089 2165 2122 ι
2190 2072 2358 2126 Media
2383 2074 2485 2126 vita
2510 2072 2561 2126 in
2590 2081 2759 2127 morte
2777 2088 2981 2139 sumus,
3001 2089 3155 2140 quem
3183 2075 3474 2142 quarriinus
3495 2076 3649 2142 adju-

2072 2171 2266 2226 torem,
2299 2162 2399 2215 nisi
2433 2170 2503 2229 te,
2536 2162 2782 2227 Domine,
2811 2163 2901 2231 qui
2932 2179 3025 2233 pro
3058 2166 3289 2234 peccatis
3337 2166 3535 2219 nostris
3559 2166 3645 2236 ju-

2067 2260 2149 2307 ste
2178 2252 2439 2307 irasceris.
2456 2272 2476 2304 ι

2780 2323 2918 2379 Ach.

2425 2437 2593 2490 llomo
2614 2436 2881 2505 perpende
2910 2438 3129 2506 fragilis,

2350 2528 2604 2594 Mortalis,
2629 2538 2684 2583 et
2743 2529 3024 2597 instabilis,
3118 2594 3133 2607 ι

2352 2618 2501 2685 Quod
2531 2620 2701 2674 vitare
2731 2635 2835 2674 non
2870 2622 3070 2688 poteris

2349 2710 2594 2777 Mortem,
2628 2728 2948 2781 quocunque
2974 2713 3120 2766 ieris.

2350 2802 2540 2855 Aufert
2569 2813 2640 2864 te,
2674 2804 2992 2871 saepissime,

2345 2892 2478 2946 Dum
2514 2894 2648 2946 vivis
2677 2893 3051 2947 libentissime.

2652 2982 2847 3038 Sanete
2880 2983 3038 3037 Deus.

2799 3077 2911 3131 Va).

2423 3167 2714 3221 Calamitas
2744 3169 2956 3234 inedizc,

2351 3259 2558 3313 Vermis
2590 3258 2772 3313 fremit
2812 3260 3043 3323 invidim,

2343 3346 2477 3404 Dum
2510 3349 2658 3404 audit
2707 3350 2922 3404 flentem
2954 3352 3184 3404 animam

2344 3443 2583 3508 Mortalis
2605 3456 2781 3515 essem
2814 3443 3010 3494 utinam
3036 3442 3048 3493 ε

2345 3533 2451 3588 Nec
2479 3532 2673 3586 Christi
2704 3532 2854 3584 fortis
2876 3531 3104 3599 gladius,

2344 3626 2640 3683 Transiret.
2678 3632 2731 3677 et
2777 3640 2881 3676 non
2914 3624 3070 3687 alius,

2663 3714 2856 3768 Sancte
2887 3714 3055 3769 fortis.

2779 3804 2910 3861 lleu.

2418 3897 2499 3951 Nil
2527 3897 2667 3949 valet
2693 3897 2965 3957 nobilitas,

2347 3987 2531 4058 Neque
2564 3988 2707 4043 sedis
2732 3989 3056 4055 sublimitas,

2343 4080 2424 4134 Nil
2452 4082 2667 4149 generis
2691 4080 2947 4149 potentia,

2343 4171 2428 4225 Nil
2459 4186 2638 4225 rerum
2668 4171 2967 4234 affluentia,

2344 4261 2467 4314 Plus
2499 4275 2630 4329 pura
2671 4259 2998 4314 conscientia

2344 4352 2494 4406 Valet
2527 4352 2705 4406 mundi
2737 4353 2982 4405 scicntia.

1985 4483 2039 4543 Β
2066 4445 2259 4500 Sancte
2289 4453 2343 4499 et
2372 4444 2678 4498 misericors
2705 4444 2970 4566 Sslvator,
3000 4458 3193 4498 amara:
3233 4453 3387 4498 morti
3420 4461 3484 4498 ne
3532 4456 3649 4501 tra-

2775 4529 2833 4566 as
2851 4530 2970 4566 nos.

2775 4529 2833 4568 as
2851 4530 2970 4569 nos.

2062 4631 2309 4702 Eiusdem
2337 4631 2502 4685 sancti
2548 4629 2763 4685 Notkeri
2804 4631 2872 4683 ad
2917 4630 3263 4684 Ruodbertum
3293 4639 3317 4667 "
3350 4632 3643 4699 episcopum

2132 4700 2283 4831 get)
2301 4702 2479 4783 hymni
2528 4717 2600 4765 Iv,
2630 4705 2692 4756 de
2720 4703 2817 4756 vita
2840 4710 2889 4755 et
2914 4701 3183 4754 miraculis
3215 4705 3642 4771 piata-martyris

2177 4782 2261 4839 τερ
2282 4790 2406 4825 tam.

2172 4863 2413 4935 Hymnus
2460 4867 2653 4933 primus
2683 4866 2745 4918 de
2775 4865 3013 4936 passione
3044 4865 3210 4918 sancti
3239 4864 3535 4929 Stephani.

2132 4981 2344 5036 Primus
2374 4997 2439 5035 ex
2461 4989 2663 5049 septeni
2693 4974 2858 5033 niveis
2888 4981 3171 5043 columnis,

2062 5076 2102 5125 A
2138 5073 2296 5126 Petro
2325 5071 2529 5125 electus
2558 5071 2862 5136 Stephanus
2893 5070 3068 5131 beato,

2068 5164 2229 5229 Voce,
2261 5162 2343 5217 vel
2372 5161 2560 5230 signis,
2594 5161 2865 5215 medicans
2898 5160 3142 5222 misellis,

2621 5253 2799 5306 Cluret
2849 5255 2900 5306 in
2950 5253 3101 5307 orbe.

2129 5351 2250 5418 Qui,
2282 5349 2431 5404 brevi
2466 5347 2627 5403 verbo
2658 5349 2924 5417 replicans
2955 5347 3155 5416 priora,

2064 5440 2441 5496 Persecutores
2467 5439 2659 5494 docuit
2690 5441 2896 5507 piorum

2063 5532 2190 5587 Esse
2214 5532 2453 5596 Juda'os,
2481 5531 2746 5601 probitate
2770 5542 2969 5593 cassos,

2416 5616 2425 5626 ⁷
2584 5624 2854 5691 ,Ιῖθιιθᾳυθ
2884 5623 3087 5692 plenos.

444 5746 469 5777 ι
515 5738 627 5807 Ipse
656 5738 938 5810 Notkerus,
973 5743 1024 5797 in
1070 5742 1183 5798 Vita
1216 5740 1385 5798 sancti
1416 5741 1548 5798 Galli
1579 5738 1742 5807 refert
1774 5740 1937 5799 hosce
1970 5756 2150 5799 versus
2167 5741 2231 5795 ad
2257 5740 2585 5809 Ruopcrtum
2608 5738 2913 5809 episcopum
2936 5740 3226 5797 Metensem
3243 5738 3542 5811 scripsisse.
