4018 6184
351 297 410 353 6t

495 415 710 469 Fascino
749 422 952 482 spreto,
994 414 1261 485 celerique
1295 418 1490 485 gaudet

870 504 1088 560 Munere
1112 508 1302 561 sancti.

561 596 753 651 Paulus
775 604 978 660 autem,
1010 594 1244 650 Palladia
1276 611 1463 652 sorore

486 688 559 743 Se
582 702 673 756 per
698 689 886 742 orbem
913 688 1201 742 comitante
1228 687 1418 754 latum,

486 778 742 848 Stephani
774 786 905 832 nutu
934 778 1106 831 earuit
1145 789 1397 845 tremore,

884 873 960 925 Ac
998 886 1150 926 soror
1183 873 1321 940 ipsa.
1525 930 1543 944 ,

556 962 681 1015 llaec
705 959 840 1016 mihi
871 959 1062 1015 doctor
1099 960 1283 1015 retulit
1313 961 1533 1029 peritus,

485 1054 689 1108 Nomen
722 1053 944 1122 Augusti
978 1054 1170 1107 merito
1202 1062 1495 1120 retentans,

480 1143 608 1210 Qua:
639 1142 754 1208 tibi,
786 1143 977 1211 praesul
1009 1143 1312 1198 venerande
1344 1143 1708 1208 ltuodbrecltt,

871 1234 1052 1302 Paugo
1078 1233 1325 1288 tenenda.

354 1327 579 1397 Hymnus
601 1338 810 1397 quartus
851 1329 914 1379 de
952 1326 1215 1447 miracablis
1240 1326 1467 1393 ejusdem
1521 1327 1571 1377 in
1618 1325 1921 1380 Cismarinis

992 1408 1129 1447 nam
1169 1412 1246 1447 us.

992 1408 1246 1466 partibus.

552 1487 769 1542 Ordinis
797 1486 939 1541 sacri
970 1486 1275 1556 Stephanus
1308 1485 1512 1541 honore

482 1581 731 1634 Partibus
762 1581 968 1648 pollens
998 1579 1136 1632 Asiae
1165 1579 1391 1632 calentis

483 1670 701 1725 Finibus
733 1671 946 1724 tandem
979 1670 1217 1725 occiduis
1254 1686 1495 1724 rosarum

869 1761 1078 1828 Sparsit
1106 1761 1314 1814 odores.

550 1853 700 1919 Quos
728 1852 916 1905 volens
949 1853 1191 1919 plantare
1219 1853 1402 1907 beatus
1432 1852 1523 1907 ille

480 1946 657 2001 Verna
691 1946 919 2010 Martini,
954 1946 1182 2015 vigilans
1212 1947 1261 2000 in
1295 1948 1461 2011 omni,

480 2040 558 2095 De
586 2055 707 2095 sera
738 2042 947 2108 accepit
973 2040 1091 2093 sine
1121 2039 1288 2104 clave,
1312 2039 1506 2094 clausit

875 2131 943 2185 Et
971 2133 1083 2184 sine
1107 2132 1276 2186 clave.

558 2225 660 2292 Qui
693 2226 1010 2295 precabatur
1039 2226 1246 2279 veniam
1280 2227 1546 2295 imperitis

485 2314 606 2381 lpse
637 2324 943 2383 protervum
973 2314 1274 2383 Stephanus
1311 2317 1589 2383 repressit,

481 2405 802 2459 innocentes
826 2405 1081 2471 eripiens,
1107 2421 1361 2474 reumque

871 2496 1018 2551 Fune
1046 2506 1338 2551 retentans.

554 2586 611 2639 In
645 2589 779 2638 mari
824 2586 972 2640 navis
1001 2589 1217 2656 propior
1247 2589 1482 2657 periclis,

480 2675 587 2729 Per
613 2690 830 2729 manum
868 2678 1034 2730 sancti
1069 2677 1325 2743 Stephani
1360 2687 1611 2745 retracta,

478 2768 588 2820 Aut
622 2780 784 2820 canes
810 2766 1025 2835 Scyllae,
1056 2776 1148 2821 aut
1187 2767 1388 2823 rabiem
1415 2769 1713 2839 Charybdis

870 2853 1027 2910 Salva
1061 2857 1270 2925 reingit.

552 2945 647 2999 Est
683 2946 883 2999 Domus
916 2947 1093 3000 Mettis
1123 2948 1376 3015 Stephani
1408 2963 1598 3005 cruore

479 3034 667 3100 Sacra,
699 3052 817 3107 qua:
849 3045 1051 3090 tantum
1082 3052 1364 3106 superesse
1389 3038 1524 3094 diris

480 3128 669 3183 l’usset
705 3127 1018 3183 Hunnorum
1048 3128 1262 3198 gladiis,
1290 3131 1557 3199 rogisque,

874 3217 1145 3290 Sanguine
1174 3229 1301 3273 tnta.

550 3309 678 3377 Quae
708 3309 858 3364 ducis
886 3318 1087 3372 natam,
1112 3310 1409 3365 medicante
1439 3309 1593 3366 Gallo

476 3401 784 3455 Liberatam
816 3401 1081 3455 da'monio
1107 3402 1394 3468 furentem,

478 3491 639 3562 Regis
668 3489 933 3545 abstraxit
960 3491 1228 3559 thalamis,
1258 3507 1439 3546 amore

817 3606 825 3616 ·
874 3581 1208 3651 Integritatis.

552 3671 737 3727 Fontis
764 3671 1007 3740 Hispani,
1039 3672 1311 3741 Stephano
1344 3684 1608 3742 patrante,

483 3765 675 3819 Munus
704 3774 965 3819 sternam
1007 3779 1309 3819 memorare
1334 3765 1549 3834 dignum

472 3859 576 3925 Qui
608 3857 849 3913 lavandis
879 3856 1121 3926 proﬂuit,
1149 3864 1309 3926 atque
1340 3857 1463 3912 lotis

864 3947 1126 4003 Conditur
1153 3949 1291 4013 alte;

477 4040 585 4095 Sed
614 4055 734 4095 cum
764 4040 864 4094 hoc
894 4040 1267 4108 baptisterium
1295 4041 1510 4095 caballis

481 4131 754 4200 Improbus
783 4132 997 4201 quidam
1036 4132 1298 4186 stabulum
1332 4143 1567 4202 pararet,

483 4223 651 4278 Febre
681 4234 961 4293 correptus
980 4260 996 4288 ,
1026 4222 1309 4278 Dominum
1353 4227 1571 4294 praeibat

868 4312 947 4367 Ad
976 4313 1357 4383 Phlegethonta
1364 4357 1394 4389 _,

554 4400 663 4457 Hoc
689 4402 833 4467 loco,
857 4402 1090 4457 cultrum
1116 4405 1262 4457 socio
1295 4405 1515 4458 retraxit

482 4494 760 4563 lmpndens
801 4494 1037 4563 quidam.
1069 4508 1236 4548 vacua
1268 4495 1361 4548 sed
1393 4512 1523 4548 urna

484 4587 660 4642 Mente
692 4596 977 4656 praecepta,
1018 4586 1293 4654 Stephano
1319 4586 1561 4657 iubente,

869 4678 1119 4733 Reddidit
1154 4677 1349 4747 ipsum.

552 4792 715 4863 ,Εεοτ
736 4802 790 4847 et
816 4802 842 4830 ι
872 4792 1080 4857 balbus,
1112 4792 1368 4864 vitiisque
1421 4794 1633 4862 plenus,

487 4883 587 4937 Ore
633 4882 832 4951 polluto
861 4881 1125 4951 Stephani
1160 4882 1467 4951 triumphos

486 4974 677 5029 Notker
704 4972 952 5042 indignus
982 4974 1176 5039 cecini,
1202 4972 1418 5029 volente

871 5063 1107 5119 Presule
1152 5074 1335 5119 sancto
1355 5104 1371 5131 ,

558 5156 714 5212 Flore
741 5155 1085 5211 Ruodbertus
1112 5153 1367 5223 juvenale
1396 5154 1484 5224 qui
1514 5170 1658 5209 nunc

490 5250 591 5307 Cor
618 5267 804 5307 senum
836 5262 1079 5323 gestans,
1124 5251 1333 5307 senium
1375 5252 1583 5313 beatus.

492 5345 565 5399 Ac
589 5344 690 5415 piis
718 5345 908 5414 plenus
941 5343 1170 5410 meritis,
1201 5343 1385 5399 videre

875 5433 1269 5489 Promereatur.

566 5526 723 5582 Pacis
752 5534 932 5595 optata
966 5526 1175 5595 potiens
1211 5523 1421 5592 quiete,

492 5617 669 5673 llostis
700 5628 754 5675 et
775 5619 924 5673 diros
954 5630 1215 5686 superans
1244 5628 1545 5676 mucrones,

431 5782 450 5803 θ·
483 5770 615 5825 Hinc
646 5779 787 5841 patet
809 5784 902 5823 cur
942 5768 1114 5823 dictus
1161 5768 1227 5821 sit
1279 5763 1540 5819 Notkcrns
1569 5762 1839 5823 Balhulus.

820 295 1320 355 EPIGRAMMATA
1363 301 1492 358 SEU
1534 303 1745 361 ΙΙΥΜΝΙ
1786 305 1916 363 SAC

2024 310 2248 379 ANTIO.
2292 312 2570 372 PATRUM
2612 319 2769 373 ΜΟΝ.
2811 320 2870 377 S.
2910 322 3130 380 GALLI.

3519 331 3589 386 62

1945 424 1993 480 Α
2158 428 2326 494 Quem
2366 431 2546 486 furens
2578 436 2719 489 misit
2752 435 2946 493 Boreas
2977 440 3259 511 fugandum

2560 526 2653 582 Vel
2688 531 3069 596 perimendum.

2241 611 2306 667 Ut
2334 612 2608 669 Trinitatis
2638 619 2912 675 benedicta
2945 623 3110 677 virtus

2169 703 2394 758 [Edibm~
2421 707 2651 773 cunctis,
2683 709 3031 781 domibusque
3060 716 3266 771 cunctis

2166 792 2268 848 Per
2308 809 2493 864 preces
2542 801 2715 866 magni
2767 800 3047 870 Stephani,
3093 818 3315 860 caiiatur

2554 891 2817 963 Tempore
2847 896 3023 967 longo.

3052 990 3241 1044 Amen.

2020 1090 2076 1143 Si
2106 1090 2233 1145 mihi
2263 1106 2366 1145 non
2405 1092 2584 1158 vultis,
2615 1095 2786 1149 oculis
2819 1097 2902 1151 vel
2934 1098 3135 1153 credite
3162 1102 3371 1154 vestris.

2021 1182 2130 1239 Vos
2159 1185 2347 1239 saltem
2373 1186 2522 1241 binas
2545 1189 2702 1257 piscis
2724 1189 2849 1242 mihi
2887 1189 3081 1245 mittite
3100 1196 3298 1262 spinas.

2093 1294 2201 1348 llos
2238 1295 2370 1350 duos
2401 1311 2587 1353 versus
2615 1299 2884 1355 Notkerus
2914 1302 3161 1358 Balhulus
3208 1303 3455 1361 fratribus
3485 1310 3593 1361 Au-

2020 1384 2293 1453 giensibus
2323 1388 2465 1442 tnisit
2494 1403 2614 1444 cum
2643 1390 2806 1462 fungo
2827 1409 2986 1463 quem
3017 1395 3233 1450 moruch
3268 1408 3490 1465 vocant,
3539 1401 3589 1453 in

2022 1479 2215 1546 angulo
2269 1480 2408 1549 apud
2465 1492 2709 1537 sanctum
2759 1482 2969 1539 Gallum
3017 1486 3237 1542 fratrum
3292 1492 3490 1560 pyralis
3538 1494 3590 1546 in

2026 1568 2203 1624 hieme
2232 1572 2379 1626 nasci
2417 1571 2618 1642 aliquot
2649 1575 2804 1629 annis
2830 1578 2984 1631 solito
3024 1577 3139 1633 loco
3164 1594 3279 1632 suo.
3311 1580 3440 1634 Nam
3469 1596 3586 1635 cum

2023 1660 2119 1728 ipsi
2149 1675 2465 1729 assererent,
2496 1668 2548 1720 in
2594 1666 2893 1737 Alaspach,
2954 1671 3148 1739 piscem
3202 1688 3357 1742 quem
3414 1675 3592 1729 alandt

1955 1770 2000 1827 Β
2028 1769 2251 1820 vocant,
2304 1770 2377 1810 χιι
2426 1758 2721 1827 palmorum
2762 1762 3187 1833 apprehensum,
3234 1766 3353 1820 loco
3398 1782 3586 1821 nomen

2028 1844 2264 1911 dedisse,
2290 1846 2404 1914 ipse
2428 1848 2758 1904 incredibilia
2804 1854 3163 1920 narrantibus,
3193 1854 3347 1909 etiam
3370 1857 3436 1911 de
3465 1874 3590 1912 san-

2026 1935 2096 1989 cti
2126 1933 2262 1992 Galli
2294 1938 2408 1992 loco
2436 1953 2495 1993 se
2543 1940 2674 1994 mira
2721 1956 2841 1995 esse
2889 1944 3150 1997 dicturum
3185 1946 3488 2014 respondit,
3538 1961 3591 2001 et

2024 2040 2185 2093 supra
2215 2026 2342 2081 dicti
2378 2028 2609 2082 nominis
2667 2029 2883 2100 fungum
2930 2034 2978 2085 in
3005 2033 3256 2088 Januario
3305 2036 3374 2089 ibi
3408 2047 3586 2091 natum

2022 2130 2082 2171 se
2110 2117 2306 2172 vidisse
2352 2118 2655 2186 subjunxit,
2690 2121 2847 2189 idque
2886 2122 3058 2192 ipsum
3102 2124 3241 2178 illico
3278 2126 3424 2193 quasi
3457 2126 3591 2179 falso

2022 2206 2250 2261 locutum
2283 2209 2394 2276 pari
2446 2223 2575 2263 voce
2622 2210 2882 2276 dicentes,
2935 2212 3133 2267 derisui
3170 2212 3464 2280 habebant;
3496 2216 3587 2269 sed

2020 2296 2156 2365 ipse,
2190 2307 2247 2351 ut
2270 2298 2380 2352 disi
2408 2340 2424 2367 ,
2466 2300 2713 2369 sequenti
2759 2316 2900 2356 anno
2931 2302 3109 2357 itidem
3144 2304 3210 2358 ibi
3256 2305 3414 2376 fungo
3446 2318 3591 2371 nato,

2019 2385 2160 2441 dicta
2198 2387 2348 2443 factis
2391 2391 2783 2458 compensavit,
2840 2391 3059 2463 fungum
3112 2396 3345 2459 mittens,
3382 2408 3433 2451 et
3461 2402 3587 2452 scri-

2020 2478 2150 2531 bens
2203 2477 2302 2533 hoc
2330 2478 2622 2533 distichon.
2672 2481 2839 2536 Causa
2873 2492 3046 2535 tamen
3077 2493 3195 2537 erat
3248 2483 3387 2555 fungi
3419 2486 3468 2540 in
3500 2502 3594 2540 an-

2018 2567 2142 2637 gulo
2176 2568 2266 2623 illo
2293 2570 2491 2640 pyralis
2519 2572 2664 2625 nasci
2693 2572 2857 2635 soliti,
2887 2573 3027 2642 quod
3052 2574 3395 2643 aquaeductus
3443 2593 3591 2631 eum-

2020 2660 2140 2713 dcm
2171 2663 2420 2730 angulum
2453 2662 2819 2729 praterﬂuens
2868 2663 3078 2734 rigavit,
3111 2676 3165 2720 et
3215 2667 3365 2721 calor
3395 2672 3589 2739 pyralis

2021 2770 2126 2809 non
2159 2756 2378 2822 nimius,
2400 2757 2494 2811 sed
2526 2768 2771 2814 caumate
2798 2776 2950 2830 aqua:
2980 2763 3188 2831 mistus,
3222 2766 3365 2820 illum
3398 2772 3588 2838 attigit,

2020 2857 2075 2901 et
2096 2848 2208 2902 fotu
2244 2848 2332 2902 tali
2365 2863 2552 2918 parere
2584 2866 2921 2921 praecoquem
2951 2862 3150 2910 terram
3196 2858 3353 2925 fecit,
3379 2871 3431 2915 et
3470 2863 3590 2916 iun-

2018 2953 2114 3007 gos
2138 2939 2355 3007 quidem
2390 2938 2659 3006 primitus,
2688 2957 2807 2995 mox
2832 2945 2990 2997 etiam
3009 2956 3061 2998 et
3090 2949 3328 3016 gramina
3349 2952 3589 3018 quaedam

2021 3030 2268 3094 virentia,
2300 3028 2465 3084 stiriis
2503 3040 2556 3084 et
2582 3032 2752 3099 glacie
2789 3030 2919 3087 foris
2963 3033 3062 3088 sub
3107 3036 3231 3091 divo
3275 3040 3589 3107 rigentibus,

1944 3116 1990 3179 C
2020 3137 2184 3190 vapor
2207 3123 2344 3177 idem
2376 3122 2641 3192 produxit.

2019 3234 2132 3297 [Hic
2174 3236 2393 3303 Canjsius
2423 3238 2586 3303 habet
2624 3251 2822 3303 carmen
2861 3238 2919 3286 ad
2945 3239 3196 3303 t'fedolium
3219 3242 3346 3303 quod
3370 3241 3591 3291 dedimus

2083 3302 2213 3365 inter
2234 3300 2323 3365 HS.
2356 3300 2634 3350 Columbam
2677 3302 2911 3363 carmina,
2939 3301 3019 3351 ubi
3061 3299 3376 3353 videris'tom.
3404 3303 3588 3365 LXXX,
3666 3312 3673 3317 '

2077 3361 2167 3411 eol.
2194 3362 2324 3423 291.]

2020 3484 2388 3556 Fragmentum
2416 3484 2670 3540 Carminis
2709 3486 2873 3539 sancti
2916 3484 3132 3540 Notkeri
3180 3487 3243 3541 de
3274 3488 3585 3559 psalmodia.

2018 3641 2072 3696 Si
2114 3640 2252 3710 quod
2282 3653 2408 3693 voce
2436 3649 2614 3704 sonat,
2645 3638 2750 3693 ﬁdo
2791 3653 2944 3694 mens
2972 3648 3188 3707 pectore
3220 3650 3449 3710 promat,

2018 3732 2126 3786 Nec
2156 3732 2356 3784 clamor
2385 3730 2592 3783 Domini
2621 3738 2823 3784 tantum
2866 3730 3109 3784 snblimis
3140 3731 3203 3785 ad
3233 3747 3408 3798 aures,

2019 3824 2282 3890 Quantum
2314 3836 2413 3876 vos
2459 3821 2673 3875 humilis
2717 3821 2926 3891 placido
2966 3822 3033 3877 de
3061 3823 3221 3876 corde
3254 3823 3587 3893 prOpinquat.

2025 3935 2319 3990 Memoriale
2371 3934 2799 3989 Reverendissimi
2847 3930 2916 3987 D.
2958 3932 3211 4000 Bernardi
3254 3934 3448 3985 abbatis
3497 3934 3591 3988 Se-

2095 4008 2267 4072 cundi,
2300 4008 2436 4075 quod
2465 4006 2604 4059 dedit
2627 4004 2831 4057 cuidam
2853 4005 3006 4072 fratri
3034 4007 3298 4075 ntanacho,
3333 4020 3445 4055 cum
3472 4019 3587 4056 eum

2092 4078 2158 4128 ad
2187 4074 2517 4130 Asudemiam
2547 4077 2829 4128 litterarum
2852 4088 3009 4126 causa
3038 4074 3281 4125 mitteret.

2092 4170 2143 4222 l.
2192 4167 2440 4222 Studium
2493 4167 2704 4234 pietatis
2753 4164 2826 4217 sit
2878 4163 2967 4217 tibi
3000 4163 3052 4216 in
3090 4164 3273 4231 primis
3319 4177 3591 4219 commcn-

2017 4260 2221 4313 datum.

2091 4353 2148 4406 2.
2180 4350 2550 4420 Cognitionem
2604 4348 2813 4403 Domini
2861 4345 3172 4410 Creatoris,
3220 4346 3590 4414 Redemptoris

1948 4480 1995 4536 0
2022 4461 2084 4499 ac
2113 4443 2413 4501 Servatoris
2446 4442 2520 4495 tui
2571 4440 2964 4497 ferventissimo
3008 4439 3169 4492 animi
3200 4438 3469 4493 desiderio
3495 4456 3585 4505 ap—

2025 4548 2205 4603 petas;
2247 4536 2418 4602 adque
2454 4549 2572 4589 eam
2622 4532 2920 4603 pervenire,
2958 4540 3211 4601 quantum
3241 4530 3353 4584 ﬁeri
3389 4534 3585 4598 potest,

2021 4628 2329 4684 contendas.

2090 4722 2143 4774 5.
2176 4720 2251 4773 Te
2280 4720 2475 4788 ipsum,
2506 4727 2665 4785 atque
2706 4714 2947 4771 defectus
2977 4724 3117 4783 tuos,
3171 4726 3224 4771 et
3253 4716 3417 4770 malas
3466 4729 3594 4769 cou-

2022 4808 2350 4875 suetudines,
2381 4808 2666 4875 diligenter
2688 4805 2959 4875 inspicias,
2982 4815 3038 4861 et
3065 4820 3380 4876 cognoscas,
3412 4820 3593 4858 emcn-

2021 4898 2254 4964 dareque
2285 4897 2429 4950 omni
2458 4909 2651 4951 conatu
2685 4896 2923 4951 studeas.

2093 4990 2146 5045 4.
2184 4990 2432 5045 Habitum
2464 4989 2678 5043 virtutis
2706 4991 2789 5043 iac
2816 4988 3082 5057 acquiras.

2098 5082 2153 5136 5.
2184 5080 2530 5135 Difﬁcultates
2555 5088 2900 5133 occurrentes
2927 5076 3150 5131 viriliter
3178 5076 3378 5129 vincas.

2097 5176 2151 5228 6.
2184 5174 2240 5227 1η
2272 5174 2439 5226 bonas
2477 5171 2687 5225 litteras
2715 5169 2904 5224 sedulo
2936 5167 3229 5221 incumbas.

2101 5266 2152 5317 7.
2187 5266 2229 5320 A
2264 5265 2427 5318 nimio
2458 5265 2603 5327 vino,
2638 5271 2885 5329 tanquam
2916 5274 2942 5311 ο
2976 5272 3204 5323 veneno,
3232 5256 3521 5309 abstineas.

2097 5357 2150 5409 8.
2181 5356 2526 5412 Vocationem
2583 5371 2645 5409 ac
2692 5351 3074 5422 professionem
3130 5358 3272 5403 tuam
3311 5346 3503 5415 saepius
3539 5347 3588 5399 in

2024 5450 2259 5503 animum
2294 5455 2439 5500 tuum
2468 5460 2708 5500 revoces.

2103 5538 2156 5592 9.
2194 5538 2394 5592 Verum
2425 5551 2659 5590 amorem
2690 5532 2996 5587 monastic:
3022 5529 3316 5597 disciplina:
3346 5527 3589 5591 imbihas,

2029 5640 2331 5700 statumque
2366 5640 2509 5683 tuum
2546 5627 2625 5680 fac
2655 5625 2855 5694 optime
2904 5635 3214 5692 cognoscas.
