4006 6182
346 272 414 325 65
1335 272 1678 327 ΑΙῬΕΝΟΙΧ
1720 272 1808 325 AD
1847 272 1905 327 S.

2048 270 2149 325 ιλιι
2190 267 2497 325 SCRlPTA.
3529 270 3593 323 6i

416 384 501 436 10.
549 382 702 436 Omni
752 382 1053 435 obedientia
1108 382 1348 450 ptrihtts
1405 396 1466 434 ac
1518 382 1784 452 magiSIris
1824 383 1915 436 tibi
1948 390 1991 444 Α

350 475 637 542 propositis
665 482 716 527 te
753 473 1025 536 subjicias.

418 565 504 617 ll.
532 564 951 617 lnohedientium
1000 577 1063 617 ac
1111 562 1530 633 irreligiosorum
1573 563 1917 620 consuetudi-

345 675 375 710 n
415 674 465 711 nt
497 656 723 710 devites.

2095 380 2182 433 19...
2214 381 2446 448 Tempus
2497 382 2630 435 bene
2688 380 2959 445 coi'oces,
2998 398 3055 435 ac
3108 399 3227 437 cum
3280 384 3461 438 lcuore
3516 401 3600 439 re-

2021 474 2169 530 deas.

2606 564 2708 617 Ora
2765 580 2858 630 pro
2908 580 3011 618 me.

2478 653 2540 709 F.
2574 654 2878 709 Bernardus
2905 656 3070 710 abbas
3113 658 3286 711 sancti
3341 657 3498 713 Galli.

840 908 1154 970 TABULA
1202 911 1718 974 msmNtoaUM
1761 880 2235 973 MANSIONUM
2282 897 2770 972 uomeres"
2817 913 2875 970 s.
2919 914 3184 974 GALLI.

422 1060 605 1112 Exstat
650 1058 702 1112 in
734 1058 1057 1113 bibiiotheca
1088 1057 1259 1111 sancti
1287 1054 1420 1110 Galli
1468 1054 1641 1107 tabula
1674 1053 1917 1120 qumdam

347 1144 438 1181 seu
484 1133 562 1197 (ut
615 1129 827 1195 vocant)
886 1143 1073 1195 mappa
1132 1142 1261 1181 sane
1314 1134 1817 1197 perquamretusta
1865 1133 1921 1197 et

349 1193 523 1266 ampla
571 1216 635 1252 ex
689 1193 1008 1267 pergameno
1057 1199 1120 1249 ad
1172 1197 1494 1263 Gozpertnm
1545 1194 1814 1267 abbatem,
1865 1193 1916 1246 in

350 1264 453 1335 qua
505 1264 885 1322 etiam'totum
939 1270 1331 1335 monasterium
1380 1264 1671 1318 secundum
1731 1278 1919 1335 omnes

348 1333 507 1391 etiam
566 1337 949 1408 abjecdssimas
1002 1338 1241 1391 ofticinas
1304 1334 1634 1408 descriptum
1692 1345 1776 1388 est
1825 1333 1920 1403 (ut

352 1410 564 1466 quidem
599 1405 696 1475 ego
725 1408 915 1476 colligo
954 1423 1016 1462 ex
1051 1423 1115 1461 eo
1157 1408 1296 1475 quod
1340 1405 1414 1476 ibi
1457 1405 1692 1472 appellat
1736 1413 1921 1476 auctor

350 1473 671 1531 Gozbertum
705 1473 897 1552 ﬁliuni)
931 1481 998 1531 ab
1028 1473 1323 1552 episcopo
1350 1475 1550 1540 aliquo,
1582 1477 1697 1552 “qui
1724 1544 1735 1552 .
1758 1473 1919 1526 fuerit

352 1553 430 1601 vel
465 1552 775 1611 monachus,
810 1544 889 1601 vel
921 1544 1209 1612 studiusus,
1246 1549 1325 1601 vel
1354 1556 1499 1599 certe
1545 1544 1678 1599 alias
1706 1544 1920 1598 demum

788 1723 1076 1777 Oratorium
1122 1727 1284 1777 sancti
1317 1724 1480 1777 Petri.

426 1819 521 1871 llic
552 1818 743 1872 Petrus
769 1818 1022 1881 Ecclesiae
1054 1827 1232 1882 pastor
1263 1817 1483 1869 sortitur
1515 1816 1795 1871 honorem.

424 1911 655 1964 Disticha
709 1926 779 1962 vn
842 1911 1207 1962 columnarum
1254 1926 1372 1978 qnte
1431 1921 1558 1963 sunt
1608 1912 1661 1963 in
1707 1922 1926 1964 externa

354 2013 503 2069 parte
549 2005 741 2056 summi
796 2002 1010 2067 templi,
1062 2002 1202 2070 quod
1256 2002 1417 2056 habet
1478 2005 1526 2056 in
1574 2005 1788 2074 longum
1840 2020 1931 2070 pe-

353 2094 450 2145 des
476 2107 561 2155 cc,
610 2092 854 2145 inlatum
904 2101 1077 2145 autem
1113 2107 1220 2157 XL,
1271 2094 1443 2163 quoad
1503 2096 1806 2149 interiorem
1848 2094 1929 2147 sui

356 2196 582 2249 partem.

355 2274 603 2327 Bissenos
651 2273 837 2326 metire
889 2272 1055 2341 pedes
1087 2273 1329 2339 interque
1374 2275 1678 2339 columnas,

425 2365 623 2418 Ordine
652 2378 785 2433 quas
827 2362 932 2417 isto
961 2365 1303 2418 constituisse
1331 2364 1505 2418 decet.

970 2471 1357 2543 Baptisterium.

357 2565 493 2619 Ecce
525 2573 868 2620 renascentes
895 2575 1169 2631 susceptat
1199 2566 1446 2618 Christus
1495 2566 1755 2619 alumnos.

567 2656 743 2710 Altare
770 2658 936 2710 sancti
977 2657 1282 2736 Saluatoris.
1342 2658 1422 2709 Ad
1464 2674 1681 2711 crucem.

354 2749 517 2817 Crux,
546 2751 651 2812 via,
684 2750 811 2814 vita,
841 2750 1003 2811 salus,
1054 2750 1340 2818 miserique
1385 2750 1683 2819 redemptio
1726 2751 1925 2805 mundi.

830 2839 1136 2909 Analogium
1178 2839 1463 2909 Evangelii.

360 2931 452 2984 llic
491 2930 814 2999 evangelica:
844 2932 1099 2985 recitatur
1128 2932 1282 2986 lectio
1322 2933 1483 2999 pacis.

356 3022 526 3086 Super
583 3035 811 3092 cryptam
854 3025 1019 3076 sancti
1058 3024 1386 3088 Columbani,
1442 3025 1607 3076 altare
1637 3035 1930 3077 sanctorum

424 3092 609 3216 gallina
664 3102 711 3146 et
762 3092 940 3156 Galli,
985 3095 1037 3146 in
1087 3110 1187 3162 quo
1239 3106 1313 3148 est
1366 3096 1716 3164 sarcophagus
1767 3096 1930 3148 sancti

474 3181 502 3214 a
551 3181 584 3215 t.

474 3181 584 3215 aut.

356 3232 546 3286 Sancta
577 3247 737 3300 super
768 3232 1020 3302 Cryptam
1049 3243 1353 3288 sanctorum
1413 3245 1614 3289 structa
1666 3234 1932 3290 nitebunt.

924 3325 965 3376 Α
992 3333 1132 3394 tergo
1168 3327 1365 3379 altaris.

359 3414 449 3467 llic
479 3412 627 3468 Pauli
661 3414 849 3483 dignos
878 3416 1050 3484 magni
1080 3416 1425 3471 celebramus
1459 3416 1709 3471 honores.

415 3565 428 3576 _
696 3503 858 3558 Extra
905 3509 1171 3576 templum,
1212 3507 1278 3559 ad
1313 3506 1593 3561 Orientem.

359 3598 453 3651 llic
481 3598 574 3650 Sed
604 3597 906 3652 domatibus
938 3602 1167 3667 paradisi
1215 3599 1367 3668 plana
1414 3611 1687 3669 parantur.

908 3692 985 3743 Ad
1047 3692 1387 3745 Occidentem.

368 3782 463 3836 llic
492 3783 721 3851 paradisi
745 3799 893 3839 acum
926 3785 1018 3839 sed
1059 3794 1197 3839 tecto
1240 3786 1462 3839 sternito
1496 3800 1766 3854 campum.

524 3874 589 3928 In
618 3877 792 3930 eodem
821 3894 996 3945 (atltpo
1043 3877 1260 3930 disticha
1293 3891 1363 3929 vn
1394 3878 1763 3949 columnarum.

361 3966 464 4020 llas
494 3967 738 4037 iu'erque
766 3969 931 4039 pedes
981 3968 1149 4022 denos
1178 3968 1458 4023 moderare
1487 3969 1788 4023 columnas.

1047 4058 1252 4112 Murus.

365 4150 462 4204 llic
491 4166 643 4205 muro
675 4159 873 4206 tectum
900 4149 1210 4219 impositum
1245 4158 1419 4218 patet,
1463 4158 1619 4218 atque
1650 4150 1929 4204 columnis.

913 4242 1073 4297 Porta
1115 4246 1168 4297 in
1204 4260 1369 4297 uttu'o.

358 4332 659 4387 Adveniens
706 4335 909 4391 aditum
946 4337 1171 4404 populus
1206 4338 1290 4391 hic
1319 4346 1543 4394 cunctus
1586 4338 1823 4393 habebit.
1886 4340 1887 4343 ’

920 4426 1016 4479 Via
1057 4428 1125 4479 ad
1172 4439 1388 4494 portam.

363 4514 623 4567 Omnibus
672 4514 737 4567 ad
787 4531 996 4569 sacrum
1031 4518 1197 4570 turbis
1232 4530 1373 4583 patet
1402 4520 1513 4574 hmc
1538 4523 1620 4574 via
1653 4522 1927 4590 templum,

429 4610 545 4668 Quo
567 4622 659 4658 sua
692 4617 811 4660 vota
855 4608 1051 4662 lerant.
1089 4610 1238 4664 Unde
1279 4611 1475 4666 hilares
1505 4614 1744 4669 redeant.

662 4699 741 4749 Ad
776 4699 1060 4752 Australem
1089 4702 1183 4754 uia:
1214 4702 1440 4772 plagam,
1476 4705 1622 4756 ovile.

358 4789 453 4843 llic
482 4789 663 4843 caulas
683 4790 859 4845 ovium
891 4805 1043 4848 caute
1072 4794 1297 4860 dispone
1328 4806 1554 4849 tuarum.

870 4882 1044 4937 Cubile
1082 4885 1412 4951 famulorum.

360 4969 457 5024 llic
483 4971 718 5039 requiem
764 4972 1001 5027 inveniat
1043 4974 1388 5032 famulautnm
1422 4980 1573 5034 turba
1602 4982 1854 5037 vicissnn.

835 5064 1108 5119 Stabulum
1156 5084 1448 5136 caprarum.

359 5152 462 5207 Ista
486 5152 674 5208 domus
703 5164 922 5208 cunctas
955 5156 1140 5220 nutrit,
1173 5169 1455 5229 servatque
1483 5164 1735 5229 capellas.

626 5310 627 5313 η
907 5245 1177 5299 Stabulum
1213 5265 1382 5305 suum.

360 5330 459 5385 Iste
482 5346 605 5385 sues
647 5331 794 5387 locus
826 5337 1047 5400 enutrit,
1080 5340 1311 5392 custodit
1341 5341 1548 5396 adultas

799 5426 1071 5481 Stabulum
1115 5442 1479 5486 armentorum.

358 5510 454 5565 llic
476 5527 712 5569 armenta
747 5517 837 5570 tibi
885 5519 966 5573 lac
996 5519 1135 5575 fetus
1163 5532 1322 5593 atque
1355 5525 1684 5580 ministrant.

397 5671 457 5741 ἰ
497 5660 671 5741 _lnnui_t
713 5666 1079 5741 dormitorium
1125 5676 1309 5733 subtus
1346 5680 1548 5735 habens
1595 5680 1928 5737 calefactoria

360 5734 595 5801 ejusdem
620 5735 827 5791 domus.
859 5738 988 5794 Cas.

2024 1055 2298 1108 monachis
2334 1064 2387 1109 et
2421 1058 2742 1108 monasterio
2777 1056 3071 1111 familiaris.
3104 1056 3230 1111 Eam
3264 1057 3493 1110 tabulam
3524 1056 3603 1109 in-

2023 1126 2122 1178 dex
2155 1126 2367 1193 quidam
2398 1127 2738 1179 Centenarius
2772 1129 3011 1180 nominat
3053 1130 3219 1181 sancti
3255 1128 3459 1182 M-trtini
3486 1143 3602 1178 mo-

2026 1197 2269 1267 nasterii,
2300 1210 2499 1267 eaeo,
2554 1205 2610 1249 ut
2657 1197 2907 1263 arbitror,
2938 1200 3079 1264 quod
3132 1200 3323 1267 aliquid
3370 1201 3420 1249 in
3456 1206 3604 1264 tergo

2022 1263 2191 1334 ipsius
2216 1277 2299 1319 est
2344 1264 2411 1319 de
2442 1265 2559 1318 Vita
2592 1267 2761 1320 sancti
2802 1263 3033 1333 Martini,
3087 1269 3179 1321 sed
3220 1263 3283 1321 ἰιι
3341 1282 3404 1320 ex
3439 1263 3606 1319 titulis

2027 1344 2083 1388 et
2114 1337 2216 1388 situ
2267 1337 2606 1389 manifestum
2640 1347 2742 1399 est,
2798 1354 2902 1391 non
2945 1349 3060 1402 est,
3105 1339 3207 1391 nisi
3261 1337 3427 1390 sancti
3471 1334 3605 1388 Galli

2033 1407 2365 1470 tuonasterii,
2400 1416 2558 1475 prout
2588 1406 2687 1459 fuit
2715 1408 2967 1461 Gozberti
2990 1410 3319 1475 temporibus
3342 1418 3609 1460 mutasti:-

2035 1475 2196 1547 rium.
2238 1476 2567 1547 Epigraphen
2594 1475 2932 1545 insigniorum
2965 1479 3298 1533 mansionum
3324 1479 3399 1531 sic
3424 1490 3607 1531 auctor

2032 1546 2317 1600 carminice
2344 1545 2503 1601 dicit.
2536 1545 2670 1601 CAN.

2557 1723 2749 1776 Domus
2793 1724 3080 1791 equaritiw.

2034 1815 2128 1869 Hic
2156 1815 2287 1868 fetas
2310 1814 2553 1869 servabis
2586 1827 2771 1881 equas,
2807 1823 3126 1879 tenerosque
3165 1813 3417 1867 caballos.

2105 1907 2225 1959 llaec
2247 1907 2421 1957 (Nimia
2449 1909 2524 1958 cis
2554 1908 2691 1957 viam
2723 1920 2908 1957 versus
2941 1904 3211 1958 Orientem
3244 1902 3433 1972 magis.

2245 1996 2441 2049 Ibidem
2496 2006 2642 2061 paria
2692 1997 3008 2065 famulorum
3038 1995 3106 2047 ad
3136 1995 3403 2065 templum.

2033 2090 2163 2143 Tuta
2197 2089 2522 2141 tnonaSterio
2552 2086 2899 2141 famulantum
2932 2088 3015 2141 hic
3047 2089 3198 2140 turba
3232 2089 3514 2141 subintrat.

2423 2177 2696 2232 Stabulum
2724 2176 2872 2230 buunt
2902 2187 2949 2230 et
2979 2194 3242 2247 equorum.

2034 2264 2135 2319 Ista
2166 2266 2336 2319 bubus
2369 2266 2749 2318 conseruandis
2779 2265 2968 2318 domus
2998 2277 3155 2334 atque
3183 2267 3426 2320 caballis.

2269 2357 2562 2427 IIoSpitium
2593 2359 2975 2427 peregrinorum
3004 2369 3049 2412 et
3082 2376 3388 2427 pauperum.

2037 2447 2131 2501 llic
2163 2448 2558 2516 peregrinorum
2586 2448 2796 2501 laetatur
2827 2449 2976 2503 turba
3006 2460 3243 2518 recepta.

2750 2536 2906 2593 Alibi.

2036 2627 2132 2680 llic
2162 2627 2356 2681 habeat
2386 2626 2606 2681 fratrum
2639 2643 2851 2696 semper
2881 2644 2972 2681 sua
3006 2637 3125 2683 vota
3155 2630 3417 2684 ntiuis:er.

2478 2738 2720 2794 Porticus
2748 2750 2864 2794 ante
2888 2743 3170 2798 ecclesiam.

2036 2830 2131 2884 Hie
2162 2830 2242 2897 pia
2272 2831 2555 2884 consilium
2588 2841 2875 2901 pertractet
2908 2833 3059 2887 turba
3089 2834 3320 2890 salubre.

2036 2923 2276 2977 Porticus
2307 2925 2329 2949 ³
2358 2935 2484 2978 ante
2511 2925 2731 2978 domum
2762 2935 2867 2980 stet
2896 2926 3010 2979 haec
3037 2926 3254 2982 fornace
3282 2928 3567 2985 calentem.

2038 3014 2159 3068 lltec
2187 3015 2368 3068 domui
2399 3016 2606 3069 adsistit
2635 3018 2841 3070 cunctis
2871 3033 2971 3084 qua
3003 3019 3241 3087 porgitur
3266 3031 3417 3074 esca;

2037 3105 2169 3160 lluic
2200 3106 2425 3170 porticui
2456 3114 2609 3173 potus
2639 3122 2850 3176 quoque
2878 3109 3009 3162 cella
3041 3108 3294 3164 cohazret.

2168 3214 2175 3221 ο
2224 3197 2449 3266 Officium
2479 3199 2730 3251 variorum
2763 3201 3017 3267 artiﬁcum
3050 3203 3117 3254 ad
3145 3204 3427 3256 meridiem.

2036 3288 2157 3342 llaec
2185 3290 2281 3341 sub
2308 3304 2365 3343 se
2395 3299 2571 3343 teneat
2603 3290 2827 3344 fratrum
2860 3294 2949 3361 qui
2984 3296 3209 3363 tegmina
3242 3307 3410 3352 curat.

2585 3400 2784 3455 Ibidem
2814 3406 3073 3458 horreum.

2038 3538 2294 3603 Frugibus
2326 3536 2411 3590 hic
2440 3537 2600 3590 instat
2626 3543 2833 3592 cunctis
2865 3539 3014 3593 labor
3044 3541 3403 3594 excutiendis.

2109 3629 2234 3679 Itcln
2263 3628 2435 3682 adhuc
2467 3629 2533 3680 ad
2563 3626 2835 3683 Orientem
2869 3631 3055 3698 magis.

2142 3718 2489 3772 (Iaemeterium
2518 3720 2763 3788 fratrum,
2795 3719 2943 3788 cujus
2972 3722 3022 3773 in
3052 3721 3336 3775 meditullio
3363 3739 3508 3777 crux.

2041 3809 2180 3861 Inter
2209 3808 2348 3877 ligna
2375 3809 2473 3860 soli
2505 3808 2621 3861 haec
2652 3825 2866 3875 semper
2895 3812 3229 3865 sanctissima
3258 3828 3385 3865 crux
3418 3825 3520 3877 est,

2108 3900 2162 3953 In
2194 3915 2295 3969 qua
2328 3909 2597 3970 perpetuae
2630 3916 2783 3968 poma
2814 3903 2998 3956 salutis
3027 3904 3191 3959 olent.

2040 3996 2185 4049 Ilane
2213 3997 2413 4050 circum
2445 3996 2647 4050 lateant
2673 3996 2920 4052 defuncta
2953 4001 3211 4055 cadavera
3244 4001 3485 4071 fratrum,

2111 4086 2223 4152 Qua
2256 4086 2715 4158 radiantejterum
2746 4104 2903 4156 regna
2934 4089 3046 4144 Poli
3076 4092 3360 4161 accipiant.
3408 4122 3415 4137 ι

2491 4175 2660 4231 Paulo
2687 4181 2931 4244 exterius,
2962 4180 3160 4236 hortus.

2128 4308 2229 4362 llic
2256 4308 2487 4379 plantata
2518 4312 2711 4364 olerum
2743 4313 2953 4381 pulchre
2983 4317 3243 4368 nascentia
3272 4328 3500 4375 t'ernanl.

1960 4439 2009 4499 D
2038 4444 2301 4497 I’nllorum
2334 4442 2419 4497 hic
2446 4459 2593 4509 cura,
2628 4455 2682 4498 et
2712 4460 2902 4514 perpes
2934 4449 3150 4504 nutritio
3179 4463 3409 4507 constat.

2610 4538 2857 4592 Anserum
2886 4540 3049 4596 locus.

2036 4628 2329 4681 Anseribus
2358 4627 2505 4682 locus
2533 4626 2618 4681 hic
2652 4631 2850 4696 pariter
2880 4645 3056 4688 manet
3084 4646 3236 4703 aptus
3265 4638 3485 4693 alendis.

2249 4721 2327 4769 Ad
2355 4720 2598 4771 orientem
2625 4722 2820 4791 templi.
2855 4721 3046 4779 Damus
3078 4729 3401 4785 uouitiorum.

2037 4807 2147 4860 Hoc
2178 4807 2409 4861 claustro
2439 4808 2601 4861 oblati
2635 4812 2968 4878 pulsantibus
2999 4819 3350 4873 associantur.

2248 4896 2445 4951 Ibidem
2474 4916 2645 4954 versus
2674 4904 2955 4969 meridiem,
2988 4908 3327 4975 inﬁrmarium
3360 4910 3407 4964 δ.

2034 4990 2306 5044 Fratribus
2338 4992 2559 5045 inﬁrmis
2587 4996 2783 5061 pariter
2810 4995 2956 5051 locus
2989 5000 3083 5052 iste
3116 5016 3350 5066 paratur.

2036 5080 2125 5132 Est
2157 5084 2306 5133 etiam
2338 5082 2480 5163 aliud
2510 5084 2849 5163 inﬁrmarium
2879 5105 2971 5158 pro
3002 5093 3155 5163 ualde
3181 5097 3387 5162 aagrotic
3407 5138 3422 5162 ,
3456 5096 3611 5163 alibi,

2355 5154 2423 5204 ad
2449 5152 2629 5206 (cavam
2660 5159 2833 5225 templi
2861 5152 2947 5211 seu
2976 5152 3294 5228 Aquilonem.

2033 5241 2237 5309 Saepius
2269 5245 2319 5296 in
2350 5260 2537 5314 gyrum
2566 5246 2738 5301 ductis
2767 5250 2845 5304 sic
2875 5252 3099 5319 cingitur
3126 5254 3264 5309 aula.

2036 5356 2114 5406 lbi
2155 5366 2226 5408 est
2264 5356 2585 5413 bibliotheca.
2638 5358 2840 5482 Mhansio
2874 5362 3090 5432 abbatis,
3124 5376 3253 5432 etc.,
3299 5368 3467 5423 Ct‘hola
3499 5388 3610 5424 cunt

2716 5442 2825 5482 orto
2854 5448 2966 5482 suo.

2716 5442 2825 5484 ονιο
2854 5448 2966 5485 διιο.

2037 5540 2157 5593 llu'c
2185 5557 2392 5612 quoque
2420 5555 2568 5613 septa
2602 5558 2853 5615 premunt
2878 5547 3134 5605 discentis
3162 5562 3276 5606 vota
3300 5553 3558 5623 juventae.

2105 5692 2130 5731 δ
2172 5696 2302 5751 Aliis
2334 5699 2792 5770 valetudinarium;
2824 5702 3056 5760 Scrit'cr.
3087 5716 3191 5761 llet.
3229 5724 3328 5764 ms.
3361 5708 3412 5763 in
3441 5711 3567 5765 Cn.
