4018 6184
338 332 403 387 65
793 327 1289 383 EPIGRAMHATA
1322 329 1446 383 SEU
1496 327 1705 382 Il‘i’MNl
1748 327 1944 382 SACRI
1991 328 2216 398 ANTIO.
2262 329 2539 386 PATRUM
2582 328 2748 384 MON.
2790 327 2847 384 S.
2891 328 3118 383 GALLI.
3539 332 3605 386 fdi

342 449 548 512 Ibidem,
579 448 668 500 sed
709 447 869 515 magis
898 445 965 497 att
995 445 1256 512 templum.
1300 456 1371 497 est
1402 446 1649 513 sttst'eptio
1689 447 1907 509 fratrum
1938 444 1985 501 Α
2018 445 2078 499 Ut
2111 448 2303 502 vitiosa
2334 461 2483 501 seces
2510 445 2765 511 deposco,
2797 446 3054 513 placentia
3088 445 3289 500 firmes.

402 518 854 581 superrenieutium
881 532 899 569 :
926 517 1085 587 magis
1111 517 1176 566 ad
1203 517 1507 567 occidentem
1536 525 1608 567 est
1634 515 1909 584 hospitium

401 590 558 642 aliud.

345 682 461 734 llaec
484 681 678 733 domus
700 677 995 746 llOSpilibttS
1026 685 1171 745 parta
1197 687 1279 730 est
1301 693 1512 746 quoque
1542 677 1911 745 suscipiendis.

337 793 523 846 Ibidem
564 794 633 844 ad
673 792 841 861 ipsum
881 792 1124 857 templum
1164 800 1234 841 est
1274 791 1530 861 ingressus
1564 783 1824 855 'Itospitum‘
1869 800 1914 841 et

967 862 1267 931 juventutis.

332 970 483 1024 Exiet
512 972 598 1025 hic
630 970 850 1038 hospes,
886 971 964 1022 vel
998 970 1181 1037 templi
1215 978 1346 1022 tecta
1380 970 1597 1032 subibit,

400 1063 666 1116 Discentis
696 1063 899 1116 scholre
931 1061 1149 1129 pulchra
1175 1059 1395 1128 juventa
1428 1060 1608 1113 simul.

1046 1152 1164 1161 -_———

399 1177 673 1232 Grimalrlo
704 1176 919 1238 abbati,
968 1176 1134 1241 inquit
1163 1173 1395 1227 Jodocus
1443 1173 1756 1231 Melzlerus,
1803 1171 1915 1238 pri-

329 1286 468 1322 mum
492 1279 765 1321 exstructa
789 1268 995 1318 abbatia
1021 1277 1121 1328 est,
1142 1280 1259 1332 qum
1282 1265 1387 1327 jatn
1408 1264 1597 1315 dicitur
1616 1264 1694 1315 die
1721 1260 1912 1329 Pfattz.

330 1364 457 1413 liam
500 1361 689 1414 scribit
736 1358 1108 1412 Eckerhardns
1144 1367 1196 1409 et
1229 1356 1317 1408 alii
1351 1354 1761 1423 elegantissimis
1793 1363 1915 1408 tunc

329 1453 493 1504 fuisse
523 1451 749 1515 picturis
782 1459 1027 1503 ornatam
1055 1489 1070 1509 ,
1104 1460 1235 1511 quas
1263 1446 1479 1513 quidem
1509 1446 1739 1513 picturas
1773 1444 1910 1498 fece-

328 1552 449 1594 runt
476 1542 663 1595 divitis
696 1540 880 1608 Augim
913 1540 1158 1592 monachi
1194 1538 1387 1591 fratres
1418 1536 1617 1597 nostri,
1659 1545 1715 1591 et
1746 1552 1773 1588 a
1814 1552 1911 1590 no-

324 1636 449 1685 stris
474 1632 532 1687 S.
557 1633 697 1686 Galli
722 1632 969 1685 Patribus
993 1630 1044 1682 bi
1066 1629 1154 1698 qui
1179 1639 1476 1697 sequuntur
1498 1644 1683 1683 versus
1706 1629 1909 1693 dictati,

324 1735 375 1777 et
406 1723 548 1776 infra
574 1726 810 1791 picturas
841 1724 960 1775 illas
990 1722 1172 1789 scripti
1203 1720 1347 1774 sunt.
1373 1721 1471 1786 Qui
1503 1721 1627 1774 dum
1655 1722 1759 1789 jam
1788 1735 1906 1773 cum

324 1818 435 1881 ipsa
469 1819 680 1883 pictura
714 1817 1008 1879 inciperent
1035 1815 1105 1865 oh
1133 1815 1501 1881 antiquitatem
1529 1828 1677 1865 suam
1710 1814 1908 1867 aboleri
1947 1805 1989 1863 Β
2016 1783 2245 1883 9"_'_p_'_'l‘

322 1922 349 1956 a
384 1906 631 1958 Patriliu‘s
661 1906 864 1959 nostris
896 1904 1129 1958 Notkero
1154 1904 1393 1973 physico,
1421 1913 1475 1958 et
1496 1903 1613 1955 aliis
1637 1904 1908 1967 descripti,

320 2000 540 2065 suisque
569 1996 806 2065 ipsorum
840 1997 991 2050 libris
1021 1996 1379 2050 commendati
1406 2008 1527 2050 sunt
1561 1995 1714 2064 (llwc
1746 1996 1908 2049 Μια-

322 2090 497 2155 teras).

959 2158 1024 2209 In
1064 2159 1277 2225 pariete.

322 2269 611 2336 Splendida
646 2270 961 2323 marmoreis
986 2281 1172 2326 ornata
1204 2280 1284 2322 est
1312 2269 1428 2323 aula
1459 2271 1726 2323 columnis
1757 2289 1766 2323 :

322 2362 400 2411 lin
431 2360 792 2413 Gritnwaldus
820 2375 985 2413 ovans
1014 2361 1120 2412 alto
1148 2359 1453 2413 hindaiuine
1488 2372 1632 2413 strux
1663 2371 1700 2424 t,

318 2453 571 2516 tlrnavit,
602 2453 799 2515 coluit,
832 2453 1079 2507 Ludovici
1116 2454 1367 2520 principis
1398 2453 1521 2504 ahni

319 2546 693 2613 Temporibus,
728 2546 908 2599 multis
938 2547 1084 2599 laetus
1116 2544 1341 2598 feliciter
1368 2550 1545 2598 annis.

898 2658 922 2710 1
929 2676 959 2710 tt
991 2661 1091 2711 alio
1124 2659 1335 2723 pariete.

323 2753 458 2804 Aula
494 2750 738 2818 palatinis
768 2750 999 2815 perlecta
1034 2759 1113 2802 cst
1145 2752 1241 2801 ista
1276 2751 1565 2817 magistris,

328 2840 502 2891 Insula
535 2842 764 2906 pictores
796 2841 1096 2892 tratnisent
1123 2839 1287 2907 Augia
1321 2842 1517 2892 claros.

319 2951 591 3017 Templum
620 2954 787 3009 sancti
816 2949 1047 3002 (lt/tutari
1079 2950 1219 3018 pingi
1260 2951 1376 3016 fecit
1417 2949 1696 3000 Harmotas
1735 2951 1911 3012 abbas,

392 3036 540 3078 ηιιμιρ
567 3025 615 3072 in
649 3024 837 3085 pariete
868 3038 968 3072 uno
1006 3021 1306 3088 pingvbatur
1334 3020 1602 3086 Sapientia
1625 3062 1639 3083 ,
1673 3038 1783 3073 runt
1819 3024 1913 3073 hoc

396 3091 614 3143 Patrum
644 3090 827 3159 elogio.

323 3207 365 3257 υ
395 3220 653 3273 generosa
688 3220 903 3272 parcns,
935 3205 1139 3258 cunctis
1171 3205 1466 3273 gratissima
1500 3205 1692 3259 dnctis.

322 3297 365 3343 tl
397 3302 559 3348 decus
589 3294 821 3359 imperii,
857 3296 1049 3349 ret-trix
1084 3294 1391 3363 dignissima
1427 3297 1630 3359 unutdi,

324 3388 552 3453 Soleque
581 3386 930 3451 splendidior,
968 3386 1107 3440 fulvo
1143 3389 1429 3455 pretiosior
1458 3404 1610 3449 auro,

325 3477 492 3541 Quam
527 3476 779 3541 prmclara
812 3477 949 3528 nites
981 3487 1112 3541 t0to,
1146 3476 1441 3544 Sapientia,
1476 3494 1598 3529 tuon
1625 3486 1695 3528 to.

330 3570 518 3633 Aspice
548 3581 703 3634 quam
740 3567 963 3633 pulchro
991 3566 1241 3621 dec0rata
1274 3577 1356 3620 est
1383 3569 1571 3620 ordine
1605 3578 1772 3620 mater

328 3655 604 3721 Natarum,
638 3656 780 3708 tlare
810 3654 957 3708 dives
987 3656 1256 3723 Sapientia
1289 3656 1509 3725 fulgens.

630 3744 697 3796 In
729 3746 922 3812 pariete
949 3748 1108 3799 altera
1134 3756 1322 3812 septem
1349 3746 1620 3815 sapientes.

328 3835 575 3889 Continet
608 3836 695 3890 hic
728 3837 906 3903 paries
938 3847 1172 3892 veterum
1211 3847 1552 3891 monumenta
1586 3837 1873 3905 sophorum
1898 3884 1911 3905 ,

330 3928 480 3978 Claro
512 3928 600 3993 qui
636 3936 801 3979 totum
833 3925 1128 3981 docuerunt
1160 3928 1367 3980 tramite
1401 3928 1678 3980 mundum.

435 4014 499 4066 In
529 4015 633 4066 alia
664 4029 807 4084 parte
835 4017 979 4067 turba
1011 4016 1272 4068 beatorum
1307 4015 1412 4069 Deo
1441 4018 1807 4073 assistentium.

331 4107 551 4175 Agmina
582 4117 889 4160 sanctorum
921 4109 1183 4160 laudantia
1218 4123 1345 4161 voce
1378 4124 1563 4161 sert‘na

333 4204 465 4254 Ante
495 4203 744 4253 thronum
778 4200 985 4252 Domini
1018 4202 1215 4253 sistunt
1246 4216 1340 4265 per
1370 4203 1562 4253 saecula
1597 4214 1808 4255 cuncta.

766 4288 831 4341 In
866 4290 1058 4357 pariete
1086 4306 1237 4357 super
1268 4291 1472 4342 ostium.

333 4379 425 4431 llic
453 4380 590 4431 Deus
620 4389 698 4432 est
730 4394 962 4447 prmsens
995 4395 1126 4446 puro
1158 4381 1497 4447 poscentibus
1529 4395 1645 4440 ore.

335 4467 469 4520 Dans
500 4470 709 4522 miseris
740 4471 970 4533 veniam,
1000 4470 1239 4523 contritis
1267 4470 1425 4523 corde
1454 4471 1743 4525 medelam.

337 4580 505 4633 Strabi
534 4580 675 4632 Galli
704 4582 935 4632 monachi
972 4578 1149 4643 Fuld.,
1183 4580 1428 4644 discipuli
1465 4581 1681 4643 Rabani,
1706 4581 1910 4634 dedica-

519 4652 650 4702 toria
680 4651 869 4702 hortuli
896 4655 994 4713 sui,
1026 4654 1091 4701 ad
1123 4651 1447 4703 Grimatdttm
1479 4652 1732 4704 abbatem.

338 4761 455 4815 llzrc
486 4761 576 4813 tibi
605 4761 806 4814 servitii
838 4759 1149 4812 munuscula
1183 4759 1305 4812 vilia
1342 4761 1492 4828 parvi

334 4851 521 4905 Strabo
550 4861 694 4915 tuus,
726 4849 995 4904 Grimalde
1026 4850 1180 4904 Pater
1210 4850 1544 4915 dot-tissime,
1577 4866 1787 4917 servus,

339 4944 554 4998 Pectore
583 4943 799 5003 devoto,
832 4943 1029 4994 nullius
1062 4941 1311 5010 ponderis
1339 4942 1518 4996 oliert.

340 5035 401 5089 Ut
425 5051 545 5089 cum
576 5047 831 5101 conseptu
864 5034 1051 5087 viridis
1080 5035 1391 5087 consederis
1421 5037 1579 5100 horti,

338 5128 529 5181 Subter
556 5138 806 5194 opacatas
837 5126 1103 5179 frondenti
1132 5126 1376 5193 germine
1409 5127 1598 5188 malos,

338 5219 574 5272 Persicus
600 5219 890 5285 imparibus
919 5219 1096 5271 crines
1129 5217 1216 5271 ubi
1249 5218 1436 5271 dividit
1464 5220 1687 5282 umbris,

338 5308 466 5362 Dum
496 5310 588 5363 tibi
618 5324 750 5361 cana
782 5311 953 5376 legunt
990 5317 1170 5362 tenera
1203 5308 1450 5377 lanugine
1482 5310 1619 5361 mala

339 5399 601 5454 Lndentcs
629 5400 798 5467 pueri,
834 5400 1019 5453 schola
1050 5399 1348 5452 lartabunda
1384 5410 1617 5459 tuorum.

338 5495 504 5557 Atqtte
536 5492 670 5543 volis
699 5490 931 5557 iugentia
964 5490 1101 5543 mala
1129 5491 1414 5554 capacibus
1443 5492 1649 5549 indunt.

338 5581 563 5635 Grandia
595 5594 852 5635 conantes
884 5582 1155 5635 includere
1183 5596 1404 5647 corpora
1440 5580 1650 5649 palmis,

339 5671 449 5737 Qun
479 5689 732 5727 moueare
764 5673 959 5726 habeas
990 5674 1179 5739 nostri,
1215 5673 1371 5726 Pater
1399 5674 1559 5736 alme,
1594 5673 1812 5731 laboris,

343 5763 465 5815 llum
498 5767 721 5834 rvit-gis,
756 5779 876 5829 qua!
903 5766 1039 5819 dedo
1072 5766 1255 5818 volens
1276 5804 1291 5829 ,
1327 5765 1568 5833 interque
1590 5762 1877 5833 it‘gt'lttlttttt
1901 5804 1913 5826 ,

2022 537 2096 590 Te
2127 540 2263 592 licus
2293 547 2488 592 aeterna
2521 538 2676 591 faciat
2707 539 2902 592 virtute
2929 539 3188 593 virentem

2023 627 2482 682 lmmarcescibilis
2510 628 2740 697 palmam
2768 624 3246 698 Contingere‘vitm,

2021 719 2132 772 Hoc
2163 717 2340 783 Pater,
2376 720 2476 774 hoc
2505 719 2686 783 Natus,
2723 720 2822 773 hoc
2850 720 3081 787 Spiritus
3108 732 3305 775 annuat
3335 723 3524 777 almus.

2022 852 2255 907 Ymmoni
2284 855 2455 922 fratri,
2507 864 2677 927 postea
2735 854 2935 919 abbati,
2984 854 3379 920 Eckerlmrdns;
3406 859 3468 909 de
3498 863 3606 927 tege

2545 925 2797 978 dictanten
2831 928 3075 978 ornandi.

2021 1056 2293 1109 Dictamen
2328 1058 2504 1111 verbis
2533 1072 2785 1112 assuesce
2815 1058 2980 1125 polire
3009 1060 3275 1120 superbis,

2019 1147 2146 1212 Quae
2173 1148 2270 1199 sibi
2302 1156 2547 1215 cognata,
2582 1163 2708 1215 pare
2740 1146 2985 1215 lonteque
3016 1147 3122 1201 sint
3151 1160 3401 1218 generata

2019 1238 2120 1292 Pro
2151 1238 2285 1291 binis
2314 1239 2574 1306 geminos,
2610 1255 2704 1307 pro
2736 1240 2967 1308 pulchris
3001 1256 3136 1304 pone
3165 1256 3405 1303 serenos,

2021 1328 2119 1380 Pro
2150 1329 2383 1396 pulchris
2416 1330 2584 1395 laetos,
2623 1345 2716 1397 pro
2746 1331 2877 1384 lartis
2905 1331 3066 1385 corde
3094 1334 3326 1401 quietos.

2020 1419 2120 1471 Pro
2145 1418 2311 1485 justo,
2343 1435 2647 1489 gemmam;
2681 1436 2776 1486 pro
2807 1422 3006 1485 nobile,
3037 1424 3107 1474 sit
3138 1422 3229 1475 tibi
3261 1432 3510 1489 stemma,

2020 1510 2090 1562 Da
2124 1512 2214 1561 viti
2244 1525 2506 1577 genuinas,
2542 1512 2723 1565 botros
2754 1511 2846 1565 tibi
2877 1511 3041 1567 dicito
3071 1529 3349 1569 mammas.

2018 1602 2242 1657 Fructus
2272 1603 2335 1655 da
2369 1603 2531 1670 segeti
2570 1622 2580 1655 :
2617 1611 2823 1671 portum
2855 1602 3105 1659 simulato
3135 1606 3335 1675 quieti,

2017 1692 2257 1762 Remigio
2286 1695 2487 1747 alarum
2522 1693 2754 1761 volucris
2785 1703 2931 1749 secat
2959 1712 3081 1749 aera
3113 1711 3352 1751 suarum.

2256 1785 2364 1835 her
2394 1785 2539 1837 visus
2573 1784 2739 1847 locns,
2772 1785 2925 1839 efﬁce
2956 1787 3024 1839 sit
3056 1788 3357 1854 paradisus.

2021 1876 2229 1928 Deliciis
2264 1876 2453 1943 plenus
2484 1877 2629 1929 locus
2659 1877 2953 1943 appelletur
2987 1893 3253 1932 alumnus.

2016 1968 2105 2020 Sic,
2135 1969 2295 2019 etiam
2331 1978 2498 2033 prata,
2530 1968 2698 2028 silva),
2736 1971 2987 2034 pomeria,
3024 1979 3208 2034 strata,

2018 2060 2211 2113 Hortus
2240 2075 2285 2114 et
2324 2062 2408 2113 hic
2442 2063 2554 2112 rivo
2582 2062 2816 2130 propior,
2853 2062 2979 2116 fonti
3012 2076 3220 2131 quoque
3251 2064 3391 2117 vivo.

2021 2150 2300 2218 Verbaque
2328 2161 2553 2220 Cognata
2585 2154 2813 2206 sociahis
2842 2162 2895 2207 et
2922 2165 3045 2206 ante
3079 2153 3270 2219 locata,

2017 2244 2379 2296 'l'heutonicos
2412 2259 2588 2297 mores
2616 2258 2829 2301 caveas.
2862 2260 3001 2297 nova
3034 2245 3280 2313 nullaque
3310 2260 3495 2315 ponas.

2020 2334 2205 2387 Donati
2239 2349 2397 2402 puras
2428 2350 2639 2404 semper
2668 2350 2968 2389 memorare
3001 2337 3215 2406 figuras,

2018 2426 2145 2479 Rem
2177 2426 2447 2494 pulchram
2482 2441 2586 2479 non
2619 2442 2829 2496 semper
2857 2428 2941 2480 dic
2973 2430 3293 2493 speciosam.

2017 2517 2097 2571 Sit
2128 2519 2240 2571 sale
2271 2517 2566 2582 conditum,
2601 2519 2855 2587 quidquid
2890 2520 3116 2574 dicendo
3146 2523 3405 2588 ςυνίῑιιιη.

2021 2609 2231 2661 florida
2268 2612 2594 2674 vcrnahunt;
2628 2608 2758 2662 fabri
2788 2618 2842 2664 et
2873 2620 2987 2663 arte
3018 2611 3181 2677 polita
3214 2614 3500 2664 rnicahnut.

2021 2702 2245 2755 l‘nlchra
2278 2701 2490 2769 quidem
2526 2701 2718 2754 mulier
2751 2701 2984 2755 formosa
3019 2703 3106 2765 sit,
3144 2713 3190 2755 et
3223 2705 3482 2769 speciosa.

2018 2796 2218 2848 Aurum
2247 2796 2313 2845 sit
2347 2808 2553 2860 purum,
2586 2792 2655 2845 sit
2685 2792 2962 2854 mundum,
2998 2792 3068 2844 sit
3101 2794 3468 2846 rubicundum.

2019 2885 2111 2937 llis
2134 2899 2341 2951 quoque
2364 2883 2628 2938 Germana
2656 2891 2832 2935 tamen
2859 2883 2993 2934 haud
3022 2893 3270 2951 poterunt
3302 2888 3413 2937 fore
3440 2900 3596 2947 Vana,

2017 2981 2283 3046 Quaareuti
2320 2979 2475 3032 verba
2511 2965 2696 3030 florum
2730 2979 3012 3045 splmdore
3044 2978 3295 3044 superba,

2019 3072 2074 3125 Si
2109 3077 2322 3122 teneant
2354 3083 2561 3136 puram,
2594 3082 2697 3121 ηοω
2729 3067 3154 3135 (ἰνςθιιρνθιιιςμιθ
3188 3070 3430 3135 figurant.

1934 3162 1978 3222 C
2015 3162 2097 3216 Sit
2126 3162 2277 3215 cibus
2304 3170 2357 3215 et
2389 3170 2543 3229 potus
2573 3170 2753 3212 noster
2783 3160 3040 3212 saturatio
3072 3168 3233 3223 tutus,

2020 3253 2257 3321 Simpch
2289 3263 2365 3305 est
2398 3266 2635 3319 prorsus,
2663 3250 2756 3304 sed
2787 3251 2951 3302 currit
2980 3250 3261 3303 commode
3293 3242 3503 3303 versus.

2020 3346 2098 3397 Sit
2131 3344 2298 3395 fomes
2328 3344 2443 3394 vitzc
2472 3341 2623 3394 cibus
2654 3340 2759 3403 hic,
2797 3351 3085 3407 nectarque
3115 3341 3327 3408 cupito,

2020 3435 2121 3486 Iste
2154 3434 2404 3499 figuratus
2434 3431 2711 3485 facundior
2741 3441 2791 3485 et
2826 3447 2973 3497 mage
3007 3439 3210 3496 gratus.

2020 3526 2341 3592 Simplicitas
2373 3538 2525 3592 pura,
2553 3524 2864 3592 generosior
2891 3538 3019 3593 ergo
3048 3526 3233 3593 tigura.

2018 3613 2213 3667 Ncutra
2245 3613 2541 3681 spcrneuda
2573 3611 2906 3679 prOpriisque
2936 3612 3064 3664 locis
3094 3613 3389 3667 retinenda.

2023 3708 2146 3757 Arte
2173 3705 2310 3772 loqui
2341 3705 2570 3755 imbutos
2598 3702 2807 3755 imitare
2834 3716 3025 3769 sapore
3057 3703 3287 3756 locutos.

2018 3797 2122 3850 Ore
2149 3796 2464 3849 disertorum
2498 3809 2623 3861 rape
2650 3801 2704 3845 tu
2737 3794 3090 3863 quodcunque
3117 3793 3391 3848 decorum.

2465 3945 2592 4000 Item
2622 3948 2757 4000 alia:
2779 3949 2943 4002 eidem
2971 3950 3166 4015 aliqua.

2018 4083 2123 4134 Cur
2153 4084 2417 4151 geminum
2451 4083 2625 4135 fratris
2650 4124 2664 4148 ,
2699 4081 2909 4141 Valeas,
2943 4079 3042 4131 ﬂos
3076 4079 3349 4146 Splctnliole
3382 4089 3589 4141 tualrts,

2020 4171 2214 4225 Tecum
2247 4188 2298 4225 tn
2332 4173 2531 4224 lloretis
2562 4171 2718 4223 liceat
2753 4170 2877 4221 mihi
2913 4169 3100 4221 ludere
3130 4169 3284 4229 la-tis,

2019 4264 2145 4328 Ome
2173 4278 2330 4315 cruce
2358 4263 2590 4315 reclusus
2619 4276 2846 4313 vernans
2882 4260 3051 4313 fundit
3085 4264 3263 4328 paradi
3302 4277 3382 4325 us,

2022 4354 2203 4406 Sidera
2237 4367 2329 4420 per
2359 4353 2605 4404 meritum
2635 4366 2747 4413 cor,
2781 4351 3064 4420 Elysioque
3096 4352 3333 4417 petitum.

2026 4444 2098 4499 Te
2128 4458 2247 4511 spes
2278 4453 2436 4511 atque
2468 4442 2599 4495 fides
2632 4442 2885 4503 solident,
2913 4459 3030 4510 quae
3058 4443 3230 4512 major
3255 4454 3306 4497 et
3337 4444 3416 4497 his
3445 4455 3546 4501 est.

1935 4509 1979 4570 C
2018 4536 2071 4587 Si
2103 4509 2193 4586 lilii
2225 4548 2316 4600 per
2346 4509 2540 4587 trinum
2570 4533 2641 4587 sit
2669 4548 2788 4601 pax,
2819 4535 2887 4586 sit
2921 4509 3021 4586 vita
3055 4509 3156 4603 perv
3177 4551 3363 4600 unum,

2018 4630 2146 4679 Cum
2177 4641 2281 4694 quo
2310 4625 2534 4689 ridebis,
2566 4626 2746 4693 specie
2777 4627 2870 4679 sed
2903 4629 3118 4693 quando
3151 4627 3354 4681 videbis

2020 4719 2191 4786 Ipsum
2226 4717 2478 4785 perfecte,
2509 4717 2660 4770 trahe
2692 4731 2776 4770 me
2809 4729 3021 4783 tecum,
3044 4732 3201 4785 prece
3234 4730 3426 4783 marte,

2018 4817 2184 4880 Quem
2213 4814 2368 4868 nimis
2395 4823 2660 4881 Optamus,
2694 4814 2824 4866 facie
2855 4814 3015 4867 simul
3049 4826 3104 4867 ut
3136 4814 3424 4869 videamus.

2332 4964 2393 5018 In
2422 4965 2593 5018 nolam
2617 4967 2829 5033 capitali
2862 4984 3033 5019 versus
3062 4968 3280 5035 antiqui.

2023 5078 2320 5143 Praeceptor
2348 5079 2535 5130 fratres
2567 5079 2665 5130 huc
2695 5080 2846 5147 signo
2874 5090 3132 5131 convocat
3159 5093 3364 5141 omnes,

2094 5170 2348 5239 Exemplo
2382 5170 2588 5224 Domini
2617 5185 2737 5224 cum
2768 5173 2906 5224 lavat
2938 5173 3073 5223 unda
3106 5175 3283 5238 pedes.

2021 5260 2126 5314 Nec
2156 5277 2258 5313 non
2287 5262 2566 5314 consilium
2595 5271 2807 5315 constat
2831 5264 2877 5315 si
2906 5262 3043 5314 forte
3069 5264 3382 5327 gerendum,

2096 5352 2205 5404 lloc
2234 5353 2419 5404 moniti
2452 5353 2603 5419 signo
2628 5354 2949 5407 c0uveninnt
2978 5353 3172 5419 subito.

2023 5442 2286 5495 Laudibus
2314 5451 2368 5496 et
2397 5444 2567 5497 noctis
2596 5442 2854 5495 interdum
2886 5443 2985 5494 rite
3015 5442 3262 5509 peractis,

2091 5535 2377 5601 captamus
2403 5550 2671 5597 smuuum,
2700 5534 2744 5585 si
2773 5532 2976 5586 dederit
3001 5533 3253 5587 s0uitum.

2021 5628 2115 5681 Coc
2157 5627 2261 5680 erit
2290 5635 2343 5679 ul
2370 5628 2531 5679 radiis
2562 5624 2787 5677 l’licebus
2814 5638 3168 5693 conspergere
3198 5628 3387 5687 lucem,

2096 5719 2201 5770 lloc
2231 5726 2511 5770 resonante
2539 5730 2699 5784 sopor
2724 5715 2870 5767 ocius
2899 5730 3072 5768 OllllIlS
3100 5716 3225 5768 abit.
