4006 6182
1448 107 1481 122 δ

378 305 439 358 ot
1418 311 1758 367 APPENDIX
1797 316 1887 369 At)
1925 317 1982 371 s.
2028 316 2229 372 caua
2258 316 2571 373 SCRIPTA.
2782 288 2787 291 Α
3559 314 3626 369 cs

378 423 438 475 In
458 422 641 499 _(._'od_ice
679 422 807 479 Vita:
829 436 1144 499 sanctorum
1182 426 1339 499 Galli,
1367 427 1488 482 0th.
1516 440 1563 482 et
1594 430 1759 493 Wib.,
1788 448 1936 499 quem
1973 438 2018 494 Α

446 492 790 567 llerimannus
818 497 896 565 (ut
926 497 1153 564 autumo)
1198 498 1375 559 abbas,
1406 502 1482 567 vel
1511 518 1598 567 per
1627 516 1701 566 se,
1740 492 1816 556 vel
1852 520 1938 566 per

441 562 618 628 alium,
647 568 805 619 multo
827 562 949 618 cum
975 582 1098 619 auro
1135 562 1356 635 paravit,
1385 562 1636 623 habentur
1664 562 1717 623 lii
1747 562 1938 625 versus.

374 679 618 741 Servum,
653 676 822 741 Galle,
860 687 1005 733 tuum
1040 680 1157 734 libri
1186 681 1351 738 decus
1384 683 1483 738 hoc
1515 685 1890 742 Herimannum

373 766 543 819 Divite
573 782 692 820 cum
724 774 847 819 voto
881 767 971 821 tibi
1006 768 1291 835 perfecisse
1320 783 1606 827 memento.

478 855 541 909 In
572 858 709 909 calce
737 856 960 921 Codicis,
990 860 1078 912 sed
1105 860 1211 913 alia
1237 878 1391 914 manu
1417 873 1532 916 sunt
1560 874 1836 934 sequentes.

372 946 543 1008 Galle,
576 957 692 999 tuos
724 944 951 1001 famulos
982 964 1168 1018 magna
1200 950 1398 1020 pietate
1428 968 1662 1008 reserva.

370 1038 560 1105 Turpia
593 1039 747 1091 verba
778 1038 920 1108 loqui
950 1040 1289 1107 dominabus,
1324 1045 1497 1113 turpia
1528 1045 1694 1110 clero,

445 1128 500 1182 ltt
530 1128 666 1184 laico
695 1132 901 1200 signum
934 1134 1245 1200 perditionis
1277 1139 1402 1191 erit.

369 1220 463 1274 Dat
498 1221 732 1283 probitas
759 1224 1016 1291 speciem,
1042 1227 1135 1278 sed
1169 1241 1274 1278 non
1307 1227 1512 1292 Species
1540 1230 1879 1295 probitatem,

437 1314 535 1377 Qui
564 1314 834 1382 probitate
863 1326 1029 1379 caret,
1065 1318 1136 1370 ttil
1168 1319 1267 1371 sibi
1300 1318 1465 1373 forma
1500 1322 1657 1374 valet.

367 1409 553 1460 Omnia
587 1418 787 1462 naturae
818 1421 1138 1481 praepostera
1171 1413 1373 1481 legibus
1404 1416 1582 1477 ibunt,

370 1497 613 1552 Floribus
642 1506 697 1551 et
728 1499 916 1568 linguis
945 1502 1084 1569 quod
1117 1510 1221 1555 tam
1253 1504 1490 1559 mirabile
1519 1507 1748 1575 signum.

367 1609 430 1663 In
460 1610 623 1665 Theca
661 1629 717 1665 ro
762 1612 1000 1667 Ecclesia:
1025 1628 1142 1669 sunt
1173 1618 1275 1671 duo
1304 1636 1497 1673 cornua
1529 1638 1590 1674 ex
1613 1623 1761 1675 ebore
1790 1622 1933 1677 mira:

437 1684 815 1757 magnitudinis,
854 1684 977 1737 olim
1004 1696 1235 1757 argento,
1278 1692 1507 1757 gemmis,
1540 1704 1588 1745 et
1625 1709 1756 1746 auro
1781 1693 1934 1747 deco-

432 1761 561 1804 rata.
592 1751 670 1807 Ea:
704 1755 882 1821 quibus
911 1757 999 1809 uni
1028 1751 1080 1811 hi
1108 1751 1346 1812 versiculi
1370 1751 1680 1817 sunt'ineisi.

366 1866 551 1919 Munus
582 1875 606 1902 ⁸
643 1866 932 1922 Burcltardi
965 1869 1137 1924 Patris
1169 1870 1270 1925 hoc
1299 1883 1541 1927 servetur
1570 1874 1785 1929 honori.

365 1959 582 2011 Auferat
612 1957 713 2012 hoc
744 1958 903 2028 ullus,
937 1958 1060 2015 huic
1088 1976 1192 2016 non
1223 1961 1294 2017 sit
1323 1963 1496 2032 portio
1524 1964 1728 2020 Gallus.

1020 2072 1087 2127 Et
1115 2076 1283 2131 alteri.

373 2161 684 2217 Nortbcrtus
713 2164 908 2219 donum
936 2165 1081 2220 dedit
1111 2167 1210 2222 hoc
1240 2167 1353 2234 tibi,
1386 2168 1554 2234 Galle,
1587 2170 1862 2236 decorum,

368 2255 497 2309 lluic
525 2255 594 2308 ob
623 2257 945 2321 mercedem,
980 2258 1280 2326 paradisum
1312 2260 1376 2313 da
1409 2261 1520 2315 fore
1549 2261 1754 2316 sedem.

440 2366 494 2419 ln
524 2367 751 2434 quodam
783 2367 1143 2423 vetustissimo
1181 2384 1343 2438 opere
1390 2370 1605 2435 biblico,
1637 2371 1776 2438 quod
1820 2372 1937 2440 pin-

368 2468 519 2510 xerat
555 2457 830 2511 Marcellus
860 2458 1171 2527 monachus,
1204 2470 1257 2514 et
1282 2458 1614 2517 Gisalbertus
1650 2462 1934 2517 subdiaco-

374 2560 494 2610 nus,
526 2555 607 2598 est
637 2560 813 2601 sermo
841 2547 904 2601 ad
935 2547 1181 2612 clericos,
1213 2551 1513 2617 proverbia,
1546 2561 1673 2616 etc.,
1717 2553 1937 2608 heroico

372 2649 547 2707 versu,
575 2635 725 2702 cuius
756 2645 929 2691 tamen
961 2637 1088 2707 sint,
1116 2640 1313 2693 nescio.
1350 2639 1401 2695 In
1431 2641 1620 2696 eodem
1652 2643 1935 2698 bibliorutn

366 2726 596 2778 armario
628 2724 787 2779 habes
817 2726 999 2781 itidem
1037 2729 1252 2783 heroico
1280 2746 1434 2785 versu
1462 2733 1638 2787 varios
1670 2735 1936 2788 variorqu

376 2817 655 2871 bbliorum
684 2820 908 2887 partium
940 2819 1283 2890 inscriptione
1317 2822 1574 2876 llartmuti
1607 2824 1834 2879 abbatis.
1879 2824 1935 2880 ln

365 2909 735 2975 antiquissimo
764 2910 888 2963 item
917 2911 1099 2966 codice
1123 2950 1139 2978 ,
1173 2912 1258 2967 ubi
1292 2913 1461 2982 pictus
1486 2924 1567 2969 est
1596 2914 1896 2970 Harckcrus
1919 2958 1936 2984 ,

364 3007 653 3063 supersunt
683 2999 734 3052 lti
768 3000 1007 3055 versiculi
1042 3019 1054 3054 :

369 3086 587 3141 Auferat
616 3087 755 3143 hunc
782 3089 975 3143 librum
1008 3090 1181 3145 nullus
1212 3092 1332 3145 hinc
1357 3107 1516 3147 omne
1544 3109 1638 3161 per
1666 3110 1836 3151 arvum

431 3175 561 3227 Cum
592 3173 743 3230 Gallo
775 3186 974 3242 partem
1006 3178 1243 3247 quisquis
1275 3178 1472 3236 habere
1501 3182 1663 3252 cupit.

1006 3292 1072 3347 Et
1100 3294 1237 3362 infra
1262 3311 1279 3347 :

368 3383 487 3436 Istic
514 3382 807 3451 perdurans
838 3382 972 3437 liber
1006 3382 1089 3437 hic
1121 3387 1378 3440 consistat
1410 3385 1461 3440 in
1490 3403 1658 3443 mvum
1679 3431 1695 3450 .

436 3476 654 3529 Praemia
689 3474 921 3544 patranti
954 3476 1062 3531 sint
1093 3486 1147 3529 ut
1177 3479 1227 3529 in
1256 3492 1377 3532 arce
1401 3479 1527 3547 poli.

459 3568 595 3619 Olim
625 3568 678 3620 in
707 3570 925 3635 quodam
955 3568 1177 3621 clinodio
1202 3572 1373 3637 templi
1396 3571 1449 3623 lii
1477 3582 1617 3625 erant
1640 3588 1809 3628 versus
1831 3591 1849 3628 :

361 3655 572 3709 Tertius
603 3656 717 3710 haec
745 3655 861 3732 éyip
888 3655 1136 3713 Salomon
1167 3658 1256 3712 dat
1287 3661 1426 3714 dona
1449 3661 1648 3718 lllariae.

1116 3748 1183 3802 Et

363 3836 575 3892 Tertius
606 3837 718 3892 haec
747 3839 891 3892 almo
921 3838 1172 3893 Salomon
1203 3842 1289 3894 dat
1321 3855 1535 3897 munera
1569 3841 1745 3899 Gallo.

639 3928 732 3981 Cui
760 3928 1020 3999 subjunxit
1048 3945 1111 3983 ea:
1142 3928 1380 3984 Patribus
1400 3932 1607 4000 quidam
1635 3948 1653 3985 :

362 4017 544 4072 Tantis
575 4033 671 4087 pro
705 4017 860 4071 donis
891 4017 961 4072 sit
991 4032 1091 4087 pax
1125 4018 1316 4074 anima:
1354 4019 1677 4076 Salomonis.

370 4130 479 4185 lira:
506 4129 718 4184 Carolus
763 4146 849 4197 per
878 4133 1107 4184 eumdem
1149 4131 1477 4185 Salomonem
1525 4148 1728 4201 capsum
1770 4134 1925 4188 aliam

559 4201 891 4269 reliquiarum
914 4202 1072 4266 misit,
1097 4202 1179 4253 cui
1200 4203 1425 4270 inscripti
1456 4213 1597 4256 erant
1626 4204 1709 4256 isti
1734 4220 1751 4257 :

365 4315 438 4365 lin
470 4312 642 4366 crucis
670 4324 828 4381 atque
858 4313 957 4379 piie
983 4328 1102 4366 cum
1132 4315 1330 4368 sanctis
1360 4330 1519 4382 capsa
1552 4314 1751 4380 Mariae,

372 4408 515 4459 llanc
547 4404 767 4458 Carolus
796 4418 1056 4457 summam
1085 4402 1279 4472 delegit
1312 4405 1505 4459 habere
1534 4407 1815 4474 capellam.

433 4567 456 4593 α
498 4554 849 4617 Burcbardus,
872 4554 1186 4623 cognomine
1208 4556 1491 4625 lugenitns,
1514 4560 1653 4626 quod
1677 4574 1740 4613 ex
1770 4569 1920 4615 utero

363 4627 545 4679 matris
569 4627 797 4688 excisus,
822 4633 878 4678 et
902 4626 1097 4678 arvina:
1124 4627 1289 4689 porci,
1322 4627 1406 4678 ubi
1438 4627 1809 4692 incalesceret,
1842 4634 1922 4683 in.

362 4701 559 4759 clusus,
608 4695 743 4747 illius
776 4696 933 4765 lllrici
960 4695 1168 4749 comitis
1204 4694 1271 4748 de
1315 4695 1579 4765 Linzgois,
1614 4699 1916 4764 Buochorn,

360 4777 404 4816 ιρι
435 4765 770 4836 Montelurti,
796 4762 1197 4836 Wendelgarda;
1218 4762 1499 4836 cotnitissEe
1520 4767 1586 4820 de
1617 4762 1916 4836 Buocbnrn,

367 4835 570 4887 Henrici
604 4832 648 4886 A
672 4836 833 4901 cupis
861 4850 921 4886 ex
954 4848 1136 4887 sorore
1173 4835 1420 4902 lledwige
1453 4850 1744 4903 pronepos,
1778 4832 1918 4893 anno

362 4906 489 4966 95'),
511 4914 721 4958 creatur
742 4906 902 4956 abbas
924 4905 1087 4956 sancti
1105 4904 1260 4957 Galli.
1280 4905 1584 4970 Imperatori
1608 4907 1783 4959 Ottoni
1810 4910 1917 4961 Ma-

357 4989 460 5041 gno
487 4983 553 5024 tta
585 4973 776 5026 chorus
807 4976 892 5025 lttit
916 5013 931 5036 ,
961 4984 1019 5026 ut
1046 4991 1164 5025 eum
1207 4975 1371 5027 lilittttt
1413 4978 1725 5039 appellaret.
1771 4977 1914 5030 Scri-

361 5047 461 5112 psit
483 5043 656 5096 Uttoni
679 5044 956 5110 epistolam
982 5058 1075 5110 pro
1096 5045 1464 5099 conﬁrmando
1486 5044 1738 5107 Notkero,
1758 5062 1914 5111 quem

358 5123 571 5178 propter
597 5114 888 5183 disciplina:
931 5114 1262 5183 severitatem
1289 5156 1303 5178 ,
1347 5116 1541 5182 piperis
1570 5129 1789 5183 granum
1821 5132 1911 5169 vo-

355 5186 564 5243 cabant,
596 5182 646 5233 in
680 5185 801 5253 hinc
821 5188 979 5237 verba
1007 5200 1017 5234 :
1049 5182 1274 5235 Summa:
1299 5195 1408 5253 post
1438 5182 1598 5235 Deum
1632 5183 1915 5248 Maiestatis

355 5254 569 5304 dominis
597 5254 740 5315 meis,
767 5251 1035 5305 Burchard
1060 5254 1211 5304 abbas
1240 5251 1523 5315 semivivus,
1548 5255 1696 5306 annis
1722 5256 1843 5307 meis
1868 5269 1914 5308 et

355 5327 490 5374 senio
533 5322 682 5389 ﬁnem
710 5325 833 5375 mihi
872 5324 985 5375 vita:
1012 5323 1066 5374 in
1090 5324 1266 5390 jauuis
1295 5323 1621 5385 habentibus;
1655 5340 1717 5376 ne
1742 5335 1915 5389 pastos

354 5408 486 5449 oves,
522 5401 660 5457 patr
702 5393 833 5457 filios
875 5393 1173 5461 improvisos
1217 5393 1528 5459 relinquam,
1563 5393 1749 5444 domini
1791 5397 1909 5459 mei,

354 5461 665 5531 privilegium
692 5464 870 5528 gratia:
899 5471 1071 5513 vestra?
1112 5478 1187 5513 me
1231 5461 1534 5514 sollicitavit.
1584 5462 1705 5515 Misi
1744 5464 1914 5528 itaque

356 5530 510 5589 vobis,
534 5530 777 5595 ﬁduciam
799 5533 942 5583 vestri
970 5530 1180 5591 habens,
1205 5532 1441 5584 dilectum
1466 5549 1649 5595 meum,
1674 5533 1795 5585 mihi
1821 5536 1913 5586 ad-

354 5598 450 5649 huc
478 5600 583 5651 vivo
607 5600 971 5667 suﬁicieudum,
995 5617 1028 5652 a
1051 5602 1170 5654 viris
1198 5602 1437 5654 virtutum
1462 5605 1661 5664 aptium
1690 5604 1911 5657 moribus

352 5669 686 5740 assuefactum
708 5710 720 5728 ,
750 5680 925 5724 sancta
952 5668 1126 5731 Gallo,
1155 5682 1209 5723 ut
1235 5673 1456 5739 con/ida,
1485 5672 1717 5740 vobisque
1745 5672 1909 5737 placi-

356 5751 541 5789 turum.
576 5737 695 5789 Misi
720 5750 883 5789 autem
909 5740 1041 5791 vobis
1066 5750 1111 5791 et
1138 5752 1279 5793 testes
1304 5737 1435 5793 meos
1462 5752 1535 5793 ter
1561 5737 1656 5792 tres
1676 5742 1898 5798 idoneos.

2308 433 2372 488 In
2402 453 2527 507 opus
2552 436 2814 505 quoddam
2850 438 3015 490 sancti
3036 437 3335 508 Augustini.

2052 548 2299 603 Bissenos
2324 551 2495 619 magni
2525 550 2757 604 doctoris
2785 550 2838 604 in
2866 552 3050 607 ordine
3080 553 3246 608 libros

2121 638 2397 706 Augustini
2431 642 2482 693 in
2512 641 2610 693 hoc
2638 654 2884 708 corpore,
2919 641 3104 707 lector,
3141 643 3328 699 babes.

2048 732 2179 785 Cum
2208 734 2401 801 quibus
2417 735 2681 790 .invictum
2713 736 2886 790 stabili
2915 736 3224 794 fundamine
3252 752 3487 797 castrum

2117 821 2407 886 Cunstruit,
2441 834 2493 877 et
2522 833 2735 877 sanctos
2760 834 2976 882 sanctus
3009 827 3060 881 in
3084 844 3207 883 arce
3233 830 3395 885 locat.

2110 910 2135 962 Ι
2144 921 2239 964 tem
2259 914 2311 965 in
2337 912 2449 983 ejus
2476 915 2633 982 ipsius
2658 918 2888 971 volumen
2917 918 2979 972 de
3001 920 3171 973 decem
3196 922 3402 977 chordis
3428 926 3503 978 sic
3527 941 3546 979 :

2050 1000 2346 1069 Exsuperat
2375 1005 2488 1055 auri
2525 1008 2749 1071 pretium
2776 1023 2867 1062 seu
2900 1010 3230 1075 topaziornm

2120 1091 2213 1144 llic
2242 1092 2569 1160 Augustinus
2596 1097 2736 1163 quod
2770 1110 2915 1165 parat
2949 1100 3221 1155 Aurelius.

2046 1180 2226 1249 Tange
2251 1183 2433 1236 decem
2465 1184 2721 1251 chordas;
2746 1187 2972 1242 Domino
2998 1199 3103 1243 tres
3127 1189 3154 1228 δ
3186 1200 3342 1261 tange
3370 1208 3614 1253 sonoras.

2044 1270 2259 1338 Septem
2282 1270 2476 1327 dilecto
2498 1274 2804 1330 discrimina
2836 1288 2990 1347 tange
3023 1283 3346 1351 propinquo.

2644 1366 2709 1420 In
2734 1370 2879 1421 aliud
2908 1374 2979 1424 sic
3005 1387 3023 1424 :

2046 1450 2192 1507 llone
2222 1452 2411 1508 librum
2444 1454 2593 1510 Gallo
2620 1457 2821 1513 Notker
2849 1463 3075 1526 patravit
3101 1474 3155 1518 et
3185 1479 3351 1519 anno.

2568 1547 2634 1601 In
2664 1566 2789 1617 opus
2816 1551 3091 1605 Ambrosii.

2045 1632 2283 1690 Nectaris
2309 1637 2574 1692 Ambrosii
2600 1639 2889 1715 redolentia
2923 1645 3132 1710 carpito
3158 1643 3336 1699 mella.

2681 1728 2746 1782 ln
2772 1731 2986 1784 Ambro.

1975 1785 2016 1844 Β
2053 1813 2202 1871 llanc
2224 1825 2427 1887 partem
2458 1816 2617 1872 Gallo
2647 1828 2821 1887 patrat
2849 1819 3173 1877 Vodalricus
3200 1832 3251 1877 et
3276 1822 3419 1877 Utto.

2680 1907 2745 1964 In
2775 1910 2986 1965 Bedam.

2044 2000 2212 2066 Quam
2244 2000 2372 2055 clari
2399 2003 2623 2057 abbates
2650 2003 2952 2072 Gozpertus
2978 2015 3032 2061 et
3065 2006 3257 2063 Ymmo
3296 2023 3603 2080 operantes.

2557 2095 2692 2148 Alibi
2735 2097 2974 2166 leguntur
3016 2101 3120 2152 isti.

2043 2180 2100 2234 ln
2132 2182 2328 2235 mundo
2364 2181 2471 2237 duo
2495 2194 2621 2247 sunt
2646 2201 2764 2249 qua:
2794 2187 2869 2241 nil
2892 2187 3204 2242 abscondita
3240 2201 3461 2258 prosunt
3490 2210 3501 2243 :

2043 2270 2239 2327 Fessus
2268 2273 2413 2329 humi
2442 2289 2658 2339 census,
2689 2278 2904 2331 latitans
2932 2283 3032 2333 sub
3055 2293 3269 2349 pectore
3300 2298 3510 2340 sensus.

2618 2386 2682 2441 Et
2711 2389 2890 2443 iterum
2920 2391 3063 2447 alibi.

2043 2474 2224 2530 Exitus
2249 2485 2366 2531 acta
2400 2478 2615 2545 prohat,
2646 2479 2786 2542 linis,
2822 2496 2927 2534 non
2958 2497 3153 2551 pugna,
3184 2495 3425 2540 coronat.

2324 2564 2390 2620 Et
2418 2567 2499 2621 hic
2526 2568 2577 2622 in
2607 2567 2777 2623 Boetii
2796 2586 2947 2639 apere
2979 2573 3346 2644 philosOpltico.

2039 2654 2281 2724 Explicat
2307 2660 2532 2728 egregia:
2563 2664 2965 2717 memorandum
2996 2664 3185 2734 dogma
3213 2669 3417 2734 sophia:
3436 2709 3453 2733 ,

2038 2744 2153 2798 Non
2181 2745 2329 2801 Jovis
2360 2747 2495 2802 hanc
2532 2759 2724 2804 tactam
2756 2765 3065 2821 generasset
3095 2755 3257 2811 barba
3297 2757 3609 2817 Minervam.

2041 2840 2151 2895 Hoc
2179 2856 2313 2910 Opus
2334 2854 2609 2901 auctorem
2640 2852 2903 2916 gustanrlo
2933 2853 3075 2920 sapit
3106 2854 3403 2919 meliorem,

2040 2930 2144 2985 Sed
2168 2933 2342 2986 rivum
2371 2934 2563 2988 clausit
2592 2939 2680 3002 qui
2709 2937 2908 2993 fontem
2945 2943 3239 3007 pnettmatis
3267 2942 3459 2997 hausit.

2043 3016 2288 3074 Dicamus
2318 3021 2421 3075 laeti
2451 3040 2462 3075 :
2494 3023 2836 3093 Requiescas,
2868 3039 3050 3083 sancte
3076 3030 3295 3095 Boetbi,

1960 3134 2005 3195 ρ
2039 3108 2139 3173 ()ui
2168 3109 2517 3166 bibliothecas
2554 3115 2759 3169 vestisti
2789 3116 2987 3172 lumine
3015 3132 3209 3173 cmcas.

2040 3198 2318 3268 Papienses
2351 3204 2496 3256 aiunt
2518 3205 2666 3258 illum
2697 3210 2872 3262 morbo
2897 3226 2991 3264 suo
3017 3211 3196 3266 abiisse
3232 3212 3285 3265 in
3319 3218 3598 3285 ergastulo.

2592 3314 2738 3370 Idem
2766 3318 2937 3374 Codex
2960 3337 3055 3375 ms.

2040 3400 2104 3455 lit
2146 3418 2295 3471 opere
2342 3403 2645 3483 Hieremiae,
2695 3408 2909 3483 Abdita,
2960 3412 3257 3483 Zacharire,
3293 3415 3604 3478 Malae/tite,

2508 3488 2555 3528 et
2586 3479 2839 3531 Abacuclti
2870 3481 3129 3551 leguntur.

2035 3580 2163 3636 Sors
2192 3582 2427 3653 signatur
2454 3585 2505 3639 in
2535 3584 2617 3640 bis
2646 3589 2824 3657 populi
2860 3591 3074 3657 partitio
3105 3595 3266 3661 virgis

2035 3671 2242 3727 Cornua
2272 3689 2555 3743 regnorum
2579 3678 2791 3745 signant
2822 3680 2935 3735 haec
2962 3684 3065 3736 vim
3098 3686 3395 3754 variorum,

2033 3773 2187 3827 Cives
2215 3773 2435 3842 angelici
2461 3783 2582 3827 sunt
2610 3774 2660 3827 hi
2698 3777 2798 3829 sub
2830 3780 3045 3833 nomine
3076 3778 3234 3835 labri.

2035 3864 2279 3935 Impietas
2304 3866 2553 3920 immersa
2584 3868 2737 3922 malis
2764 3882 3099 3928 monstratur
3129 3875 3342 3945 iniquis.

2034 3951 2291 4008 Gentibus
2320 3970 2563 4009 errorum
2596 3957 2836 4013 defertur
2858 3974 3064 4015 summa
3101 3968 3390 4031 malorum,

2036 4043 2089 4096 In
2116 4059 2223 4113 quo
2252 4046 2488 4113 quaesisti
2510 4047 2705 4112 Jacob,
2740 4065 2896 4119 quem
2928 4067 3143 4123 semper
3172 4059 3366 4121 amavi,

2037 4136 2130 4190 Est
2156 4142 2295 4192 aries
2322 4141 2516 4205 victus,
2542 4141 2714 4195 victor
2743 4146 3105 4212 supereminet
3137 4148 3332 4202 bircus.

2680 4233 2817 4286 Alibi
2844 4235 2945 4288 isti.

2035 4318 2232 4374 Rumor
2260 4321 2324 4375 de
2353 4323 2521 4376 veteri
2558 4321 2718 4377 laciet
2741 4336 2964 4379 ventura
2995 4327 3192 4381 timeri.

2035 4412 2293 4469 Omnibus
2321 4418 2496 4468 omnia
2530 4432 2633 4469 non
2683 4432 2800 4469 mea
2848 4421 3053 4473 somnia
3097 4420 3297 4475 dedere
3342 4423 3592 4489 primum.

2023 4569 2115 4643 qui
2138 4583 2249 4643 eum
2269 4583 2445 4643 coram
2472 4568 2607 4643 vobis
2627 4569 2799 4643 ferula
2825 4586 2932 4643 mea
2959 4574 3177 4643 reddita,
3205 4587 3250 4626 et
3276 4573 3597 4643 indulgentia

2024 4638 2149 4713 mihi
2178 4639 2350 4713 petita,
2376 4639 2563 4713 singuli
2591 4640 2798 4713 eligant.
2835 4639 3013 4692 Valeat
3046 4640 3273 4713 Regnum
3304 4638 3521 4696 vestrum
3546 4655 3595 4696 et

2022 4704 2283 4782 impertiam
2310 4710 2362 4759 in
2394 4704 2610 4760 Domino
2641 4704 2986 4782 dominorum.
3026 4704 3205 4766 Amen.
3240 4714 3421 4782 Neque
3452 4715 3594 4767 enim

2022 4778 2207 4830 dubito
2234 4777 2463 4842 douutn,
2495 4780 2562 4831 de
2592 4793 2695 4844 quo
2730 4780 2813 4830 lttc
2846 4783 3065 4844 mentio,
3111 4784 3274 4836 tuisse
3309 4777 3595 4836 littrchardi

2022 4847 2206 4912 primi;
2241 4847 2485 4921 uisionis
2517 4849 2659 4921 malit
2695 4850 2898 4902 referre
2929 4853 2992 4903 ad
3021 4852 3383 4906 Bttrchardunt
3417 4853 3480 4916 ll,
3506 4856 3596 4921 qui

2021 4916 2537 4989 muttasteriilegitttr
2569 4918 2875 4989 thesaurum
2899 4923 3098 4975 ditasse
3146 4924 3346 4989 cappis,
3376 4916 3590 4987 casulis,

2018 4985 2188 5047 albis,
2221 4988 2424 5052 palliis,
2463 4987 2642 5049 libris,
2677 4996 2805 5053 etc.,
2851 5006 2938 5055 qui
2973 5006 3093 5042 cum
3127 4985 3352 5044 Henrico
3384 4985 3590 5045 BaVarn

2019 5068 2203 5125 contra
2235 5055 2528 5108 Saracenos
2571 5057 2621 5108 in
2653 5057 2995 5121 Campaniam
3030 5064 3296 5125 prolectus
3331 5061 3501 5124 obiit,
3537 5064 3588 5114 iu

2020 5122 2537 5179 Franckenmuttster
2556 5132 2797 5194 sepultus
2821 5142 2962 5181 anno
2982 5122 3141 5192 105i,
3162 5130 3261 5182 huc
3284 5122 3554 5196 epitapbio
3578 5150 3589 5182 :

2080 5239 2330 5301 Angelicis
2356 5245 2611 5291 comitatus
2627 5255 2777 5292 Ovans
2800 5254 2908 5301 quae
2931 5242 3088 5289 sidera
3114 5242 3332 5299 ﬂammis,

2080 5302 2305 5350 Praesulls
2317 5306 2470 5351 vicem
2483 5304 2684 5351 ﬂammis
2696 5304 2941 5351 Burchard
2961 5308 3115 5363 gessit
3131 5306 3256 5363 plebi
3268 5316 3371 5354 sete
3388 5312 3586 5364 sancte,

2078 5364 2436 5423 tlelsitbrouum
2459 5366 2629 5413 didicit
2651 5367 2877 5423 precibus
2902 5366 3094 5423 pulsare
3116 5373 3383 5423 tonanzem,

2079 5422 2262 5489 luditur
2283 5426 2517 5489 mthercze
2544 5422 2659 5473 felix
2681 5440 2772 5487 qua
2798 5422 2993 5489 spiritus
3018 5425 3140 5489 aulas
3486 5482 3493 5489 ο

2076 5483 2284 5544 Transit,
2313 5496 2365 5535 et
2385 5483 2710 5535 altithronum'
2721 5483 2903 5548 gaudet
2922 5485 3063 5531 modo
3088 5488 3252 5534 visere
3272 5499 3462 5548 regem.

2084 5589 2112 5626 ι’
2144 5590 2265 5642 Tria
2295 5590 2459 5657 prima
2494 5598 2754 5661 prtecepta
2781 5586 3018 5661 Decalogi
3048 5588 3157 5644 Dea
3183 5629 3197 5652 ,
3246 5598 3447 5655 septem
3475 5601 3571 5655 po-

2014 5662 2236 5714 steriora
2267 5663 2507 5729 proximo
2533 5658 2814 5713 servanda.
