4018 6184
390 358 455 412 69
823 347 1329 403 EPIGRA‘iMATA
1369 345 1498 401 εει]
1543 343 1751 398 IIYMNI
1795 343 1923 400 SAC

1966 340 1996 395 ,ι
2038 339 2266 407 ANTIQ.
2312 339 2591 393 PATIiUM
2635 338 2795 392 MON.
2836 338 2891 392 S.
2935 336 3162 391 GALLI.
3546 336 3617 388 ⁷0

1966 458 2013 516 Α
2042 452 2245 517 docuit,
2278 451 2531 507 absolvit.
2568 451 2637 505 Ut
2661 452 2820 503 habet
2857 450 2996 503 liber
3015 463 3117 531 ms.
3148 463 3212 502 ex
3250 463 3354 516 quo
3385 464 3615 516 sequen-

2040 541 2111 595 tia
2134 556 2162 593 a
2192 557 2275 596 me
2296 550 2419 594 sunt
2442 543 2707 607 descripta
2732 538 2887 608 (Hac
2914 537 3232 611 Metzlerus).

2181 632 2372 687 Ultima
2399 630 2541 684 saecli
2569 640 2824 699 generate
2853 638 2993 682 meta

388 470 606 523 Dedecus
638 476 716 520 est
743 462 869 516 nulli
894 462 1077 516 decies
1108 477 1169 515 os
1198 461 1388 515 rodere
1421 459 1575 525 pulli.

671 572 733 629 In
765 574 1080 643 Hieronymo
1105 588 1257 639 super
1282 569 1624 622 Ezechielem.

382 668 460 722 Bis
486 677 684 735 septem
711 663 862 719 libris
891 663 1250 733 Hieronymus
1279 660 1613 715 Ezechielem

378 758 619 823 Explanat
652 754 731 807 bis
756 763 1008 822 quattuor
1040 752 1124 806 hic
1153 752 1269 821 lr-ge
1300 752 1645 819 posteriores.

328 873 357 947 if,
375 850 504 915 Quos
533 855 584 900 te
609 845 827 901 dilticile
854 845 1010 900 nimis
1040 846 1357 914 explanasse
1386 842 1603 897 fatetur.

2118 721 2295 775 Vincis
2321 723 2566 791 antiquos
2599 721 2797 790 lyricos
2830 735 3046 788 poetas,

2114 814 2429 881 Pindarum,
2464 812 2741 877 Flaccum,
2772 812 3117 880 reliquosque
3141 821 3352 863 centum

2457 904 2713 958 Carmine
2734 904 2925 971 major.

1034 953 1256 1007 Ibidem.

376 1051 563 1112 Ruben,
594 1058 650 1102 et
675 1046 919 1110 Simeou,
946 1044 1091 1109 Levi,
1117 1044 1331 1105 Judam,
1367 1042 1696 1109 lsacharque

372 1146 491 1197 Cum
512 1143 774 1204 Zabulon,
797 1141 982 1195 Dinam
1006 1148 1225 1211 generat
1247 1137 1360 1203 Zia,
1383 1136 1607 1204 Zetpha,
1630 1134 1752 1196 Cat,
1775 1133 1930 1196 Aser,

375 1236 656 1302 Beniamin,
683 1245 737 1288 et
768 1233 993 1302 Joseph,
1015 1231 1236 1295 Rachel,
1262 1227 1687 1296 Bala,Neptalin,
1720 1234 1774 1279 et
1802 1225 1934 1277 Dan.

2178 995 2257 1048 Tu
2288 995 2664 1064 pr0phetarum
2694 994 2941 1048 celebres
2970 1007 3239 1045 cammuas

2109 1083 2299 1149 David,
2330 1085 2498 1150 Isaias,
2532 1083 2687 1154 parili
2720 1083 2916 1137 decore

2109 1179 2392 1235 IEmulans
2412 1220 2428 1246 ,
2458 1188 2485 1215 ι
2517 1190 2726 1249 tempus
2756 1180 2873 1233 sine
2905 1179 3063 1233 laude
3092 1180 3288 1232 nudum

2460 1271 2747 1327 Schemate
2780 1272 2969 1325 vestis.

2179 1362 2338 1416 Gesta
2392 1369 2445 1414 tu
2492 1362 2630 1414 Galli
2677 1362 2878 1415 domini
2927 1361 3067 1415 beati

2106 1451 2285 1519 Pange
2309 1492 2323 1513 ,
2356 1452 2581 1506 decauta
2607 1492 2621 1516 ,
2653 1453 2954 1516 modulare,
2992 1454 3190 1520 psalle,

2109 1545 2299 1599 “unus
2331 1546 2431 1599 hoc
2463 1546 2677 1598 mandat
2709 1545 2801 1598 tibi
2830 1543 3079 1598 Christus
3119 1554 3327 1611 auctor,

2467 1638 2654 1704 Arripe
2683 1638 2856 1690 ltutus.

2175 1726 2379 1779 Forsan
2408 1736 2463 1781 et
2493 1728 2665 1780 lassus
2696 1728 2913 1791 titubas,
2937 1727 3017 1781 vel
3051 1741 3218 1792 erras,

2112 1815 2283 1870 Curro
2335 1815 2631 1880 festinans,
2681 1822 2923 1871 ccli-rans
2967 1818 3180 1879 levabo,

2109 1907 2174 1960 Et
2205 1906 2369 1975 pedes
2396 1905 2614 1959 ﬁrmans
2644 1918 2864 1959 teneros
2895 1907 3099 1972 praaibo

2459 1994 2605 2049 Calle
2631 1996 2895 2050 modesto.

2175 2087 2408 2155 Spiritus
2436 2086 2653 2151 summi,
2686 2087 2880 2150 Patris,
2911 2095 3073 2153 atque
3101 2086 3243 2150 Nati,

2106 2177 2330 2243 Unctor,
2363 2178 2574 2247 adjutor
2607 2179 2814 2231 tibimet
2846 2180 3087 2231 revolvat

2103 2269 2371 2338 Quidquid
2413 2279 2497 2324 est
2537 2270 2692 2337 hujus
2734 2283 3036 2323 memorare
3071 2268 3239 2320 sancti

2465 2358 2714 2411 Carmine
2742 2359 2985 2428 d'gttum.

2173 2452 2347 2504 Cbare
2368 2449 2494 2518 quid
2524 2449 2755 2517 linguam
2787 2451 3078 2504 taciturnus
3109 2450 3281 2514 abdis,

2105 2542 2376 2598 Laudibus
2415 2541 2551 2600 Galli
2584 2556 2755 2609 neque
2786 2541 2939 2594 laetus
2966 2541 3130 2596 instas

2104 2633 2269 2701 Cujus
2295 2645 2355 2686 es
2386 2630 2523 2684 victu
2556 2630 2850 2698 spoliisque
2877 2632 3046 2685 iactus

2457 2761 2473 2777 .
2503 2758 2516 2774 .
2551 2757 2567 2774 .
2602 2758 2614 2775 .
2648 2759 2665 2774 .
2697 2719 2893 2775 Virilis.

2176 2812 2311 2878 Quid
2345 2813 2563 2878 prodest
2591 2822 2753 2866 temet
2779 2814 2972 2867 Studiis
3004 2814 3276 2881 librorum,

2102 2904 2232 2958 Tam
2268 2905 2444 2959 brevis
2476 2905 2597 2957 vita:
2630 2907 2864 2958 morulas
2898 2906 3124 2969 dicasse,

2104 2995 2312 3063 Corpus
2342 3009 2403 3047 ac
2432 2994 2652 3047 fractum
2684 3008 2985 3047 macerasse
3017 3004 3220 3047 tantum

2457 3084 2514 3138 Si
2546 3082 2673 3137 nihil
2704 3082 2908 3138 audes?

2177 3173 2267 3229 Sic
2292 3174 2584 3229 ocellorum
2614 3173 2832 3242 potiaris
2860 3188 2955 3227 usu
2973 3212 2988 3235 ,

2103 3259 2316 3333 Organa
2343 3264 2491 3318 vocis
2520 3278 2704 3317 careas
2733 3278 2831 3318 nec
2862 3280 3115 3333 unquam,

2108 3357 2297 3411 Munus
2324 3366 2379 3412 et
2410 3356 2649 3427 gaudens
2681 3370 2932 3411 manuum
2965 3365 3225 3417 retentes,

2458 3446 2645 3501 Scribe
2667 3445 2808 3514 quod
2843 3446 3046 3499 hortor.

2178 3534 2230 3590 Si
2266 3534 2421 3587 times
2449 3535 2598 3587 solus
2623 3549 2787 3603 grave
2815 3537 2954 3588 ferre
2986 3535 3214 3601 pondus,

2104 3625 2254 3677 Colla
2291 3640 2389 3678 nec
2418 3626 2645 3678 multum
2679 3627 3035 3692 rvpritnantur
3065 3637 3211 3679 arcta

2107 3716 2272 3770 Fasce
2311 3726 2417 3768 tam
2467 3730 2657 3784 magno
2712 3716 2962 3770 relevabo
3013 3726 3213 3770 temet:

2460 3807 2633 3862 Psalle
2660 3808 2915 3861 virissim.

372 1368 439 1417 Ile
458 1374 625 1417 sancta
654 1363 952 1433 Wyboruda
974 1361 1357 1415 sanrtt'moniale
1375 1360 1569 1429 virgine
1590 1355 1931 1425 prophetissa,

1011 1442 1261 1501 martyre.

709 1547 923 1602 FBstum
954 1547 1094 1599 diem
1126 1545 1432 1599 Wiboradte

632 1638 871 1708 Virginis
895 1645 949 1691 et
981 1635 1254 1705 martyris,

570 1738 575 1743 ‘
631 1731 1006 1783 Geminantem
1039 1727 1330 1796 tripudiant

627 1821 764 1872 Cum
795 1818 1010 1872 coronis
1042 1819 1288 1886 geminis,
1968 1804 2011 1861 Β

633 1910 754 1965 Una
784 1922 970 1963 omnes
1002 1922 1318 1963 veneramur

630 2002 873 2055 Vocibus
898 2014 1020 2055 cum
1048 2001 1320 2055 consonis.

709 2094 897 2145 lsthmc
926 2101 1209 2161 postquam
1242 2091 1331 2145 diu
1364 2089 1468 2144 vita
1508 2100 1521 2105 “

627 2184 923 2237 Desudavit
950 2184 1181 2250 practica
1201 2222 1216 2245 ,

629 2273 956 2328 Desiderans
982 2272 1091 2341 jam
1121 2274 1304 2342 quieta

627 2366 835 2418 Yacare
868 2365 1129 2428 tlieorica,

624 2458 824 2512 Sedem
855 2456 957 2511 sibi
986 2457 1213 2526 eligebat

623 2545 895 2600 Clausulaa
920 2548 1211 2613 ergastula.

703 2636 756 2690 In
778 2652 879 2705 qua
906 2637 1182 2706 perfruens
1210 2651 1355 2707 srepe

628 2729 851 2783 Visione
878 2728 1092 2793 cmlica,

629 2820 894 2873 Divinitus
919 2819 1309 2873 devastandam

626 2910 713 2962 Ab
744 2907 967 2976 Ungeris
991 2908 1368 2963 Alemanniam

637 3003 763 3054 Sua;
789 3015 1005 3070 quoque
1032 3001 1300 3068 passionis

633 3091 1005 3161 Pra'cognovit
1029 3093 1274 3161 gloriam.

719 3184 886 3252 Ilujus
917 3186 1183 3253 passionis
1213 3186 1299 3238 dio

635 3273 981 3328 Gratulamur
1010 3290 1209 3335 annua.

637 3366 977 3421 Postulemus
1010 3367 1291 3421 unanimes

639 3452 781 3509 Illius
806 3454 1056 3523 stiﬂragia

645 3543 816 3597 Merea
826 3552 910 3596 tur
940 3542 1203 3597 consolari

639 3634 702 3691 Ut
738 3632 918 3688 noStra
952 3635 1167 3688 miseria
1191 3650 1204 3697 ;

712 3726 1038 3793 Amissreque
1065 3724 1154 3776 diu
1186 3727 1363 3778 lumen

642 3816 923 3869 ncintrare
949 3816 1155 3881 patriae,

635 3908 801 3971 01³³⁸⁸³
836 3905 949 3957 ιίιίο
982 3906 1225 3975 Virginali
2036 3921 2173 3974 Ilvsci
2195 3923 2305 3989 iptu
2341 3920 2647 3974 Ilurlmanni
2674 3922 2741 3973 ad
2769 3922 3034 3989 epistolam
3088 3921 3303 3975 [Volket‘i
3326 3921 3419 3975 sibi
3447 3927 3611 3990 prola-

640 3998 929 4049 ltttraverat
972 3992 1132 4048 hodie
2750 4003 2850 4043 lam
2861 4031 2873 4042 .

644 4085 931 4149 Redimita,
961 4085 1282 4153 proprioque
2383 4079 2516 4147 Quid
2545 4090 2646 4139 est.
2676 4080 2829 4134 Pater
2850 4078 3179 4142 dulcissime,

646 4176 872 4229 lioseata
901 4176 1180 4242 sanguine.
2310 4173 2561 4228 Strictum
2588 4174 2746 4240 jubes
2776 4174 2912 4239 quod
2942 4187 3155 4227 currere

706 4263 857 4327 Quod
884 4261 1104 4331 dignare
1136 4263 1309 4327 nobis,
1343 4264 1570 4333 simplex
2318 4264 2460 4317 Artis
2489 4271 2778 4315 metrorum
2812 4261 3060 4324 vinculis,

636 4354 889 4421 Trinitas,
919 4354 1219 4409 concedere
2309 4353 2469 4408 Lazis
2499 4354 2777 4405 timentem
2809 4354 3079 4419 gressibus

634 4445 709 4498 Ne
740 4448 965 4513 pretium
994 4447 1134 4513 quod
1166 4445 1435 4515 proﬂuxit,
1957 4482 2003 4539 Β
2384 4444 2553 4496 lnstas
2584 4457 2802 4511 precum
2834 4445 3131 4515 certamine

637 4536 868 4599 Christe,
902 4548 990 4592 tuo
1021 4538 1185 4592 latere
1958 4530 1997 4539 “’
2313 4532 2469 4586 Jussu
2499 4546 2755 4600 perurges
2776 4530 2998 4601 jngiter,

636 4629 935 4681 Annuletur
959 4628 1069 4696 jam
1099 4627 1388 4694 redemptis
2314 4624 2420 4678 Nec
2451 4640 2637 4691 passus
2667 4625 2826 4675 ullam
2859 4624 3100 4691 protinus

638 4722 717 4773 Ad
745 4736 978 4788 perenne
1008 4721 1208 4774 vivere.
2308 4717 2487 4787 Cogis,
2520 4731 2747 4781 moram,
2778 4717 3093 4771 rescribere.

434 4813 589 4865 Divus
628 4810 692 4865 Ρ.
726 4810 787 4863 Ν.
816 4809 1110 4877 Natkerus,
1162 4811 1332 4878 inquit
1376 4809 1665 4866 Metz‘erus
1690 4852 1706 4876 ,
1759 4812 1925 4866 edidit
2380 4810 2575 4864 Tecum
2602 4809 2759 4877 jubes
2785 4806 3074 4872 colludere,

376 4914 486 4966 post
513 4890 857 4956 Walefridum
890 4900 1065 4955 Vitam
1108 4903 1275 4955 sancti
1317 4900 1449 4955 Galli
1481 4904 1702 4955 metrice
1751 4919 1803 4955 Ill
1857 4905 1922 4955 li-
2328 4901 2475 4954 Dulci
2506 4902 2739 4955 vicissim
2770 4903 3025 4967 carmine,

366 4987 503 5051 bris,
548 4990 615 5042 de
657 5001 763 5055 quo
789 5003 987 5054 opere,
1015 4989 1154 5056 quod
1209 4988 1461 5041 hactenus
1503 5004 1607 5041 non
1650 4988 1785 5053 vidi,
1824 4990 1922 5043 nisi
2312 4994 2443 5046 Cum
2472 5002 2594 5044 vate
2625 5001 2728 5043 tam
2764 4993 3034 5058 pt‘muobili

365 5092 519 5139 pauca
547 5078 679 5145 haec,
705 5093 767 5133 ea
797 5078 1101 5149 subjiciam.
1135 5078 1434 5133 Notandum
1487 5080 1767 5146 scripsisse
1794 5078 1923 5135 Nut-
2319 5083 2523 5136 iluuetn
2554 5092 2763 5151 poetam
2788 5092 2842 5137 et
2869 5084 3148 5136 rusticum.

364 5166 540 5220 kcrum
586 5180 825 5221 nostrum
866 5170 1005 5238 stylo
1051 5177 1104 5222 et
1144 5169 1302 5223 modo
1329 5168 1521 5236 dialogi
1549 5208 1564 5231 ,
1598 5169 1685 5222 ubi
1708 5168 1922 5236 quidem
2388 5173 2620 5226 Taurum
2649 5173 2801 5238 cupis
2830 5173 3174 5226 fortissimum

365 5257 739 5312 interlocutore
777 5273 907 5313 usus
957 5269 1041 5311 est
1081 5258 1256 5327 primo
1300 5259 1627 5313 Hartmanno
1674 5259 1894 5314 Juniore
2314 5262 2490 5316 Buchr
2521 5263 2730 5316 tenella:
2766 5260 2995 5332 jungere

362 5343 614 5413 discipulo
651 5362 780 5414 suo,
827 5349 997 5403 sancti
1037 5348 1269 5403 Udalrici
1320 5360 1505 5418 postea
1555 5360 1922 5419 praeceptore,
2315 5355 2614 5424 V'inumqtte
2641 5356 2769 5409 mite
2794 5355 3027 5423 disparis

362 5433 549 5496 deinde
576 5438 839 5506 reliquum
867 5454 987 5492 cum
1015 5439 1249 5509 Rapcrto
1271 5439 1492 5494 Juniore
1522 5440 1761 5508 patruele
1791 5456 1917 5505 suo,
2311 5444 2481 5499 Gusuu
2508 5448 2714 5512 saporis
2741 5446 2967 5514 tingere.

363 5516 591 5592 liatperti
638 5536 820 5585 autem
866 5530 1096 5585 senioris
1123 5540 1319 5598 nepote
1341 5571 1356 5595 ,
1384 5546 1538 5601 quem
1573 5531 1686 5599 ipse
1708 5546 1925 5601 quoque
2376 5535 2430 5589 Si
2463 5536 2585 5602 quid
2623 5545 2796 5588 tamen
2834 5545 2885 5589 tu
2912 5536 3099 5590 virium

360 5681 957 5820 “Latiiiiigitz‘rsalludcre
984 5686 1048 5739 ad
1078 5685 1305 5755 aliquam
1337 5685 1634 5752 historiam,
1668 5702 1822 5755 quam
1857 5688 2209 5742 llarzmannus
2238 5687 2534 5757 scripserit,
2566 5688 2703 5741 unde
2728 5688 2864 5744 forte
2890 5691 3025 5760 quod
3059 5693 3243 5747 tribuit
3275 5694 3611 5753 Hartmanuo
