4018 6184
248 364 318 418 73
1545 349 1812 404 NU'I'ITIA
1858 343 2234 402 IIISTORICA.
3455 337 3522 395 7i

247 485 310 530 et
340 475 562 530 multum
612 470 938 527 misericors.
974 468 1139 537 llujus
1167 467 1543 537 temporibusd
1569 463 1841 519 Mauritins
1873 466 1919 523 Α
1945 457 2094 526 juxta
2147 455 2416 510 civitatem
2470 454 2832 508 Ravennatem
2891 453 2942 507 in
2993 453 3166 508 locum
3194 454 3281 522 qui
3331 454 3525 508 dicitur

249 564 631 628 chartularius,
665 579 763 634 per
788 577 945 632 quem
976 563 1139 615 multa
1179 561 1314 614 mala
1345 567 1597 627 operatus
1624 567 1708 612 est
1737 556 1844 610 Isa-

248 660 370 713 cius
419 658 684 726 patritius,
733 671 854 710 cum
892 656 999 723 jam
1037 653 1426 708 iucrebuissent
1455 661 1667 720 peccata
1697 650 1840 720 ejus,

252 751 412 805 beato
443 749 606 803 Petro
635 746 882 816 apostolo
913 745 1289 817 [increvissent
1316 755 1501 797 contra
1536 743 1595 795 R.
1627 742 1842 796 Petrum

252 835 604 908 apostolum],
654 847 712 890 ut
739 851 833 891 eos
862 833 1028 907 [eum]
1058 835 1396 888 haereditaret
1426 833 1562 902 ignis
1585 832 1846 885 inexstin-

253 930 491 1000 guibilis,
520 928 750 982 consilio
778 925 968 980 ductus
995 926 1387 993 suprascriptus
1419 922 1692 976 Mauritius
1722 935 1842 976 cum

255 1020 390 1088 ipsis
425 1020 625 1089 quibus
651 1027 806 1070 antea
829 1017 1199 1071 devastaverat
1225 1014 1504 1069 ecclesiam
1531 1014 1620 1066 Dei
1649 1021 1664 1050 ι
1685 1014 1846 1066 intar-

161 1169 166 1176 ,
256 1109 440 1163 tizavit
469 1107 730 1161 adversus
772 1105 964 1178 [erexit
989 1119 1068 1168 se,
1095 1101 1467 1174 tyrannis-ivit]
1498 1101 1722 1156 lsaciuui
1751 1117 1844 1168 pa-

257 1199 486 1261 tritium,
549 1205 605 1250 et
661 1196 807 1249 misit
851 1209 944 1263 per
988 1195 1164 1248 omnia
1194 1202 1391 1254 castra,
1423 1209 1542 1262 qua:
1568 1203 1723 1248 erant
1747 1193 1847 1247 sub

254 1288 474 1342 civitate
521 1286 762 1338 Romana
811 1298 908 1353 per
933 1284 1233 1347 circuitum,
1282 1295 1334 1336 et
1363 1283 1706 1351 congregavit
1728 1296 1840 1346 eos,

257 1393 311 1433 et
358 1376 684 1432 constrinxit
714 1391 774 1430 se
801 1389 920 1430 cum
954 1375 1084 1442 ipsis
1117 1374 1168 1426 in
1197 1373 1399 1444 [secum
1432 1373 1574 1439 ipsos
1605 1371 1723 1444 per]
1749 1388 1838 1426 su-

257 1475 591 1522 cramentum
618 1463 1020 1536 [sacramento],
1065 1473 1120 1518 ut
1143 1462 1397 1530 deinceps
1424 1463 1600 1515 nullus
1627 1477 1690 1516 ex
1718 1462 1847 1530 ipsis

257 1559 579 1614 'debuisset
625 1555 844 1610 obedire
902 1555 1090 1619 lsacio,
1145 1568 1319 1624 neque
1371 1543 1844 1620 hominibus'ejns,

257 1650 348 1718 qui
393 1647 738 1702 afﬁrmabant
787 1660 932 1710 eum,
966 1644 1091 1713 quia
1149 1645 1250 1698 sibi
1305 1658 1530 1713 regnuvu
1571 1644 1846 1710 imponere

258 1741 279 1770 ³
297 1740 560 1794 noluisset
583 1737 729 1810 [quia
753 1734 1193 1789 affirmabateum
1218 1733 1318 1788 sibi
1336 1748 1552 1802 regnum
1572 1731 1847 1799 imponere

1946 561 1968 589 ο
1991 551 2230 604 Ficuclas
2254 548 2522 620 [Ficudas]
2553 549 2867 603 duodecimo
2898 549 3146 602 milliaria
3169 563 3196 602 a
3214 549 3445 613 civitate,
3467 560 3520 603 et

1943 643 2016 697 ibi
2062 642 2464 696 decollaverunt
2521 631 2845 704 Mauritium,
2890 640 3013 710 quia
3061 639 3220 694 sicin
3251 642 3516 695 mandatis

1943 742 2262 802 acceperant
2289 748 2317 785 a
2367 733 2728 801 suprascripto
2776 732 2965 795 lsacio,
2995 742 3053 784 ut
3078 731 3231 785 vivus
3251 733 3517 787 civitatem

1946 823 2312 878 Ravennatem
2359 839 2462 876 non
2498 822 2886 890 ingrederetur.
2923 821 2990 875 Et
3017 831 3294 889 postquam
3338 820 3521 874 decolo

1946 911 2082 965 latus
2127 921 2230 976 est,
2275 912 2514 966 levantes
2557 918 2716 979 caput
2741 909 2881 979 ejus,
2911 906 3521 980 duxerunt[portarunt]

1946 1005 2278 1059 Ravennam.
2311 1004 2509 1059 Videns
2542 1013 2718 1058 autem
2754 1003 2946 1058 lsacius
2975 1013 3133 1071 caput
3161 1002 3408 1069 Mauritii,
3433 1017 3521 1071 ga-

1947 1097 2089 1150 visus
2137 1106 2240 1152 est.
2303 1096 2368 1150 Et
2394 1096 2519 1150 fecit
2544 1095 2608 1149 ad
2637 1095 2938 1159 exemplum
2974 1094 3266 1147 multorum
3298 1093 3350 1144 in
3375 1091 3522 1144 circo

1948 1187 2258 1242 Ravennate
2307 1188 2358 1241 in
2405 1186 2642 1256 Stipitem
2694 1185 2840 1255 poni.
2892 1184 3014 1238 lllos
3052 1193 3252 1244 autem,
3281 1181 3370 1248 qui
3402 1195 3522 1234 cum

1948 1279 2068 1347 ipso
2099 1279 2285 1334 directi
2311 1280 2541 1346 fuerant,
2564 1292 2753 1333 omnes
2778 1277 3063 1331 imboiatos
3086 1273 3341 1346 [bojatos]
3369 1274 3529 1342 jussit

1948 1381 2094 1428 arcta
2153 1372 2396 1427 custodia
2437 1371 2490 1425 in
2519 1385 2794 1426 carcerem
2826 1371 2982 1434 mitti,
3012 1369 3253 1438 cogitans
3280 1380 3375 1419 eos
3396 1379 3529 1434 quo-

1949 1467 2108 1520 modo
2139 1465 2374 1535 puniret,
2415 1464 2509 1519 sed
2537 1479 2656 1519 cum
2687 1478 2749 1517 ca
2779 1471 3085 1532 agerentur,
3117 1475 3238 1514 mox
3269 1458 3361 1512 Dei
3385 1457 3529 1525 judi-

1947 1557 2031 1612 cio
2060 1556 2186 1625 ipsis
2215 1555 2404 1609 diebus
2435 1567 2718 1625 percussus
2748 1551 2932 1606 divino
2970 1551 3075 1605 ictu
3108 1547 3314 1603 interiit
3334 1545 3531 1602 lsacius

1947 1655 2003 1699 et
2026 1623 2266 1699 mortuus
2311 1652 2413 1698 est.
2438 1623 2486 1696 li
2517 1623 2718 1708 autem,
2744 1642 2833 1710 qui
2861 1639 3053 1695 reclusi
3075 1646 3248 1700 erant,
3271 1647 3528 1690 exeuntes

1949 1735 2016 1789 de
2055 1749 2293 1802 carcere,
2342 1733 2548 1788 reversi
2581 1743 2706 1787 sunt
2747 1731 2941 1801 singuli
2970 1745 3062 1800 per
3092 1730 3204 1784 loca
3229 1743 3341 1783 sua.
3370 1727 3394 1764 ά
3421 1730 3531 1781 Αυ-

258 1829 442 1900 velle].
489 1828 729 1883 Audiens
757 1828 872 1881 haec
901 1825 1099 1880 lsacius
1132 1824 1396 1895 patritius,
1432 1839 1496 1878 eo
1519 1825 1659 1892 quod
1691 1823 1844 1877 Mau-
1879 1818 1922 1878 Β
1951 1829 2104 1883 diens
2143 1829 2244 1882 hoc
2287 1825 2596 1898 [Constans]
2648 1829 2938 1893 imperator
2978 1823 3100 1892 quia
3128 1822 3412 1877 defunctus
3442 1833 3529 1876 εει

259 1924 384 1976 ritio
429 1920 613 1976 omnis
656 1918 926 1974 exercitus
969 1916 1138 1970 Italia:
1197 1924 1534 1970 sacramenta
1586 1913 1843 1981 dedisset,

260 2013 410 2068 misit
433 2013 643 2066 Donum
675 2010 988 2079 magistrum
1014 2008 1242 2062 militum
1265 2019 1316 2062 et
1334 2007 1665 2061 sacellarium
1691 2021 1848 2060 suum

259 2105 324 2158 ad
362 2105 636 2158 civitatem
688 2101 912 2154 Romam
970 2115 1091 2153 cum
1121 2099 1382 2154 exercitu.
1417 2099 1514 2165 Qui
1546 2099 1764 2153 veniens
1796 2098 1848 2150 in

260 2195 533 2248 civitatem
589 2191 912 2252 Romanam,
963 2203 1151 2244 omnes
1191 2189 1421 2258 judices,
1453 2203 1546 2243 seu
1579 2189 1853 2243 exercitus

263 2287 541 2341 Romanus
579 2279 876 2355 [Romani],
926 2282 1014 2349 qui
1059 2280 1205 2348 prius
1249 2294 1308 2334 se
1337 2295 1456 2334 cum
1482 2279 1726 2334 Mauritio
1756 2294 1847 2333 sa-

259 2387 542 2432 eramento
597 2374 1049 2440 constrinxerant,
1099 2376 1294 2427 timore
1335 2373 1478 2434 ducti
1521 2373 1851 2428 dimittentes

257 2468 569 2522 Mauritium
626 2465 1036 2531 chartularium,
1062 2479 1249 2520 omnes
1272 2478 1330 2518 se
1352 2479 1472 2519 cum
1507 2465 1656 2519 Dono
1680 2465 1701 2493 ⁸
1728 2465 1851 2533 jun-

258 2569 462 2614 xerunt
494 2557 707 2629 [omnes
745 2572 807 2612 se
842 2558 906 2610 ad
936 2558 1075 2612 dona
1103 2554 1417 2626 verterunt].
1447 2555 1511 2609 Et
1533 2556 1772 2627 ingresso
1788 2571 1853 2610 eo

261 2653 496 2705 Romam
536 2649 670 2720 fugit
712 2648 988 2703 Mauritius
1015 2649 1078 2701 ad
1121 2647 1330 2702 beatam
1363 2647 1584 2700 Mariam
1612 2649 1678 2701 ad
1712 2647 1854 2702 Prte—

259 2761 421 2813 sepe,
474 2758 632 2813 quem
681 2742 931 2796 tollentes
973 2741 1040 2794 de
1071 2740 1299 2795 ecclesia
1332 2740 1597 2793 miserunt
1623 2737 1652 2777 ιι
1681 2739 1854 2793 boiam

261 2837 320 2889 in
371 2833 562 2886 collum
609 2832 745 2900 ejus.
798 2830 1061 2885 Similiter
1103 2839 1157 2883 et
1185 2843 1396 2892 omnes,
1425 2829 1514 2894 qui
1549 2827 1599 2880 in
1631 2827 1857 2881 consilio

263 2939 395 2977 cum
444 2924 562 2992 ipso
620 2924 851 2988 fuerant,
884 2921 1167 2974 imboiatos
1198 2917 1448 2992 [bojatos]
1482 2918 1626 2972 misit
1653 2918 1860 2973 Raven-

267 3031 398 3071 nam
431 3032 524 3084 per
551 3030 741 3070 manus
772 3015 998 3069 Maurini
1023 3013 1308 3077 scribonis,
1341 3022 1395 3068 et
1416 3012 1659 3066 'l‘homati
1693 3011 1858 3082 [Tho-

1951 1920 2173 1985 lsacius,
2224 1918 2369 1972 misit
2406 1917 2749 1972 Theodorum
2794 1913 3065 1983 patritium
3103 1910 3412 1974 esarchum,
3445 1909 3530 1962 cui

1951 2018 2360 2080 cognomentum
2407 2007 2666 2074 Calliopa,
2725 2006 2790 2059 ad
2839 2003 3127 2073 regendam
3173 2017 3386 2056 omnem
3418 2001 3531 2054 Ita-

1952 2098 2097 2152 liam.
2150 2100 2172 2126 °
2227 2097 2358 2166 Ipsis
2407 2097 2738 2166 temporibus
2788 2095 2938 2149 venit
2965 2094 3203 2163 Pyrrhus
3235 2108 3300 2146 ex
3330 2092 3532 2154 Africa,

1953 2192 2043 2260 qui
2095 2192 2262 2245 fuerat
2293 2191 2590 2259 patriarcha
2613 2187 3233 2255 Constantinopolitanus
3263 2186 3313 2237 iu
3346 2184 3528 2239 urbem

1956 2285 2180 2338 Romam
2234 2282 2495 2355 [Pyrrhus
2557 2281 2854 2351 patriarcha
2910 2276 3532 2347 Constantinopolitanus

1953 2379 2101 2431 venit
2128 2372 2376 2444 Romam]
2407 2374 2474 2429 ad
2505 2375 2686 2428 limina
2711 2372 3092 2442 apostolorum.
3137 2370 3238 2434 Qui
3264 2372 3534 2439 ingressus

1954 2468 2190 2524 libellum
2243 2468 2436 2522 obtulit
2486 2481 2607 2521 cum
2659 2480 2753 2520 sua
2781 2463 3180 2530 subscriptione
3231 2461 3535 2529 apostolicae

1955 2571 2154 2614 nostra;
2181 2559 2294 2614 sedi
2322 2559 2374 2613 in
2407 2556 2692 2626 praisentia
2721 2555 2898 2610 cuncti
2926 2553 3056 2609 cleri
3089 2562 3144 2607 et
3175 2552 3376 2622 p0puli,
3407 2566 3536 2605 con-

1957 2651 2219 2704 demuans
2272 2650 2323 2703 in
2371 2647 2560 2703 eodem
2615 2647 2796 2702 libello
2847 2646 3029 2700 omnia
3077 2659 3194 2712 qua:
3222 2658 3249 2695 a
3277 2657 3356 2704 se,
3397 2644 3480 2696 vel
3509 2657 3536 2695 a

1958 2741 2329 2796 decessoribus
2356 2740 2467 2794 suis
2491 2739 2708 2806 scripta,
2742 2737 2825 2792 vel
2850 2746 2965 2791 acta
2995 2744 3118 2789 sunt
3146 2735 3404 2788 adversus
3434 2735 3534 2786 im-

1962 2833 2277 2886 maculatam
2307 2838 2546 2885 nostram
2579 2828 2762 2882 fidem.
2783 2827 2874 2880 llis
2899 2826 3078 2894 itaque
3103 2824 3172 2877 ab
3191 2839 3255 2877 eo
3288 2825 3536 2892 peractis,

1963 2921 2091 2976 fecit
2135 2936 2256 2976 eum
2308 2934 2526 2975 munera
2573 2932 2796 2988 erogare
2834 2919 2885 2969 in
2917 2916 3163 2985 populum
3191 2913 3453 2985 [p0pnlu],
3487 2926 3536 2967 et

1963 3012 2266 3068 cathedram
2295 3011 2363 3066 'ei
2411 3009 2532 3078 poni
2582 3009 2730 3078 juxta
2777 3009 2983 3070 altare,
3034 3006 3304 3061 houoraus
3329 3021 3451 3060 eum
3485 3016 3538 3058 ut

269 3104 450 3175 masii]
503 3103 840 3160 cbartularii.
872 3102 972 3170 Qui
999 3103 1325 3158 deducentes
1367 3115 1462 3156 eos
1494 3115 1854 3171 pervenerunt
1886 3103 1932 3166 C
1961 3105 2291 3161 sacerdotem
2341 3104 2502 3175 regias
2553 3102 2800 3156 civitatis.
2852 3098 2872 3137 ί
2908 3099 3099 3155 Postea
3147 3113 3334 3153 rursus
3387 3112 3537 3153 more

1168 3227 1552 3286 LECTIONES
1593 3231 1987 3295 VARIANTES
2026 3238 2116 3293 EX
2154 3235 2306 3291 COD.
2348 3234 2499 3291 LUC.
2545 3234 2673 3289 490.

351 3329 369 3357 ¹
398 3326 711 3378 Ιηιαιὶιαυίι.

354 3399 373 3427 ’
407 3396 642 3449 Obediret
666 3393 858 3446 Iracw.

354 3467 374 3495 ³
412 3465 503 3519 νοι
510 3469 681 3519 uisset.

1997 3402 2008 3412 .
2043 3329 2064 3359 ⁸
2092 3329 2364 3382 Fecerunt.
2407 3325 2472 3378 Et
2515 3326 2733 3378 ornavit.
2791 3324 2927 3380 Sede
2974 3341 3080 3380 inse
3121 3326 3434 3395 depositione
3459 3327 3540 3379 ul-

1970 3410 2122 3464 tione,
2157 3410 2259 3454 etc.

1520 3569 1724 3627 NOTAE
1761 3571 2072 3629 SEVERINI
2119 3570 2292 3626 lilNll.

285 3687 450 3756 [quod
473 3686 654 3756 Typus
685 3683 1004 3756 appellatur)
1034 3692 1375 3756 prOponeret,
1403 3698 1512 3752 quo
1536 3684 1862 3752 significare-

286 3753 373 3811 tur
417 3753 874 3812 tacendum’esse
917 3754 984 3806 de
1027 3768 1087 3806 ea
1122 3753 1486 3816 altercatione,
1513 3769 1635 3821 qua:
1659 3757 1724 3809 de
1763 3771 1864 3809 una

285 3843 379 3882 seu
431 3828 502 3881 de
557 3825 766 3879 duabus
816 3822 1177 3875 voluntatibus
1220 3825 1270 3875 in
1300 3822 1513 3877 Christo
1534 3827 1863 3890 vertebatur,

287 3902 361 3950 ita
390 3896 626 3950 futurum
660 3893 1007 3962 pollicebatur
1046 3892 1378 3960 imperatori,
1410 3903 1465 3946 ut
1496 3908 1682 3947 omnes
1711 3893 1865 3948 Chri-

285 3966 442 4021 stiani
471 3965 624 4018 orbis
653 3963 905 4017 Ecclesiae
926 3963 976 4014 in
1005 3976 1160 4016 unam
1184 3962 1530 4032 eamdemque
1547 3965 1864 4017 sententiam

289 4037 590 4090 unirentur.
626 4033 804 4086 Paruit
843 4033 1130 4097 imperator
1156 4032 1429 4100 episcopo,
1462 4043 1642 4100 typum
1674 4034 1863 4096 edidit.

287 4120 517 4173 eumque
565 4103 805 4173 Romano
847 4101 1075 4169 pontifici
1105 4101 1685 4173 i_nsinuavit._Poutifex
1713 4120 1863 4158 acce-

291 4187 380 4241 pto
411 4170 537 4244 typo
561 4172 821 4244 synodum
845 4171 1175 4244 convocavit,
1209 4170 1260 4224 in
1284 4185 1382 4244 qua
1411 4171 1600 4244 [Patres
1629 4187 1860 4242 congre-

292 4247 392 4308 gati
434 4240 694 4298 'eumd'em
728 4255 908 4310 typum
955 4240 1112 4293 simul
1142 4255 1263 4293 cum
1296 4241 1458 4310 Paulo
1485 4240 1864 4296 Constantino-

293 4317 524 4382 politano
552 4309 802 4379 episcopo
822 4312 1239 4382 condemnarunt
1257 4327 1271 4361 ε
1294 4309 1527 4382 dumque
1547 4315 1866 4366 sententiam

294 4380 501 4437 i-ont-ilii
537 4383 842 4447 imperatori
871 4389 924 4433 et
947 4380 1260 4450 patriarcha:
1292 4380 1666 4450 insinuassent,
1697 4383 1866 4450 impe-

293 4465 438 4506 rator
463 4463 516 4506 et
549 4451 853 4520 patriarcha
884 4449 1047 4519 (quod
1077 4449 1212 4503 male
1240 4449 1466 4520 refertur
1485 4451 1536 4520 in
1566 4451 1678 4505 Vita
1699 4449 1866 4507 sancti

296 4523 506 4576 Martini
554 4519 732 4590 papa)
780 4522 831 4573 in
863 4521 1234 4590 apocrisiarius
1260 4519 1526 4573 Theodori
1559 4535 1708 4588 papa:
1731 4522 1870 4574 (Jon-

298 4593 646 4659 stantinopoli
695 4595 948 4659 degentes
1000 4589 1176 4642 furore
1222 4600 1554 4651 exarserunt,
1585 4592 1754 4644 altare
1781 4607 1876 4645 eo-

301 4663 544 4715 rumdem
581 4663 632 4713 in
666 4663 860 4726 palatio
890 4659 1158 4722 Placidirc,
1181 4661 1266 4711 ubi
1299 4660 1629 4721 habitabant,
1654 4663 1876 4716 subver-

303 4741 503 4794 terunt,
530 4732 834 4785 sacrilicare
861 4729 1077 4783 eosdem
1105 4743 1208 4781 non
1243 4731 1613 4795 permiserunt;
1635 4741 1707 4798 et,
1733 4732 1874 4798 quod

302 4803 452 4868 pejus
504 4811 604 4863 est,
656 4800 992 4853 sacerdotum
1037 4799 1421 4852 catholicorum
1453 4799 1582 4853 alios
1614 4804 1665 4852 in
1693 4816 1878 4854 carce-

302 4889 413 4926 rem
457 4873 834 4933 detruserunt,
886 4869 1020 4922 alios
1071 4870 1122 4922 in
1164 4869 1410 4922 exsilium
1439 4869 1877 4936 deportaverunt,

302 4943 434 4994 alios
476 4942 710 5008 denique
763 4940 1072 4994 verberibus
1125 4941 1395 5005 subjectos
1443 4942 1590 5006 gravi
1640 4942 1878 4994 cruciatu

305 5014 547 5077 corporis
576 5012 886 5064 affecerunt.
922 5009 1047 5062 llaec
1076 5023 1142 5062 ex
1166 5009 1297 5062 actis
1311 5010 1656 5080 synodalibus
1670 5012 1877 5064 concilii

308 5081 687 5136 Lateranensis
725 5089 921 5136 secret.
965 5094 1001 5137 ι.
1052 5090 1104 5132 et
1142 5081 1311 5132 sancti
1344 5079 1557 5132 Maximi
1594 5079 1708 5134 Vita
1740 5081 1876 5149 apud

308 5152 523 5206 Surium
553 5190 568 5211 ,
626 5161 680 5202 et
716 5164 781 5204 ex
823 5150 1149 5215 Theophane
1186 5160 1240 5201 et
1279 5151 1560 5202 Anastasio
1601 5151 1878 5205 Baronius.

377 5231 401 5258 ι
437 5221 717 5273 Μαατὶιὶιιε
749 5218 1113 5272 chartularius.
1135 5219 1231 5273 llic
1259 5230 1341 5272 est
1372 5220 1458 5274 ille
1489 5219 1766 5274 Mauritius
1793 5225 1880 5288 qni

311 5293 408 5343 sub
458 5290 768 5357 pontificatu
822 5291 1062 5344 Severini
1119 5289 1531 5343 Lateraneusem
1585 5291 1880 5346 Ecclesiatn

313 5363 583 5427 expilavit,
627 5362 853 5428 ideosjue
894 5362 1032 5426 ju~ta
1065 5359 1153 5412 Dei
1179 5359 1377 5413 ultione
1405 5360 1456 5412 in
1486 5375 1700 5428 pinnam
1733 5377 1884 5416 com-

315 5433 458 5484 missi
517 5431 780 5498 sacrilegii
827 5431 894 5480 ah
941 5429 1162 5483 ecclesia
1215 5429 1639 5494 abstrahebatur,
1673 5433 1886 5499 quando

311 5502 374 5552 ad
423 5504 592 5567 ipsam
651 5515 745 5567 pro
789 5503 964 5570 salute
992 5500 1324 5570 [confugiens
1371 5501 1624 5554 auxilium
1657 5512 1885 5570 peteret.

316 5572 536 5630 Rarum,
567 5586 710 5622 anno
737 5569 864 5631 643,
900 5585 952 5622 n.
985 5569 1037 5620 5.

382 5639 407 5674 ιδ
439 5639 643 5692 Boiam.
679 5639 731 5692 ιιι
760 5650 843 5694 est
870 5641 1154 5692 vinculum.

386 5719 408 5746 ε
446 5708 710 5763 Ficuclas.
766 5712 857 5762 Est
893 5712 1112 5763 ecclesia
1143 5709 1474 5778 Ficodensis,
1507 5712 1665 5770 hodie
1693 5711 1888 5770 Cervia

318 5782 608 5834 nominata.
647 5783 919 5843 Rarooius,
951 5796 1092 5836 anno
1122 5779 1248 5846 645,
1280 5798 1334 5835 ιι.
1373 5782 1424 5838 5.

650 5873 922 5934 Ρηιιοι..
960 5873 1342 5934 LXXXVII.

2041 3685 2065 3723 ἀ
2099 3685 2326 3738 Audiens
2374 3685 2468 3736 hoc
2517 3684 2792 3753 imperator
2817 3683 2938 3750 quia
2965 3684 3237 3751 defunctus
3251 3694 3324 3736 est
3348 3684 3544 3740 [sarius

1968 3758 2102 3810 misit
2141 3755 2463 3808 Theodorum
2507 3754 2768 3820 putritium
2790 3753 3086 3808 exarchum.
3124 3753 3395 3809 Platonem
3431 3760 3538 3810 lite-

1969 3827 2189 3881 reticutu
2240 3826 2527 3879 exarchum
2571 3831 2694 3877 aute
2723 3823 3060 3877 Theodorum
3090 3825 3381 3888 tlalliOpam
3412 3829 3540 3880 mis.

1968 3911 2085 3948 sum
2137 3895 2301 3948 fuisse
2357 3893 2408 3947 in
2461 3893 2687 3954 Italiam.
2721 3903 2929 3947 constat
2959 3907 3022 3947 ex
3048 3895 3204 3957 epist.
3238 3895 3304 3949 l6
3338 3895 3545 3949 Martini

1969 3979 2142 4034 papas,
2175 3978 2276 4032 qua
2306 3964 2502 4018 dicitur
2531 3976 2597 4016 eo
2626 3972 2885 4032 tempore,
2909 3979 3011 4031 quo
3037 3960 3546 4034 PyrrhusConstan-

1973 4029 2352 4104 tinopblitanus
2401 4035 2685 4104 episcopus
2728 4029 2787 4087 se
2833 4029 3054 4104 Romam
3078 4029 3332 4098 contulit,
3361 4029 3546 4104 Plato-

1972 4102 2103 4158 nem
2138 4104 2439 4174 quemdam
2474 4102 2995 4174 exarchumufuisse,
3046 4116 3283 4174 suosque
3315 4106 3381 4156 ad
3413 4103 3544 4171 Pyr-

1970 4177 2126 4228 rhum
2150 4171 2361 4295 (agmine
2409 4171 2691 4241 degentem
2746 4172 3029 4226 direxisse.
3086 4171 3216 4225 Vide
3257 4172 3541 4227 Barouiuin

1970 4259 2111 4295 anno
2258 4286 2273 4295 .

1969 4259 2111 4298 anno
2150 4244 2273 4301 διδ,

2047 4323 2069 4349 ο
2099 4312 2235 4382 Ipsis
2263 4308 2993 4382 temporibusrvenitiPyrt-Itus
3013 4327 3077 4363 et
3100 4311 3275 4379 Africa
3303 4311 3355 4365 in
3373 4313 3548 4368 urbem

1975 4381 2217 4438 Romam.
2270 4381 2507 4451 Pyrrhus
2557 4381 2626 4433 de
2681 4381 2806 4433 inita
2860 4382 3230 4448 conjuratione
3273 4387 3322 4437 in
3360 4398 3546 4438 necem

1972 4453 2308 4509 Constantini
2347 4451 2687 4522 imperatoris
2717 4465 2837 4504 cum
2870 4451 3096 4505 Martina
3130 4454 3363 4522 Augusta
3393 4453 3549 4507 ditia-

1977 4534 2168 4586 matns,
2222 4522 2426 4592 fugerat
2469 4521 2520 4574 in
2549 4519 2802 4592 Africam,
2837 4530 2894 4573 ut
2925 4532 3080 4588 supra
3105 4519 3237 4586 dixi,
3266 4523 3549 4592 hahitaqne

1976 4594 2322 4649 celeberrima
2353 4591 2713 4659 disputatione
2741 4604 2862 4645 cum
2893 4592 3119 4644 Maximo
3146 4593 3423 4646 convictus
3453 4591 3547 4648 Sua

1977 4673 2166 4732 sponte
2197 4662 2422 4715 Romam
2464 4661 2632 4732 venit,
2656 4661 2945 4732 rnblatoque
2975 4661 3168 4716 ibidem
3212 4664 3391 4717 libello
3430 4678 3545 4730 pm-

1979 4731 2235 4796 niteutize,
2291 4740 2347 4786 et
2388 4731 2627 4799 abjurata
2655 4731 2868 4796 haeresi,
2902 4732 3057 4784 tidem
3099 4733 3369 4800 professus
3403 4734 3501 4787 fuit
3535 4752 3549 4787 :

1979 4811 2173 4872 praeter
2220 4817 2281 4856 ea
2328 4816 2447 4870 quae
2498 4800 2565 4854 de
2614 4809 2808 4855 eventu
2851 4800 3227 4870 disputationis
3268 4803 3352 4857 hic
3408 4805 3546 4870 apud

1980 4871 2318 4928 Anastasium
2345 4882 2399 4926 et
2426 4874 2477 4924 in
2513 4871 2624 4939 ipsa
2654 4871 3017 4938 disputatione
3045 4876 3406 4932 continentur.
3432 4874 3542 4925 haec

1980 4945 2166 4996 scribit
2184 4941 2541 5010 Theophanes
2574 4959 2586 4992 :
2628 4941 2894 5010 «Pyrrhus
2922 4956 3047 4997 vero
3072 4959 3191 5000 cum
3221 4943 3550 5010 perveni-set

1984 5015 2033 5066 in
2051 5011 2279 5066 Africam
2299 5014 2495 5065 mutuis
2512 5025 2631 5064 cum
2651 5020 2835 5065 sancto
2852 5013 3081 5065 Maximo
3101 5012 3550 5077 videturaspecti-

1983 5084 2099 5141 bus.
2134 5084 2266 5136 ahba
2294 5082 2538 5136 videlicet
2566 5082 2964 5149 religiosissima
2993 5083 3044 5134 in
3087 5081 3396 5135 monasticis
3421 5095 3545 5135 cor-

1986 5153 2333 5217 rectionibus,
2385 5166 2590 5205 necnon
2623 5160 2678 5204 et
2706 5153 3003 5206 divinorum
3047 5151 3152 5205 illic
3203 5150 3543 5204 existentium

1988 5225 2298 5290 pontilicum
2330 5231 2682 5300 praesentatur
2714 5221 3176 5300 pbtutibus_._hun_c
3204 5223 3545 5300 redargutum

1987 5305 2040 5345 et
2074 5308 2380 5360 persuasum
2410 5291 2632 5344 Romam
2663 5291 2728 5345 ad
2753 5307 2939 5361 papam
2969 5291 3309 5345 Theodorum
3342 5291 3524 5346 direxe

1988 5375 2132 5416 runt.
2185 5363 2308 5428 Qui,
2362 5361 2660 5415 orthodoxo
2714 5361 2894 5416 libello
2941 5363 3132 5415 tradito
3173 5376 3344 5429 papaz,
3391 5361 3458 5413 ab
3487 5377 3552 5416 eo

1991 5441 2236 5500 receptus
2264 5440 2366 5485 est.
2394 5449 2412 5481 ι
2455 5431 2580 5485 llaec
2614 5431 2967 5500 Theophanes
2993 5430 3058 5486 de
3091 5433 3340 5496 praedicta
3370 5431 3556 5500 dispu-

1991 5505 2188 5557 tatione
2215 5503 2400 5570 Pyrrhi
2425 5517 2546 5556 cum
2579 5502 2809 5555 Maximo
2840 5503 3042 5558 hahita.
3069 5501 3162 5556 liis
3192 5510 3550 5556 consentanea

1991 5573 2061 5627 de
2089 5573 2274 5628 eadem
2298 5573 2537 5625 scribunt
2567 5571 2783 5625 PImtius
2805 5580 2860 5624 et
2887 5572 3141 5626 Martinus
3180 5571 3411 5640 pontifex
3442 5574 3552 5641 epi-

1992 5648 2126 5696 stola
2152 5642 2242 5695 26.
2280 5641 2554 5706 Duronius,
2583 5657 2724 5695 anno
2749 5641 2874 5707 646,
2908 5658 2960 5695 ιι.
3007 5645 3057 5705 1.
3089 5643 3125 5696 2
3154 5653 3206 5698 et
3231 5658 3346 5708 seq.

2019 5747 2034 5759 .
2070 5710 2088 5750 ῐ
2127 5711 2312 5766 Postea
2353 5729 2528 5764 rursus
2546 5727 2684 5764 more
2733 5715 2870 5765 canis
2897 5714 2966 5765 ad
2991 5717 3252 5782 praprium
3285 5713 3558 5780 impietatis

1996 5785 2238 5838 vomitum
2267 5783 2543 5854 repedavit.
2571 5783 2779 5838 Accidit
2808 5784 2936 5840 illud
2969 5789 3064 5839 hac
3096 5786 3395 5840 occasione.
3422 5783 3556 5836 Cum

3100 5880 3137 5937 3
