4018 6184
420 280 485 333 ’Π
1744 273 2069 331 EPISTOLA
2109 273 2328 329 PRIMA.
3581 278 3653 332 78

423 386 696 444 admodum
740 386 879 441 inter
925 388 1083 445 fidum
1126 392 1327 461 gemini
1366 390 1560 447 littoris
1609 401 1817 457 portum
1848 407 1979 444 con-
2011 391 2053 445 Α
2084 386 2279 441 (locere
2323 386 2749 441 manifestarunt.
2794 386 2881 441 llis
2921 400 3048 454 ergo
3093 387 3164 441 ita
3208 398 3267 440 se
3306 383 3646 451 habentibus,

422 480 662 534 fidentem
696 482 896 547 pariter
923 491 978 537 et
1004 482 1368 550 fluctuantem,
1399 494 1455 540 et
1482 498 1585 537 non
1611 482 1747 537 frust
1776 497 1828 537 a.
1852 483 1981 537 Nam

416 570 765 624 sacerdotium
813 587 975 639 grave
1017 587 1154 627 onus
1194 583 1297 638 est,
1349 573 1487 641 quod
1532 572 1980 627 scilicetaliorum

412 661 531 715 vitae
573 675 706 715 cura
757 661 961 731 fatigat,
1009 661 1159 732 juxta
1213 663 1361 732 quod
1409 664 1663 731 scriptum
1695 672 1775 716 est
1806 678 1819 714 :
1855 662 1982 727 Quis

408 753 719 821 inﬁrmatur,
746 763 794 805 et
815 770 906 823 ego
937 771 1038 807 non
1061 755 1331 823 inﬁrmor?
1357 755 1470 822 quis
1497 753 1897 818 scandalizatur,
1934 760 1981 804 et

410 859 501 913 ego
527 860 630 897 uon
656 844 811 896 uror!
833 843 918 909 (ll
945 843 1065 897 Cor.
1091 844 1188 913 st.)
1210 844 1272 898 Et
1297 852 1657 911 quantometu
1679 842 1982 896 sacerdota-

411 933 475 986 lis
514 948 671 986 mens
717 932 1053 997 concutitur;
1093 948 1159 988 ne
1192 933 1327 987 forte
1356 948 1449 1002 per
1471 932 1738 986 silentium
1766 931 1852 984 vel
1880 929 1980 981 im-

314 1090 318 1095 .
409 1024 746 1075 moderatum
778 1023 1051 1090 eloquium
1077 1021 1398 1087 maculetur,
1429 1030 1580 1075 tanto
1603 1034 1700 1089 spe
1728 1029 1782 1074 et
1811 1018 1977 1072 maxi-

408 1126 491 1165 ma
517 1110 750 1177 propria:
778 1112 1106 1166 fortitudinis
1132 1127 1303 1181 penna
1333 1111 1401 1165 ad
1433 1111 1770 1165 altitudinem
1802 1109 1979 1163 suble-

403 1212 583 1265 vatur,
642 1205 859 1271 quando
910 1202 977 1256 de
1005 1203 1367 1270 subjectorum
1398 1202 1635 1270 profectu
1658 1202 1972 1271 gratulatur.

402 1294 676 1364 Scriptum
715 1302 800 1348 est
843 1296 987 1349 enim
1026 1312 1039 1346 :
1086 1294 1185 1348 Ubi
1222 1294 1455 1360 plurima
1478 1302 1687 1361 segetes,
1714 1292 1783 1344 ibi
1809 1292 1977 1344 mani~

392 1384 529 1453 festa
575 1384 833 1453 fortitudo
885 1384 1034 1438 boum
1090 1382 1274 1453 (Prov.
1328 1384 1465 1451 XIV).
1524 1383 1657 1435 Hinc
1702 1396 1733 1435 e
1786 1387 1972 1434 contra

394 1487 573 1532 metus
617 1477 947 1531 reverberat.
996 1476 1261 1545 Scriptum
1307 1491 1535 1544 namque
1563 1483 1644 1528 est
1676 1491 1688 1527 :
1722 1472 1826 1525 Fili
1877 1473 1973 1535 mi,

391 1572 435 1624 si
458 1569 803 1637 spoponderis
835 1584 926 1633 pro
946 1568 1110 1621 amico
1133 1576 1239 1631 tuo,
1272 1566 1494 1633 deﬁxisti
1523 1565 1661 1635 apud
1682 1572 1977 1617 extraneum

394 1676 605 1712 manum
638 1668 799 1711 tuam.
832 1656 1149 1725 lllaqueatus
1172 1672 1223 1710 es
1253 1658 1415 1711 verbis
1442 1656 1545 1708 oris
1578 1655 1672 1720 tui,
1704 1663 1752 1708 et
1792 1661 1974 1723 captus

2085 490 2202 529 cum
2246 492 2305 531 ea
2348 491 2466 545 qua;
2506 492 2533 529 a
2582 477 2784 546 Pyrrho
2824 476 3081 531 adversus
3118 478 3460 545 apostolicam
3489 478 3643 531 fidem

2086 574 2322 620 nostram
2368 565 2434 619 ad
2474 566 2874 620 subversionem
2924 565 3254 636 synodalium
3305 566 3646 620 decretorum

2084 657 2285 723 prolata
2314 666 2457 721 sunt,
2491 666 2595 709 tam
2624 671 2716 724 per
2745 657 2934 724 dogma
2965 656 3107 711 sedis
3148 658 3475 723 apostolicae,
3505 658 3645 726 quod

2081 747 2379 811 expositum
2408 756 2488 800 est
2514 761 2541 798 a
2571 747 2965 815 prtedecessore
2992 757 3193 811 nostro,
3226 764 3384 815 quam
3409 763 3501 816 per
3522 748 3641 818 jus-

2082 837 2285 891 sionem
2313 836 2399 889 lilii
2448 839 2615 889 nostri
2642 836 3052 890 mansuetissimi
3088 838 3336 905 principis
3372 838 3645 893 destructa

2080 925 2186 978 sint
2230 943 2242 977 :
2288 925 2631 994 quamobrem
2675 926 2971 980 fraternitas
3021 934 3108 981 tua
3158 942 3186 980 a
3240 928 3461 995 publicis
3516 930 3649 984 locis

2080 1015 2340 1080 chartam,
2388 1032 2505 1084 quae
2553 1031 2806 1084 suspensa
2842 1017 3148 1085 pridemque
3199 1027 3401 1071 cessata
3451 1018 3647 1082 fuerat,

2080 1120 2183 1159 non
2215 1106 2480 1160 abstulit?
2508 1122 2625 1174 qua:
2651 1107 2857 1160 scilicet
2883 1106 3186 1161 scandalum
3218 1108 3416 1160 sanctis
3442 1106 3531 1159 Dei
3554 1122 3644 1161 ec-

2079 1198 2255 1253 clesiis
2296 1214 2401 1252 non
2452 1199 2715 1253 modicum
2767 1200 2963 1253 intulit.
3021 1200 3183 1254 Corde
3226 1202 3359 1255 enim
3414 1201 3639 1254 creditur

2079 1291 2147 1342 ad
2194 1292 2491 1361 justitiam,
2548 1307 2634 1345 ore
2689 1302 2855 1347 autem
2907 1293 3154 1361 confessio
3202 1292 3258 1357 ﬁt
3328 1293 3379 1345 in
3427 1292 3642 1344 salutem

2083 1380 2259 1447 (Rom.
2282 1382 2357 1449 ι).
2391 1382 2445 1437 Si
2474 1382 2824 1450 dejiciendum
2852 1396 2978 1450 ergo
3003 1381 3242 1451 ejusdem
3269 1382 3456 1451 Pyrrhi
3485 1396 3647 1436 cona-

2079 1487 2199 1525 men
2234 1469 2536 1524 fraternitas
2566 1480 2737 1525 vestra
2771 1472 2936 1536 ducit,
2986 1488 3087 1541 qua
3131 1487 3226 1539 pro
3264 1488 3419 1527 causa
3454 1476 3645 1540 praedi-

2078 1571 2217 1614 ctam
2240 1561 2478 1614 chartam
2506 1561 2573 1615 de
2599 1563 2797 1629 pariete
2823 1578 2925 1616 non
2956 1563 3237 1628 deposuit?
3261 1562 3425 1616 Nemo
3451 1564 3646 1631 quippe

2079 1650 2219 1719 quod
2268 1652 2604 1707 abominatur
2651 1654 2795 1709 colit.
2829 1654 2884 1708 Si
2928 1666 3127 1717 autem,
3161 1655 3299 1723 quod
3340 1656 3501 1718 absit,
3547 1656 3645 1709 hu-

397 1749 632 1825 propriis
676 1748 1010 1802 sermonibus.
1068 1746 1182 1799 Hac
1212 1763 1331 1815 ergo
1362 1746 1496 1812 quod
1528 1746 1668 1807 dico,
1696 1743 1773 1809 ﬁli
1804 1745 1894 1806 nti,
1927 1753 1974 1798 et
2008 1734 2050 1791 Β
2074 1740 2300 1808 jusmodi
2324 1744 2576 1808 scriptum
2608 1745 2961 1811 amplectitur,
2998 1746 3147 1814 cujus
3177 1746 3252 1799 rei
3292 1747 3460 1815 gratia
3490 1746 3644 1800 nobis

392 1840 719 1906 temetipsum
758 1838 938 1903 libera,
974 1838 1094 1901 quia
1139 1838 1365 1889 incidisti
1406 1837 1459 1888 in
1512 1851 1715 1887 manum
1758 1834 1977 1903 proximi

390 1932 491 1983 tui.
544 1929 809 1994 Discurre,
862 1928 1069 1997 festina,
1104 1927 1292 1981 suscita
1322 1929 1540 1980 amicum
1568 1936 1731 1989 tuum,
1784 1941 1846 1978 ne
1884 1925 1975 1977 de-

387 2020 531 2072 deris
561 2035 796 2072 somnum
827 2017 989 2071 oculis
1010 2020 1128 2081 tuis,
1161 2035 1249 2071 nec
1279 2018 1545 2071 dormitent
1566 2018 1823 2085 palpebra:
1847 2027 1975 2070 tute:

389 2110 593 2164 Emere
639 2109 789 2179 quasi
834 2108 1045 2161 damula
1078 2108 1140 2161 de
1161 2125 1338 2171 manu,
1372 2116 1418 2161 et
1454 2108 1599 2177 quasi
1620 2106 1722 2160 avis
1753 2106 1816 2160 de
1844 2106 1973 2159 insi-

388 2202 493 2254 diis
536 2200 751 2270 aucupis
793 2197 981 2269 (Ibid).
1025 2200 1362 2264 Audivimus,
1411 2199 1757 2255 dilectiSSime
1781 2200 1971 2259 frater,

391 2307 495 2359 per
524 2290 772 2343 timorem
808 2288 1102 2356 periculum
1136 2300 1396 2350 nostrum,
1415 2288 1691 2340 audiamus
1710 2302 1800 2354 per
1822 2302 1971 2353 spem

389 2379 784 2450 repromissum
812 2378 1236 2431 consolationem
1273 2378 1539 2430 solatium.
1590 2375 1699 2446 Ego
1725 2392 1858 2439 sum,
1889 2380 1971 2431 in-

388 2472 509 2540 quit
538 2469 703 2535 Deus,
748 2485 869 2538 pars
896 2468 1205 2521 Itazreditatis
1233 2476 1334 2520 tua:
1356 2465 1540 2536 (Nam.
1573 2465 1750 2534 xviii).
1786 2468 1849 2520 Et
1875 2470 1972 2519 ite-

386 2580 512 2618 rum
539 2579 555 2617 :
587 2562 901 2616 Sacerdo'es
952 2561 1026 2612 tui
1048 2560 1267 2612 induant
1290 2560 1543 2628 justitiam
1571 2557 1741 2625 (Psal.
1765 2559 1971 2624 cxxxt).

383 2653 580 2708 Timor
623 2660 801 2706 autem
851 2649 1105 2714 concutit,
1135 2664 1256 2702 cum
1287 2649 1417 2700 alias
1443 2647 1637 2699 dicitur
1667 2666 1678 2698 :
1713 2645 1810 2700 Cui
1838 2649 1969 2699 mul-

384 2755 497 2797 tum
544 2743 791 2801 creditur,
850 2739 1066 2792 multum
1112 2738 1173 2790 ab
1202 2754 1259 2791 eo
1298 2738 1526 2811 exigetur
1561 2736 1709 2805 (an.
1745 2736 1863 2802 xu).
1899 2736 1963 2789 Et

385 2836 621 2888 iterum:
655 2831 894 2885 Potentes
908 2838 1132 2897 potenter
1152 2836 1398 2880 tormenta
1416 2827 1673 2895 patientur
1690 2824 1845 2894 (Sap.
1867 2824 1963 2893 vr).

384 2926 451 2982 Et
484 2940 672 2980 rursus
704 2936 827 2991 spes
854 2937 951 2974 nos
980 2919 1203 2982 refovet,
1233 2918 1320 2971 ubi
1342 2917 1452 2971 ait:
1488 2914 1649 2969 Labia
1678 2917 1963 2970 sacerdotis

383 3015 680 3070 custodierit
711 3012 999 3076 scientiam,
1036 3020 1082 3062 et
1132 3011 1291 3090 legem
1328 3009 1592 3077 exquirent
1621 3023 1682 3061 ea:
1712 3024 1797 3061 ore
1827 3011 1961 3075 eius,

2080 1834 2180 1888 hoc
2224 1850 2318 1902 per
2370 1838 2580 1904 propria
2629 1838 2881 1905 synodica
2936 1854 3026 1891 sua
3084 1839 3300 1891 minime
3351 1838 3646 1907 patefecit?

2080 1928 2328 1982 Neutrum
2354 1928 2493 1982 enim
2522 1930 2636 1983 sine
2668 1930 2852 1983 horum
2877 1931 3093 1983 alterius
3113 1930 3408 1996 dejectione
3440 1929 3644 1983 indem-

2080 2020 2215 2073 niter
2240 2028 2381 2072 stare
2414 2028 2605 2085 potest.
2634 2019 2763 2073 Nam
2794 2020 2837 2073 si
2870 2029 3010 2073 recta
3042 2021 3190 2083 fides,
3216 2036 3332 2088 quae
3357 2036 3385 2073 a
3416 2030 3491 2073 tot
3514 2035 3643 2074 con-

2076 2108 2213 2161 ciliis
2237 2109 2483 2162 roborata
2514 2119 2615 2172 est,
2648 2111 2712 2162 ab
2742 2110 2982 2165 Heraclio
3011 2120 3064 2164 et
3110 2112 3313 2179 Pyrrho
3340 2126 3461 2165 cum
3507 2127 3643 2179 qua-

2076 2202 2196 2252 tiam
2227 2200 2497 2255 additione
2537 2211 2591 2255 et
2620 2202 2990 2255 emendatione
3017 2203 3319 2269 corripitur,
3353 2216 3480 2268 ergo
3508 2201 3642 2255 fides

2076 2304 2103 2340 a
2130 2289 2369 2343 Patribus
2395 2290 2659 2345 subtiliter
2684 2293 2984 2346 examinata
3009 2292 3329 2345 commoveri
3362 2293 3640 2360 cognosci-

2077 2390 2180 2444 tur,
2225 2391 2279 2434 ct
2329 2383 2521 2434 mortui
2574 2395 2735 2435 vacua
2767 2397 2861 2448 spe
2911 2381 3253 2435 beatitudinis
3304 2382 3639 2447 deciderunt,

2074 2473 2212 2540 quod
2258 2484 2464 2527 avertat
2497 2474 2633 2527 Deus
2662 2489 2689 2526 a
2720 2473 2951 2528 fidelium
2983 2474 3257 2527 cordibus.
3293 2474 3353 2527 lli
3387 2474 3528 2527 enim
3551 2476 3641 2542 qui

2073 2561 2306 2614 defuncti
2347 2573 2470 2617 sunt
2514 2563 2729 2617 minime
2772 2566 3041 2630 perierunt
3081 2583 3091 2617 :
3126 2562 3362 2617 Pretiosa
3412 2579 3640 2632 namque

2071 2652 2121 2704 in
2155 2662 2425 2720 conspectu
2451 2653 2652 2707 Domini
2684 2670 2818 2706 mors
2844 2666 3133 2707 sanctorum
3156 2656 3266 2723 ejus
3295 2654 3462 2724 (Psal.
3483 2656 3637 2721 ειν).

2076 2743 2139 2795 Ει
2168 2745 2251 2807 qui
2300 2744 2482 2797 vivunt
2529 2745 2578 2797 in
2629 2744 2726 2798 hac
2758 2745 2881 2808 fide,
2926 2746 3106 2799 nmndi
3138 2746 3311 2799 effecti
3356 2756 3501 2808 sunt,
3541 2746 3639 2799 Pa-

2074 2840 2315 2899 trtunque
2342 2834 2529 2899 dogma
2558 2835 2757 2900 signata
2790 2832 2892 2886 fide
2926 2847 3107 2886 verum
3152 2843 3206 2888 et
3243 2834 3383 2901 pium
3416 2836 3638 2889 firmiter

2069 2929 2151 2973 est
2182 2922 2404 2987 poSteris
2445 2922 2713 2973 traditum.
2760 2921 2940 2975 ReSIat
2986 2922 3143 2990 igitur
3175 2923 3317 2991 quod
3364 2934 3544 2977 contra
3578 2925 3638 2976 fi-

2068 3010 2186 3065 dem
2228 3013 2614 3081 promulgatum
2645 3024 2725 3065 est
2772 3013 2974 3069 irritum
3008 3014 3116 3078 fiat,
3165 3023 3218 3069 et
3260 3030 3376 3069 cum
3419 3025 3638 3071 auctore

383 3107 631 3173 quoniam
653 3104 866 3173 angelus
900 3074 1101 3153 Domini
1138 3074 1448 3153 easercituum
1471 3107 1544 3152 est
1593 3074 1959 3167 (Malach.tt).
1991 3074 2036 3133 (Ἰ
2071 3074 2287 3167 preprio
2322 3074 2646 3155 destruatur.
2698 3101 2883 3167 Porro,
2928 3074 3110 3156 mirati
3134 3119 3315 3158 sumus
3350 3106 3473 3172 quia
3518 3108 3635 3173 epi-

386 3196 532 3249 lnter
591 3202 668 3248 tot
708 3204 836 3259 ergo
886 3190 1148 3258 procellas
1195 3200 1353 3258 atque
1407 3190 1724 3258 tranquillos
1770 3189 1962 3243 fluctus

386 3295 620 3339 aestuare
642 3281 984 3352 profundum,
1003 3280 1125 3348 quid
1149 3280 1290 3332 aliud
1313 3290 1392 3333 est
1413 3280 1510 3332 nisi
1536 3281 1589 3334 in
1610 3290 1765 3348 portu
1783 3295 1967 3348 asper-

385 3375 508 3430 rimi
544 3373 745 3428 Iittoris
772 3372 943 3424 navim
977 3370 1165 3422 mentis
1187 3378 1383 3423 nostra!
1410 3371 1808 3439 tempestatibus
1836 3384 1965 3423 con-

384 3468 489 3521 cuti
518 3466 545 3519 ?
571 3464 679 3519 Sed
713 3463 833 3530 quia
866 3462 1120 3527 majorem
1175 3460 1419 3515 fiduciam
1450 3476 1517 3515 ex
1567 3461 1966 3530 longanimitate

385 3557 476 3614 Dei
508 3553 923 3624 Evangeliorum
955 3550 1151 3604 habere
1181 3550 1579 3621 cognoscimur,‘
1607 3564 1702 3619 spe
1729 3550 1963 3619 gauden-

384 3662 462 3706 tes
507 3643 815 3717 huiusmodi
860 3650 1048 3696 aestum
1091 3642 1233 3695 nullo
1261 3642 1419 3696 modo
1450 3642 1820 3695 formidamus.
1858 3640 1964 3694 Nos

381 3756 510 3811 ergo
543 3736 673 3807 quid
713 3733 811 3786 nisi
856 3733 1255 3795 distiensatores
1286 3733 1441 3786 unius
1470 3733 1699 3800 pastoris
1738 3730 1964 3784 sumus?

383 3828 505 3896 Ipso
538 3830 684 3880 enim
738 3827 989 3888 pascente
1033 3821 1318 3888 pascimus,
1361 3829 1417 3875 et
1444 3830 1662 3890 regente
1708 3819 1960 3887 regimus,

380 3916 642 3984 quoniam
671 3928 858 3971 omnes
874 3914 973 3969 sub
996 3911 1182 3966 eodem
1209 3920 1422 3979 pastore
1440 3925 1559 3963 cum
1589 3908 1775 3962 ovibus
1800 3909 1963 3976 ipsius

380 4021 510 4060 oves
540 4020 756 4074 pascua:
787 4020 994 4060 sumus.
1025 4005 1203 4071 Neque
1230 4002 1370 4054 enim
1399 4001 1595 4054 nostris
1622 4001 1840 4065 viribus,
1870 4000 1961 4054 sed

381 4094 473 4148 Dei
505 4095 695 4163 gratias
735 4095 1055 4163 deputamus
1096 4092 1234 4162 quod
1275 4105 1480 4145 smnus.
1516 4090 1743 4144 Tantum
1774 4101 1958 4158 restat,

382 4196 456 4249 ut,
485 4200 611 4239 cum
642 4185 823 4239 divino
854 4186 1083 4251 auxilio,
1119 4183 1368 4251 petendo,
1404 4182 1711 4250 qumrendo,
1746 4182 1959 4249 pulsan-

380 4276 473 4339 do,
511 4276 616 4329 fide
658 4286 712 4329 et
741 4290 905 4343 opere
952 4276 1149 4328 donum
1199 4274 1383 4342 gratim
1427 4271 1962 4340 irreprehensibiliter

380 4366 641 4421 exhibere
668 4368 959 4435 possimus,
1003 4382 1129 4435 quo,
1164 4365 1484 4418 conculcatis
1513 4363 1677 4427 vitiis,
1710 4364 1958 4417 virtutum

382 4458 710 4524 repromissa
756 4459 973 4526 praemia
1017 4458 1291 4524 percipere
1322 4470 1643 4510 mereamur.
1676 4454 1957 4523 Superbia,

381 4562 500 4613 qua:
528 4556 614 4600 est
643 4548 851 4600 initium
883 4548 1059 4601 omnis
1093 4547 1316 4613 peccati,
1351 4546 1504 4615 longe
1550 4560 1578 4598 a
1625 4547 1958 4600 sacerdotum

383 4638 653 4691 mentibus
703 4637 816 4692 fiat.
865 4639 1101 4691 Avaritia
1160 4652 1368 4703 rurSus,
1415 4653 1532 4705 qua:
1582 4647 1663 4692 est
1701 4638 1960 4691 idolorum

381 4727 634 4791 servitus,
666 4736 821 4793 atque
845 4728 1084 4779 omnium
1116 4726 1373 4780 malorum
1401 4727 1567 4791 radix,
1602 4728 1826 4791 abscisa,
1858 4737 1912 4781 et
1933 4743 1962 4780 a

384 4817 599 4871 turbine
652 4817 888 4884 pulveris
938 4818 1018 4871 sui
1071 4817 1252 4886 procul
1290 4828 1461 4871 amota
1494 4822 1816 4881 destruatur,
1845 4834 1962 4887 qua

382 4919 621 4960 esca-cat
649 4908 813 4962 etiam
856 4909 1042 4962 oculos
1071 4911 1389 4975 sapientum.
1422 4909 1771 4963 Dilectionem
1804 4910 1963 4977 igitur

382 4999 622 5053 omnium
652 5000 909 5052 virtutum
942 5010 1189 5064 matrem,
1222 5002 1337 5054 sine
1358 5016 1459 5069 qua
1497 5001 1628 5055 nihil
1668 4999 1957 5066 perficitur,

380 5098 440 5143 et
469 5090 522 5142 in
553 5104 656 5158 qua
686 5104 874 5143 omnes
902 5091 1122 5143 virtutes
1155 5091 1297 5159 pacis
1321 5090 1597 5156 completa:
1639 5091 1849 5143 vinculo
1880 5090 1961 5141 iti-

380 5180 772 5235 dissolublliter
823 5181 1188 5244 continentur,
1243 5180 1347 5235 fide
1397 5189 1539 5235 recta
1586 5189 1638 5233 ct
1683 5196 1777 5249 spe
1816 5189 1960 5235 certa

382 5270 561 5323 studio
590 5271 912 5325 indesinenti
946 5279 1241 5324 teneamus.
1274 5268 1339 5324 Et
1378 5271 1643 5339 quoniam_
1659 5271 1761 5323 fide
1790 5269 1961 5323 homi-

384 5374 512 5412 num
543 5360 707 5414 corda
738 5370 1050 5428 purgantur,
1084 5359 1204 5414 lecti
1236 5360 1413 5427 apices
1441 5360 1741 5413 dilectionis
1770 5375 1960 5415 vesme

383 5447 601 5516 limpida
633 5448 762 5503 ﬁdei
801 5448 996 5503 fluenta
1033 5464 1127 5504 vos
1154 5450 1222 5504 de
1252 5450 1485 5504 fontibus
1506 5449 1800 5505 Salvatoris
1830 5449 1960 5504 hau-

384 5537 545 5601 sisse,
579 5548 634 5591 et
656 5540 799 5593 sicut
829 5540 1181 5607 praedicamus
1205 5542 1515 5611 praedicare,
1542 5549 1596 5595 et
1615 5542 1959 5611 quemadmo-

380 5629 507 5683 dum
535 5632 811 5687 credimus
832 5632 1074 5702 credere,
1108 5644 1162 5689 et
1182 5633 1335 5690 sicuti
1365 5634 1618 5690 docemus
1650 5634 1959 5693 indiminute

2067 3191 2236 3257 scapi,
2277 3190 2363 3259 qui
2408 3189 2795 3245 fraternitatem
2829 3202 2970 3244 tuam
3001 3203 3471 3259 consecraverunt,
3512 3209 3636 3249 san-

2065 3280 2362 3333 ctissimum
2386 3281 2531 3333 illum
2568 3281 2619 3333 iu
2649 3280 2840 3334 litteris
2861 3282 2969 3335 suis
2996 3280 3273 3345 dixerunt;
3308 3284 3400 3336 sed
3432 3294 3486 3336 et
3513 3285 3634 3352 quia

2066 3378 2281 3439 propter
2329 3370 2598 3439 vulgarem
2659 3371 3013 3425 turbationem
3068 3386 3121 3426 et
3164 3373 3341 3426 odium
3393 3376 3634 3429 ecclesia:

2066 3461 2206 3513 hunc
2244 3461 2846 3529 Constantinopolitanae
2870 3463 3274 3517 abrenuntiasse
3304 3465 3635 3533 significave-

2065 3558 2207 3602 runt.
2242 3548 2461 3616 Propter
2489 3550 2629 3619 quod
2659 3552 2817 3604 etiam
2850 3550 2903 3603 in
2931 3552 3276 3620 ambiguitate
3310 3556 3484 3621 positi,
3518 3571 3633 3623 qum

2064 3652 2092 3691 a
2134 3638 2462 3692 fraternitate
2492 3649 2669 3691 vestra
2717 3640 2911 3706 scripta
2958 3651 3081 3692 sunt
3120 3642 3539 3708 judicaveramus
3570 3646 3633 3696 :ul

2063 3728 2327 3782 modicum
2357 3729 2484 3799 quid
2506 3729 2735 3793 differre,
2766 3732 2935 3786 donec
2959 3732 3067 3799 jam
3099 3732 3271 3787 dit-tus
3302 3735 3533 3802 Pyrrhus
3566 3739 3633 3791 ab

2062 3822 2367 3890 episcopatu
2401 3823 2649 3878 Ecclesia:
2681 3825 3280 3894 Constantinotiolitanze
3318 3831 3631 3897 pelleretur.

2064 3911 2192 3964 Nam
2234 3913 2463 3966 turbatio
2512 3922 2565 3966 et
2603 3914 2781 3966 odium
2814 3914 2991 3982 populi
3040 3916 3379 3984 episc0patus
3408 3921 3631 3985 gradum

2064 4003 2230 4056 nescit
2261 4002 2490 4057 auferre.
2527 4002 2791 4057 Canonica
2834 4008 2975 4056 enim
3006 4006 3232 4057 vindicta
3262 4020 3421 4071 super
3447 4024 3511 4059 eo
3538 4009 3631 4060 de-

2065 4092 2249 4147 luierat
2286 4093 2566 4156 provenire
2610 4107 2717 4160 quo
2756 4092 3100 4146 fraternitatis
3153 4103 3256 4147 tua:
3298 4099 3633 4149 consecratio

2064 4184 2547 4252 irreprehensibilis
2599 4196 2653 4238 et
2702 4187 2850 4238 firma
2898 4187 3178 4241 consistat.
3229 4189 3496 4257 Scriptum
3550 4206 3633 4245 est

2064 4277 2204 4330 enim
2232 4297 2242 4327 :
2274 4277 2335 4330 Si
2374 4277 2450 4329 vir
2499 4278 2609 4345 ejus
2655 4288 2885 4330 mortuus
2934 4280 3108 4346 fuerit,
3154 4284 3321 4334 soluta
3363 4294 3432 4335 est
3470 4301 3501 4334 a
3530 4286 3638 4353 lege

2066 4368 2180 4420 viri.
2218 4367 2277 4422 Si
2304 4376 2488 4434 autem
2535 4368 2611 4419 vir
2648 4368 2762 4437 ejus
2810 4369 2950 4435 vicit,
2996 4372 3233 4424 adultera
3282 4373 3539 4426 vocabitur
3584 4377 3636 4427 si

2066 4457 2218 4523 fuerit
2266 4472 2382 4511 cum
2425 4458 2529 4510 alio
2571 4458 2674 4510 viro
2708 4457 2882 4527 (Rom.
2918 4460 3034 4527 vn).
3066 4460 3230 4514 Erunt
3263 4465 3396 4517 enim
3433 4465 3537 4518 duo
3582 4470 3635 4519 in

2062 4565 2213 4602 carne
2261 4565 2382 4603 una.
2436 4547 2739 4619 Mysterium
2784 4560 2954 4604 autem
2993 4552 3092 4605 hoc
3131 4570 3370 4624 magnum
3419 4569 3511 4621 est,
3559 4560 3634 4611 ait

2064 4643 2352 4710 Apostolus
2389 4660 2404 4699 :
2454 4641 2565 4712 Ego
2616 4654 2786 4698 autent
2834 4647 2947 4699 dico
2986 4647 3039 4699 in
3088 4646 3288 4704 Christo
3327 4662 3373 4705 et
3402 4651 3633 4707 Ecclesia

2064 4730 2284 4799 (Eplies.
2312 4733 2386 4797 v).
2424 4733 2631 4786 Etenim
2662 4736 2783 4787 licet
2813 4735 3011 4804 indigni
3037 4739 3222 4801 simus,
3258 4741 3427 4794 locum
3458 4753 3631 4798 tamen

2063 4823 2178 4891 ejus
2211 4826 2261 4876 in
2307 4823 2562 4879 Ecclesiis
2593 4827 2963 4893 attimplemus.
3002 4827 3222 4885 Vivente
3268 4832 3443 4900 itaque
3484 4850 3634 4902 prte-

2063 4916 2203 4967 dicto
2238 4915 2462 4983 Pyrrho,
2495 4925 2549 4969 et
2576 4916 2811 4971 nomium
2836 4928 3020 4972 natura
3056 4922 3134 4973 vel
3161 4923 3313 4988 culpa
3345 4927 3628 4987 exstincto,

2065 5021 2130 5059 ne
2177 4994 2313 5059 forte
2365 5007 2516 5061 fieret
2564 5008 2819 5074 scbisma,
2870 5024 3179 5077 oportuerat
3224 5019 3531 5082 pnecaveri.
3568 5020 3634 5074 Ut

2063 5111 2188 5165 ergo
2219 5094 2571 5151 fraternitatis
2600 5110 2787 5154 vestrae
2832 5105 3179 5157 sacerdotalis
3207 5107 3473 5160 robustior
3497 5110 3630 5163 ordo

2064 5194 2393 5252 permaneat,
2439 5195 2651 5254 oportet
2705 5188 2940 5243 debitum
2987 5194 3243 5247 adversus
3279 5210 3401 5249 eum
3453 5198 3630 5268 colligi

2062 5277 2432 5346 episcOporum
2481 5295 2544 5335 ex
2594 5281 3060 5349 propinquioribus
3108 5283 3240 5337 locis
3289 5298 3629 5345 conventum.

2064 5369 2419 5437 Prmcepimus
2450 5373 2590 5426 enim
2624 5387 2784 5439 super
2815 5375 2915 5426 hoc
2949 5373 3108 5426 etiam
3140 5376 3469 5431 cbarissimis
3508 5380 3633 5434 filiis

2063 5460 2258 5514 nostris
2301 5460 2485 5515 Serico
2514 5461 2912 5528 archidiacono,
2959 5473 3014 5518 et
3042 5463 3266 5522 Martino
3309 5468 3535 5524 diacono
3578 5482 3633 5524 et

2060 5549 2425 5618 apocrisiario,
2458 5552 2645 5619 quibus
2687 5561 2741 5604 et
2784 5552 2955 5606 locum
2996 5566 3230 5613 nostrum
3258 5560 3322 5614 ad
3369 5560 3523 5631 hujus
3551 5563 3629 5616 rei

2060 5638 2498 5701 deliberationem
2528 5640 2817 5709 credimus,
2847 5653 3110 5714 quatenus
3142 5663 3260 5703 cum
3295 5650 3626 5706 fraternitate
