4006 6182
361 350 432 409 79
1649 332 1706 386 s.
1750 325 2095 384 TllEODORl
2136 322 2334 378 eam
3536 302 3607 373 πο

362 472 537 518 vestra
568 457 809 530 praedicti
840 453 1029 525 Pyrrhi
1060 452 1212 520 culpa
1243 445 1562 517 regulariter
1588 443 1921 511 exquiratur.
1956 444 2007 502 Α
2034 446 2091 490 ιιι
2117 451 2146 490 a
2178 434 2329 489 nobis
2354 443 2406 489 et
2434 434 2508 530 ab.
2528 434 2771 530 omnibus
2793 433 3128 530 prthodoxis
3169 432 3435 530 episcopis
3457 433 3608 530 abo-

361 553 476 607 Non
505 551 646 605 enim
687 544 967 616 praesentia
1003 541 1122 611 ejus
1154 539 1454 595 necessaria
1481 543 1583 600 est,
1614 533 1703 588 ubi
1741 545 1927 585 exces-

359 659 449 699 sus
474 641 594 711 ejus
623 650 676 695 et
700 637 895 704 scripta
924 633 1132 687 veritati
1158 628 1505 699 repugnantia
1549 633 1744 695 praesto
1783 629 1924 686 sunt,

364 744 420 789 ut
448 749 569 789 cum
596 732 663 786 de
690 730 772 783 his
794 726 1138 796 dijudicatur,
1180 722 1352 777 modis
1391 720 1638 776 omnibus
1672 717 1929 771 condem-

361 836 537 883 netur.
571 822 749 876 Primo
775 817 1017 887 quidem,
1048 814 1297 884 quoniam
1326 810 1651 875 Heraclium,
1683 808 1774 878 qui
1805 820 1933 860 ana-

362 909 724 967 thematizavit
752 906 1111 961 inviolabilem
1156 899 1575 956 orthodoxorum
1618 895 1834 950 Patrum
1867 894 1933 948 ﬁ-

360 1003 505 1067 dem,
534 1000 759 1055 diversis
791 998 1029 1052 laudibus
1074 993 1286 1057 extulit,
1326 1000 1382 1046 et
1425 988 1775 1057 sophisticam
1817 986 1937 1054 jus-

361 1096 566 1148 sionem
593 1091 784 1160 ipsius,
817 1088 871 1141 in
904 1101 1006 1156 qua
1036 1085 1186 1153 quasi
1229 1079 1531 1153 symbolum
1569 1077 1691 1131 ﬁdei
1715 1088 1937 1143 compo-

363 1187 489 1249 suit,
512 1180 895 1240 subscribendo
913 1178 1163 1241 ﬁrmavit,
1183 1172 1497 1241 furtivisque
1513 1166 1941 1236 surreptionibus

366 1273 625 1342 quosdam
662 1268 971 1326 sacerdotes
999 1265 1139 1335 apud
1179 1279 1239 1319 se
1285 1262 1590 1331 singulatim
1638 1257 1940 1327 praedictam

368 1364 609 1418 chartam
641 1361 896 1415 roborare
924 1357 1119 1425 coegit,
1141 1364 1195 1409 et
1224 1355 1277 1408 in
1306 1352 1533 1423 publicis
1564 1349 1693 1404 locis
1721 1361 1946 1415 suspen-

371 1457 498 1508 dere
538 1453 603 1506 ad
646 1450 1063 1506 destructionem
1103 1442 1559 1501 Chalcedonensis
1598 1439 1806 1496 concilii
1851 1454 1946 1493 au-

373 1550 491 1603 daci
521 1546 949 1615 transgressione
979 1539 1337 1609 praesumpsit.
1367 1536 1517 1592 Unde
1546 1548 1652 1588 non
1679 1533 1945 1587 modicum

373 1636 725 1693 dissensionis
763 1632 1073 1687 scandalum
1126 1626 1381 1683 Ecclesiis
1428 1625 1524 1679 Dei
1556 1623 1943 1689 disseminavit,

322 1708 333 1718 ’
375 1735 430 1784 et
460 1725 816 1783 obtestatione
844 1728 1139 1779 conventus
1166 1734 1195 1772 a
1224 1716 1508 1771 decessore
1536 1722 1722 1769 nostro
1750 1710 1945 1779 corrigi

2030 530 2280 583 minatam
2334 526 2656 596 respuimus.
2708 526 2917 581 Sufﬁcit
2971 540 3200 594 namque
3248 525 3403 578 nobis
3451 524 3606 593 ﬁdes,

2031 634 2188 688 quam
2226 618 2395 673 sancti
2423 618 2649 686 apostoli
2684 618 3130 686 praedicaverunt,
3161 616 3386 670 concilia
3420 616 3602 670 ﬁrma-

2034 717 2250 775 verunt,
2279 717 2333 762 et
2361 709 2532 762 sancti
2578 707 2762 762 Patres
2804 707 3273 775 consignaveruut,
3321 721 3412 773 per
3447 720 3608 774 quant

2035 799 2208 855 renati
2236 808 2290 853 et
2313 798 2455 854 docti
2486 800 2607 853 facti
2635 813 2838 863 sumus,
2865 811 3129 867 quamque
3163 797 3435 860 docemus,
3487 797 3608 849 nul-

2041 889 2151 944 lum
2191 900 2530 959 augmentum
2563 890 2615 943 in
2662 889 2907 959 symbolo
2955 885 3097 951 ﬁdei,
3130 886 3271 955 quod
3316 899 3346 938 a
3393 886 3612 955 synodis

2038 989 2122 1035 est
2152 980 2439 1044 ﬁrmatum,
2468 980 2806 1049 recipientes.
2836 979 3137 1033 Anathema
3159 978 3244 1031 his
3270 982 3355 1046 qui
3385 978 3609 1043 addunt,

2041 1071 2321 1126 anathema
2350 1072 2438 1140 qui
2462 1071 2682 1126 demunt
2709 1081 2894 1127 sancto
2920 1069 3252 1134 mathemati,
3279 1068 3331 1122 id
3360 1078 3442 1122 est
3471 1083 3610 1139 syni-

2040 1163 2185 1229 bolo,
2228 1164 2452 1231 quodin
2496 1165 2723 1218 concilio
2767 1164 2983 1218 Niceno
3013 1162 3310 1227 definitum,
3352 1162 3614 1215 Constan-

2043 1254 2373 1323 tinopoliqne
2418 1256 2706 1323 ﬁrmatum,
2734 1266 2787 1309 et
2833 1254 2885 1308 in
2932 1254 3202 1323 Ephesino
3244 1254 3432 1321 primo,
3460 1264 3615 1322 atque

2042 1344 2401 1411 Chalcedone,
2434 1363 2462 1400 a
2488 1350 2688 1402 sanctis
2716 1358 2771 1402 et
2812 1347 3126 1402 orthodoxis
3151 1344 3418 1411 Patribus,
3448 1349 3535 1416 qui
3564 1352 3615 1402 in

2044 1436 2303 1491 catholica
2354 1438 2456 1491 ﬁde
2488 1439 2802 1504 ﬂoruerunt,
2834 1438 3005 1507 gratia
3051 1438 3221 1492 sancti
3267 1448 3350 1493 est
3390 1438 3618 1507 Spiritus

2045 1526 2361 1580 stabilitum.
2391 1528 2515 1581 Haec
2540 1537 2595 1582 et
2624 1530 2705 1583 liis
2734 1529 2925 1583 similia
2956 1528 3208 1583 concordi
3237 1542 3401 1583 sensu
3431 1528 3620 1584 frater-

2047 1616 2186 1669 nitas
2208 1626 2385 1672 vestra
2414 1619 2757 1685 pra-dicando
2797 1619 3072 1673 nobiscum
3103 1632 3197 1672 ore
3222 1625 3277 1672 et
3300 1633 3463 1688 opere
3487 1634 3620 1673 con-

2052 1705 2287 1763 ﬁteatur.
2343 1709 2599 1765 Similiter
2647 1720 2824 1765 autem
2871 1711 3388 1767 anathematizantes
3434 1726 3621 1765 omnes

371 1816 728 1887 parvipendit.
758 1814 849 1868 His
879 1812 1041 1880 igitur
1068 1819 1120 1864 et
1150 1807 1269 1862 aliis
1312 1807 1363 1860 in
1394 1805 1600 1876 synodo
1640 1802 1943 1858 fraternita-
1972 1795 2020 1855 B
2050 1796 2282 1853 haereses
2328 1809 2383 1853 et
2433 1810 2679 1856 auctores
2708 1815 2912 1864 earum,
2962 1809 3014 1855 ut
3065 1801 3114 1855 id
3167 1802 3338 1872 ipsum
3380 1802 3621 1855 dicamus

375 1908 444 1960 tis
499 1913 691 1960 vestra:
740 1900 1046 1971 requisitis,
1102 1896 1373 1952 canonica:
1427 1895 1569 1948 hunc
1619 1892 1949 1948 exsecutioni

380 1996 700 2056 Submittite,
725 2004 783 2047 ut
819 1989 1139 2045 sacerdotali
1168 1987 1356 2043 ordine
1380 1994 1435 2041 et
1463 1984 1752 2053 episc0pali
1796 1982 1949 2051 legis-

377 2091 598 2152 latione,
631 2101 693 2141 ac
721 2084 1040 2155 regulariter
1088 2096 1154 2137 eo
1186 2079 1486 2136 sacerdotio
1515 2075 1805 2141 denudato,
1843 2089 1948 2129 non

376 2180 549 2234 solum
582 2179 713 2232 ﬁdes
744 2176 946 2231 illibata
988 2182 1319 2241 permaneat,
1366 2168 1460 2222 sed
1508 2176 1562 2221 et
1606 2165 1950 2220 fraternitatis

377 2282 569 2326 vestrae
615 2269 810 2338 gradus
852 2263 1169 2335 episcopalis
1226 2261 1430 2314 ﬁrmior
1470 2269 1836 2313 conservetur.
1882 2259 1951 2310 At

376 2378 525 2425 vero,
561 2362 605 2415 si
637 2360 920 2430 diligenter
966 2352 1267 2410 fraternitas
1296 2361 1491 2416 vestra,
1528 2350 1654 2403 dum
1702 2348 1949 2402 consilia—

378 2462 486 2517 tur,
519 2448 848 2519 perspexerit
899 2446 1133 2500 fautores
1173 2442 1282 2511 jam
1327 2441 1452 2495 dicti
1498 2439 1683 2509 Pyrrhi
1721 2438 1949 2491 circum-

377 2550 638 2611 strepere,
680 2547 734 2594 et
781 2537 1055 2592 senseritis
1103 2537 1311 2598 crebro,
1358 2532 1651 2586 insolenter
1703 2530 1949 2599 praesenti

376 2630 588 2697 negotio
634 2626 773 2697 quod
814 2623 1172 2680 deﬁniendum
1216 2631 1319 2686 est,
1367 2620 1803 2689 impedimentum
1854 2633 1949 2685 per

376 2721 683 2775 dilationem
715 2718 925 2781 afferre,
960 2724 1015 2769 ut
1064 2715 1335 2785 pr0prium
1375 2712 1680 2780 compleant
1710 2710 1948 2779 quando-

377 2824 484 2879 que
512 2809 810 2872 consilium,
850 2807 1002 2861 vobis
1030 2803 1481 2865 contradicentes,
1526 2802 1627 2855 nisi
1672 2799 1821 2868 juxta
1855 2814 1950 2853 vo-

378 2918 491 2956 .um
521 2916 675 2955 suum
703 2898 993 2968 quidquam
1020 2896 1331 2963 proveniat;
1359 2903 1413 2947 et
1456 2892 1498 2946 si
1530 2892 1597 2945 ob
1630 2892 1728 2945 hoc
1760 2891 1946 2946 frater-

374 2992 594 3046 nitatem
625 3000 859 3044 vestram
883 2987 1165 3042 obnoxiam
1193 2985 1385 3049 facere,
1418 2983 1498 3035 vel
1522 2982 1680 3035 etiam
1712 2982 1942 3035 scliisma

370 3082 440 3137 de
478 3081 663 3137 eadem
710 3092 936 3148 persona
966 3077 1304 3137 tentaverint,
1348 3073 1600 3142 possibile
1639 3081 1807 3126 estut
1851 3073 1941 3127 ab

368 3170 651 3225 scindatnr
697 3169 855 3222 etiam
904 3166 955 3219 in
1003 3163 1306 3233 hujusmodi
1352 3160 1586 3229 capitulo
1617 3161 1732 3214 talis
1761 3175 1942 3214 versu—

364 3262 568 3315 tiarum
616 3261 854 3326 ipsorum
886 3258 1131 3320 intentio,
1169 3263 1223 3309 et
1261 3254 1561 3308 obtineatur
1588 3252 1757 3321 jussio
1786 3268 1813 3305 a
1846 3253 1943 3306 do-

379 3354 524 3407 mino
562 3361 746 3404 nostro
790 3357 843 3403 et
888 3348 997 3401 filio
1024 3343 1463 3401 Christianissimi
1505 3343 1778 3411 principis,
1810 3358 1946 3411 quo-

377 3446 518 3498 niam
573 3440 638 3495 de
708 3441 807 3495 hoc
859 3440 1068 3494 enixius
1130 3452 1251 3493 eum
1320 3451 1414 3505 per
1470 3436 1677 3490 litteras
1736 3445 1947 3490 nostras

377 3534 736 3602 poposcimus,
784 3538 843 3584 ut
884 3529 1085 3584 scilicet
1127 3543 1271 3596 saepe
1320 3526 1520 3597 dictum.
1572 3526 1829 3597 Pyrrhum
1880 3528 1945 3580 ad

377 3626 515 3680 hanc
554 3624 847 3676 Romanam
877 3621 1063 3674 urbem
1103 3620 1287 3687 jnbeat
1318 3619 1475 3683 mitti,
1517 3627 1779 3686 quatenus
1820 3632 1948 3670 con-

375 3723 535 3768 ventu
584 3712 838 3780 synodico
866 3723 895 3761 a
928 3709 1081 3764 nobis
1109 3708 1320 3773 ell'ecto,
1367 3724 1462 3776 pro
1511 3721 1607 3761 sua
1649 3708 1947 3762 temeritate

376 3800 662 3871 iudicetur.
705 3801 792 3855 Sic
835 3800 980 3853 enim
1023 3809 1077 3853 et
1118 3798 1468 3852 fraternitatis
1500 3806 1692 3852 vestra:
1741 3799 1949 3865 episco-

375 3891 515 3959 palis
543 3890 774 3960 dignitas
809 3890 952 3943 omni
998 3888 1173 3942 futuro
1221 3888 1611 3942 contrariorum
1658 3887 1948 3943 schismate

377 3981 584 4035 ﬁrmior
615 3994 876 4049 apparere
920 3978 1135 4043 valebit,
1175 3987 1230 4033 et
1256 3978 1562 4033 scandalum
1603 3977 1851 4032 novitatis
1880 3980 1947 4033 ab

376 4069 673 4124 orthodoxa
705 4068 809 4123 ﬁde
835 4068 1045 4137 pulsum
1064 4068 1366 4131 necabitur,
1393 4076 1553 4136 atque
1583 4066 1676 4122 Dei
1709 4068 1946 4123 Ecclesia

378 4162 641 4215 continua:
667 4163 781 4229 paci
813 4161 1117 4215 donabitur.
1154 4159 1327 4213 Deleri
1368 4173 1598 4227 namque
1617 4160 1683 4211 ab
1707 4159 1945 4214 Ecclesia

378 4251 472 4305 Dei
504 4252 755 4306 scandala
782 4249 996 4314 debent,
1030 4259 1083 4306 et
1110 4250 1413 4319 exstirpari.
1455 4248 1621 4303 Multa
1659 4250 1801 4303 enim
1833 4265 1949 4319 pos-

379 4349 503 4393 sunt
530 4339 659 4394 oriri
702 4338 1047 4393 dissensionis
1083 4340 1282 4393 zizania
1327 4347 1511 4394 contra
1559 4339 1947 4406 promotionem

380 4428 727 4482 fraternitatis
757 4438 878 4491 tute,
928 4428 1027 4481 nisi
1058 4430 1312 4483 canonica
1361 4429 1499 4483 falce
1550 4443 1615 4482 ne
1665 4428 1944 4497 proﬁciant

381 4517 635 4572 radicitus
668 4516 1057 4571 rescindantur.
1088 4516 1361 4587 Siquidem
1394 4532 1514 4571 cum
1563 4519 1758 4584 patitur
1784 4533 1943 4572 unum

382 4609 705 4673 membrum,
736 4609 1129 4676 compatiuntur
1158 4609 1358 4676 reliqua
1407 4609 1649 4676 corporis
1688 4609 1946 4664 membra.

384 4700 536 4757 Absit
566 4714 694 4769 ergo
722 4708 779 4753 ut
806 4699 1095 4754 schismata
1143 4709 1196 4754 et
1224 4700 1585 4753 dissensiones
1616 4703 1949 4770 proveniant,

383 4789 675 4845 secundum
721 4791 861 4858 quod
912 4799 967 4842 et
996 4789 1479 4843 mansuetissimam
1509 4789 1781 4845 dominum
1811 4800 1865 4846 et
1893 4793 1952 4845 ﬁ-

384 4882 513 4937 lium
547 4890 785 4936 nostrum
830 4882 1123 4948 principem
1156 4896 1250 4947 per
1276 4879 1483 4934 litteras
1522 4888 1734 4935 nostras
1762 4883 1952 4950 petivi-

384 4988 524 5037 mus,
554 4988 658 5041 quo
697 4973 764 5025 ab
794 4974 1103 5038 episcopatu
1146 4971 1495 5023 fraternitatis
1539 4979 1733 5024 vestra:
1774 4973 1953 5026 omnia

384 5080 523 5133 qum.
549 5079 719 5131 nuper
747 5073 930 5115 exorta
963 5070 1089 5115 sunt
1132 5060 1381 5114 scandala
1412 5060 1738 5125 recidantur,
1773 5070 1826 5115 et
1857 5076 1954 5114 nos

385 5154 598 5222 quidem
631 5154 791 5207 veluti
824 5151 1052 5205 fraterna
1084 5152 1286 5204 viscera
1326 5148 1731 5205 condolentibus
1779 5151 1946 5219 provi-

386 5247 578 5300 dentia:
611 5256 804 5300 nostrae
836 5244 1094 5298 medelam
1132 5242 1415 5297 afferentes
1456 5257 1822 5311 appareamus.
1857 5242 1956 5296 Ve-

388 5349 682 5391 rumtamen
734 5337 1037 5403 prtedictam
1077 5335 1341 5397 chartam,
1372 5347 1493 5402 quae
1541 5346 1725 5388 contra
1774 5335 1957 5389 ortho-

387 5426 579 5480 doxam
622 5426 778 5479 ﬁdem
810 5434 864 5480 et
889 5424 1324 5479 Chalcedonense
1354 5423 1635 5476 concilium
1668 5424 1958 5491 sopltistice

390 5515 641 5583 probatur
684 5517 951 5584 exposita,
994 5517 1201 5570 cunctis
1244 5515 1446 5569 viribus
1475 5514 1679 5567 irritam
1710 5530 1827 5570 esse
1864 5516 1959 5570 de-

392 5607 699 5671 liberamus,
728 5616 783 5660 et
823 5607 1034 5661 vinculo
1061 5607 1433 5679 auatltematis_
1458 5605 1763 5674 refutatum,
1799 5616 1958 5678 atque

446 5727 486 5813 Ϊα
515 5740 694 5795 Edidit
724 5741 885 5795 Sirm.

2049 1904 2258 1952 omnes,
2290 1889 2427 1944 sicut
2456 1889 2711 1956 scriptum
2743 1898 2847 1955 est,
2876 1901 2927 1945 et
2958 1892 3245 1947 schismata
3279 1893 3422 1947 nullo
3462 1894 3620 1946 modo

2046 1982 2349 2049 germinent
2380 1983 2431 2035 in
2464 1980 2713 2036 Ecclesiis
2746 1981 2862 2048 Dei,
2895 1997 3014 2051 quae
3042 1983 3302 2053 spirituali
3329 1985 3435 2051 jam
3468 1992 3519 2038 et
3542 1985 3622 2038 bis

2047 2082 2204 2127 acuto
2230 2074 2513 2127 sententia:
2542 2073 2715 2141 gladio
2742 2084 2863 2127 sunt
2892 2075 3082 2128 recisa.
3110 2073 3278 2129 Porro
3304 2086 3620 2142 prmsentem

2048 2162 2345 2216 litterarum
2399 2164 2623 2217 latorem
2674 2163 2992 2219 fraternitati
3039 2175 3231 2219 vestrae
3277 2165 3327 2218 in
3377 2165 3622 2219 omnibus

2047 2255 2502 2320 commendamus,
2536 2258 2784 2324 quoniam
2833 2267 2886 2310 et
2938 2270 3115 2311 mores
3153 2257 3270 2325 ejus
3317 2258 3531 2327 exigunt
3565 2270 3621 2311 ut

2048 2361 2169 2399 eum
2219 2345 2374 2398 vobis
2406 2361 2502 2399 nos
2531 2347 2910 2401 commendare
2937 2348 3225 2403 debeamus
3252 2364 3268 2403 ε
3300 2350 3421 2419 quia
3455 2351 3622 2403 mani-

2051 2434 2184 2489 feste
2214 2446 2446 2489 vestram
2479 2437 2633 2490 nobis
2664 2439 2999 2504 praesentiam
3029 2439 3281 2495 exhibere
3307 2441 3621 2497 venerabili»-

2050 2536 2128 2581 t.is
2156 2527 2272 2596 ejus
2301 2539 2459 2597 atque
2485 2530 2741 2596 perfectio
2766 2545 2972 2585 morum
3003 2531 3352 2602 dignoscitur.

2662 2648 2685 2677 ⁸
2716 2657 3007 2695 Ειειιριλιι

2049 2730 2417 2801 Ρνίιροδὶεἰοηίδ
2455 2732 2763 2803 transmissis
2786 2731 3275 2803 ConstantinOpolim
3301 2752 3333 2789 a
3352 2734 3621 2791 Theodoro

2460 2802 2783 2855 sanctissimo
2812 2820 2947 2869 papa
2969 2802 3223 2857 Romano.

2119 2888 2371 2943 Dominus
2401 2905 2462 2943 ac
2487 2890 2724 2946 Salvator
2752 2903 2933 2947 noster
2963 2895 3012 2947 in
3040 2894 3333 2964 Evangeliis
3362 2899 3619 2963 apostolis

2046 2978 2153 3030 suis
2194 2978 2259 3029 ita
2304 2978 2433 3031 dixit
2466 2996 2479 3033 :
2511 2979 2809 3050 Quicunque
2847 2984 3043 3035 solverit
3081 3000 3235 3037 unum
3275 2987 3336 3038 de
3369 2988 3623 3040 mandatis

2044 3067 2154 3119 istis
2180 3068 2417 3133 minimis,
2440 3079 2488 3122 et
2510 3071 2737 3124 docuerit
2778 3073 2851 3125 sic
2874 3074 3122 3140 homines,
3145 3078 3383 3131 minimus
3424 3079 3623 3131 vocabi-

2050 3168 2129 3209 tur
2154 3160 2205 3210 in
2231 3175 2384 3228 regno
2406 3161 2645 3214 caelorum
2666 3162 2880 3232 (Matth.
2912 3166 3003 3232 v);
3033 3176 3087 3221 et
3110 3168 3212 3222 alia
3244 3168 3514 3238 Scriptura
3542 3171 3622 3224 di-

2047 3249 2158 3302 cit:
2200 3249 2283 3303 Ne
2311 3255 2588 3319 transferas
2632 3256 2871 3308 terminos
2911 3265 3148 3323 wternos,
3188 3275 3318 3328 quos
3346 3272 3623 3325 posuerunt

2048 3349 2215 3407 patres
2258 3342 2330 3393 tui
2368 3340 2551 3410 (Prov.
2587 3344 2740 3413 xxii).
2792 3344 2883 3399 llis
2922 3362 3047 3417 ergo
3075 3347 3151 3401 sic
3198 3363 3255 3403 se
3286 3349 3619 3413 trahentibus,

2046 3429 2112 3483 ad
2141 3432 2376 3485 notitiam
2410 3432 2751 3489 fraternitatis
2782 3444 2975 3491 vestra:
3003 3438 3316 3493 deducimus
3344 3441 3462 3508 quia
3492 3440 3623 3511 Pyr-

2052 3524 2201 3587 rhus,
2235 3526 2322 3593 qui
2353 3529 2613 3595 qunndam
2649 3530 2899 3584 Ecclesiae
2927 3532 3463 3601 Constantinopoleos
3506 3534 3624 3603 epi-

2049 3626 2323 3683 scopatum
2349 3617 2625 3685 subripuit,
2648 3627 2702 3673 et
2726 3619 2894 3674 instar
2922 3621 3025 3690 lupi
3053 3624 3151 3677 sub
3177 3632 3417 3692 pretextu
3450 3634 3624 3693 pasto«

2050 3706 2125 3760 ris
2153 3707 2409 3769 latitabat,
2442 3719 2624 3763 contra
2656 3712 3003 3767 orthodoxam
3034 3714 3214 3776 ﬁdem,
3244 3731 3408 3770 cornu
3433 3719 3624 3772 bellico

2048 3808 2251 3864 erecto,
2299 3800 2541 3869 quu‘dum
2592 3803 2841 3858 novitatis
2891 3807 3141 3875 ﬁgmenta
3189 3812 3525 3879 composuit,
3570 3824 3626 3869 et

2048 3893 2245 3946 chartis
2275 3909 2304 3946 a
2335 3909 2391 3948 se
2417 3895 2645 3962 dictatis,
2678 3900 2934 3967 quosdam
2968 3900 3173 3956 furtivis
3202 3918 3265 3957 ac
3296 3906 3625 3974 subreptitiis

2048 3981 2220 4035 modis
2252 3982 2587 4040 subscribere
2621 3990 2875 4058 compulit
2902 3993 3207 4048 sacerdotes
3238 4009 3251 4045 :
3289 4006 3501 4049 versute
3525 4012 3621 4063 ge-

2048 4086 2194 4139 rens,
2226 4083 2283 4126 ut
2314 4073 2620 4130 litereticum
2668 4081 3094 4147 praesumptionis
3125 4096 3234 4135 sua:
3264 4082 3459 4153 dogma
3488 4086 3624 4139 sub.

2047 4164 2213 4231 reptis
2257 4163 2477 4218 aliorum
2522 4168 3000 4236 subscriptionibus
3046 4169 3328 4238 stabiliret,
3369 4182 3423 4228 et
3458 4174 3621 4229 veluti

2051 4268 2245 4308 novum
2285 4256 2551 4310 mathema
2592 4267 2776 4312 contra
2819 4261 3132 4324 colendum,
3162 4262 3418 4331 nobisque
3460 4264 3628 4317 tradi-

2049 4356 2159 4402 tum
2188 4362 2217 4400 a
2242 4350 2440 4403 sanctis
2466 4350 2710 4405 Patribus
2739 4352 3039 4421 symbolum
3086 4368 3407 4421 componere
3452 4369 3619 4408 cona—

2050 4449 2214 4493 retur.
2256 4437 2324 4492 Et
2368 4439 2617 4508 quoniam
2667 4441 2718 4495 in
2747 4440 3167 4497 Chalcedonensi
3211 4443 3438 4498 concilio
3486 4460 3616 4499 ana-

2053 4527 2229 4582 thema
2256 4530 2479 4597 positum
2515 4540 2597 4585 est
2624 4532 2705 4585 his
2733 4534 2819 4601 qui
2850 4534 3147 4589 addiderint
3174 4537 3257 4590 vel
3289 4538 3621 4606 dempserint

2052 4616 2179 4685 quid
2228 4617 2280 4671 in
2315 4619 2418 4672 ﬁde
2449 4634 2565 4689 qua
2609 4636 2637 4674 a
2670 4630 2744 4675 tot
2772 4622 3018 4677 Patribus
3046 4634 3128 4678 est
3163 4626 3430 4692 roborata,
3467 4627 3623 4694 hujus

2055 4708 2130 4761 rei
2161 4709 2325 4776 gratia
2349 4709 2693 4764 dilectionem
2725 4722 2954 4765 vestram
2980 4716 3293 4779 praemunire
3318 4718 3627 4771 considera-

2054 4797 2245 4862 vimus,
2279 4807 2334 4851 ut
2362 4799 2443 4852 his
2472 4815 2589 4869 qua:
2636 4817 2663 4853 a
2699 4803 2950 4868 praedicto
2981 4804 3188 4875 Pyrrho
3216 4806 3469 4862 adversus
3495 4824 3622 4876 apo-

2051 4885 2294 4940 stolicam
2325 4887 2479 4941 ﬁdem
2509 4902 2822 4959 praesumpta
2852 4901 2997 4959 sunt,
3031 4896 3349 4962 reprobatis,
3378 4899 3623 4953 eamdem

2052 4979 2230 5044 ﬁdem,
2260 4980 2393 5034 sicut
2422 4992 2477 5034 et
2520 4982 2597 5034 fisi
2646 4999 2856 5050 sumus,
2890 4988 3196 5051 retineatis,
3228 5004 3383 5055 quam
3416 5005 3479 5043 ex
3512 4992 3629 5059 ipso

2054 5069 2190 5122 lacte
2233 5070 2452 5123 uberum
2500 5084 2697 5126 sancta:
2730 5072 2981 5128 Ecclesiae
3010 5077 3166 5129 simul
3217 5079 3459 5144 suxistis,
3506 5083 3626 5133 uni-

2055 5172 2204 5211 versa
2251 5162 2544 5213 temerariae
2588 5162 2834 5214 novitatis
2873 5161 3224 5217 deliramenta
3269 5165 3626 5222 deSIruenles.

2053 5244 2160 5299 Nos
2190 5248 2331 5302 enim
2362 5259 2463 5301 tam
2495 5264 2585 5317 per
2610 5250 2738 5304 alias
2771 5252 2990 5315 litteras,
3026 5268 3182 5320 quam
3228 5267 3322 5321 per
3347 5255 3619 5309 decretum

2055 5339 2332 5404 prmsentis
2374 5340 2773 5406 propositionis,
2825 5342 3000 5394 omnia
3047 5358 3165 5410 qua:
3213 5353 3397 5398 contra
3451 5346 3629 5398 ortho-

2056 5430 2247 5482 doxam
2275 5440 2325 5484 et
2352 5431 2693 5498 apostolicam
2726 5430 2878 5487 fidem
2906 5443 3137 5487 nostram
3158 5436 3224 5489 ab
3240 5436 3475 5504 ejusdem
3502 5438 3629 5508 Pyr-

2059 5518 2139 5570 rlti
2175 5534 2304 5571 nova
2341 5532 2391 5574 et
2425 5524 2703 5576 temeraria
2732 5522 2962 5576 vanitate
3006 5523 3299 5579 introducta
3330 5536 3471 5590 sunt,
3503 5533 3630 5580 alio-

2056 5609 2338 5684 niinantcs,
2363 5610 2626 5681 simulque
2656 5629 2772 5668 cum
2802 5613 3008 5682 charta,
3035 5631 3153 5686 qua:
3183 5620 3470 5687 proposita,
3495 5628 3550 5674 et
3574 5619 3628 5675 in
