4018 6184
370 355 385 368 ⁸
415 358 480 412 8i
1678 349 2013 407 EPISTOLA
2054 349 2393 407 SECUNDA.
3590 346 3657 403 82

409 468 630 541 publicis
667 466 797 521 locis
825 465 895 519 ab
931 480 995 519 eo
1022 478 1277 533 suspensa
1312 473 1411 527 est,
1446 461 1981 526 auathematizautes,
2011 468 2062 523 Α
2089 462 2400 528 ﬂoruerunt,
2433 464 2657 533 posteris
2700 463 2892 519 tradita
2924 478 3017 533 per
3044 472 3224 520 sancta
3252 462 3482 532 quinque
3528 471 3658 514 cott-

407 560 647 613 volumus
674 570 863 610 omnes
890 554 976 608 illa
1008 569 1215 623 sapere,
1243 553 1293 608 id
1325 562 1406 608 est
1433 562 1637 617 tenere,
1666 565 1781 621 quae
1809 553 1977 605 sancti

402 649 623 717 apostoli
655 647 991 702 tradiderunt
1043 656 1096 700 et
1124 648 1307 703 Patres
1334 646 1423 717 qui
1470 647 1521 699 in
1556 644 1850 700 orthodoxa
1880 644 1983 699 fide

407 789 2630 819 Μ*-

2084 553 2201 609 cilia
2235 554 2600 609 firmaverunt.

2640 782 3654 809 -----------ο.
3598 806 3603 809 λ

1442 918 2318 1048 EPISTULA
2409 915 2578 1059 ΙΙ,

399 1127 505 1190 AD
538 1126 972 1189 EPISCOPOS
1007 1126 1141 1201 QUI
1179 1123 1915 1187 CONSECRAVERUNT
1960 1119 2283 1183 PAULUM
2341 1118 2917 1181 PATRIARCHAM
2970 1116 3663 1181 CONSTANTINOPO-

1096 1223 1456 1286 LITANUM
1490 1222 1850 1284 PROPTER
1882 1218 2267 1282 PYRRHUM
2301 1217 2409 1277 EX
2441 1215 2971 1278 PATRIARCHA.

464 1460 699 1515 Litteras
752 1457 1095 1512 fraternitatis
1143 1465 1355 1521 vestrae,
1403 1469 1499 1524 per
1546 1467 1678 1523 quas
1716 1451 1873 1507 nobis
1916 1449 1983 1506 de
2016 1450 2059 1510 Β
2086 1448 2301 1504 molitus
2330 1456 2434 1514 est,
2467 1446 3006 1514 anathematizantes,
3038 1447 3165 1516 quin
3197 1447 3357 1503 etiam
3391 1461 3532 1502 nunc
3562 1451 3665 1502 tte-

396 1549 737 1618 promotione
766 1548 913 1601 Pauli
958 1546 1133 1601 fratris
1157 1556 1213 1602 et
1238 1544 1541 1615 coepiscopi
1578 1542 1747 1597 nostri
1780 1540 1988 1611 signiﬁ-

396 1641 577 1703 castis,
629 1638 996 1707 suscepimus,
1044 1645 1100 1692 et
1143 1636 1309 1705 gavisi
1357 1635 1567 1702 quidem
1619 1645 1781 1701 super
1826 1630 2029 1699 bujus'

397 1746 581 1788 sumus
609 1730 970 1785 ordinatione.
1006 1728 1111 1784 Sed
1150 1727 1324 1781 futura
1366 1724 1617 1781 maestitia
1647 1723 1771 1776 huic
1797 1720 1985 1776 videli-

394 1833 479 1878 cet
521 1835 850 1877 succcssura
870 1861 887 1886 ,
919 1831 1135 1888 propter
1184 1819 1386 1873 zizania
1416 1833 1534 1883 qua-
1566 1816 1830 1869 nascitura
1874 1812 1988 1868 fore

397 1920 722 1981 sperantur,
767 1911 1005 1966 animum
1051 1920 1297 1963 nostrum
1343 1908 1495 1962 valde
1531 1905 1831 1971 concussit,
1886 1903 1986 1958 nisi

396 1998 812 2067 diligentissima
857 2012 1015 2051 manu
1063 2006 1118 2051 et
1159 1996 1461 2051 cautissima
1503 2008 1651 2056 cura,
1683 1993 1985 2061 priusquam

399 2098 675 2153 crescant,
722 2096 779 2141 et
810 2087 1140 2141 Dotninicam
1189 2099 1417 2139 messem
1464 2082 1743 2147 suffucent,
1792 2085 1987 2137 exstir-

397 2190 616 2249 pentur.
667 2178 935 2234 Debuerat
981 2177 1142 2247 igitur
1195 2176 1460 2245 Pyrrhus,
1511 2174 1601 2245 qui
1649 2174 1846 2228 sanctis
1897 2173 1987 2229 Dei

399 2267 662 2323 Eeclesiis
729 2267 1037 2322 scandalum
1102 2266 1430 2333 seminavit,
1507 2264 1780 2319 canonica:
1844 2264 1990 2332 prius

397 2355 861 2412 animadversioni
906 2354 1171 2418 submitti,
1202 2367 1253 2408 et
1283 2363 1391 2408 tum
1421 2354 1669 2423 praelatus
1701 2353 1863 2408 frater
1888 2369 1986 2408 no-

400 2457 504 2502 ster
536 2446 741 2501 Paulus
768 2445 969 2500 sacrari
1000 2460 1012 2490 τ
1042 2459 1111 2500 ne
1139 2444 1276 2500 forte
1307 2454 1546 2513 tempore
1576 2443 1753 2513 aliquo
1779 2444 1845 2498 de
1874 2444 1987 2513 eje-

395 2540 578 2593 ctione
604 2550 701 2590 sua
729 2536 1031 2604 quampiam
1062 2550 1122 2590 se
1150 2544 1300 2604 putet
1326 2535 1711 2605 querimoniam
1746 2534 1988 2603 objectu-

398 2638 545 2690 rum,
577 2626 725 2695 quod
752 2626 935 2679 odium
978 2624 1291 2679 sustinuerit
1321 2624 1600 2694 populare,
1645 2633 1698 2678 et
1724 2623 1772 2678 vi
1806 2622 1987 2693 pulsus

401 2716 645 2772 libellum
688 2717 917 2783 dederit,
949 2727 1003 2772 et
1050 2732 1201 2771 suam
1233 2718 1522 2772 Ecclesiam
1554 2717 1882 2783 refutat'erit,
1911 2716 1983 2769 si-

2088 1552 2204 1593 rum
2253 1547 2410 1607 atque
2460 1537 2651 1593 iterum
2696 1537 3213 1592 anathematizamus
3261 1552 3274 1590 :
3318 1536 3407 1591 illa
3461 1545 3663 1591 tantum

2089 1627 2471 1695 amplectentes
2520 1642 2640 1696 quae
2686 1629 2853 1681 sancti
2904 1626 3058 1680 nobis
3104 1625 3288 1680 Patres
3340 1625 3394 1681 in
3446 1626 3665 1695 synodis

2088 1716 2453 1782 tradiderunt,
2504 1717 2634 1772 nihil
2692 1717 2807 1771 fidei
2855 1717 3149 1783 addentes,
3197 1731 3297 1773 nec
3340 1718 3665 1772 auferentes.

2087 1806 2157 1862 Et
2184 1807 2385 1862 idcirco
2415 1822 2532 1876 quze
2559 1807 2611 1861 in
2646 1822 2927 1876 personam
2961 1807 3194 1875 praedicti
3229 1808 3417 1878 Pyrrhi
3446 1808 3667 1862 deﬁnie-

2086 1897 2277 1964 rimus,
2322 1900 2373 1954 in
2420 1898 2609 1953 litteris
2637 1913 2770 1968 quas
2804 1898 2867 1952 ad
2908 1898 3017 1968 jam
3070 1907 3418 1953 memoratum
3452 1899 3667 1952 fratrem

2087 1996 2141 2042 et
2186 1990 2558 2056 coepiscopum
2601 1998 2839 2042 nostrum
2894 1987 3170 2052 misimus,
3226 1988 3546 2057 agnoscetis.
3601 1988 3668 2044 Ut

2089 2076 2245 2146 igitur
2274 2076 2583 2131 scandalum
2624 2077 2845 2132 minime
2888 2076 3063 2131 futuro
3095 2085 3333 2146 tempore
3361 2087 3669 2148 generetur,

2088 2171 2383 2225 secundum
2418 2170 2693 2240 prmlixum
2745 2170 2961 2225 modum
2993 2170 3277 2238 diligenter
3304 2184 3455 2225 sacra
3486 2169 3669 2240 provi—

2089 2263 2269 2318 dentia
2317 2262 2664 2331 exstinguere
2712 2271 2883 2316 curet.
2935 2262 2999 2315 Et
3042 2276 3127 2315 res
3168 2261 3379 2331 quidem
3421 2261 3534 2330 ipsa
3576 2276 3671 2316 nos

2092 2354 2259 2423 magis
2302 2353 2367 2407 ad
2410 2352 2804 2407 tribulationem
2847 2350 3174 2419 provocavit,
3206 2359 3260 2406 et
3304 2352 3565 2406 nascitura
3598 2352 3671 2405 zi-

2090 2448 2242 2501 zania
2286 2444 2603 2515 conjecturis
2646 2443 3007 2513 probabilibus
3048 2442 3368 2509 informavit,
3420 2445 3669 2513 quoniam

2090 2552 2186 2605 per
2228 2538 2432 2591 litteras
2474 2546 2680 2590 vestras
2731 2534 3041 2603 praedictum
3090 2534 3353 2605 Pyrrhum
3400 2533 3672 2589 sanctissi-

2090 2643 2237 2683 mum
2287 2627 2617 2683 nominastis.
2672 2626 2725 2683 Si
2773 2627 2914 2681 enim
2964 2627 3064 2682 alia
3114 2636 3409 2693 taceamus,
3442 2638 3495 2683 et
3536 2627 3671 2683 nihil

2091 2719 2308 2773 omnino
2338 2720 2578 2788 peccavit
2606 2728 2697 2771 aut
2728 2718 2780 2771 in
2810 2716 3145 2787 religionem,
3172 2727 3261 2771 aut
3290 2717 3343 2772 in
3373 2718 3670 2772 doctrinam

398 2818 485 2862 cut
524 2810 686 2865 nobis
715 2809 1017 2863 fraternitas
1044 2817 1216 2863 vestra
1250 2823 1343 2875 per
1382 2807 1584 2862 litteras
1621 2821 1742 2861 suas
1772 2805 1979 2875 signifi-
2012 2793 2058 2856 C
2090 2807 2235 2876 ﬁdei,
2279 2818 2332 2862 et
2378 2822 2474 2862 nec
2518 2822 2618 2861 una
2666 2807 2819 2875 culpa
2872 2806 3142 2860 damnavit
3173 2823 3186 2859 :
3220 2808 3565 2876 quamobrem
3606 2807 3674 2862 de

399 2899 563 2950 cavit.
620 2897 802 2952 Facile
846 2898 1043 2966 quippe
1088 2904 1360 2950 mutantur
1390 2895 1654 2960 homines,
1684 2904 1739 2950 et
1775 2895 1988 2964 quidem

405 2987 699 3056 aliquando
739 3002 804 3041 ex
854 2989 979 3040 odio
1026 2985 1095 3040 ad
1141 2985 1483 3040 dilectionem
1533 2995 1837 3055 assurgunt,
1888 2985 1989 3038 ali-

401 3078 625 3144 quando
655 3092 783 3132 vero
819 3092 850 3131 a
882 3077 1169 3132 dilectione
1212 3076 1265 3129 in
1296 3075 1476 3130 odium
1505 3074 1827 3130 dilabuntur.
1877 3076 1990 3141 Qua

400 3186 532 3238 ergo
563 3183 664 3240 pro
694 3184 880 3234 causa,
913 3184 1032 3237 qua:
1061 3166 1384 3222 dissimulari
1418 3167 1589 3220 futura
1618 3176 1742 3243 sunt
1771 3166 1991 3235 provido

402 3275 505 3314 non
577 3260 1012 3329 contemplantur
1061 3258 1296 3313 obtutu?
1364 3272 1432 3312 ne
1483 3255 1618 3313 forte
1671 3260 1992 3325 proveniens

400 3352 719 3407 scandalum
746 3353 910 3406 variis
957 3350 1319 3406 simultatibus
1351 3350 1640 3405 Ecclesiam
1674 3350 1765 3404 Dei
1795 3350 1991 3405 discin—

402 3445 510 3498 dat.
564 3445 699 3498 Sunt
727 3443 984 3512 capitula,
1031 3444 1223 3514 quibus
1250 3443 1538 3512 praedictus
1567 3442 1806 3513 Pyrrhus
1833 3458 1993 3498 cano-

403 3537 523 3590 nice
557 3546 734 3604 potest
760 3536 826 3589 ab
847 3534 990 3589 omni
1020 3534 1340 3591 sacerdotali
1367 3534 1556 3590 ordine
1577 3535 1725 3603 pelli.
1757 3536 1989 3590 Primum

403 3627 646 3695 quidem,
676 3627 797 3693 quia
821 3625 1140 3692 Heraclium,
1160 3626 1251 3697 qui
1278 3624 1741 3681 anathematizavit
1768 3626 1991 3680 catholi-

404 3730 520 3769 cam
557 3715 722 3769 tidem
753 3725 809 3769 et
833 3715 1016 3770 Patres
1044 3716 1340 3772 orthodoxe
1367 3716 1681 3781 sentientes,
1718 3716 1772 3770 in
1804 3716 1993 3771 litteris

402 3808 514 3860 suis
567 3805 817 3860 laudibus
867 3807 1092 3874 extulit,
1145 3815 1200 3862 et
1256 3823 1349 3876 per
1404 3807 1845 3877 subreptionem,
1899 3822 1994 3876 per

402 3898 671 3969 quosdam
711 3900 1018 3956 sacerdotes
1046 3901 1134 3968 qui
1164 3899 1612 3967 subscripserant,
1648 3901 1991 3969 sophisticam

407 4004 625 4058 quoque
664 3989 907 4044 chartam
953 3990 1209 4044 adversus
1237 3992 1580 4059 apostolicam
1614 3990 1769 4044 ﬁdem
1802 3990 1995 4045 confir-

404 4094 557 4135 mare
588 4082 946 4150 przesumpsit,
974 4090 1026 4135 et
1055 4080 1108 4135 in
1137 4080 1363 4150 publicis
1392 4082 1523 4136 locis
1548 4080 1876 4147 suspendere
1907 4081 1989 4135 fe-

2093 2902 2306 2970 propria
2336 2910 2415 2954 est
2441 2899 2647 2967 ejectus
2676 2898 2957 2953 Ecclesia?
2982 2898 3085 2953 Sed
3118 2898 3344 2953 fortasse
3373 2900 3493 2966 quis
3522 2899 3676 2954 dixe-

2090 2992 2181 3058 rit,
2209 2989 2459 3060 generale
2510 2988 2611 3042 hoc
2656 2987 2834 3043 odium
2869 2986 3013 3043 fecit.
3064 2988 3168 3044 Sed
3221 2988 3452 3057 vulgaris
3481 2989 3674 3043 tantul-

2091 3093 2175 3136 tus
2200 3083 2285 3152 jus
2314 3079 2596 3137 sacerdotii
2639 3077 2849 3133 auferre
2877 3093 2981 3132 non
3012 3087 3207 3148 potest,
3236 3093 3334 3133 nec
3362 3078 3541 3132 odium
3590 3094 3675 3133 sa-

2090 3190 2184 3231 cro
2216 3187 2536 3245 quemquam
2590 3171 2779 3227 ordine
2808 3171 3096 3227 denudare.
3147 3170 3436 3225 Manifesta;
3479 3171 3675 3241 quippe

2090 3274 2215 3319 sunt
2253 3264 2522 3318 canonicae
2563 3276 2760 3330 causre,
2793 3278 2909 3330 qua:
2938 3261 3060 3331 jura
3099 3261 3383 3315 sacerdotii
3433 3261 3674 3315 recidere

2096 3364 2339 3427 possunt.
2391 3354 2499 3409 Nisi
2533 3355 2673 3409 enim
2715 3364 2921 3409 natura:
2958 3367 3116 3409 causa
3147 3355 3337 3420 prmsnl
3368 3354 3675 3423 exstingua-

2095 3457 2197 3514 tur,
2239 3448 2533 3503 Ecclesiam
2581 3447 2697 3517 ejus
2735 3447 2868 3502 alius
2919 3462 3025 3501 non
3064 3456 3239 3516 potest
3286 3446 3675 3515 irreprehcnsi-

2093 3540 2270 3594 biliter
2307 3540 2731 3610 apprehendere.
2766 3539 2829 3593 Et
2860 3538 2976 3593 haec
3003 3538 3216 3607 quidem
3261 3553 3367 3591 non
3410 3537 3679 3591 contradi-

2094 3641 2275 3685 centes
2308 3630 2625 3685 nrdinationi
2684 3630 2925 3699 praedicti
2957 3630 3134 3685 fratris
3180 3630 3346 3684 nostri
3377 3628 3519 3683 Pauli
3548 3631 3679 3682 scri-

2095 3720 2307 3786 bimus,
2355 3720 2451 3775 sed
2502 3720 2696 3775 vulnus
2745 3719 2916 3776 latens
2964 3728 3017 3774 et
3061 3719 3379 3773 absconsum
3429 3716 3679 3771 medente

2096 3830 2257 3869 manu
2305 3813 2676 3884 adaperimus,
2730 3828 2798 3869 ne
2863 3815 2914 3867 in
2966 3812 3146 3867 vitalia
3201 3812 3408 3868 viscera
3461 3825 3679 3878 serpere

2095 3906 2284 3975 possit,
2325 3920 2535 3961 omnem
2582 3904 2965 3959 immunditiam
3006 3902 3184 3958 fetida:
3227 3901 3521 3971 putredinis
3565 3916 3680 3954 me-

2096 3996 2397 4052 dicinalitcr
2441 3995 2839 4061 exhauricntes,
2886 4004 2939 4049 et
2978 4010 3095 4064 qua:
3138 4004 3357 4062 possunt
3403 3992 3513 4045 fieri
3558 3990 3679 4043 dili-

2095 4091 2272 4158 gentia
2317 4088 2550 4157 providae
2588 4087 2862 4143 incisionis
2912 4094 3285 4155 penetrantes,
3326 4100 3431 4138 non
3470 4091 3525 4137 ut
3562 4082 3679 4136 hmo

405 4174 650 4239 stinavit,
698 4175 848 4243 quasi
899 4188 1087 4229 novam
1142 4175 1299 4229 fidem
1348 4184 1401 4229 et
1450 4174 1750 4245 symbolum
1800 4183 1985 4229 contra
2018 4138 2069 4198 Β
2093 4138 2221 4233 Eant
2248 4138 2517 4247 opiantes.
2544 4178 2674 4231 Nam
2704 4192 2847 4247 saepe
2876 4138 3076 4230 dictum
3106 4174 3322 4228 fratrem
3354 4184 3591 4227 nostrum
3623 4173 3676 4225 itt

406 4278 649 4320 sanctam
700 4250 1193 4321 Chalcedoneusem
1243 4264 1506 4336 synodum
1559 4280 1574 4317 :
1628 4279 1839 4333 ptenam
1890 4265 1988 4319 mi-

407 4360 552 4415 nime
579 4359 781 4414 veritus
808 4359 993 4414 aeterni
1017 4357 1238 4428 judicii,
1268 4367 1321 4412 et
1352 4357 1635 4412 anathema
1666 4356 1805 4425 quod
1840 4356 1983 4424 posi-

408 4460 522 4504 tum
566 4460 649 4505 est
690 4450 744 4505 in
783 4451 968 4507 eadem
1008 4449 1520 4506 Chalcedonensium
1565 4448 1796 4519 synodo,
1839 4448 1985 4519 quod

409 4558 570 4596 nemo
614 4558 850 4613 unquam
898 4552 1083 4598 sancto
1130 4542 1477 4609 mathemati,
1528 4540 1580 4596 id
1631 4552 1714 4597 est
1759 4541 1986 4596 colendo

407 4634 700 4703 symbolo,
760 4634 1049 4704 quidquam
1106 4634 1307 4689 addere
1355 4634 1438 4689 vel
1491 4632 1738 4687 minuere
1782 4632 1985 4687 audere

414 4734 698 4794 pertentet.
742 4725 1033 4781 Pracdictus
1080 4734 1258 4781 autem
1303 4724 1539 4796 Pyrrhus
1583 4739 1681 4779 nec
1719 4733 1984 4792 protesta-

411 4818 558 4870 tione
586 4830 881 4872 conventus
911 4834 941 4870 :t
973 4819 1236 4886 pravitate
1266 4832 1358 4871 sua
1386 4816 1641 4870 recedere
1672 4829 1857 4883 passus
1882 4823 1984 4868 est.

409 4905 534 4961 Idea
576 4924 707 4979 ergo
754 4910 863 4978 jatn
912 4919 1262 4965 memoratam
1311 4910 1551 4963 chartam
1600 4906 1987 4971 abominantes,

408 5008 466 5051 et
504 5005 680 5054 omnia
723 5017 847 5071 qua:
888 5003 1079 5057 crebro
1126 5002 1301 5056 dictus
1336 5001 1569 5071 Pyrrhus
1610 5010 1790 5055 contra
1834 4999 1989 5053 fidem

2090 4268 2383 4323 visceribus
2411 4267 2604 4321 mentis
2650 4274 2849 4321 nostra:
2878 4264 3283 4334 compleCtimur
3313 4272 3365 4318 et
3398 4263 3673 4318 fovemus:

2090 4360 2184 4416 sed
2224 4374 2291 4415 ne
2319 4360 2606 4414 schismata
2638 4358 2789 4427 (iant,
2837 4359 3068 4414 fraterna
3113 4357 3439 4428 providentia
3471 4367 3525 4412 ct
3547 4358 3678 4413 alle-

2090 4450 2265 4504 ctione
2307 4448 2608 4504 dilectionis
2662 4457 2922 4504 terremur
2972 4465 2983 4501 :
3037 4457 3297 4518 quatenus
3365 4449 3679 4517 episc0patu

2090 4540 2204 4609 ejus
2234 4555 2423 4597 manus
2452 4540 2721 4610 impositio
2746 4540 3052 4595 nullomodo
3082 4540 3397 4594 maculetur.
3433 4539 3673 4609 Denique

2088 4631 2421 4700 interemptis
2457 4640 2513 4687 et
2548 4632 2818 4687 suffocatis
2856 4631 3256 4699 schismatibus,
3286 4642 3339 4687 et
3381 4632 3511 4685 fides
3542 4646 3673 4700 quo-

2091 4737 2195 4789 que
2227 4722 2545 4790 orthodoxa,
2574 4738 2692 4789 quae
2723 4730 2801 4775 tot
2828 4721 3191 4790 spiritualibus
3231 4721 3456 4791 paradisi
3489 4722 3675 4775 florum

2092 4814 2345 4869 odoribus
2392 4830 2485 4881 per
2530 4814 2787 4883 agricolas
2829 4810 3026 4869 Christi
3076 4811 3168 4867 Dei
3218 4817 3417 4878 nostri,
3466 4822 3677 4867 sanctos

2092 4908 2339 4961 videlicet
2366 4908 2657 4976 apostolos,
2690 4908 2879 4970 eluxit,
2910 4908 3214 4961 nullatenus
3240 4907 3505 4977 aliquibus
3534 4906 3674 4959 ziaa-

2099 5004 2310 5051 niorum
2340 4998 2509 5065 spinis
2537 5000 2729 5066 poterit
2755 4997 3007 5053 sauciari.

1400 5212 2328 5347 EPISTULA
2422 5220 2653 5359 III,

417 5433 962 5496 ECCLESIABUM
1020 5431 1592 5494 AFRICANABUM
1630 5431 1735 5491 AD
1771 5428 2139 5491 SANCTUM
2177 5427 2677 5489 THEODORUM
2728 5424 3125 5487 ROMANUM
3164 5424 3669 5488 PONTIFICEM.

495 5638 723 5693 Domino
744 5639 1052 5693 beatissimo
1082 5636 1374 5705 apostolico
1413 5636 1646 5691 culmine
1674 5638 1983 5703 sublimato,

417 5742 602 5787 sancto
647 5732 787 5786 l’atri
838 5732 1071 5798 l’att'um,
1106 5730 1392 5786 Theodoro
1438 5744 1602 5799 papa},
1666 5739 1719 5785 et
1766 5746 1979 5786 summo

2158 5643 2238 5704 Τῷ
2269 5635 2641 5707 μακαριωτάτῳ
2681 5629 2927 5701 δεσπότῃ,
2952 5634 3031 5686 καὶ
3151 5634 3461 5706 ἀποστολικῇ
3484 5647 3676 5708 κηιρυφῇ

2091 5728 2401 5805 ὑπερέχοντι
2424 5728 2573 5804 πατρὶ
2598 5733 2804 5801 πατρῶν
2830 5722 3071 5799 Θεοδώρῳ
3111 5732 3182 5795 τῷ
3224 5724 3487 5797 ἁγιωτάτῳ
3527 5727 3673 5797 πάπᾳ
