4018 6184
416 323 489 378 as
1297 293 1302 298 ’
1571 321 1659 374 an
1700 319 1756 375 s.
1798 315 2217 374 :rusoooaun
2257 317 2485 385 papam
3579 323 3646 380 sa

416 431 496 485 καὶ
535 431 734 502 μεγάλῳ
771 438 868 485 τῶν
905 430 1183 504 ἅπανταχῇ
1227 429 1484 509 προέδρων
1523 431 1879 505 ἀρχιποιμένι,
1907 443 1960 480 κο

2058 451 2071 487 t
2096 432 2331 486 omnium
2358 430 2638 500 praesulum
2669 431 2922 499 pontiﬁci,
2973 431 3258 488 Columbus
3289 433 3473 503 prima:
3503 438 3648 494 sedis

409 521 628 588 λοῧμϐος
649 521 919 580 ἐπίσκοπος
947 528 1037 575 τοῦ
1076 522 1281 594 πρώτου
1301 521 1496 591 θρόνου,
1529 529 1620 581 τῆς
1648 522 1697 574 έν
1727 529 1798 590 τῷ
1821 524 1953 582 Βυζα

2086 522 2367 591 ερίεοοιιιιε
2392 519 2598 574 concilii
2629 519 2912 586 Numidiaz,
2940 531 2992 576 et
3016 523 3317 589 Stephanus
3348 527 3531 592 primm
3559 543 3646 582 se-

411 612 499 678 κίῳ
527 607 762 671 συνόδου,
789 613 873 662 καὶ
893 609 1192 683 Ῥεπαρὰτος
1221 611 1496 670 ἐπίσκοπος
1521 617 1611 664 τοῦ
1641 612 1846 683 πρώτου
1871 609 1984 682 θρόε-

408 717 499 752 νου
525 709 614 759 τῆς
634 699 681 752 έν
709 700 1020 772 Μαυριτανίᾳ
1057 699 1270 754 συνόδου
1289 743 1303 766 ,
1333 705 1417 754 καὶ
1447 704 1540 756 σύν
1566 704 1680 769 ἡμῖν
1708 702 1756 755 oi
1785 703 1980 754 ἐπίσκο-

409 811 496 843 ποι
524 791 707 848 πάντες
735 797 833 844 τῶν
854 791 1123 863 εἰρημένων
1143 799 1294 862 τριῶν
1317 790 1540 845 συνόδων
1560 799 1650 850 τῆς
1672 798 1769 845 τῶν
1788 788 1982 866 ’Ἄφρων

410 881 614 951 χώρας.

477 967 702 1038 Μεγάλην
745 971 832 1022 καί
883 970 1194 1024 ἀνέκλειπτον
1232 971 1364 1028 θείας
1403 971 1615 1044 χάριτος
1652 972 1834 1040 πηγήν.
1860 970 1978 1028 τούς
2007 971 2018 1029 ί

407 1058 744 1128 χριστιανούς
789 1057 1029 1134 ἅπανταςὶ
1056 1057 1577 1120 καταπλουτίζουσαν,
1598 1060 1738 1131 παρὰ
1772 1065 1843 1129 τῷ
1872 1056 1978 1109 καθ’

404 1148 540 1214 ύμᾶς
568 1148 884 1220 ἀποστολικῷ
909 1149 1066 1222 θρόνῳ
1090 1151 1381 1218 τυγχάνειν,
1404 1147 1516 1218 οὐχ’
1537 1145 1634 1201 οἶόν
1662 1151 1713 1202 τέ
1742 1170 1854 1202 τινα
1879 1156 1977 1202 τῶν

404 1240 604 1293 πάντων
647 1237 1043 1310 διαμφιϐάλλειν,
1079 1241 1128 1303 ἐξ
1160 1239 1216 1299 ἧς
1253 1242 1426 1310 ὀχετοί
1459 1245 1697 1314 προῐᾶσιν
1736 1242 1973 1312 ἀφθόνως,

406 1326 610 1382 ἅπαντα
647 1329 732 1383 τόν
762 1331 1062 1402 Χριστιανίν
1087 1329 1383 1402 ἀρδεύοντες
1406 1331 1606 1400 κόσμον⁶
1639 1329 1767 1392 ὅθεν,
1792 1332 1864 1389 είς
1886 1337 1976 1389 τήν

403 1423 494 1470 τοῦ
523 1419 774 1487 παναγίου
810 1420 996 1493 Πέτρου
1038 1425 1218 1487 τιμήν,
1248 1415 1285 1471 ὦ
1313 1421 1471 1494 πάτερ
1509 1427 1732 1490 πατρῶν,
1761 1422 1909 1480 αὐτὸς
1948 1420 1974 1474 ὁ

403 1507 643 1580 ύμέτερος
686 1509 1019 1568 ἀποστολικός
1044 1509 1213 1582 θρόνος
1239 1508 1536 1584 ἰδιοτρόπως
1563 1511 1672 1568 ἦτοι
1698 1519 1973 1583 μονογενῶς

403 1600 534 1650 κατά
564 1599 687 1652 θεῖον
709 1600 1016 1671 κεκλήρωται
1044 1601 1318 1670 θέσπισμα,
1347 1603 1413 1656 τὰ
1444 1601 1552 1675 ἱερὰ
1573 1611 1661 1660 τῆς
1689 1604 1974 1663 Ἐκκλησίας
2027 1633 2032 1637 ·

402 1683 628 1756 δόγματα
654 1685 1001 1759 διερευνᾶσθαι
1029 1691 1112 1741 καὶ
1138 1688 1477 1759 ἀναψηλαφᾴν,
1505 1689 1635 1762 ἅπερ
1658 1687 1729 1762 τῷ
1758 1691 1968 1762 ἀληθινῷ

399 1775 779 1845 παραλαϐόντες
821 1778 1127 1850 κηρύγματι,
1157 1777 1541 1850 διακριϐιιθῆναι
1579 1786 1678 1832 τῶν
1704 1780 1969 1850 ἀναγκαιο·
2003 1774 2045 1832 Β

399 1865 561 1916 τάτων
586 1867 742 1927 ἐστὶν,
764 1869 848 1918 καί
874 1873 970 1919 τῶν
999 1867 1282 1940 ἀρχιερέων
1310 1875 1398 1925 τῆς
1424 1869 1694 1940 κορυφαίας
1721 1871 1802 1920 καί
1841 1869 1969 1921 ἀπο-

399 1953 646 2012 στολικῆς.
674 1952 923 2029 ’Δρχῆθεν
948 1958 1048 2029 γὰρ
1075 1956 1201 2015 αὕτη
1241 1959 1452 2029 πέφηνεν
1478 1961 1508 2015 ἡ
1540 1960 1798 2024 συνήθεια,
1837 1961 1968 2013 ὥστε

398 2041 519 2117 παρ’
537 2046 703 2098 αὐτῶν
732 2048 798 2100 τὰ
835 2047 991 2117 φαῦλα
1014 2049 1102 2114 μὲν
1127 2050 1530 2122 κατακρίνεσθαι,
1559 2049 1893 2118 βεϐαιοῦσθαι
1915 2049 1968 2104 δέ

380 2136 462 2188 ’τά
483 2139 966 2209 προσήκοντα.Ἐπεὶ
988 2133 1069 2191 οὖν
1089 2141 1133 2192 οἱ
1155 2141 1378 2213 ἐξαρχῆς
1400 2139 1601 2198 κανόνες
1621 2141 1967 2203 θεσπίζουσιν,

401 2224 634 2300 ὅπουπερ
666 2223 724 2280 ἂν
753 2230 1163 2286 έκκλησιαστικόν
1184 2235 1400 2302 πρᾶγμα
1429 2238 1645 2290 κινεῖται.
1686 2237 1755 2301 μὴ
1784 2227 1970 2301 πρότε-

396 2341 484 2394 ρον
514 2319 841 2390 ψηλαφᾶσθαι
870 2323 1119 2385 καθάπαξ.
1150 2321 1178 2380 ἢ
1207 2321 1606 2394 προσδέχεσθαι,
1648 2319 1736 2394 κᾷν
1765 2321 1844 2377 ὅτι
1869 2325 1966 2392 μά-

397 2409 547 2464 ).ιστα
583 2409 647 2463 τὰ
680 2411 941 2478 κινούμενα
985 2413 1193 2481 τύχοιεν
1219 2408 1337 2465 ὅντα
1371 2412 1418 2464 έν
1449 2413 1821 2482 ἁπῳκισμέναις
1863 2416 1970 2468 τισὶ

398 2495 481 2552 καί
520 2500 874 2575 πορρωτὰταις
903 2501 1214 2570 ἐπαρχίαις,
1249 2497 1408 2572 ἄχρις
1436 2496 1493 2554 ἂν
1523 2503 1604 2554 ἐπὶ
1633 2503 1719 2555 τόν
1748 2504 1969 2556 ἀποστο-

398 2591 531 2644 λικὸν
555 2591 856 2662 ἁνακομισθῇ
880 2592 1068 2664 θρόνον,
1096 2593 1179 2644 ’ίνα
1205 2593 1258 2644 ἐκ
1279 2601 1369 2652 τῆς
1394 2591 1502 2646 κατ’
1523 2593 1673 2645 αὐτόν
1703 2593 1965 2654 αύθεντίας

398 2686 489 2732 τοῦ
529 2681 826 2746 ζητουμένου
857 2677 1262 2751 δοκιμασθέντος,
1294 2677 1390 2734 οἷον
1422 2685 1503 2734 καί
1530 2683 1876 2754 τρανωθέντος,
1915 2685 1964 2748 ἐξ

399 2767 548 2820 αὐτοῦ
579 2768 804 2837 καθάπερ
835 2767 888 2822 ἔκ
923 2789 1055 2826 τινος
1081 2777 1245 2840 πηγῆς
1268 2769 1407 2841 ἱερᾶς
1444 2772 1473 2827 ἡ
1513 2777 1604 2824 τοῦ
1639 2775 1966 2844 κηρόγματος

398 2854 598 2930 ἕναρξις
632 2858 852 2928 γένηται,
876 2861 961 2911 καί
1003 2858 1132 2912 οὕτω
1173 2860 1374 2922 καθεξῆς
1411 2861 1463 2913 αί
1505 2866 1672 2914 πᾶσαι
1712 2870 1802 2915 τοῦ
1833 2859 1964 2917 Θεοῦ

396 2943 808 3017 προσδεχόμεναι
854 2946 1105 2999 καθολικαί
1137 2948 1264 3017 πρὸς
1304 2949 1368 3001 τὰ
1403 2955 1488 3001 τοῦ
1538 2949 1727 3018 κόσμου
1767 2951 1964 3023 πέρατα

395 3031 710 3103 διανείμωσιν
741 3038 1001 3104 αμειώτως
1030 3038 1094 3090 τὰ
1127 3044 1216 3094 τῆς
1244 3038 1538 3110 ἀκραιφνοῦς
1567 3043 1825 3113 μυστήρια
1869 3043 1956 3093 πί-

394 3147 574 3186 στεως.
613 3125 723 3180 Ἐπί
748 3129 936 3184 ταύτην
965 3127 1106 3197 ὑμῶν
1135 3132 1224 3184 τήν
1251 3135 1341 3186 τῆς
1372 3132 1704 3204 προσρήσεως
1732 3131 1959 3200 ἦχθημεν

395 3218 671 3286 ἐλαχίστην
710 3219 1074 3292 προσκύνησιν,
1126 3220 1184 3274 ἦν
1227 3239 1337 3272 τινα
1375 3227 1435 3291 τῇ
1464 3219 1768 3293 ἁποστολικῇ
1825 3221 1960 3289 ὑμῶν

393 3311 729 3379 ἐκπέμποντες
777 3317 964 3383 κορυφῇ
995 3311 1121 3377 μετά
1158 3307 1384 3383 δακρύων
1423 3312 1744 3384 ἀναφέρομεν.
1790 3323 1959 3385 Παρα-

390 3405 650 3454 σιωπῆσαι
670 3399 766 3469 γὰρ
798 3399 854 3450 ού
886 3395 1138 3465 δυνάμεθα
1163 3395 1244 3450 διὰ
1273 3403 1362 3455 τήν
1389 3404 1620 3468 συνοχὴν
1639 3406 1729 3457 τῆς
1751 3399 1959 3472 καρδίας

391 3489 559 3554 ήμῶν³
588 3486 842 3560 περιῆλθεν
886 3487 936 3549 ἐξ
970 3487 1118 3544 ἀκοῆς
1149 3487 1218 3545 εἷς
1257 3487 1411 3549 ἡμᾶς,
1443 3485 1731 3556 ἁγιώτατοι,
1765 3494 1829 3548 ὡς
1857 3491 1958 3564 πρό

389 3578 585 3650 χρόνων
614 3585 757 3631 τινῶν
784 3574 1056 3648 τέχνασμα
1095 3598 1143 3631 τι
1185 3578 1515 3647 μεμιασμένον
1552 3582 1632 3631 καὶ
1661 3579 1870 3649 βέϐηλον
1899 3583 1949 3634 ἐν

388 3669 897 3722 κωνσταντινουπόλει
921 3670 1200 3740 γεγένηται,
1230 3672 1313 3722 καί
1340 3671 1629 3739 νομίσαντες
1664 3669 1742 3723 ὅτι
1763 3679 1824 3745 τῇ
1855 3679 1946 3726 τοῦ

385 3758 490 3812 καθ’
510 3760 643 3830 ὑμᾶς
680 3759 850 3830 θρόνου
881 3760 1136 3833 αύστηρίᾳ
1161 3757 1364 3819 δικαίως
1384 3763 1727 3831 κατακρίνεται
1757 3767 1839 3816 καὶ
1867 3765 1943 3815 ἐκ·

384 3848 645 3909 κόπτεται,
664 3848 824 3922 μέχρι
844 3853 930 3900 τοῦ
953 3847 1200 3921 παρόντος
1229 3849 1599 3917 ἐσιωπήσαμεν.
1631 3852 1867 3912 Ὁπηνίκα
1891 3849 1945 3904 δέ

382 3940 663 3993 τούναντίον
684 3945 948 4012 προπετῶς
968 3939 1328 4012 θρασυνόμενον
1350 3941 1724 4009 μεμαθήκαμεν,
1744 3941 1948 4011 ἀνέγνω·

381 4050 468 4095 μεν
512 4028 564 4084 δέ
595 4032 679 4082 καὶ
723 4029 807 4083 τόν
845 4029 1061 4082 λίϐελλον
1101 4030 1295 4096 Πύρἰου
1327 4035 1414 4083 τοῦ
1463 4027 1667 4100 ἀδελφοῦ
1696 4032 1832 4100 ἡμῶν
1853 4035 1942 4084 τοῦ

380 4120 658 4173 ἐπισκόπου
707 4119 1263 4177 Κωνσταντινουπόλεως
1285 4160 1299 4181 ,
1335 4115 1388 4171 ὃν
1423 4125 1495 4190 τῷ
1539 4119 1766 4191 ὑμετέρῳ
1795 4123 1944 4191 τιμίῳ

380 4209 538 4282 θρόνῳ
567 4214 882 4278 μετανοήσας
909 4207 1136 4281 ἔναγχος
1165 4207 1479 4272 ἐπιδέδωκεν,
1518 4209 1743 4274 εἰκότως,
1771 4211 1877 4264 οἵαν
1917 4214 1947 4269 ἡ

381 4297 569 4370 ἀνάγκη
591 4300 756 4353 λοιπόν
776 4301 908 4369 ἡμᾶς
939 4301 1142 4369 ἀπῄτει,
1172 4303 1512 4368 πεποιήκαμεν
1538 4300 1782 4373 ἀναφορὰν
1821 4303 1946 4375 πρός

380 4389 564 4440 Παῦλον
589 4389 674 4440 τόν
697 4385 901 4459 ἀδελφόν
921 4389 1058 4456 ήμῶν
1081 4390 1288 4442 τένινυνί
1313 4395 1400 4447 τήν
1428 4390 1581 4446 αύτήν
1602 4394 1648 4441 ἐν
1673 4396 1942 4444 Κωνσταν-

2081 612 2166 666 dis
2192 611 2444 678 episopus
2465 610 2673 663 concilii
2706 609 2988 681 Byzaceni,
3019 623 3073 667 et
3103 613 3398 681 Reparatus
3430 615 3635 683 episco-

2083 716 2178 768 pus
2229 703 2412 768 prima:
2460 699 2602 754 sedis
2652 700 2860 754 concilii
2911 701 3256 769 Mauritaniae,
3306 715 3360 757 et
3405 704 3640 762 universi

2086 787 2319 855 episcopi
2350 787 2417 839 de
2447 787 2614 840 tribus
2641 788 2882 841 conciliis
2913 789 3192 844 antedictis
3224 789 3486 846 Africana:
3513 805 3629 861 pro.

2081 876 2288 936 vincite.

2150 987 2392 1058 Magnum
2455 1001 2512 1056 et
2565 988 2952 1044 indeiieientem
3007 989 3255 1044 omnibus
3313 991 3633 1046 Christianis

2078 1077 2276 1132 ﬂuenta
2308 1077 2710 1142 redundantem,
2757 1080 2892 1146 apud
2923 1081 3266 1148 apostolicam
3295 1081 3476 1136 sedem
3505 1096 3638 1134 con-

2077 1169 2268 1224 sistere
2294 1171 2490 1223 fontem
2520 1171 2693 1225 nullus
2718 1171 2986 1239 ambigere
3017 1173 3200 1239 possit,
3256 1172 3322 1228 de
3346 1187 3450 1242 quo
3476 1174 3631 1227 rivuli

2077 1261 2336 1328 prodeunt
2360 1259 2657 1326 afﬂuenter,
2695 1261 2996 1314 universum
3020 1263 3316 1331 largissime
3349 1264 3633 1334 irrigantes

2075 1353 2256 1406 orbem
2289 1351 2728 1418 Christianorum,
2761 1355 2844 1407 cui
2894 1355 3053 1406 etiam
3100 1353 3151 1407 in
3183 1353 3383 1407 honore
3430 1355 3634 1410 beatis-

2075 1444 2198 1498 simi
2227 1445 2365 1498 Petri
2395 1444 2607 1498 Patrum
2630 1445 2844 1499 decreta
2873 1445 3188 1513 peculiarem
3209 1459 3420 1500 omnem
3443 1445 3634 1500 decre-

2075 1549 2199 1588 vere
2243 1535 2594 1590 reverentiam
2641 1535 2692 1588 in
2739 1534 3071 1604 requirendis
3120 1535 3210 1591 Dei
3263 1536 3464 1601 rebus,
3511 1550 3633 1604 qua

2073 1628 2292 1681 omnino
2339 1637 2392 1682 et
2421 1626 2647 1682 sollicite
2673 1627 2886 1690 debent,
2936 1629 3164 1680 maxime
3211 1642 3336 1681 vero
3381 1627 3632 1694 justeque

2075 1716 2143 1770 ab
2172 1716 2288 1784 ipso
2316 1716 2596 1785 prmsulum
2637 1715 2925 1770 examinari
2955 1716 3155 1770 vertice
3184 1715 3503 1783 apostolico,
3535 1730 3632 1770 cu-

2071 1829 2158 1896 jus
2199 1835 2402 1881 vetusta
2433 1823 2730 1879 sollicitudo
2772 1834 2854 1879 est
2884 1834 2988 1878 tam
3020 1824 3154 1878 mala
3186 1825 3438 1879 damnare
3466 1840 3626 1894 quam

2073 1919 2301 1987 probare
2333 1916 2614 1970 laudanda.
2664 1914 2909 1984 Antiquis
2933 1915 3072 1968 enim
3120 1915 3316 1984 regulis
3365 1915 3627 1968 sancitum

2073 2020 2155 2064 est
2183 2019 2237 2062 ut
2264 2010 2519 2077 quidquid
2546 2007 2786 2076 quamvis
2811 2007 2861 2060 in
2892 2007 3111 2062 remetis
3140 2007 3220 2060 vel
3251 2008 3302 2060 in
3335 2007 3629 2075 longinquo

2073 2099 2259 2166 positis
2305 2108 2551 2166 ageretur
2600 2096 2903 2163 provinciis,
2955 2110 3058 2150 non
3104 2097 3248 2164 prius
3297 2097 3630 2150 tractandum

2073 2188 2156 2240 vcl
2202 2187 2564 2252 accipiendum
2614 2187 2700 2251 sit,
2745 2187 2843 2238 nisi
2891 2185 2955 2239 ad
3000 2186 3239 2239 notitiam
3289 2187 3444 2239 almae
3485 2188 3632 2241 sedis

2072 2287 2262 2332 vestra:
2289 2278 2472 2332 fuisset
2501 2277 2808 2340 deductum,
2849 2286 2905 2330 ut
2933 2277 3088 2345 hujus
3113 2277 3445 2341 auctoritate,
3470 2277 3620 2345 juxta

2070 2384 2185 2437 qua:
2214 2367 2403 2422 fuisset
2443 2369 2796 2435 pronuntiatio
2826 2366 3144 2434 firmaretur,
3188 2369 3416 2435 indeque
3443 2383 3624 2424 sume-

2069 2467 2190 2515 rent
2215 2469 2422 2514 caaterae
2450 2457 2699 2512 Ecclesiae
2738 2459 2884 2512 velut
2907 2458 2974 2513 de
3004 2460 3164 2513 natali
3190 2473 3286 2514 suo
3315 2461 3459 2515 fonte
3477 2475 3624 2528 pra:-

2067 2549 2347 2603 dicationis
2390 2550 2693 2612 exordium,
2724 2557 2779 2604 et
2827 2563 2918 2616 per
2961 2548 3202 2604 diversas
3247 2551 3408 2605 totius
3440 2553 3622 2606 mundi

2066 2641 2308 2710 regiones
2350 2641 2597 2707 puritatis
2640 2641 2962 2708 incorruptae
3005 2650 3255 2695 maneant
3295 2641 3414 2694 fidei
3441 2655 3624 2695 sacra-

2067 2740 2239 2784 menta
2267 2731 2471 2785 salutis.
2516 2731 2773 2796 Quocirca
2805 2731 3155 2784 humillimum
3187 2742 3364 2786 vestro
3407 2743 3622 2800 aposto-

2065 2820 2168 2873 lico
2198 2820 2415 2874 cu’mini
2443 2822 2806 2889 persolventes
2833 2821 3167 2890 obsequium,
3215 2837 3335 2876 cum
3366 2823 3619 2893 lacrymis

2065 2912 2421 2979 suggerimus,
2466 2911 2606 2978 quod
2648 2912 2762 2963 sine
2806 2912 2980 2964 cordis
3010 2912 3207 2980 gemitu
3237 2913 3463 2967 reticere
3510 2927 3618 2966 non

2065 3001 2317 3064 valemus,
2359 3010 2482 3053 ante
2524 3002 2623 3053 hoc
2654 3001 2904 3065 temporis
2950 3003 3178 3069 spatium
3226 3017 3447 3056 exosum
3477 3005 3616 3071 apud

1989 3104 2033 3162 ο
2064 3088 2700 3157 Cousmntinopolitanam
2745 3091 3011 3145 civitatem
3045 3093 3294 3148 novitatis
3343 3108 3618 3149 commen-

2062 3190 2168 3235 tttm
2199 3182 2262 3235 ad
2297 3195 2393 3234 nos
2437 3196 2600 3248 usque
2641 3183 2921 3250 Opinatiter
2950 3183 3114 3238 fuisse
3142 3184 3400 3241 delatum.
3451 3187 3514 3241 Et
3561 3196 3619 3240 ut

2060 3271 2316 3325 hactenus
2360 3273 2712 3339 siluissemus,
2747 3274 3045 3341 putavimus
3089 3279 3433 3332 serenissima
3481 3294 3614 3333 exa-

2057 3364 2198 3417 mine
2229 3374 2417 3417 vestra:
2448 3365 2752 3433 apostolica:
2781 3367 2925 3421 sedis
2956 3367 3116 3422 fuisse
3145 3369 3434 3424 desectum.
3461 3372 3612 3435 Quod

2059 3454 2143 3507 ubi
2176 3455 2515 3522 pertinaciter
2539 3457 2882 3524 cognovimus
2911 3456 3259 3524 iuvalescere,
3286 3461 3612 3528 relegentes,

2053 3545 2318 3609 videlicet,
2368 3545 2604 3602 libellum
2654 3547 2838 3617 Pyrrhi
2892 3550 3057 3602 nostri
3109 3550 3288 3605 fratris
3328 3561 3383 3605 et
3429 3554 3611 3621 coepi-

2053 3638 2202 3706 scopi
2231 3637 2428 3692 dudum
2460 3637 2698 3706 ejusdem
2727 3639 3328 3710 Constantinopolitanae
3353 3644 3610 3714 civitatis,

2054 3730 2192 3796 apud
2234 3739 2467 3782 vestram
2515 3730 2868 3784 venerabilem
2914 3731 3094 3786 sedem
3137 3735 3345 3800 prolati,
3394 3735 3611 3791 relatio-

2051 3832 2174 3872 nem
2222 3817 2430 3885 qualem
2474 3819 2762 3874 necessitas
2804 3823 2997 3888 exegit,
3050 3824 3196 3876 lratri
3245 3823 3424 3891 Paulo,
3469 3843 3611 3882 nunc

2051 3910 2647 3978 ConstantinOpolitanze
2695 3911 2922 3966 civitatis
2968 3913 3249 3968 ecclesiam
3301 3919 3604 3984 occupanti,

2049 4002 2344 4066 emisimus,
2375 4001 2714 4056 exhortantes
2753 4016 2873 4056 cum
2902 4004 3066 4058 nitnio
3090 4004 3218 4059 ﬂetu
3257 4007 3368 4076 jam
3407 4009 3607 4062 dictum

2048 4096 2296 4149 novitatis
2340 4105 2715 4160 commentum,
2750 4112 2854 4150 non
2887 4097 3098 4166 quidem
3127 4098 3240 4152 suis
3280 4101 3606 4166 temporibus

2049 4186 2413 4248 adinventum,
2456 4202 2485 4238 a
2530 4200 2627 4240 suo
2658 4187 2907 4242 videlicet
2947 4199 3164 4244 auctore
3193 4191 3542 4257 confutatam,
3577 4207 3607 4246 a

2049 4293 2108 4333 se
2132 4293 2340 4348 quoque
2368 4279 2446 4333 vel
2475 4280 2542 4334 ab
2571 4279 2716 4333 omni
2743 4280 2991 4346 ecclesia,
3019 4280 3102 4334 cui
3133 4283 3403 4348 praesidet,
3434 4285 3608 4351 repel-

2048 4371 2175 4437 lere,
2209 4380 2262 4424 et
2307 4372 2520 4425 chartas
2561 4387 2750 4426 omnes
2796 4387 2903 4441 prae
2951 4372 3154 4428 foribus
3195 4375 3360 4442 ipsius
3406 4384 3609 4430 sancta:

382 4478 662 4533 τινουπόλει
711 4476 1087 4547 διακατέχοντα
1117 4476 1427 4546 Ἐκκλησίαν,
1456 4482 1756 4539 αἰτήσαντες
1797 4481 1943 4536 αὐτόν
1973 4439 2020 4498 D
2046 4462 2301 4516 Εθθίθδίω
2330 4461 2394 4515 ad
2433 4463 2741 4517 scandalum
2775 4463 3085 4532 μορυιοτυίιι
3116 4478 3402 4533 δυεβθηῧθδ
3441 4465 3606 4534 Proji'

376 4572 704 4641 ἁγαπητικῶς
745 4570 871 4639 μετὰ
903 4570 1148 4624 πλείστων
1178 4569 1402 4644 δακρύων
1426 4572 1487 4631 ὥς
1519 4592 1571 4624 τε
1603 4575 1656 4626 τό
1687 4575 1942 4649 εἰρημένον

376 4667 466 4718 τῆς
493 4661 814 4730 καινοτομίας
839 4658 1080 4730 σόφισμα,
1107 4660 1162 4712 τό
1190 4665 1256 4727 μή
1279 4661 1326 4723 ἐξ
1351 4661 1501 4712 αὐτοῦ
1523 4663 1630 4729 μέν,
1678 4664 1730 4714 ἐκ
1772 4661 1824 4717 δέ
1851 4672 1940 4719 τοῦ

380 4749 794 4826 προηγησαμένου
821 4749 969 4801 αὐτόν
991 4750 1265 4819 ὲφευρεθέν,
1281 4756 1430 4804 τοῦτο
1447 4749 1841 4821 διακρούσασθαι
1858 4758 1942 4809 καὶ

375 4845 548 4901 πάσης
593 4842 842 4904 έξωθῆσαι
869 4838 1098 4903 δικαίως,
1140 4839 1197 4900 ἧς
1234 4841 1594 4914 προκαθέζεται
1620 4844 1936 4910 Ἐκκλησίας,

375 4932 775 5002 ἀποϐαλλόμενον
793 4932 909 4990 τούς
929 4932 1029 5006 πρό
1051 4937 1150 4984 τῶν
1169 4931 1328 5005 θυρῶν
1355 4940 1445 4989 τῆς
1468 4933 1618 4984 αὐτοῦ
1650 4928 1941 4995 Ἐκκλησίας

373 5025 724 5094 ἀνακειμένους
768 5022 972 5094 χάρτας
991 5061 1004 5084 ,
1035 5019 1120 5077 οὒς
1152 5021 1233 5074 ἐπὶ
1260 5019 1520 5090 σκανδὰλῳ
1546 5027 1635 5075 τοῦ
1664 5021 1786 5074 λαοῦ
1812 5043 1940 5097 προ-

371 5112 616 5166 τεθείκασι
651 5151 666 5175 ,
685 5111 790 5177 ἵνα,
821 5111 1014 5163 τούτων
1043 5109 1481 5172 ἀποϐαλλομένων,
1501 5111 1781 5182 ἀταράχως
1803 5113 1832 5169 ἡ
1854 5115 1935 5165 πί·

371 5222 483 5260 στις
523 5201 659 5268 ἡμῶν
705 5200 938 5273 τηρηθείη
962 5240 974 5261 ,
1000 5201 1085 5252 καὶ
1129 5200 1302 5273 ὥσπερ
1334 5201 1383 5261 ἐξ
1423 5201 1597 5273 ἀρχῆς
1640 5201 1802 5274 μέχρι
1844 5209 1934 5256 τοῦ

369 5294 615 5370 παρόντος
664 5295 869 5369 ἀκεραία
923 5291 1149 5360 διέμεινε,
1193 5297 1255 5363 τῇ
1304 5291 1610 5364 ἀποστολικῇ
1652 5288 1938 5364 παραδόσει

369 5386 729 5458 κρατυνομένη,
758 5382 890 5436 οὕτω
932 5385 1019 5436 καί
1057 5384 1160 5436 ἀπὸ
1197 5377 1292 5434 τοῦ
1330 5387 1416 5434 νῦν
1461 5377 1660 5440 ἄθικτος
1689 5378 1934 5451 διαμείνῃ.

367 5481 528 5530 Ταυτὶ
554 5480 652 5548 γὰρ
679 5475 820 5534 δηλον
844 5476 1166 5538 καθέστηκεν,
1193 5477 1260 5534 ὡς
1287 5473 1337 5525 αἱ
1360 5480 1592 5528 τοιαῦται
1621 5473 1936 5545 καινοφωνίαι

369 5568 419 5618 ἐκ
445 5563 534 5620 τοῦ
561 5573 708 5619 κακοῦ
736 5575 826 5625 τῆς
849 5565 1123 5629 κενοδοξίας
1145 5568 1500 5619 ἀποτίκτονται
1524 5563 1730 5622 πάθους.
1753 5564 1933 5617 Θέλον-

365 5676 449 5716 τες
473 5659 572 5728 γὰρ
593 5658 786 5716 ἱκανούς
809 5657 1021 5718 ἑαυτούς
1044 5658 1291 5727 ἀποφῆναι
1315 5659 1400 5711 καὶ
1424 5663 1707 5727 περιφανεῖς
1729 5657 1812 5710 καί
1834 5662 1931 5710 τῶν

2046 4569 2187 4617 cere,
2221 4556 2449 4622 qualiter
2477 4554 2607 4609 fides
2628 4569 2747 4623 quae
2782 4570 2920 4608 nunc
2950 4569 3116 4623 usque
3149 4557 3439 4624 permansit
3469 4558 3609 4611 inte-

2043 4659 2155 4712 gra,
2187 4654 2239 4698 et
2274 4646 2560 4713 apostolica
2592 4634 2822 4698 eruditio
2851 4644 3046 4698 illibata
3075 4657 3336 4700 servetur.
3387 4645 3606 4700 Certum

2043 4745 2122 4790 est
2165 4736 2329 4800 enim,
2375 4737 2517 4804 quod
2547 4736 2678 4791 tales
2707 4751 3011 4791 sermonum
3060 4740 3334 4815 novitates~
3367 4739 3435 4794 de
3463 4740 3606 4793 malo

2043 4829 2226 4897 gloriae
2255 4841 2438 4882 amore
2483 4837 2812 4882 nascuntur:
2850 4829 2974 4882 dum
3013 4829 3111 4883 sibi
3141 4830 3378 4884 nonnulli
3423 4830 3604 4883 volunt

2042 4919 2203 4983 acuti,
2234 4919 2566 4987 perspicaces
2594 4930 2648 4973 et
2672 4921 2938 4988 sapientes
2970 4920 3155 4986 videri,
3200 4930 3443 4990 quaerunt
3471 4921 3602 4992 quid

2041 5010 2161 5062 novi
2194 5009 2481 5076 proferant,
2513 5011 2812 5064 nescientes
2847 5011 2968 5079 quia
3000 5012 3138 5066 Deus
3167 5019 3349 5067 noster
3391 5013 3601 5067 infirma

2042 5101 2222 5157 muntli
2251 5101 2431 5169 elegit,
2475 5109 2533 5154 ut
2561 5099 2851 5155 confundat
2891 5101 3071 5165 fortia,
3116 5114 3171 5157 et
3204 5103 3472 5170 sapientes
3507 5117 3605 5172 per

2041 5192 2224 5246 mundi
2245 5191 2404 5246 stulta
2430 5189 2669 5252 confudit
2697 5190 2750 5260 (Ι
2787 5191 2906 5245 Cor.
2936 5207 2975 5256 ι,
3005 5191 3119 5262 27).
3153 5191 3233 5250 Ad
3259 5191 3600 5247 Timotheum

2042 5284 2236 5352 quippe
2260 5281 2492 5337 doctoris
2519 5281 2754 5351 gentium
2781 5281 3008 5336 sollicite
3035 5281 3248 5350 legisset
3293 5295 3595 5348 sermones,

2040 5375 2232 5442 quibus
2294 5373 2402 5438 ait,
2461 5381 2518 5426 ut
2578 5372 2841 5427 novitates
2903 5373 3032 5427 vitet
3095 5387 3282 5427 vocum
3348 5373 3600 5442 profanas

2039 5469 2240 5539 (ITim.
2263 5470 2338 5538 Vl)
2359 5487 2373 5524 :
2393 5469 2457 5524 ad
2485 5471 2807 5538 impietatem
2834 5486 3023 5535 nempe
3041 5469 3136 5524 ista
3163 5470 3598 5538 proliciunt,qua:

2044 5577 2204 5628 super
2230 5563 2414 5629 spinas
2442 5573 2495 5616 et
2526 5562 2744 5617 tribulos
2771 5563 3106 5616 contulerunt
3135 5561 3359 5634 [ducunt
3386 5571 3442 5616 et
3484 5563 3593 5630 spi-

2037 5668 2130 5707 nas
2163 5653 2485 5722 tribulosque
2507 5651 2827 5721 generant];
2875 5661 2929 5708 et
2957 5652 3152 5719 Ephesi
3180 5666 3462 5710 remanens
3489 5652 3586 5707 de-
