4018 6184
372 268 438 319 εγ
1536 265 1623 319 AD
1660 266 1714 320 s.
1757 263 2179 320 TttEooonuu
2222 262 2450 319 PAPAM
3556 279 3624 335 εδ

370 360 644 435 ρυγμάτων
669 360 747 410 καί
776 366 864 417 τῆς
893 357 1097 413 ἀληθοῦς
1128 353 1296 408 αῦτῶν
1327 352 1663 428 παραδόσεως
1691 354 1948 428 σύμπασα

2053 354 2166 407 lieis
2188 362 2238 407 et
2267 354 2522 408 doctrinis
2550 353 2672 409 dunt
2704 369 2844 410 verte
2872 356 2991 412 ﬁdei
3020 358 3225 414 cultura
3257 363 3501 418 universa
3534 382 3621 419 re-

374 451 404 509 ri
423 460 486 522 γῆ
515 449 573 505 τὸ
599 457 689 507 τῆς
718 452 938 505 πίστεως
973 444 1345 501 κατεπλούτησε
1385 444 1567 507 σέλας,
1591 444 1724 498 οὕτω
1754 450 1833 499 καί
1862 445 1947 501 διά

372 550 465 601 τῆς
492 541 743 615 ὑμετέρας
771 538 1145 611 παρακλητικῆς
1176 535 1282 606 ἅμα
1310 540 1395 590 καί
1422 536 1746 599 παιδευτικῆς
1774 541 1948 593 νουθε-

372 633 493 690 σίας
530 638 620 689 τῆς
659 631 711 681 ίκ
743 636 837 683 τῶν
862 628 1001 681 θείων
1040 630 1411 699 προφερομένης
1449 629 1567 698 ύμῖν
1595 630 1772 701 λογίων
1800 632 1830 687 ἡ
1856 636 1947 685 τοῦ

376 728 503 775 Θεοῦ
525 719 746 777 meam
766 716 1035 775 Ἐκκλησία
1054 718 1272 791 βεϐαίως
1293 718 1624 789 οἰκοδομεῖται
1643 722 1672 778 ἦ
1688 729 1794 780 sui;
1820 723 1949 775 ἀπο-

377 812 622 867 στολικοῑς
649 806 788 878 ὅροις
825 807 1192 875 θεμελιωθεῖσα,
1218 810 1303 861 καί
1329 818 1442 869 τοῖς
1464 817 1735 882 πατρικοῖς
1760 808 1948 881 δόγμα-

378 922 461 954 σιν
501 901 735 971 ἰσχυρῶς
783 900 1263 971 κραταιωοιῖσα,είς
1306 899 1364 956 ἣν
1411 898 1665 967 ὁμοτίμοις
1720 899 1767 953 οἷ
1820 899 1950 969 ἅγιοι

375 995 650 1050 ἀπόστολοι
679 994 807 1048 κατά
842 996 930 1051 τὴν
957 993 1004 1045 iv
1047 992 1210 1063 κλήρῳ
1237 992 1349 1061 θείῳ
1390 989 1732 1066 δεδωρημένην
1777 994 1951 1052 αὐτοῖς

377 1088 604 1149 ἐξουσίαν
633 1087 775 1159 παρά
803 1090 892 1139 τοῦ
921 1084 1206 1153 Πνεύματος
1232 1084 1297 1136 τά
1325 1089 1396 1151 τῷ
1424 1078 1532 1152 Θεῷ
1559 1084 1948 1155 προεγνωσμίνα

374 1198 428 1232 τε
457 1179 540 1230 καί
565 1176 924 1250 προωρισμίνα
951 1174 1107 1230 πλήθη
1135 1179 1232 1227 τῶν
1256 1173 1405 1235 λαῶν,
1438 1172 1663 1231 εὐσεϐῶς
1686 1175 1772 1225 καί
1795 1172 1949 1233 ὁσίως

377 1265 723 1338 ὲπίστρεψαν,
771 1266 944 1337 ὥσπερ
974 1270 1024 1318 ix
1049 1263 1265 1322 σκότους
1300 1263 1371 1321 είς
1403 1264 1629 1333 φῶς-,ναί
1653 1262 1705 1314 ίκ
1730 1262 1948 1315 θανάτου

377 1359 506 1431 πρὸς
533 1362 694 1422 ζωήν,
729 1359 815 1410 καὶ
840 1358 887 1419 ἕξ
929 1355 1194 1427 ὀλισθηρᾶς
1233 1353 1341 1410 ἦτοι
1383 1352 1761 1419 πεπλανημένης
1804 1350 1949 1415 δόξης

380 1454 450 1509 είς
477 1449 709 1517 εἰλικρινῆ
739 1449 821 1501 καί
850 1444 1098 1522 ὀρθόδοξον
1125 1454 1317 1507 πίστιν,
1343 1451 1452 1502 ταῖς
1482 1455 1748 1517 σωτηρίοις
1787 1440 1951 1495 αῦτῶν

379 1538 686 1611 προστάξεσί
709 1557 762 1590 τε
784 1539 864 1589 καὶ
884 1536 1255 1609 παραινέσεσιν.
1271 1531 1367 1585 ⁷Ων
1387 1533 1495 1586 κατ’
1510 1530 1656 1603 ἴχνος
1677 1534 1706 1589 ἡ
1730 1532 1950 1605 ὑμετέρα

378 1638 625 1705 βαίνουσα
652 1637 945 1705 θεοτίμητος
969 1632 1254 1705 ἀδελφότης,
1286 1636 1365 1685 καί
1386 1633 1443 1685 τὸ
1466 1640 1553 1691 τῆς
1581 1634 1742 1685 αὐτῶν
1768 1633 1949 1705 ἀρετῆς

2051 444 2190 512 pleta
2237 444 2300 499 sit
2348 455 2505 509 terra,
2558 461 2651 512 per
2700 446 3000 501 divinorum
3044 459 3221 504 tamen
3269 452 3622 509 eruditionem

2049 536 2400 603 eloquinrum,
2431 546 2604 590 vestra
2649 538 2946 594 instruente
2984 542 3344 598 admonitione
3371 547 3625 602 exhorta-

2051 627 2204 691 toria,
2219 627 2666 695 superaadiﬁcatur
2686 631 2976 684 orthodoxa
2999 630 3192 687 Christi
3218 634 3471 701 Ecclesia,
3494 653 3624 706 apo-

2050 719 2235 773 stolica
2288 719 2613 773 institutione
2659 722 2895 788 fundata,
2926 732 2983 776 et
3029 738 3059 777 a
3100 722 3345 780 ﬁdelibus
3376 726 3623 783 Patribus

2053 809 2355 864 firmissime
2407 810 2671 866 roborata.
2732 812 2813 867 Ad
2866 828 3021 883 quam
3087 830 3274 871 omnes
3328 817 3623 876 beatissimi

2050 900 2298 968 apostoli,
2331 901 2442 968 pari
2471 901 2689 957 honoris
2716 912 2767 957 et
2793 905 3070 971 potestatis
3095 907 3368 961 consortio
3388 911 3621 978 praediti,

2051 990 2362 1056 populorum
2409 990 2617 1061 agmina
2662 1002 3055 1059 convertentes,
3108 997 3194 1064 pie
3242 1007 3296 1052 et
3342 1011 3523 1055 sancte
3553 1003 3622 1058 de

2051 1078 2283 1133 tenebris
2326 1080 2390 1134 ad
2431 1081 2629 1147 lumen,
2680 1084 2745 1137 de
2796 1085 2946 1152 lapsu
2995 1086 3059 1139 ad
3103 1102 3281 1142 veram
3326 1090 3503 1156 ﬁdem,
3552 1094 3621 1150 de

2053 1179 2223 1225 morte
2267 1171 2331 1225 ad
2380 1172 2541 1227 vitam
2599 1172 2844 1229 homines
2898 1177 3089 1232 divinae
3142 1179 3621 1247 prtedestinationis

2049 1262 2214 1330 gratia
2264 1264 2562 1331 prmscitos,
2607 1264 2928 1321 salutaribus
2982 1270 3254 1338 praceptis
3301 1286 3363 1327 ae
3403 1277 3621 1330 monitis

2053 1350 2432 1419 perduxerunt.
2458 1353 2692 1419 Quorum
2719 1366 3023 1411 sanctorum
3048 1361 3410 1426 apostolorum
3443 1374 3619 1419 vestra

2050 1442 2351 1499 fraternitas
2377 1446 2684 1502 honoranda
2710 1462 2940 1519 sequens
2964 1451 3165 1520 plenius
3186 1455 3397 1522 merita,
3419 1465 3472 1511 et
3497 1471 3619 1527 per-

2050 1536 2235 1591 fectius
2259 1537 2487 1606 implens
2515 1541 2779 1611 exempla,
2816 1543 3105 1599 Ecclesium
3136 1546 3226 1601 Dei
3259 1564 3463 1602 morum
3496 1565 3620 1617 pro-
3686 1566 3687 1569 ‘

2054 1627 2217 1683 bitate
2248 1637 2299 1683 et
2330 1638 2541 1686 actuum
2572 1634 2850 1688 sanctitate
2879 1635 3220 1698 condecorat,
3253 1647 3307 1690 et
3339 1637 3439 1691 ﬁtle
3468 1652 3619 1699 sacra

378 1728 575 1795 ἀξίωμα
614 1726 811 1784 τελείως
848 1723 1251 1796 μεταδιῶκουσα,
1274 1732 1387 1785 ταῖς
1416 1724 1818 1799 ἀπαραλλάκτως
1851 1732 1949 1781 τῶν

2054 1723 2133 1775 vel
2160 1722 2475 1777 Christianis
2503 1724 2739 1778 moribus
2766 1725 2969 1794 vigens,
3001 1740 3119 1794 quae
3151 1728 3262 1780 fieri
3292 1728 3401 1783 Deo
3429 1728 3617 1797 placita

384 1817 778 1887 κατορθωμάτων
819 1816 984 1869 αὐτῶν
1024 1816 1368 1888 ίκπληρὼσεσι
1405 1821 1494 1874 τήν
1522 1816 1669 1886 ἁγίαν
1694 1824 1781 1872 τοῦ
1824 1828 1951 1875 Θεοῦ

379 1904 663 1964 Ἐκκλησίαν
691 1913 1039 1973 κατακοσμεῖ,
1068 1914 1129 1977 τῇ
1157 1913 1253 1960 τῶν
1278 1904 1628 1975 δοκιμωτάτων
1656 1911 1814 1970 αὐτῆς
1842 1912 1947 1967 im-

380 1996 497 2069 ϐολῇ
535 2000 615 2051 καί
648 2005 710 2071 τῇ
754 1996 982 2068 ἁγιότητι
1014 2006 1103 2057 τῆς
1142 2000 1323 2058 οἰκείας
1372 2000 1689 2075 ἀναστροφῆς
1714 2016 1728 2031 ⁸
1777 2000 1952 2062 ἐπειδή

378 2087 619 2157 πράξεσιν
646 2085 813 2145 ὁσίαις
840 2087 870 2139 ri
910 2087 1118 2146 εὐσεϐής
1137 2088 1273 2143 ἡμῶν
1291 2088 1737 2159 ίπισφοαγίζεσθαι
1763 2093 1950 2161 πέφυκε

380 2178 574 2236 πίστις.
595 2172 741 2229 Ὀθεν
756 2178 819 2230 τά
834 2173 1090 2251 εῦοίρεστα
1113 2185 1181 2247 τῷ
1203 2185 1309 2248 Θεῷ
1329 2183 1413 2234 καὶ
1429 2180 1540 2249 φίλοι
1554 2188 1669 2240 ταῖς
1685 2181 1953 2251 ίερατικαῖς

378 2267 531 2324 αὐτῆς
558 2265 839 2324 ἀπαύστως
860 2265 1131 2340 ἕνεργοῦσα
1153 2271 1395 2332 κινήσεσι,
1410 2268 1565 2338 φύλαξ
1584 2276 1681 2322 τῶν
1700 2276 1790 2324 τοῦ
1818 2270 1951 2323 θείου

378 2354 526 2422 νόμου
564 2356 863 2413 καθέστηκεν
909 2357 1243 2425 ἕνταλμάτων,
1293 2359 1603 2427 πεπεισμένη
1643 2366 1815 2429 σαφῶς
1839 2397 1854 2422 ,
1885 2362 1952 2420 ὡς

378 2446 494 2515 οὑί
511 2447 555 2499 oi
584 2446 824 2520 ἀκροαταί
851 2452 941 2502 τοῦ
967 2446 1120 2515 νόμου
1153 2444 1325 2501 δίκαιοι
1350 2449 1486 2521 παρὰ
1512 2454 1585 2516 τῷ
1614 2455 1722 2516 Θεῷ
1741 2487 1756 2511 ,
1785 2448 1887 2503 ἀλλ’
1906 2449 1951 2502 oi

379 2540 587 2593 ποιηταί
620 2542 709 2589 τοῦ
749 2538 903 2605 νόμου
948 2533 1387 2600 δικαιωθήσονται,
1414 2538 1542 2591 κατά
1564 2538 1648 2592 τὸν
1673 2540 1797 2591 θεῖον
1823 2539 1952 2594 ἀπό·

380 2628 573 2682 στολον.
602 2627 681 2681 Ἐν
710 2624 749 2699 ᾧ
778 2628 909 2697 νόμῳ
933 2634 1020 2686 τήν
1048 2628 1255 2697 μελέτην
1282 2626 1312 2682 ἕ
1316 2649 1402 2697 χει
1421 2633 1595 2690 νυκτ’ς
1624 2633 1706 2684 καί
1742 2632 1947 2705 ἡμέρας,

379 2722 509 2775 κατά
534 2721 592 2775 τὸ
616 2722 975 2791 γεγραμμένον,
991 2721 1021 2777 ἡ
1043 2720 1258 2797 ύμετίρα
1286 2722 1573 2791 θεοτίμητος
1594 2724 1677 2775 καί
1700 2722 1821 2795 ἁγία
1851 2746 1949 2793 μαο

379 2809 613 2883 καριότης
635 2848 648 2870 ,
682 2810 768 2862 ούκ
789 2810 838 2862 ίν
1089 2814 1256 2881 μνήμη
1293 2812 1619 2880 τυπουμένων
1640 2814 1693 2865 ἐκ
1718 2821 1809 2873 τῆς
1834 2815 1951 2867 ἀνα-

377 2904 632 2972 γνώσεως,
664 2898 765 2955 ἀλλ’
786 2902 833 2954 ἐν
859 2902 1051 2974 καθαρᾷ
1077 2909 1137 2973 τῇ
1166 2899 1445 2959 συνειδήσει
1475 2904 1838 2976 κρατωομένην
1865 2901 1951 2957 διὰ

376 3008 470 3053 τῆς
499 2994 730 3066 χάριτος,
760 2995 843 3046 καί
868 2992 1001 3047 οὕτω
1030 2992 1248 3063 βεϐαίως
1270 2996 1352 3047 καί
1379 2994 1748 3063 ἀμετακινητως
1769 2995 1947 3066 ίγιαὶρ·

2052 1812 2322 1879 praecepit,
2349 1812 2538 1866 studiis
2567 1812 2951 1881 pontiﬁcalibus
2978 1814 3339 1870 indesinenter
3366 1828 3620 1887 operatur

2048 1912 2101 1958 et
2128 1902 2354 1969 perﬁcit,
2387 1919 2606 1959 servans
2647 1904 2777 1973 legis
2805 1904 2996 1959 divinm
3026 1906 3269 1960 mandata
3304 1925 3317 1960 :
3350 1907 3484 1973 Quia
3518 1926 3621 1962 non

2050 1993 2175 2058 legis
2216 1993 2469 2047 auditores
2508 1995 2638 2063 justi
2685 2004 2802 2047 sunt
2845 1997 2983 2064 apud
3034 1996 3215 2060 Deum,
3261 1998 3397 2052 sicut
3441 2009 3620 2052 narrat

2052 2082 2355 2150 Apostolus,
2388 2084 2475 2137 sed
2500 2085 2715 2149 feruores
2743 2083 2864 2153 legis
2889 2084 3305 2150 iustiﬁcabunlur
3332 2084 3504 2155 (Rom.
3535 2091 3617 2157 tt).

2052 2170 2105 2225 In
2134 2187 2235 2242 qua
2264 2172 2380 2241 lege
2423 2172 2601 2226 divina
2645 2184 2819 2227 vestra
2868 2187 3048 2228 sancta
3088 2185 3141 2228 et
3166 2177 3467 2231 veneranda
3497 2178 3619 2232 sin-

2050 2262 2266 2329 ceritas,
2315 2262 2452 2317 sicut
2496 2263 2752 2331 scriptum
2783 2272 2883 2327 est,
2913 2264 3199 2319 meditatur
3242 2265 3329 2321 die
3371 2280 3432 2321 ac
3461 2277 3619 2324 nocte

2051 2358 2271 2429 (Psalm.
2306 2357 2345 2430 ι)
2380 2377 2394 2417 :
2422 2375 2539 2429 quae
2567 2358 2836 2415 meditatio
2863 2374 2967 2415 non
3011 2360 3235 2416 lectione
3272 2377 3367 2432 per
3398 2362 3617 2432 ﬁguram

2052 2449 2343 2504 litterarum
2373 2459 2574 2504 tantum
2607 2458 2908 2519 conspecta,
2953 2450 3045 2505 sed
3080 2451 3335 2506 uberante
3375 2454 3428 2507 in
3465 2454 3620 2515 vobis

2051 2538 2247 2594 Christi
2279 2541 2468 2608 gratia,
2502 2540 2554 2593 in
2585 2550 2760 2594 vestra
2791 2540 3124 2607 cognoscitur
3152 2544 3472 2598 conscientia
3513 2545 3617 2600 im-

2053 2628 2318 2683 mobiliter
2365 2629 2543 2694 insita,
2596 2628 2904 2682 nullatenus
2953 2628 3019 2682 de
3064 2640 3241 2683 vestro
3283 2633 3443 2686 corde
3472 2648 3618 2689 rece-

2050 2717 2211 2772 dente
2237 2719 2350 2788 legc
2378 2717 2575 2772 Christi
2608 2718 2701 2772 Dei
2754 2717 2959 2772 Domini
3005 2730 3364 2786 sacrosancta,
3398 2722 3535 2777 sicut
3566 2724 3617 2780 in

2053 2807 2273 2862 Psalmis
2304 2808 2430 2862 dicit
2460 2808 2717 2876 propheta
2754 2824 2769 2863 :
2799 2804 2872 2862 0s
2891 2810 3025 2880 justi
3062 2811 3385 2865 meditabitur
3408 2814 3618 2883 sapien-

2051 2900 2193 2962 tiam,
2223 2908 2271 2952 et
2296 2900 2468 2967 lingua
2490 2902 2601 2970 ejus
2621 2898 3127 2968 loqueturjudicium
3149 2899 3371 2971 (Psalm.
3398 2904 3615 2972 xxxvr).

2053 2987 2161 3042 Lex
2204 2988 2298 3043 Dei
2337 2992 2446 3059 ejus
2488 2988 2539 3042 in
2577 2988 2727 3042 corde
2770 2989 2933 3060 ipsius
2976 3005 2994 3042 :
3034 3006 3135 3043 non
3171 3001 3488 3056 atramento,
3529 2996 3617 3047 sed

378 3080 481 3135 διον
521 3079 637 3152 ἔχει
678 3082 760 3136 τόν
782 3078 872 3136 τού
920 3084 1100 3156 Κυρίου
1144 3084 1281 3151 ἡμῶν
1308 3080 1471 3140 ἰησοῦ
1500 3090 1724 3158 Χριστοῦ
1757 3086 1905 3155 νόμον
1932 3126 1946 3147 ,

2055 3077 2279 3145 Spiritus
2308 3077 2406 3132 Dei
2434 3078 2530 3132 viui
2560 3087 2735 3135 vestra
2766 3080 2819 3134 in
2848 3094 3037 3135 arcana
3085 3084 3410 3149 conscripta;
3458 3100 3618 3153 neque

377 3175 508 3228 ὥστε
528 3174 585 3226 τό
610 3172 854 3243 ψαλμικόν
877 3172 1073 3241 ἔφ’ύμὶν
1094 3172 1461 3248 ἕκπληροῦσθαι
1481 3174 1651 3243 ῥητόν,
1669 3175 1725 3229 τὸ
1746 3176 1947 3246 φάσκον·

375 3267 442 3319 Τό
486 3262 654 3331 στόμα
674 3284 772 3334 μου
801 3264 1001 3321 λαλήσει
1026 3266 1223 3335 σοφίαν,
1260 3266 1342 3317 καί
1362 3266 1390 3322 ἡ
1415 3264 1595 3336 μελέτη
1628 3272 1718 3325 τῆς
1739 3264 1949 3337 καρδίας

376 3376 474 3425 μου
500 3356 720 3409 σύνεσιν.
751 3353 809 3408 Ὀ
843 3354 993 3425 νόμος
1017 3360 1104 3408 τοῦ
1147 3360 1273 3409 Θεοῦ
1304 3355 1460 3409 αὐτοῦ
1489 3356 1537 3408 ἐν
1564 3353 1742 3431 καρδίᾳ
1769 3358 1946 3422 αὐτοῦ,

377 3465 402 3496 ο
414 3446 433 3495 3
446 3443 617 3512 μέλανι
633 3443 996 3517 γεγραμμένος,
1013 3442 1131 3497 ἀλλὰ
1145 3443 1393 3514 πνεύματι
1409 3449 1533 3496 Θεοῦ
1554 3448 1755 3507 ζῶντος,
1774 3466 1948 3514 μυστι-

378 3542 477 3593 κῶς
507 3536 919 3606 ίσφραγισμίνος,
940 3535 997 3586 ού
1021 3534 1116 3606 γάρ
1135 3534 1183 3586 ἐν
1198 3534 1257 3587 π)
1267 3535 1347 3596 αξί
1366 3533 1592 3600 λιθίναις,
1613 3535 1715 3587 ἀλλ’
1734 3536 1781 3588 ἐν
1804 3536 1949 3600 πλαξὶ

378 3622 584 3693 καρδίας
606 3628 867 3687 σαοκίνης,
883 3625 948 3684 ὧς
968 3646 1087 3695 φησι
1107 3625 1370 3697 Κορινθίοις
1385 3625 1586 3697 γράφων
1607 3623 1633 3679 ό
1654 3624 1790 3697 ἅγιος
1810 3633 1946 3680 Παῦ-

375 3713 478 3774 λος.
497 3715 696 3769 Ἑοὲτων
718 3712 879 3772 οὕτως
906 3713 1146 3782 ἑχόντων,
1165 3714 1470 3782 σημαίνομεν
1573 3714 1823 3786 θεαρὲστῳ
1842 3736 1939 3784 μα·

380 3804 640 3876 καριότητι
662 3806 723 3865 ὠς
747 3810 809 3877 τῇ
830 3800 1221 3876 ἑπτακαιδεκάτη
1242 3810 1332 3857 τοῦ
1362 3801 1648 3875 Αὐγούστου
1674 3806 1827 3874 μηνός
1857 3814 1947 3866 τῆς

376 3895 703 3964 ἐνισταμένης
719 3898 964 3969 τετάρτης
980 3894 1337 3962 ἐπινεμήσεως,
1354 3901 1443 3953 τῆς
1465 3895 1515 3945 ἐκ
1541 3900 1668 3947 Θεοῦ
1689 3914 1948 3968 προκατα-

373 3982 623 4043 λαϐοὐσης
648 3985 946 4056 ἐπικουρίας,
966 3981 1049 4037 διά
1069 3988 1169 4039 τῶν
1189 3981 1339 4055 ἁγίων
1358 3986 1438 4041 καί
1457 3981 1781 4039 θεοδιδάκτων
1805 3986 1946 4054 ὑμῶν

371 4083 700 4153 προσευχῶν,
730 4081 818 4134 τήν
855 4077 973 4144 ἐμὴν
999 4076 1299 4145 ἕλαχιστίάν
1328 4077 1397 4133 εἰς
1414 4076 1778 4150 ἀρχιερατικὴν
1804 4076 1944 4140 ἀξίαν

371 4162 523 4223 τῆσδε
545 4174 633 4224 τῆς
656 4166 1061 4239 Καρθαγενησίων
1080 4163 1269 4225 πόλεως
1300 4164 1483 4236 χάριτι
1510 4165 1616 4239 θείᾳ
1641 4169 1940 4236 προήγαγον.

370 4250 458 4313 'll;
479 4255 535 4309 τό
557 4250 757 4326 μέγεθος
783 4255 1089 4326 ἀνεγκλήτως
1113 4257 1243 4325 ἡμᾶς
1274 4244 1533 4311 διανύσαι.
1557 4256 1637 4306 τὸν
1657 4256 1945 4326 πανάγαθον

372 4344 661 4398 ἱκετεύσατε
708 4345 909 4413 κύριον
942 4346 1008 4404 ὡς
1037 4338 1116 4406 ἂν,
1146 4346 1305 4399 αὐτοῦ
1336 4342 1760 4425 διακυϐερνῶντος
1787 4347 1941 4413 ἡμᾶς,

2051 3173 2102 3222 in
2145 3169 2328 3223 tabulis
2368 3168 2617 3237 lapideis,
2663 3169 2751 3222 sed
2793 3170 2847 3224 in
2891 3170 3074 3225 tabulis
3119 3172 3285 3225 cordis
3325 3174 3619 3229 carnalibus

2050 3258 2137 3327 (II
2167 3260 2285 3317 Cor.
2332 3258 2437 3328 tu),
2469 3262 2608 3314 sicut
2636 3259 2926 3315 beatissimi
2978 3262 3203 3330 apostoli
3233 3261 3379 3317 Pauli
3420 3263 3485 3317 ad
3515 3263 3618 3319 Co-

2051 3350 2277 3405 rintltius
2302 3349 2463 3404 missa
2493 3364 2591 3404 nos
2616 3350 2772 3404 docet
2795 3350 3039 3419 epistola.
3072 3352 3272 3417 Quibus
3304 3354 3613 3421 praemissis,

2049 3444 2406 3517 signiﬁcamus
2437 3443 2545 3497 Deo
2576 3444 2779 3511 placitae
2809 3443 3124 3499 fraternitati
3165 3454 3378 3511 vestrae,
3410 3446 3495 3501 die
3522 3446 3616 3499 de-

2049 3537 2189 3591 cimo
2237 3535 2465 3601 septimo
2509 3533 2864 3588 Kalendarum
2913 3536 3267 3602 Augustarum
3315 3535 3617 3593 indictionis

2050 3634 2272 3695 quartae,
2305 3633 2538 3678 nostram
2587 3622 2935 3677 humilitatem
2981 3624 3158 3679 divina
3202 3626 3389 3695 gratia,
3422 3641 3519 3680 suo
3556 3635 3616 3681 nt

2049 3717 2300 3785 praecepit
2349 3730 2569 3769 munere
2599 3715 2979 3783 praeveniente,
3011 3723 3069 3769 ut
3114 3716 3304 3771 vestris
3328 3718 3524 3772 sanctis
3551 3732 3616 3772 ac

2049 3809 2159 3863 Deo
2189 3810 2361 3878 dignis
2392 3809 2658 3878 precibus,
2693 3809 2745 3863 in
2776 3819 2957 3863 sancta
3002 3809 3434 3880 Carthaginensis
3478 3810 3613 3865 civi-

2050 3898 2173 3953 tatis
2201 3900 2429 3955 ecclesia
2458 3899 2777 3967 pontiﬁcalis
2801 3898 3018 3954 honoris
3042 3899 3313 3967 accepisse
3335 3914 3616 3955 consecra-

2049 3992 2248 4048 tionem
2274 3999 2328 4046 et
2352 3992 2568 4047 stolam.
2595 3991 2651 4046 In
2672 4006 2775 4060 quo
2803 3991 3075 4061 dignitatis
3106 3990 3335 4061 fastigio,
3364 4002 3421 4046 ut
3445 4005 3474 4046 a
3508 3991 3617 4047 Deo

2046 4084 2408 4147 omnipotente
2438 4095 2682 4151 regamur
2708 4080 2778 4134 ab
2806 4080 3085 4149 altissimo,
3117 4089 3173 4136 et
3218 4096 3245 4133 a
3294 4080 3447 4137 malis
3480 4084 3617 4139 acti-

2048 4173 2144 4227 bus
2186 4172 2417 4237 liberati,
2472 4170 2805 4227 sacerdotale
2852 4185 2960 4226 non
3007 4185 3201 4225 nomen
3250 4180 3480 4236 tantum,
3518 4176 3615 4228 sed

2046 4262 2245 4319 Christi
2297 4262 2509 4317 Domini
2559 4262 2650 4317 Dei
2699 4262 2866 4315 nostri
2912 4269 3221 4331 protegente
3269 4262 3507 4329 auxilio,
3560 4273 3617 4319 et

2048 4353 2292 4409 meritum
2341 4352 2650 4416 habeamus,
2679 4350 2868 4405 vestris
2901 4350 3099 4405 sanctis
3136 4364 3199 4405 ac
3228 4350 3339 4405 Deo
3366 4360 3613 4420 accepta-

371 4447 469 4491 τῶν
491 4437 710 4509 [Snpple
725 4436 902 4508 κακῶν]
924 4438 1355 4512 ἐλευθερωθείημεν
1376 4418 1626 4513 πράξεων·
1646 4442 1778 4503 πρὸς
1800 4442 1855 4493 τό
1870 4446 1939 4510 μὴ

2049 4444 2238 4499 bilibus
2286 4459 2385 4498 nos
2437 4440 2872 4498 commendantes
2923 4441 3271 4506 orationibus,
3325 4418 3612 4509 poscimus,

371 4526 529 4597 ενομα
548 4526 712 4599 μόνον,
734 4528 857 4582 ἀλλά
875 4531 959 4582 καί
976 4531 1032 4582 τό
1056 4526 1205 4602 ἔργον
1226 4538 1315 4589 τῆς
1338 4530 1612 4605 ἱερωσύνης
1631 4534 1937 4600 κατέχομεν,

372 4621 423 4682 ἐξ
444 4621 598 4674 αὐτοῦ
619 4619 978 4690 σκεπαζόμενοι
1006 4627 1094 4673 τοῦ
1120 4623 1298 4694 ιίυρίου
1330 4622 1467 4690 ἡμῶν
1493 4622 1662 4678 Ἰησοῦ
1692 4626 1939 4695 Χριστοῦ,

370 4718 511 4793 παρά
530 4738 673 4771 τινων
702 4713 863 4787 [Lege
883 4715 1313 4788 παρατιθεμένων]
1343 4720 1475 4787 ἡμᾶς
1503 4721 1638 4788 αύτῷ
1666 4728 1763 4772 τῶν
1789 4720 1944 4791 ἁγίων

373 4811 453 4859 καὶ
478 4808 737 4861 θεοπειθῶν
760 4811 900 4877 ὑμῶν
927 4814 1253 4880 προσευχῶν,
1268 4808 1354 4861 ’ἱνα
1373 4806 1582 4873 ταύταις
1599 4811 1941 4881 όχυρωθέντες

373 4900 456 4951 καί
481 4905 600 4957 ταῖς
637 4904 899 4972 χρησταῖς
926 4898 1205 4957 νουθεσίαις
1234 4898 1371 4967 ὑμῶν
1405 4900 1766 4971 στηριχθέντες
1790 4902 1941 4964 ἀξιω-

372 4989 535 5057 θῶμεν
569 4990 664 5042 σύν
688 4994 842 5043 παντί
870 4996 941 5058 τῷ
966 4988 1283 5042 πιστευθέντι
1307 4990 1422 5058 ἡμῖν
1460 4994 1942 5063 Χριστιανικωτάτῳ

370 5076 495 5153 λαῷ,
527 5086 589 5153 τῇ
615 5081 779 5153 σκέπη
806 5087 896 5139 τῆς
920 5081 1160 5153 χάριτος,
1186 5079 1422 5138 ἀϐλαϐεῖς
1446 5080 1759 5150 φυλαχθῆναι
1783 5082 1943 5155 μέχρι

370 5170 658 5229 τί).ους.Ἑκ
680 5173 958 5244 προσώπου
986 5167 1039 5223 δί
1066 5176 1156 5229 τῆς
1180 5170 1318 5238 ἡμῶν
1344 5168 1667 5245 μετριότητος
1692 5172 1764 5230 είς
1782 5190 1943 5243 προσ-

370 5264 577 5318 κύνησιν
600 5268 690 5321 τῆς
715 5260 963 5334 ύμετίρας
984 5260 1288 5330 σεϐασμίας,
1320 5262 1404 5314 καί
1430 5260 1711 5332 ἁγιωτάτης
1737 5258 1941 5332 ἀδελφό-

370 5374 537 5415 τητος,
563 5352 916 5424 ἐξεπέμψαμεν
935 5352 1192 5406 Μίλλωσον
1214 5353 1299 5405 τὸν
1326 5352 1597 5423 πρόσφυγα
1617 5353 1773 5421 ἡμῶν,
1799 5349 1943 5406 ἀδελ-

370 5446 454 5512 φόν
476 5442 547 5508 δί,
580 5446 666 5498 καί
694 5445 1066 5497 συνεπίσκοπον
1094 5444 1233 5512 ἡμῶν
1253 5482 1267 5507 ,
1297 5446 1375 5496 καί
1402 5441 1693 5512 Ῥεδίμπτον
1717 5444 1802 5497 τόν
1831 5441 1942 5497 διά·

372 5554 531 5596 κονον,
552 5538 629 5587 καὶ
652 5540 1043 5607 Κρισκεντοῦρον
1064 5536 1149 5589 τὸν
1164 5537 1389 5607 νοτάριον
1402 5541 1492 5589 τοῦ
1522 5534 1773 5601 καθ’ήμᾶς
1797 5535 1941 5607 ἁγίου

2047 4543 2307 4602 quatenus
2350 4544 2404 4587 et
2446 4532 2639 4587 vestris
2686 4530 3153 4599 deprecationihus
3203 4545 3300 4598 pro
3344 4531 3497 4586 nobis
3544 4535 3614 4587 ad

2051 4627 2213 4680 Deum
2241 4624 2421 4681 effusis
2450 4623 2659 4686 muniti,
2691 4630 2747 4676 et
2781 4621 3171 4677 eruditionibus
3215 4621 3371 4677 bonis
3412 4620 3614 4676 instru-

2048 4717 2141 4782 cti,
2164 4716 2305 4786 digni
2328 4715 2618 4771 efﬁciamur
2638 4728 2759 4768 cum
2789 4713 3035 4767 omnibus
3065 4711 3217 4766 nobis
3243 4711 3438 4781 populo
3458 4711 3614 4767 Chri-

2048 4808 2223 4867 stiano
2275 4808 2563 4863 commisso
2613 4806 2765 4861 illaesi
2821 4806 3023 4875 protegi
3066 4805 3369 4861 velamento
3411 4804 3591 4859 divino

2051 4898 2129 4953 Ad
2158 4897 2529 4951 salutationem
2562 4910 2687 4965 ergo
2727 4907 2916 4950 vestrae
2946 4903 3145 4950 sancta
3188 4905 3241 4951 et
3288 4895 3615 4950 honoranda:

2046 4989 2413 5053 fraternitatis,
2440 4988 2555 5042 vice
2580 4996 2759 5041 nostra
2792 4985 3066 5041 Ilellosum
3095 4985 3348 5040 humilem
3377 4996 3614 5041 vestrum

2046 5080 2286 5144 fratrem,
2317 5087 2556 5133 nostrum
2596 5078 2906 5146 episcopum
2925 5117 2941 5142 ,
2972 5087 3025 5132 et
3054 5075 3407 5147 Redemptum
3434 5076 3615 5131 diaco-

2046 5186 2206 5238 num,
2239 5171 2267 5199 ⁸
2300 5170 2382 5223 vel
2433 5168 2793 5224 Cresciturum
2843 5169 3108 5222 notarium
3166 5178 3365 5222 sanctae
3416 5178 3617 5225 nostra:

2042 5262 2206 5328 sedis,
2241 5271 2450 5316 vestros
2477 5260 2700 5316 famulos
2747 5260 3157 5326 destinavimus,
3207 5273 3341 5326 quos
3381 5260 3614 5327 postulac

2046 5369 2161 5408 mus
2202 5352 2430 5408 celerius
2479 5352 2633 5407 nobis
2686 5367 2715 5404 a
2763 5361 2937 5406 vestra
2988 5351 3314 5406 beatitudine
3359 5351 3613 5420 persolvi,

2044 5460 2148 5514 quo
2181 5444 2385 5515 possint
2414 5444 2478 5499 ad
2510 5445 2751 5513 pr0prias
2778 5442 3038 5498 ecclesias
3067 5450 3192 5497 ante
3244 5442 3471 5496 hiemem
3504 5440 3615 5496 Deo

2048 5535 2275 5606 propitio
2305 5550 2562 5593 remeare.
2594 5534 2709 5591 Pro:
2732 5535 2975 5591 omnibus
3002 5544 3175 5590 autem
3195 5534 3385 5600 fateor,
3416 5534 3467 5589 iu
3497 5534 3614 5604 ipso

442 5658 465 5683 ⁸
517 5645 607 5697 γει
635 5646 737 5709 hic,
772 5655 826 5698 ut
854 5648 1067 5709 passim,
1098 5661 1190 5715 pro
1234 5658 1295 5698 rt.
1344 5646 1397 5700 In
1440 5648 1622 5701 Gra‘cn
1652 5652 1745 5703 καί.
1782 5647 2098 5702 Hanvtmt's.
