4018 6184
272 307 347 363 89

1068 323 1377 382 VICTORIS
1414 328 2015 394 CAliTHAGlNENSIS
2053 336 2351 395 EPISCOPI
2394 341 2745 400 EPISTULA.

3457 360 3526 415 9U

266 442 476 487 nostra:
506 434 860 500 provectionis
885 436 1107 490 exordio
1130 451 1224 493 cor
1254 449 1494 495 nostrum
1518 456 1622 496 non
1656 444 1806 499 levite

1906 472 1918 506 ι
1945 448 2141 523 θρίνου,
2157 456 2275 511 τούς
2289 455 2486 514 οἰκέτας
2502 456 2530 508 ὑ
2536 464 2661 525 μῶν.
2681 458 2767 518 οὓς
2781 463 2868 517 τὴν
2884 463 3138 530 ταχίστην
3156 466 3256 539 πρὸ
3271 476 3521 537 χειμῶνος

267 522 605 577 vulneratum
637 524 823 591 fuisse,
851 534 911 580 ut
942 529 1310 596 propheticum
1344 532 1471 586 illud
1525 546 1847 602 praceptum

264 623 601 681 exoptarem,
633 614 817 670 dicens
841 634 854 668 :
890 616 1019 682 Quis
1048 618 1186 672 dabit
1212 622 1367 688 capiti
1387 637 1498 674 meo
1523 639 1728 690 aquam,
1758 634 1848 676 aut

259 705 431 758 oculis
455 705 579 759 meis
602 706 795 771 fontem
836 706 1202 777 lacrymarum.
1238 721 1285 764 et
1317 711 1494 764 sedens
1526 713 1736 778 plorabo
1766 715 1847 768 die

263 811 328 847 ac
352 805 501 849 rude
521 798 547 849 .’
573 796 710 864 (λεν.
734 796 844 865 ts.)
875 799 1014 852 Ecce
1041 799 1185 854 enim
1218 796 1468 855 Ecclesia:
1510 803 1600 856 Dei
1632 818 1737 857 non
1772 804 1846 858 le-

262 885 399 938 viter
453 887 872 955 perturbantur,
935 888 1508 945 Cltristianissimornm
1564 908 1723 947 voces
1781 907 1844 947 ac

256 977 492 1040 gannitus
524 979 901 1047 episcoporum
932 997 1037 1035 non
1078 991 1473 1052 supportamus,
1502 988 1837 1056 querentium

251 1077 310 1120 et
334 1066 690 1121 clamantium
715 1071 979 1125 novitates
1002 1080 1054 1125 et
1074 1072 1541 1129 concinnationum
1565 1077 1835 1144 figmenta,

253 1173 285 1210 a
330 1156 503 1211 Paulo
533 1160 824 1214 venerabili
870 1163 1254 1218 consacerdote
1283 1175 1489 1231 nostro,
1537 1177 1593 1220 ut
1621 1167 1834 1234 dicitur,

247 1257 441 1302 contra
471 1248 629 1306 ﬁdem
656 1252 1054 1308 veracissimam
1078 1258 1364 1324 approbata
1385 1257 1583 1314 debere
1613 1262 1833 1328 repelli.

246 1337 356 1389 Nos
386 1349 569 1393 autem
613 1348 1095 1408 temperamentum
1143 1346 1321 1401 causis
1358 1346 1711 1416 innectentes,
1747 1365 1837 1404 ex—

246 1429 439 1496 pedire
464 1432 793 1498 putavimus,
820 1434 1194 1499 praedictorum
1238 1436 1669 1494 beatissimorum
1701 1456 1832 1495 con-

241 1521 589 1575 sacerdotum
657 1532 965 1578 nostrorum
1027 1526 1151 1581 licet
1217 1528 1539 1595 iustissimos
1613 1541 1831 1601 questus

237 1612 620 1678 aquanimiter
643 1626 990 1682 supportare,
1038 1628 1093 1673 et
1134 1619 1201 1674 ad
1239 1620 1451 1676 auditus
1499 1626 1829 1680 venerandos

237 1695 598 1752 fraternitatis
642 1709 835 1754 vestra
882 1701 984 1756 hoc
1033 1702 1204 1771 ipsum
1236 1707 1472 1776 pervigili
1504 1723 1630 1763 cura
1661 1710 1827 1764 dedu-

1948 541 2222 597 ίπανελθεῐν
2246 546 2375 618 πρὸς
2397 547 2529 615 ἡμᾶς
2557 550 2926 621 ἀπολυομένους
2952 553 3004 605 ix
3032 564 3121 615 τῆς
3148 558 3398 633 ὑμετέρας
3429 584 3521 630 μα-

1949 631 2247 700 καριότητος
2274 635 2661 707 παρακαλοῦμεν
2690 640 3195 714 ἀποκαθισταμένους
3220 656 3331 708 ταῖς
3353 652 3520 704 αὑτῶν

1945 717 2266 782 Ἐκκλησίαις.
2280 722 2460 779 Ἐκεῖνο
2471 724 2523 780 δέ
2534 724 2803 799 διαγγέλλω
2818 732 2918 804 πρὸ
2929 734 3130 789 πάντων
3141 780 3153 802 ,
3170 740 3238 798 ὡς
3256 739 3303 790 έν
3317 741 3441 812 αὑτῇ

1944 812 2090 885 ἀρχῇ
2109 821 2200 873 τῆς
2213 814 2351 883 ἡμῶν
2364 822 2703 886 χειροτονίας,
2718 821 3063 892 ίθραὺσθησαν
3073 829 3132 880 οὗ
3143 834 3360 902 μετρίως
3377 812 3516 903 ἡμῶν

1940 901 1991 954 αἱ
2017 900 2230 977 καρδίαι,
2258 906 2390 959 ὥστε
2418 912 2501 960 καί
2527 911 2584 963 τὸ
2615 915 2920 981 προφητικὸν
2947 916 3147 987 ἐπᾴδειν
3170 919 3338 991 ῥητὸν
3372 940 3391 971 ε
3424 925 3513 982 Τίς

1941 988 2091 1045 δώσει
2200 996 2379 1070 κεφαλῇ
2399 1018 2493 1062 μου
2523 998 2678 1077 ὕδωρ,
2696 1006 2781 1055 καί
2804 1013 2913 1065 τοῖς
2934 988 3201 1079 ὀφθαλμοῖς
3226 1032 3323 1081 μου
3347 1015 3510 1083 πηγάς

1940 1083 2275 1158 δακρύων,καί
2292 1093 2677 1161 καθήσομαι,καί
2690 1093 2971 1165 κλαύσομαι
2983 1102 3154 1160 νυκτὸς
3166 1105 3243 1155 καί
3261 1106 3469 1175 ἡμέρας
3486 1126 3504 1156 ε

1938 1171 2061 1227 ἰδοὺ
2095 1177 2194 1249 γὰρ
2225 1177 2277 1230 αί
2299 1176 2580 1235 Ἐκκλησίαι
2602 1187 2693 1233 τοῦ
2729 1189 2854 1235 Θεοῦ
2884 1185 3112 1255 μεγάλως
3134 1171 3509 1260 συνταράσσον-

1937 1284 2041 1328 ται,
2057 1268 2189 1321 ὥστε
2210 1272 2333 1337 μὴτε
2355 1271 2515 1344 φέρειν
2526 1274 2658 1342 ἡμᾶς
2670 1271 2911 1330 δύνασθαι
2931 1278 3019 1335 τάς
3040 1285 3138 1331 τῶν
3149 1289 3507 1353 Χριστιανικῶν

1934 1352 2065 1408 λαῶν
2077 1360 2299 1429 οἰμωγάς
2310 1364 2517 1420 καὶτοὺς
2533 1367 2845 1433 στεναγμοὺς
2861 1364 3063 1421 πάντων
3074 1376 3173 1423 τῶν
3191 1372 3501 1435 ἐπισκόπων,

1934 1446 2272 1514 ἐγκαλοῦντων
2304 1452 2383 1503 καί
2404 1452 2783 1516 καταϐοώντων,
2800 1454 2881 1510 διά
2900 1477 2954 1510 τε
2966 1460 3057 1517 τάς
3074 1464 3407 1529 καινοτομίας,
3422 1468 3505 1517 καί

1930 1542 2029 1589 τῶν
2050 1556 2104 1591 τε
2110 1540 2423 1606 χνασμάτων
2443 1543 2507 1595 rei
2535 1542 2831 1611 πλάσματα,
2852 1548 2917 1599 rei
2941 1550 3081 1622 παρά
3101 1550 3314 1613 Παύλου,
3341 1556 3503 1613 καθώς

1931 1646 2071 1694 φασι.
2096 1633 2187 1680 τοῦ
2214 1628 2463 1699 θεοφιλοῦς
2487 1633 2625 1701 ἡμῶν
2648 1634 3033 1708 συλλειτουργοῦ
3063 1641 3344 1715 κυρωθέντα
3370 1646 3503 1699 κατά

1927 1726 2018 1777 τῆς
2044 1719 2255 1780 ἀληθοῦς
2301 1722 2438 1790 ἡμῶν
2480 1725 2720 1785 πίστεως.
2752 1728 2866 1779 Δέον
2892 1729 3039 1782 αὐτὸν
3078 1731 3288 1801 ὑπῆρχε
3332 1739 3500 1787 ταῦτα

235 1798 386 1839 cere.
433 1785 689 1852 lnquiunt
722 1790 889 1855 enim,
918 1791 1161 1859 quadam
1206 1793 1323 1849 vice
1360 1796 1797 1865 epigrammatum

1929 1805 2209 1863 διώσασθαι
2234 1813 2319 1863 καί
2347 1812 2616 1865 ἀποϐαλεῖν
2636 1854 2652 1877 ,
2682 1811 2805 1869 ἀλλά
2841 1822 2911 1887 μὴ
2938 1819 3099 1891 μέχρι
3126 1825 3218 1872 τοῦ
3244 1827 3328 1873 νῦν
3362 1820 3495 1874 ὶκδι-

233 1874 557 1929 chartarum
605 1876 871 1933 volumina
916 1879 968 1933 in
1017 1881 1185 1936 sacris
1213 1882 1418 1939 aedibus
1459 1885 1598 1953 apud
1631 1887 1824 1955 regiam

236 1963 525 2019 civitatem
554 1980 728 2036 nuper
747 1981 870 2024 esse
899 1982 1179 2039 suspensa,
1204 1974 1446 2043 religioni
1475 1976 1749 2031 catholica:
1772 1986 1827 2033 et

238 2054 340 2120 ipsi
372 2069 523 2110 verm
553 2057 678 2113 fidei
708 2073 772 2114 ac
801 2060 1019 2116 Patrum
1048 2063 1423 2122 traditionibus
1451 2069 1666 2122 omnino
1694 2084 1825 2123 con-

233 2147 419 2202 traria.
448 2148 582 2215 Quis
611 2151 755 2204 enim
786 2168 974 2209 vecors
1002 2157 1257 2225 sacrilega
1300 2150 1431 2214 voCe
1468 2160 1659 2214 audeat
1690 2176 1825 2228 pra:-

232 2236 420 2294 dicare
448 2240 503 2294 in
529 2240 760 2296 Domino
788 2253 973 2299 nostro
999 2244 1123 2302 Jesu
1147 2248 1360 2303 Christo
1384 2259 1477 2304 aut
1514 2265 1668 2304 unam
1700 2260 1820 2306 tan-

234 2329 522 2384 tummodo
564 2332 919 2401 voluntatem,
975 2344 1068 2391 aut
1111 2353 1270 2393 unam
1315 2342 1678 2408 operationem
1706 2342 1824 2399 exi-

227 2428 417 2484 stere,
472 2420 600 2475 dum
652 2424 1103 2482 manifestissimis
1156 2428 1371 2484 Patrum
1425 2430 1820 2487 definitionibus

227 2507 494 2579 liquidius
520 2511 722 2567 clareat
749 2514 801 2567 in
832 2516 1054 2571 Domino
1083 2527 1266 2573 nostro
1303 2519 1426 2575 Jesu
1454 2519 1666 2577 Christo
1687 2522 1818 2577 duas

224 2606 477 2663 naturas,
512 2607 568 2653 et
596 2615 779 2655 earum
823 2602 955 2659 duas
986 2606 1307 2676 voluntates,
1347 2610 1586 2678 duasque
1614 2626 1818 2680 opera-

221 2682 404 2739 tiones
432 2686 520 2741 vel
548 2690 904 2758 proprietates
941 2697 1212 2752 naturales
1260 2698 1432 2753 modis
1462 2701 1707 2756 omnibus
1737 2702 1817 2756 in-

221 2776 440 2831 veniri?
497 2778 561 2832 Et
620 2795 902 2848 possumus
955 2786 1333 2856 multiplicibus
1387 2790 1599 2846 Patrum
1652 2792 1813 2847 decu.

229 2869 436 2923 mentis
488 2878 689 2925 nostrae
742 2874 1015 2941 parvitatis
1058 2878 1404 2936 intentionem
1447 2883 1679 2950 firmare,
1712 2885 1811 2940 nisi

223 2965 468 3008 vestram
488 2959 879 3017 sanctissimam
901 2961 1285 3022 fraternitatem
1312 2972 1361 3023 in
1386 2972 1631 3025 omnibus
1651 2974 1812 3029 corde

224 3058 289 3097 ea
321 3046 569 3101 retinere
614 3047 918 3107 firmissime
966 3063 1259 3112 teneamus.
1309 3059 1379 3115 Ut
1424 3071 1598 3115 autem
1644 3062 1809 3131 ipsius

1928 1904 2045 1950 κεῖν.
2071 1894 2235 1969 Ἠμεῖς
2260 1897 2311 1952 δέ
2338 1908 2443 1960 τοῖς
2468 1899 2737 1976 πράγμασι
2761 1909 2848 1961 τήν
2874 1909 3233 1977 προσήκουσαν
3256 1909 3497 1960 ἐπιτιθέν-

1925 2010 2006 2049 τες
2020 1987 2281 2064 διάκρισιν,
2299 1993 2552 2065 συμφέρον
2568 1994 2855 2064 ἡγησάμεθα
2872 1994 3068 2056 δικαίας
3084 1995 3261 2059 οῦσκς,
3278 2002 3495 2071 πρώτως

1923 2084 2012 2151 μέν
2033 2081 2319 2154 ὑπενεγκεῖν
2337 2123 2353 2148 ,
2375 2086 2467 2145 rei;
2494 2092 2591 2139 τῶν
2619 2086 2912 2160 ἁγιωτάτων
2932 2092 3069 2159 ἡμῶν
3096 2090 3492 2166 συλλειτουργῶν

1922 2178 2088 2236 αἰτίας
2117 2178 2420 2247 ἀνακομίσαι
2449 2180 2638 2238 ταύτας
2659 2181 2706 2232 έν
2733 2180 2974 2251 ἀγρύπνῳ
3001 2178 3224 2253 φροδτίδι
3248 2182 3375 2255 πρὸς
3396 2183 3491 2242 rei;

1922 2267 2236 2337 σεϐασμίους
2276 2277 2367 2328 τῆς
2401 2269 2647 2339 ὑμετέρας
2691 2266 3016 2339 ἀδελφότητος
3058 2272 3231 2331 ἀκοάς.
3266 2273 3488 2342 Λέγουσι

1920 2358 2021 2428 γάρ
2052 2359 2119 2417 ὡς
2147 2355 2369 2429 ἔναγχος
2400 2357 2449 2411 έν
2476 2357 2982 2413 Κωνσταντινουπὸλει
3009 2360 3206 2434 χάρται
3230 2361 3359 2418 τινές
3379 2360 3487 2413 ἐπι-

1916 2448 2227 2518 γραμμάτων
2254 2445 2389 2504 δίκην
2413 2447 2464 2500 ὶν
2484 2454 2589 2508 τοῖς
2617 2455 2707 2506 τῆς
2737 2448 2996 2507 ἐκκλησίας
3024 2448 3181 2522 ἱεροῖς
3207 2448 3486 2520 προπὺλοις

1915 2537 2215 2594 ἀνετέθησαν
2340 2557 2394 2590 τε
2434 2536 2679 2605 ὀρθοδόξῳ
2708 2540 2881 2591 πίστει
2903 2578 2917 2601 ,
2944 2539 3027 2590 καί
3062 2545 3125 2609 τῇ
3162 2539 3363 2592 εὐσεϐεῖ
3384 2545 3485 2592 τῶν

1914 2632 2116 2699 πατρῶν
2136 2624 2434 2698 διδασκαλίᾳ
2452 2626 2706 2685 παντελῶς
2725 2625 3063 2694 ἀντικείμενοι.
3089 2627 3175 2685 Τίς
3197 2628 3295 2699 γάρ
3317 2623 3483 2702 ἄφρων

1914 2712 2075 2773 οὕτως
2103 2716 2215 2768 έστί
2242 2718 2323 2769 καὶ
2354 2715 2563 2774 ἀνόητος
2584 2754 2598 2776 ,
2626 2715 2765 2774 ὥστε,
2782 2713 3041 2780 ,τολμῆσαι
3065 2716 3325 2790 κηρύττειν
3346 2716 3481 2791 ἷερο-

1914 2804 2082 2874 στὺλῳ
2105 2812 2257 2876 φωνῇ’,
2282 2806 2396 2872 μίαν
2418 2805 2634 2870 θέλησιν,
2657 2804 2685 2863 ἡ
2706 2807 2827 2874 μίαν
2847 2806 3089 2879 ἐνέργειαν
3110 2806 3364 2878 ὑπάρχειν
3384 2810 3477 2858 τοῦ

1912 2894 2089 2967 κυρίου
2111 2894 2248 2961 ἡμῶν
2276 2892 2441 2950 Ἰησοῦ
2463 2901 2719 2964 Χριστοῦ;
2745 2896 2907 2949 Καίτοι
2932 2903 3032 2949 τῶν
3058 2902 3313 2968 πατρικῶν
3344 2894 3476 2971 ὅρων

1909 2982 2169 3053 τηλαυγῶς
2196 2984 2311 3054 ἡμῖν
2340 2987 2422 3036 καί
2450 2981 2662 3042 ἐκδήλως
2687 2981 3129 3057 παραδηλοὺντων,
3154 2982 3245 3037 δύο
3264 2990 3352 3037 τοῦ
3381 2987 3473 3037 αὑ-

1908 3081 1998 3128 τοῦ
2029 3077 2108 3127 καὶ
2138 3074 2244 3134 ἐνὸς
2273 3076 2452 3146 κυρίου
2488 3076 2625 3145 ἡμῶν
2663 3076 2748 3128 καί
2783 3080 2909 3128 Θεοῦ
2937 3072 3103 3130 Ἰησοῦ
3130 3080 3348 3148 Χριστοῦ
3378 3078 3473 3134 τάς

222 3137 372 3191 sedis
416 3140 733 3207 apostolicae
781 3144 1015 3200 decretis
1061 3164 1155 3213 per
1199 3151 1373 3205 omnia
1405 3152 1803 3221 confirmemnr,

1908 3167 2083 3234 φύσεις
2112 3163 2387 3237 ὑπάρχειν,
2404 3166 2489 3217 καί
2515 3162 2605 3217 δύο
2623 3164 2862 3227 θελήσεις,
2886 3165 2968 3215 καί
2992 3160 3082 3216 δύο
3105 3164 3370 3235 ἐνεργείας,
3392 3167 3471 3217 καί

223 3224 425 3281 monis
488 3229 781 3286 beatissimi
831 3236 1244 3302 praedecessoris
1294 3242 1453 3295 vestri
1499 3244 1805 3311 apostolicae

224 3321 503 3372 memoria:
555 3321 919 3379 definitionem
970 3326 1131 3382 inseri
1180 3330 1522 3396 pervidimus,
1552 3343 1604 3385 et
1634 3334 1803 3387 conti-

222 3418 315 3463 net
364 3410 563 3481 (Epist.
616 3413 705 3481 10)
736 3432 750 3467 :
782 3417 903 3483 Agit
949 3418 1089 3471 enim
1140 3431 1359 3491 utraque
1405 3431 1648 3479 natura!
1678 3438 1800 3479 cum

221 3500 451 3555 alterius
475 3506 857 3561 communione
886 3508 1026 3575 quod
1059 3512 1326 3580 proprium
1352 3522 1454 3568 est.
1487 3512 1595 3569 Nos
1624 3514 1800 3584 itaque

220 3590 440 3646 Patrum
482 3594 537 3648 in
588 3597 837 3651 omnibus
888 3599 1101 3655 decreta
1145 3612 1449 3670 sequentes,
1499 3604 1550 3659 in
1589 3603 1800 3661 Christo

219 3683 447 3737 Domino
473 3695 661 3741 nostro
699 3687 833 3743 duas
870 3698 1108 3756 naturas,
1138 3706 1427 3764 earumque
1452 3694 1585 3749 duas
1614 3695 1797 3751 volun-

218 3781 379 3839 tates,
407 3773 652 3845 duasque
691 3780 1031 3846 Operationes
1079 3779 1383 3838 firmissime
1422 3784 1792 3855 praedicamus,

218 3860 380 3914 Deum
408 3878 597 3917 verum
643 3873 803 3934 atque
830 3866 1096 3923 hominem
1130 3884 1314 3926 verum
1344 3873 1546 3942 absque
1587 3874 1795 3930 delictis

216 3952 462 4005 humanis
502 3954 767 4009 veraciter
809 3957 1146 4025 confitemur,
1197 3961 1536 4030 repudiantes
1579 3972 1793 4018 cuncta-

212 4055 328 4093 rum
377 4042 641 4098 heresum
693 4044 1159 4114 subsannationes,
1192 4051 1448 4105 vanitates
1474 4061 1529 4107 et
1556 4051 1791 4108 insanias

210 4128 519 4185 audaces.
570 4130 818 4188 Vestrum
876 4146 958 4190 est
1005 4138 1200 4208 itaque.
1234 4138 1395 4195 frater
1431 4143 1788 4210 sanctissime,

207 4220 464 4275 canonica
492 4222 828 4280 discretione
855 4228 1010 4283 solite
1034 4231 1315 4285 contrariis
1350 4232 1625 4289 catholicae
1662 4234 1785 4289 ﬁdei

204 4311 442 4377 obviare,
493 4328 596 4369 nec
644 4318 953 4385 permittere
994 4322 1201 4375 noviter
1245 4321 1349 4376 dici
1388 4323 1526 4392 quod
1568 4324 1782 4380 Patrum

202 4402 590 4457 venerabilium
639 4408 929 4462 auctoritas
976 4410 1195 4464 omnino
1247 4427 1352 4466 non
1404 4414 1631 4468 censuit.
1676 4415 1784 4470 Nos

1903 3251 2157 3313 ἰδιότητας
2176 3254 2412 3325 φυσικάς,
2431 3251 2557 3328 ὅπερ
2585 3253 2911 3327 πολυτρόπως
2936 3252 2987 3317 ἐξ
3010 3256 3174 3309 αὑτῶν
3198 3262 3296 3309 τῶν
3321 3254 3470 3326 ἀγίων

1902 3351 2108 3419 πατρῶν
2120 3343 2379 3408 ἀποδεῖξαι
2395 3343 2646 3415 δυνάμεθα
2660 3347 2787 3398 κατὰ
2801 3350 2886 3403 τὴν
2897 3347 3136 3422 ἡμετέραν
3148 3344 3373 3411 δύναμιν,
3390 3350 3470 3399 καί

1899 3435 1982 3488 τὸν
2003 3436 2152 3493 άληθῆ
2173 3439 2289 3509 περὶ
2308 3436 2488 3489 τούτου
2504 3436 2881 3507 βεϐαιώσασθαι
2895 3437 3057 3507 λόγον,
3072 3439 3114 3489 εί
3128 3441 3195 3505 μὴ
3211 3435 3286 3492 ὅτι
3296 3445 3468 3507 σαφῶς

1898 3527 2212 3596 πεπείσμεθα
2241 3532 2406 3580 ταῦτα
2434 3534 2496 3600 τῇ
2523 3524 2702 3601 καρδίᾳ
2728 3533 2973 3599 κραταιῶς
3004 3528 3052 3579 ἐν
3078 3532 3209 3579 πᾶσι
3233 3536 3465 3595 κατέχειν

1898 3618 1981 3669 καὶ
2008 3622 2262 3687 παριστᾷν
2289 3622 2377 3675 τὴν
2403 3617 2651 3692 ὑμετέραν
2680 3615 2939 3689 ἀδελφικὴν
2976 3616 3279 3686 ἁγιωσύνην.
3316 3614 3463 3670 Ὀθεν

1895 3709 1980 3760 καί
2023 3709 2163 3779 ἡμεῖς
2204 3715 2305 3767 τοῖς
2347 3714 2435 3762 τοῦ
2484 3708 2586 3761 καθ’
2607 3710 2743 3777 ὑμᾶς
2790 3709 3124 3763 ἀποστολικοῦ
3154 3709 3328 3781 θρόνου
3358 3707 3458 3778 ψη-

1894 3797 2113 3866 φίσμασι
2138 3796 2221 3849 τὸν
2250 3796 2483 3873 ὑμέτερον
2513 3796 2822 3870 ὀχυροῦντες
2847 3796 2981 3867 λόγον
3004 3835 3019 3859 ,
3057 3798 3262 3856 Λέοντος
3290 3803 3378 3849 τοῦ
3408 3798 3457 3848 έν

1892 3886 2113 3956 μακαρίᾳ
2262 3888 2426 3957 μνήμῃ
2471 3887 2888 3960 προηγησαμένου
2934 3887 3069 3955 ὑμᾶς
3120 3894 3192 3958 τῷ
3232 3887 3459 3959 ἡμετέρῳ

1889 3973 2148 4046 γράμματι
2188 3971 2271 4027 τὸν
2316 3970 2432 4042 ὅρον
2469 3973 2794 4042 συνεμϐαλεῖν
2828 3971 3237 4042 ἐσπουδάσαμεν,
3264 3970 3459 4040 ἔχοντα

1888 4061 2066 4123 οὕτως·
2093 4069 2313 4137 Ἐνεργεῖ
2347 4061 2555 4139 ἑκατέρᾳ
2584 4069 2746 4136 μορφῇ
2776 4064 2904 4131 μετὰ
2924 4068 3015 4121 τῆς
3045 4062 3254 4134 θατέρου
3286 4080 3456 4112 κοινω-

1887 4155 1991 4213 νίας
2028 4160 2178 4208 τοῦτο
2214 4151 2338 4227 ὅπερ
2367 4151 2492 4209 ἴδιον
2524 4152 2778 4223 ἔσχηκεν.
2810 4160 2974 4222 Ἡμεῖς
3012 4154 3103 4223 μὲν
3144 4147 3234 4205 οὖν
3262 4155 3326 4205 τὰ
3354 4159 3455 4206 τῶν

1885 4242 2036 4315 ἁγίων
2058 4245 2377 4313 θεσπίσματα
2397 4240 2804 4310 μεταδιώκοντες.
2819 4239 2909 4295 δύο
2930 4243 3125 4312 φύσεις,
3142 4244 3209 4301 ὡς
3234 4239 3450 4316 εἴρηται,

1885 4336 1970 4387 καί
2003 4331 2094 4387 δύο
2133 4334 2386 4401 θελήματα
2411 4370 2427 4396 ,
2458 4336 2535 4386 καί
2561 4330 2653 4387 δύο
2682 4329 2928 4407 ἐνεργείας
2960 4334 3114 4387 αὑτοῦ
3144 4340 3233 4387 τοῦ
3262 4336 3449 4406 Κυρίου

1882 4424 2020 4491 ἡμῶν
2053 4423 2215 4478 Ἰησοῦ
2243 4426 2463 4494 Χριστοῦ
2504 4420 2722 4493 βεϐαίως
2750 4421 3075 4495 κηρύττοντες
3106 4420 3447 4494 ὁμολογοῦμεν

200 4491 337 4541 enim
387 4492 623 4547 humiles
670 4495 852 4562 corde,
892 4512 1011 4565 quae
1054 4507 1201 4553 recta
1245 4510 1369 4555 sunt
1404 4501 1647 4571 adiutore
1677 4504 1779 4560 Do-

1906 4489 2029 4564 .4328»
2055 4512 2177 4563 Θεὸν
2198 4509 2439 4573 ἀληθινὸν,
2455 4512 2537 4563 καὶ
2560 4505 2818 4583 ἄνθρωπον
2842 4510 3060 4567 ἀληθινὸν
3088 4514 3252 4583 χωρίς
3280 4512 3447 4585 ἀμαρ-

200 4587 341 4639 mino
369 4584 665 4652 sapientes,
698 4600 807 4640 uno
836 4587 1045 4642 vinculo
1084 4589 1360 4646 charitatis
1389 4592 1660 4648 vobiscum
1686 4609 1777 4650 su-

198 4689 309 4729 mus
332 4674 641 4741 constricti,
666 4690 844 4729 veram
870 4676 1028 4731 fidem
1051 4693 1112 4734 ac
1129 4679 1437 4750 religionem
1460 4683 1774 4739 catholicam

197 4763 245 4815 in
289 4764 547 4818 omnibus
594 4763 801 4819 fortiter
854 4765 1208 4823 defensantes.
1258 4770 1554 4825 Studiosius
1594 4772 1773 4842 itaque

193 4866 219 4903 a
247 4853 531 4908 catholicis
568 4853 826 4924 improbis
872 4871 1027 4924 posse
1071 4857 1344 4923 resistere,
1388 4863 1769 4917 imminendum

192 4954 288 5011 est,
323 4960 392 4999 ne
423 4954 642 5013 torpore
668 4946 887 5000 desidia:
909 4950 1172 5017 oppressi,
1198 4951 1366 5018 culpae
1402 4952 1770 5010 taciturnitatis

192 5043 465 5091 teneamur
513 5039 771 5106 obnoxii,
823 5047 877 5095 et
929 5041 1079 5110 quasi
1123 5041 1356 5098 favorem
1402 5044 1768 5114 impendentes

189 5125 510 5196 iudicemur,
540 5129 667 5184 dum
699 5130 919 5184 adversa
963 5133 1238 5188 catholicae
1288 5134 1421 5189 fidei
1464 5138 1769 5205 pr0pnlsare

192 5220 526 5291 negligimus.
559 5224 603 5275 Α
649 5221 805 5276 beato
854 5237 1081 5292 namque
1127 5224 1300 5279 Felice
1338 5227 1582 5294 apostolo
1609 5225 1636 5263 δ
1673 5244 1765 5285 ve-

191 5321 306 5365 strae
334 5311 638 5365 sanctitatis
676 5313 1075 5381 praedecessore
1100 5313 1296 5369 dictum
1328 5325 1411 5371 est
1441 5333 1455 5369 :
1491 5315 1762 5388 Negligere

187 5417 401 5471 quippe,
456 5420 575 5456 cum
623 5406 831 5472 possis,
878 5404 1149 5458 deturbare
1196 5422 1485 5475 perversos,
1527 5410 1654 5462 nihil
1693 5421 1763 5465 est

187 5495 322 5547 aliud
349 5510 502 5563 quam
530 5495 736 5563 facere;
767 5509 855 5547 nec
882 5504 1019 5549 caret
1045 5498 1288 5566 scrupulo
1316 5500 1566 5553 societatis
1588 5503 1760 5554 occul-

1875 4604 2007 4662 τίας,
2037 4601 2432 4671 ἀποϐαλλομενοι
2455 4602 2624 4660 πάσης
2646 4601 2891 4675 αἱρέσεως
2919 4604 3038 4661 τοὺς
3060 4610 3445 4677 μνκτηρισμοὺς

1874 4694 2043 4747 καίτά
2070 4691 2231 4762 ψεύδη
2257 4734 2270 4757 ,
2302 4696 2394 4754 τάς
2423 4714 2476 4748 τε
2517 4695 2862 4762 ματαιότητας
2902 4700 2984 4749 καί
3009 4698 3102 4756 τὰς
3130 4700 3439 4772 ἀφροσύνας.

1873 4786 2136 4856 Ὗῷτερον
2181 4783 2234 4839 δέ
2273 4787 2445 4848 ἐστιν,
2477 4786 2724 4859 ἀγιώτατε
2773 4786 2984 4857 ἀδελφέ,
3016 4791 3179 4864 κρίσει
3223 4775 3441 4866 κάνονικῇ

1876 4875 2102 4935 συνήθως
2128 4874 2570 4931 ἀντικαθίστασθαι
2602 4884 2713 4936 τοῖς
2743 4877 3095 4948 ἀντικειμένοις
3121 4888 3182 4954 τῇ
3213 4882 3439 4953 καθολικῇ

1870 4964 2157 5039 Ἐκκλησία,
2185 4970 2267 5021 καί
2292 4973 2360 5037 μὴ
2388 4976 2681 5041 συγχωρεῖν
2706 4967 2825 5028 ὅλως
2858 4971 2957 5023 νέον
2982 4992 3032 5024 τι
3052 4971 3281 5042 λέγεσθαι
3310 4974 3437 5025 κατά

1869 5061 1958 5113 τῆς
1985 5055 2227 5121 ἀληθείας,
2242 5062 2365 5127 μήτε
2388 5060 2476 5127 μὲν
2492 5057 2844 5130 ὀμολογεῑσθαί
2864 5083 2913 5114 τι
2933 5062 3157 5123 καθάπαξ
3184 5058 3308 5135 ὅπερ
3332 5063 3433 5131 οὑχ

1868 5146 2052 5219 ὥρισεν
2076 5148 2106 5204 ἡ
2135 5145 2253 5220 ἁγία
2296 5155 2397 5201 τῶν
2434 5145 2673 5218 έγκρίτων
2701 5158 2904 5223 πατρῶν
2932 5150 3231 5223 παράδοσις.
3265 5159 3433 5220 Ἡμεῖς

1864 5238 1963 5311 γάρ
1988 5238 2032 5291 oi
2062 5237 2325 5307 έλάχιστοι
2348 5245 2437 5292 τοῦ
2453 5243 2632 5315 Κυρίου
2650 5237 3071 5315 διακυϐερνῶντος
3091 5242 3154 5296 τά
3174 5242 3293 5317 ὀρθά
3319 5262 3433 5315 φρο-

1864 5334 2061 5388 νοῦντες
2095 5330 2165 5383 ἐνί
2203 5338 2274 5399 τῷ
2300 5331 2501 5401 ἀγάπης
2529 5328 2699 5402 δεσμῷ
2739 5332 2843 5403 μεθ’
2862 5333 2998 5401 ὑμῶν
3038 5334 3430 5405 συνεσφίγμεθα,

1863 5422 1952 5475 τὴν
1992 5420 2264 5490 ἀμώμητον
2308 5422 2502 5485 πίστιν,
2544 5420 2691 5493 ἤγουν
2740 5427 2828 5480 τὴν
2877 5421 3131 5496 ὀρθόδοξον
3169 5423 3428 5496 ὁμολογίαν

1866 5507 2103 5577 ἰσχυρῶς
2130 5508 2344 5564 ὲνπᾶσι
2371 5506 2751 5570 διεκδικοῦντες.
2797 5512 2910 5566 Δέον
2948 5507 3034 5567 οὑν
3072 5514 3209 5569 ἐστιν
3247 5515 3424 5584 ἐπιμε-

252 5639 273 5706 ξι
316 5630 390 5706 lix
441 5631 631 5684 Grarco
680 5631 768 5706 hic
816 5648 1023 5706 rursum
1052 5643 1265 5706 utraque
1294 5644 1480 5692 natura
1517 5639 1569 5694 in
1598 5650 1748 5697 sexto
1775 5655 1917 5698 casu.
1952 5642 2121 5699 llsno.

251 5699 275 5738 δ
313 5700 473 5772 Lege,
508 5704 811 5771 apostolico.
843 5702 1011 5757 llAttu.
