4018 6184
493 264 555 318 ξΗ
1655 262 1745 317 AD
1784 261 1846 318 S.
1887 263 2309 321 'l’llEUDOllUM
2353 266 2579 322 ΡΑΡΔΜ
3659 283 3724 331 92

3661 319 3724 334 υ-

487 379 712 453 λέστερον
735 381 851 439 τοὺς
870 377 1182 455 ὁρθοδὸξους,
1207 375 1459 445 ἀδοκίμοις
1484 377 1938 437 ἀντικαθίστασθαι.
1964 385 2046 436 καὶ

2174 392 2242 444 te,
2273 379 2362 444 qui
2408 379 2676 446 manifesto
2719 381 2933 448 facinori
2977 381 3158 434 desiuit
3209 383 3405 438 obviare
3436 393 3481 438 ⁸.
3517 386 3724 456 Liquet,

487 469 733 539 μηδαμῶς
777 475 998 543 ἠρεμεῖν.
1040 466 1149 521 Ἰνα
1181 472 1251 538 μὴ
1293 475 1354 542 τῇ
1400 472 1646 542 ναρκόπει
1687 479 1777 531 τῆς
1819 474 2051 542 ἀμελείας

492 560 895 629 συνενεχθέντες.
937 566 1007 625 τῷ
1033 566 1122 618 τῆς
1150 567 1346 617 σιωπῆς
1375 562 1748 631 παραπέσωμει
1775 567 2053 637 παραπτὰν

492 671 634 719 part,
663 653 748 703 καὶ
774 646 966 700 εὔνοιαν
1021 650 1196 720 ὥσπερ
1226 655 1336 705 τινά
1381 653 1618 726 κριθῶμεν
1669 651 2056 723 ἐπιδεικνύμενοι

490 741 617 812 πρὸς
638 741 702 792 τά
721 744 782 808 τῇ
797 739 886 791 καθ
895 738 1028 810 ολικῇ
1049 735 1312 813 Ἐκκλησία
1336 745 1703 810 ἐναντιούμενα,
1727 743 2054 801 διαναϐαλλό-

490 852 627 900 μενοι
653 826 818 884 ταῦτα
847 833 1152 906 κατακρίνειν
1180 833 1264 883 καί
1291 833 1502 895 ἐξωθεῖν.
1531 832 1732 908 Ετρηται
1760 836 1856 906 γάρ
1892 845 2054 908 σοφῶς

489 916 561 989 τῷ
589 921 992 991 προηγησαμένῳ
1037 925 1127 978 τήν
1161 921 1412 991 ὑμετέραν
1455 923 1792 982 άποστολικήν
1833 924 2060 994 ἁγιωσύ-

487 1034 572 1066 νιν
611 1012 772 1068 Φίληκι
807 1008 1228 1083 τῷδάποστολικῷ
1273 1015 1454 1086 πάπᾳ,
1485 1011 1562 1068 ὅτι
1592 1017 1650 1069 τὸ
1684 1017 1930 1086 ἀμελῆσαι
1975 1019 2060 1071 τὸν

490 1103 628 1161 τέως·
645 1099 916 1172 δυνάμενον
955 1123 1022 1156 συ
1051 1103 1266 1176 ταράξαι
1295 1105 1414 1163 τούς
1442 1101 1888 1178 διεστραμμένους,
1914 1105 2057 1159 οῦδὲν

489 1189 657 1266 ἕτερόν
686 1193 842 1256 ἔστιν,
872 1193 914 1244 εἰ
935 1196 1000 1260 μή
1030 1194 1454 1264 περιποιήσασθαι
1473 1199 1559 1252 τήν
1581 1197 1772 1250 τούτων
1801 1197 2052 1250 ἀσέϐειαν*

490 1285 549 1334 ού
569 1285 668 1356 γάρ
695 1284 960 1355 ἐστέρηται
1001 1293 1091 1343 τῆς
1117 1285 1245 1356 πρὸς
1287 1286 1468 1344 αὑτούς
1516 1289 1857 1359 κεκρυμμένης
1889 1289 2061 1360 ἐγκλή-

491 1375 621 1432 σεώς
646 1393 701 1427 τε
723 1375 802 1425 καὶ
828 1373 1053 1447 ἑταιρίας
1072 1412 1088 1436 ,
1117 1373 1142 1427 ὁ
1166 1374 1604 1447 περιστελλόμενος
1631 1385 1702 1448 τῷ
1731 1385 1916 1450 φανερῷ
1941 1380 2060 1432 τοὺ-

489 1483 590 1516 των
618 1466 931 1520 ἀντιπίπτειν
950 1463 1254 1535 μολύσματι.
1284 1469 1372 1518 Καὶ
1400 1464 1620 1535 μάλιστα
1649 1464 1900 1535 προδήλου
1933 1489 2060 1540 τυγ-

494 1556 760 1624 χάνοντος,
791 1555 1040 1626 ἀγιώτατε
1069 1553 1315 1617 δέσποτα,
1353 1560 1433 1609 καὶ
1457 1564 1547 1615 τῆς
1569 1557 1775 1610 οἱασοῦν
1801 1557 2061 1630 ἑρμηνείας
2077 1591 2089 1612 .-

493 1650 658 1720 χωρὶς
686 1654 775 1704 τῆς
804 1655 902 1701 τῶν
929 1647 1133 1700 ἰοϐόλων
1159 1644 1310 1718 ὄφεων
1333 1649 1660 1721 πανουργίας,
1678 1647 1829 1718 ἤγουν
1847 1657 1937 1708 τῆς
1962 1657 2061 1704 τῶν

2155 469 2342 524 doctor
2385 470 2739 535 sanctissime,
2792 485 3056 525 venenosa
3105 486 3409 540 serpentum
3439 477 3558 532 sine
3593 481 3719 534 sim-

2157 560 2388 627 plicitate
2425 559 2634 624 astutia,
2683 559 2961 613 manifesta
3001 568 3082 614 est
3128 561 3312 616 dolosa
3353 562 3720 621 haereticorum

2157 647 2385 702 fallacia.
2411 649 2543 716 Quid
2567 660 2648 702 est
2677 649 2818 702 enim
2850 658 3156 703 naturarum
3180 651 3232 704 in
3259 650 3472 707 Christo
3502 655 3727 710 Domino

2161 752 2340 793 nostro
2359 740 2708 806 proprietates
2728 739 2958 804 auferre,
2976 741 3394 796 nisiearumdem
3419 755 3726 801 naturarum

2158 831 2518 887 confusionem
2549 831 2800 887 inducere
2820 831 3012 900 ?vquod
3058 832 3340 888 catholica:
3368 835 3645 901 Ecclesiae,
3676 840 3726 891 id

2158 934 2260 986 est,
2289 924 2497 976 statutis
2525 938 2682 991 quam
2716 924 2942 978 maxime
2987 925 3199 979 Patrum
3227 928 3395 980 sancti
3434 927 3732 983 Chalcedo-

2161 1014 2340 1068 nensis
2363 1013 2570 1066 concilii
2599 1023 2769 1067 exstat
2797 1014 3145 1079 contrarium,
3179 1030 3242 1068 ex
3285 1031 3390 1083 quo
3418 1000 3645 1084 amplius
3675 1031 3731 1072 et

2161 1101 2560 1156 fundamentum
2591 1101 2710 1156 fidei
2743 1113 2795 1155 et
2844 1101 3102 1170 perfectio
3132 1104 3423 1158 indubitate
3461 1107 3726 1160 consistit.

2160 1191 2188 1230 ι’
2217 1193 2501 1247 l‘ossemus
2545 1208 2673 1248 vero
2700 1194 2861 1248 etiam
2908 1195 3081 1248 eidem
3121 1195 3268 1248 fratri
3313 1205 3370 1249 et
3407 1197 3730 1266 coepiscopo

2162 1293 2347 1338 nostro
2395 1284 2560 1337 Paulo
2605 1283 2909 1338 beatissimo
2949 1284 3106 1352 regite
3148 1285 3376 1337 civitatis
3413 1287 3628 1340 antistiti
3659 1289 3732 1342 si-

2162 1377 2307 1429 milia
2336 1377 2531 1430 nostris
2572 1376 2785 1443 scriptis
2813 1377 3062 1444 dirigere,
3097 1377 3195 1430 nisi
3236 1377 3495 1431 malorum
3534 1394 3731 1444 cogno-

2161 1481 2433 1521 sceremus
2465 1466 2610 1519 falsis
2637 1466 2989 1520 Iocutionibus
3018 1467 3213 1520 dictum
3264 1467 3425 1520 fuisse
3447 1507 3461 1530 ,
3493 1479 3728 1522 nostrain

2162 1558 2313 1625 quasi
2362 1557 2664 1614 Africanam
2716 1556 3036 1624 provinciam
3085 1571 3239 1623 posse
3285 1559 3482 1625 aliqua,
3514 1573 3632 1625 qua:
3676 1559 3730 1612 in

2162 1664 2290 1703 vero
2317 1664 2422 1702 non
2451 1648 2768 1712 consistunt,
2800 1652 2936 1702 mala
2969 1663 3243 1716 peragere.
3275 1649 3378 1704 Sed
3427 1660 3480 1703 et
3507 1648 3608 1705 hoc
3635 1666 3734 1704 no-

491 1737 747 1812 αἶρετικῶν
775 1737 1092 1812 κακουργίας.
1126 1748 1208 1797 Ὠς
1228 1745 1289 1808 τῇ
1309 1739 1568 1810 ἀναιρέσει
1593 1745 1688 1791 τῶν
1714 1747 1935 1810 Χριστοῦ
1967 1738 2059 1794 τοῦ

2173 1751 2298 1793 stne
2330 1741 2672 1808 postulationi
2702 1741 3090 1809 subiungimus,
3123 1752 3180 1794 ut
3206 1755 3266 1794 ea
3293 1755 3410 1809 quas
3436 1739 3734 1808 epistolari-

490 1830 613 1877 Θεοῦ
643 1833 864 1895 φυσικῶν
887 1824 1194 1894 ἰδιωμάτων,
1226 1828 1389 1887 αὑτάς
1414 1829 1586 1881 ἐκεῖνοι
1609 1829 1698 1887 τὰς
1721 1835 1809 1883 τοῦ
1840 1837 2060 1903 Χριστοῦ

491 1923 666 1991 φύσεις
713 1922 1059 1993 συγχέουσιν,
1091 1920 1218 1992 ὅπερ
1248 1924 1465 1976 ἐναντίον
1499 1923 1733 1998 ὑπάρχει
1775 1930 1946 1994 σαφῶς
1991 1928 2064 1994 τῷ

496 2007 601 2079 ὅρῳ
647 2017 747 2064 τῶν
773 2013 822 2064 έν
855 2010 1118 2069 Καλχηδόνι
1161 2013 1545 2084 συνειλεγμένων
1570 2020 1798 2086 πατρῶν,
1829 2015 1878 2066 έν
1907 2010 1946 2086 ᾧ
1975 2021 2065 2074 τῆς

491 2101 716 2160 πίστεώς
738 2103 875 2172 ἡμῶν
901 2102 1104 2162 έντιλῶς
1131 2104 1268 2156 ἔστιν
1296 2102 1320 2156 ὁ
1346 2103 1681 2173 θεμέλιος-,καὶ
1705 2106 1762 2157 οὑ
1809 2112 1916 2163 τοῖς
1945 2115 2067 2156 Ῥω·

2169 1837 2249 1882 ter
2291 1843 2320 1881 a
2365 1829 2696 1895 coepiscopis
2739 1827 2932 1882 nostris
2973 1829 3140 1882 sancti
3194 1829 3406 1882 concilii
3451 1828 3624 1883 nostri
3667 1828 3734 1882 ad

2173 1917 2534 1973 beatissimum
2580 1920 2798 1972 Paulum
2850 1919 3198 1988 patriarcltam
3237 1920 3430 1986 scripta
3465 1927 3610 1980 sunt,
3640 1933 3736 1988 per

2172 2018 2364 2064 vestrae
2395 2010 2734 2065 beatitudinis
2770 2010 3136 2078 responsarios
3160 2009 3337 2066 eidem
3367 2008 3518 2064 fratri
3555 2019 3738 2065 nostro

2177 2100 2342 2156 Paulo
2370 2101 2599 2170 dirigere
2623 2092 2877 2171 iubeatis.

493 2193 654 2258 μαίοις
685 2191 857 2258 μόνον,
883 2192 1003 2245 άλλά
1021 2196 1099 2246 καί
1117 2195 1258 2265 πάσῃ
1287 2199 1381 2248 τοῦ
1407 2199 1529 2247 Θεοῦ
1579 2194 1808 2268 καθολικῇ
1838 2197 1924 2248 καί
1942 2195 2074 2248 ἀπο-

495 2281 699 2353 στολικῇ
727 2283 1012 2357 Ἐκκλησία.
1060 2285 1141 2338 Διό
1168 2286 1352 2339 τούτου
1397 2287 1555 2359 χάριν
1581 2285 1841 2356 ἐμέλλομεν
1869 2287 1954 2339 καί
1983 2287 2118 2358 αὐτῷ
2155 2294 2228 2354 τῷ
2255 2285 2446 2357 ἀδελφῷ
2480 2289 2563 2340 καί
2598 2287 2964 2360 συλλειτουργῷ
2991 2287 3128 2355 ἡμῶν
3164 2283 3342 2354 Παύλῳ
3369 2280 3441 2356 τῷ
3477 2282 3738 2356 ἁγιωτάτῳ

493 2372 748 2443 ἐπισκοπῳ
772 2376 1348 2435 Κωνσταντινουπὸλεως
1371 2378 1438 2431 τά
1462 2378 1588 2434 αὐτὰ
1612 2374 1809 2450 γράψαι
1831 2379 1910 2431 καὶ
1932 2376 2210 2433 ὑπονοῆσαι
2235 2375 2443 2435 δεόντως
2471 2377 2639 2434 αὐτὸν.
2671 2375 2771 2429 ἀλλ’
2787 2376 3026 2429 έκὼλυσεν
3047 2377 3180 2446 ἡμᾶς
3201 2375 3258 2428 τὸ
3281 2374 3471 2443 μαθεῖν,
3495 2374 3672 2446 ῶσπερ
3697 2373 3740 2426 οἱ

495 2466 635 2516 κακοί
676 2484 805 2523 τινες
849 2463 1022 2541 ἄνδρες
1063 2463 1400 2538 ψευδηγορίλς
1447 2470 1585 2524 τινάς
1634 2467 1796 2520 ἐκεῖσε
1828 2467 1957 2520 κατά
1983 2474 2074 2524 τῆς
2102 2468 2349 2538 ἡμετέρας
2377 2474 2476 2521 τῶν
2501 2464 2698 2540 ’Ἄφρων
2726 2469 2900 2543 χώρας
2923 2468 3210 2537 ἀνήνεγκαν.
3236 2463 3377 2518 Ὀθεν
3410 2461 3744 2534 δυσωποῦμεν

493 2554 572 2606 ἵνα
612 2555 676 2606 τά
706 2556 828 2630 πρὶς
856 2556 938 2610 τὸν
973 2556 1159 2608 Παῦλον
1205 2559 1289 2610 τὸν
1321 2555 1596 2626 ἁγιώτατον
1626 2557 1953 2629 πατιάρρχην
1995 2557 2045 2608 ἐκ
2079 2564 2179 2610 τῶν
2211 2555 2377 2610 ἐνθάδε
2411 2557 2696 2612 ἐπισκόπων
2737 2560 2876 2626 ήμῶν
2921 2560 3176 2632 γραφέντα
3209 2556 3486 2617 συνοδικῶς
3521 2557 3605 2612 διὰ
3642 2566 3746 2613 τῶν

494 2655 585 2705 τῆς
605 2646 852 2722 ὑμετέρας
880 2653 1248 2720 μακαριότητος
1274 2648 1675 2722 ἀποκρισιαρίων
1702 2647 2031 2718 ἕκπεμφθῆναι
2065 2654 2136 2714 τῷ
2166 2643 2323 2718 αύτῷπ
2346 2645 2542 2716 ἀδελφῷ
2582 2649 2719 2716 ἡμῶν
2765 2647 2941 2717 Παύλῳ
2981 2645 3270 2704 κελεύσητε.
3317 2646 3618 2720 Ἐῥρωμένον
3658 2653 3745 2704 καί

495 2740 800 2809 μεμνημένον
845 2740 981 2808 ἡμῶν
1011 2741 1294 2812 χαρίσηταί
1322 2759 1378 2793 σε
1411 2740 1550 2808 ἡμῖν,
1581 2736 1831 2800 δέσποτα,
1865 2736 1889 2790 ὁ
1915 2735 2302 2806 παντοδυναμος
2329 2738 2473 2799 Θεὸς,
2503 2737 2750 2806 ἁγιώτατε
2779 2736 2969 2809 ἀδελφέ.

1603 2992 2465 3125 EPISTULA
2517 2997 2696 3144 V,

540 3200 768 3260 PAULI
815 3198 1750 3260 CONSTAN'l‘lNOPOLl'l‘ANl
1789 3198 2140 3258 EPISCOPI
2186 3199 2290 3257 AD
2337 3200 2707 3264 SAN‘CTUM
2756 3203 3260 3267 THEODORUM
3306 3206 3704 3270 ROMANUM

543 3293 546 3296 ’
596 3295 599 3297 ’
1839 3298 2347 3358 PONTIFICEM.

525 2890 3747 2913 Ἦ

564 3486 644 3560 Τῷ
679 3487 1048 3558 παναγιωτάτῳ
1083 3488 1165 3537 καὶ
1223 3483 1587 3555 μακαριωτάτῳ
1628 3479 1818 3551 ἀδελφῷ
1840 3482 1923 3532 καί
1947 3479 2066 3532 συ).-

2249 3479 2600 3535 Sanctissimo
2629 3492 2683 3536 et
2708 3483 3016 3538 beatissimo
3075 3487 3223 3540 fratri
3264 3495 3320 3542 et
3355 3493 3748 3563 consacerdoti,

2173 3573 2392 3627 domino
2423 3575 2706 3631 'l‘bcodoro
2739 3577 2931 3632 Paulus
2971 3578 3216 3649 indiguus
3259 3582 3536 3651 episcopus
3559 3584 3611 3639 itt
3637 3585 3748 3640 Do-

2172 3665 2316 3716 mino
2343 3664 2590 3718 salutem.

2246 3755 2375 3808 Ecce
2403 3773 2555 3824 quant
2587 3760 2771 3809 bonum
2801 3773 2844 3810 et
2870 3775 3023 3826 quam
3041 3761 3351 3829 jucundum,
3389 3762 3615 3817 habitare
3641 3766 3752 3834 fra-

2173 3855 2273 3899 tres
2301 3849 2349 3897 iu
2372 3864 2527 3900 unum
2560 3846 2736 3918 (Psal.
2769 3847 2968 3917 cxxxu)
2992 3867 3002 3901 :
3023 3851 3246 3917 Spiritali
3279 3852 3401 3906 dico
3425 3852 3751 3922 liabitaculo,

2171 3950 2220 3991 et
2256 3941 2534 3994 concordia
2575 3957 2691 4010 qua:
2724 3942 2775 3993 in
2807 3941 2912 3995 Deo
2952 3953 3052 4008 est,
3086 3955 3138 3996 et
3168 3945 3369 3999 unitate
3410 3943 3553 4011 fidei,
3592 3944 3757 4018 hujus

2171 4031 2500 4087 delectabilis
2547 4036 2838 4087 secundum
2892 4037 3170 4088 veritatem
3224 4036 3592 4102 inbabilaculi,
3630 4053 3758 4106 qua:

2172 4125 2422 4178 videlicet
2452 4125 2502 4178 in
2533 4124 2708 4179 Aaron
2749 4126 2916 4194 magis
2941 4123 3315 4194 decorabatur,
3370 4136 3529 4197 atque
3574 4143 3749 4184 sacer-

2173 4213 2403 4268 dotalem
2451 4214 2794 4268 induentibus
2847 4215 3184 4285 dignitatem,
3239 4216 3376 4270 sicut
3424 4230 3756 4286 unguentum

2173 4320 2332 4373 super
2383 4315 2556 4374 caput,
2613 4305 2962 4373 principalem
3018 4304 3341 4359 intellectum
3400 4305 3648 4373 irrigans,
3697 4319 3762 4360 et

2177 4412 2346 4465 usque
2373 4396 2437 4449 ad
2470 4397 2639 4466 ipsam
2687 4409 2981 4451 extremam
3033 4395 3309 4450 scientiam
3363 4397 3652 4452 deducens.
3693 4397 3758 4452 In

2175 4489 2276 4541 ltoc
2319 4489 2461 4542 enim
2509 4487 2811 4542 habitacula
2861 4487 3285 4542 benedictionem
3317 4497 3370 4542 et
3397 4497 3650 4541 aeternam
3675 4489 3761 4541 vi-

2180 4587 2286 4630 tam
2342 4578 2585 4646 promisit
2643 4577 2918 4632 Dominus.
2985 4578 3152 4647 Hujus
3212 4577 3371 4648 igitur
3428 4581 3765 4647 prophetica:

2178 4667 2571 4721 vaticinationis
2600 4669 2845 4723 meritum
2878 4669 3281 4736 amplectentes,
3306 4680 3620 4739 praisentem
3649 4670 3767 4726 [ra-

2176 4766 2382 4814 tcrnam
2410 4760 2667 4829 syllabam
2709 4760 3077 4829 exposuimus,
3112 4773 3290 4816 nostra
3333 4774 3546 4831 propter
3581 4762 3768 4816 chari-

503 4873 606 4912 τες.
655 4855 726 4906 Οὑ
753 4853 852 4926 γὰρ
892 4859 998 4910 τοῖς
1040 4848 1352 4923 λοιδοροῦσιν
1373 4889 1388 4911 ,
1419 4848 1862 4920 ἀντιλοιδορεῐσθκι
1892 4852 2066 4916 καλᾶν,

2180 4860 2341 4905 latent
2390 4853 2608 4906 minime
2654 4862 2952 4922 qualrentes
2996 4863 3087 4907 aut
3134 4854 3430 4922 quaesituri.
3476 4853 3583 4908 Nec
3611 4855 3767 4911 enini

503 4941 618 4997 ούδέ
663 4941 936 5009 παττάλῳ,
968 4943 1098 4994 κατά
1144 4946 1232 4998 τήν
1260 4941 1480 5015 Θύραθεν
1512 4945 1816 5012 παροιμίαν,
1863 4941 2066 5014 ἐκκρού-

2177 4943 2582 4997 detralientibus
2613 4944 2808 4998 bonum
2840 4955 2923 4999 est
2943 4944 3250 5010 detrahere,
3274 4954 3365 4997 aut
3396 4946 3534 5010 palo,
3559 4959 3769 4999 secun-

2177 5035 2318 5090 dum-
2333 5037 2603 5111 vulgarem
2634 5034 2886 5104 fabulam,
2913 5046 3165 5091 excutere
3198 5036 3394 5104 palum.
3436 5035 3608 5090 Absit.
3637 5035 3770 5092 Non

2179 5137 2303 5182 sunt
2333 5140 2511 5184 nostra
2546 5128 2678 5182 haec.
2712 5131 2932 5183 Avertat
2968 5129 3244 5189 Divinitas,
3274 5144 3378 5181 non
3410 5137 3535 5180 sunt
3575 5125 3774 5182 cdocti

2181 5220 2393 5276 habitus
2421 5222 2589 5276 nostri
2620 5221 2690 5275 ita
2718 5221 2958 5286 vincere,
2977 5219 3067 5274 sed
3093 5218 3143 5273 in
3172 5219 3423 5286 patientia
3441 5217 3781 5286 longanimi-

2185 5315 2327 5379 tatis,
2357 5323 2411 5368 et
2439 5315 2628 5384 spiritu
2674 5314 3014 5377 humilitatis,
3059 5313 3179 5382 quia
3221 5316 3359 5367 sicut
3406 5313 3624 5366 minime
3661 5327 3786 5379 per

2185 5403 2455 5469 duritiam,
2488 5414 2545 5458 ut
2568 5403 2876 5474 prophetica
2931 5404 3191 5468 dicamus,
3239 5413 3494 5473 purgatur
3537 5400 3783 5474 nigella,

2184 5491 2258 5546 ita
2310 5509 2407 5549 nec
2457 5496 2602 5563 pacis
2655 5503 2936 5563 saporatus
2986 5493 3189 5548 fructus
3247 5489 3610 5563 intelligentia:
3661 5509 3788 5562 per

423 3573 425 3576 ί
496 3583 788 3657 λειτουργῷ,
819 3583 974 3656 κυρίῳ
1008 3577 1273 3650 Θεοδώρῳ,
1303 3577 1492 3636 Παῦλος
1518 3575 1710 3636 ἀνάξιος
1759 3574 2057 3636 ἐπίσκοπος,

498 3679 718 3750 χαίρειν.

565 3764 692 3819 Ἰδού
710 3762 768 3822 δή
788 3761 991 3818 τίκα).ὸν
1004 3766 1031 3820 ἦ
1049 3765 1096 3814 τί
1106 3761 1333 3833 τερπνὸν,
1347 3757 1480 3816 ἀλλ’ἢ
1495 3758 1550 3811 τὸ
1570 3761 1813 3810 κατοικεῖν
1831 3753 2068 3824 ἀδελφούς

496 3859 579 3910 ἐπί
593 3859 649 3911 τὸ
663 3857 784 3910 αὑτὸ
794 3892 811 3920 ,
822 3857 870 3908 ἓν
883 3862 943 3928 τῇ
959 3859 1268 3922 πνευματικῇ
1287 3851 1413 3920 λέγω
1425 3853 1667 3921 κατοικία,
1682 3855 1740 3920 τῇ
1759 3847 2068 3918 ὁμοφροσύνῃ

497 3954 585 4006 τῆς
613 3947 740 4022 πρὸς
775 3945 896 3998 Θεὸν
939 3943 1166 4000 ένὼσεώς
1193 3961 1247 3995 τε
1291 3941 1374 3991 καὶ
1417 3941 1660 4002 πίστεως,
1714 3943 1803 3994 τῆς
1833 3936 2070 3994 τοιαύτης

496 4039 796 4110 ἐπιτερποῦς
829 4036 896 4094 ὡς
943 4034 1134 4092 άληθῶς
1178 4031 1638 4090 κατασκηνώσεως,
1668 4035 1740 4098 τῷ
1769 4030 1956 4099 Ἀαρὼν
1986 4027 2070 4097 ἔμε

496 4127 795 4200 πρεπούσης
821 4123 1060 4195 μάλιστα,
1091 4125 1175 4176 καὶ
1207 4128 1308 4179 τοῖς
1339 4121 1594 4192 ἱερατικὴν
1633 4118 2072 4191 περιϐεϐλημένοις

496 4217 722 4280 ἀξίωσιν,
756 4218 822 4274 ὡς
838 4215 993 4286 μύρον
1023 4214 1108 4266 ἐπὶ
1127 4210 1332 4282 κεφαλῆς
1361 4210 1453 4268 τάς
1489 4210 1786 4279 ἡγεμονικὰς
1808 4206 2074 4270 εύωδιάζον

499 4308 702 4372 ἑννοίας,
735 4306 995 4379 καὶμέχρι
1020 4313 1110 4362 τῆς
1138 4303 1241 4375 ᾥας
1270 4303 1446 4364 αὐτῆς,
1481 4298 1644 4354 εῗτουν
1676 4299 1908 4368 ἐσχάτης
1936 4304 2072 4358 κινή-

496 4417 649 4457 σεως.
701 4394 782 4449 Ἐν
850 4398 1064 4466 τοιούτῳ
1099 4397 1198 4469 γὰρ
1258 4392 1623 4464 ἐνδιαιτήματι,
1678 4397 1761 4447 καὶ
1813 4398 1902 4451 τήν
1937 4394 2072 4446 εὐλο-

498 4493 631 4560 γίαν,
663 4490 746 4540 καί
784 4493 874 4546 τήν
902 4489 1096 4541 αἰώνιον
1144 4490 1272 4549 ζωήν
1305 4485 1575 4538 ἐνετείλατο
1614 4485 1817 4559 Κύριος.
1873 4486 2074 4543 Ταύτης

502 4573 588 4632 οὖν
632 4581 774 4649 ἡμεῖς
818 4587 909 4637 τῆς
946 4585 1257 4650 προφητικῆς
1305 4577 1671 4648 ὑποφωνήσεως
1715 4577 2071 4646 ἀντεχόμενοι,

500 4674 588 4727 τήν
635 4675 906 4744 παροῦσαν
953 4666 1210 4740 ἀδελφικήν
1257 4667 1600 4738 ἐποιησάμεθα
1653 4669 1931 4729 συλλαϐήν,
1991 4667 2074 4726 διά

502 4769 590 4821 τήν
660 4763 862 4832 ἀγάπην
917 4763 980 4815 τά
1033 4761 1225 4814 ἑαυτῶν
1282 4763 1354 4830 μή
1409 4763 1717 4822 ζητήσαντες
1783 4761 1812 4819 ἢ
1869 4763 2072 4824 ἀξιοῦν-

504 5038 650 5090 εςθαι
677 5034 952 5090 πάτταλον.
983 5031 1200 5105 Ἄπαγε.
1246 5035 1316 5086 Ού
1345 5035 1472 5108 πρὸς
1500 5033 1640 5103 ὑμῶν
1670 5035 1734 5086 τὰ
1764 5039 1980 5087 τοιαῦτα
2005 5039 2074 5102 μή

503 5129 724 5200 Ἱένοιτο,
757 5124 864 5197 οὺχ
905 5126 1038 5181 οὕτω
1065 5131 1234 5196 νικᾷνν
1265 5127 1350 5179 οὐκ
1394 5120 1484 5180 τοῦ
1516 5125 1617 5180 καθ’
1649 5127 1781 5195 ἡμᾶς
1812 5123 2076 5195 ἐδιδλχθτν

505 5239 594 5286 μεν
621 5222 916 5287 σχήματος.
956 5217 1059 5270 ἀλλ’
1088 5218 1133 5269 ἐν
1173 5219 1516 5290 μακροθυμίας
1547 5216 1773 5290 ὑπομονῇ
1803 5219 1890 5268 καί
1921 5217 2080 5290 πραο-

503 5331 618 5369 τητι
649 5315 950 5380 πνεύματος.
978 5306 1176 5383 ’Ὠσπερ
1201 5312 1300 5381 γάρ
1320 5309 1376 5360 οὐ
1405 5308 1727 5380 σκληρότητι,
1758 5315 2078 5381 προφητικῶς

507 5403 688 5464 εἷπεῖν,
713 5403 1000 5476 καθαίρεται
1055 5401 1114 5454 τὸ
1161 5399 1455 5470 μελάνθιον,
1505 5395 1617 5451 οὐδὲ
1671 5405 1762 5456 τῆς
1803 5399 1998 5470 εἰρήνης
2052 5396 2078 5450 ὁ

505 5492 741 5564 νόστιμος
768 5501 880 5552 ταῖς
907 5489 1172 5549 διακονίαις
1199 5490 1414 5564 καρπὸς,
1444 5487 1528 5543 διά
1553 5487 1888 5558 τραχύτητος
1924 5491 2080 5562 ἐμφα·

577 5616 602 5641 ι·
647 5607 716 5658 Et:
747 5607 903 5668 enist.
936 5607 956 5659 f
995 5605 1182 5659 Felicis
1209 5603 1270 5657 lll
1297 5603 1361 5656 ad
1394 5602 1639 5657 Acacium
1669 5601 1770 5657 ΟΡ.

579 5675 604 5713 ιι
645 5677 917 5739 Signiﬁcat
959 5687 1131 5732 motus
1174 5675 1543 5743 Gregortauos,
1573 5675 1638 5729 dc
1666 5674 1855 5745 quibus
1892 5675 2246 5749 Theophanes
2271 5690 2412 5732 anno
2437 5673 2469 5729 5
2498 5675 2772 5730 ConStaut.
2805 5674 3022 5742 Barou.,
3049 5689 3174 5730 ann.
3208 5672 3329 5728 (H6.
