4018 6184
546 332 616 387 95

1731 324 1822 378 AD
1859 323 1915 378 S.
1959 317 2378 376 THEODORUM
2418 320 2648 375 PAPAM

3727 328 3796 381 96

543 454 639 498 κεῖ.
671 443 790 498 Α’λῖ
819 442 988 500 ἐπειδὴ
1016 441 1184 495 λοιπὸν
1207 439 1232 494 ό
1265 440 1432 515 καιρός
1459 440 1591 507 ἡμᾶς
1618 438 1748 491 ἕλκει
1774 444 1861 495 τῆς
1883 436 2116 504 ὑποσχέ-

2238 443 2484 499 :aventes,
2520 434 2648 487 nihil
2678 444 2912 487 nostrum
2936 434 3314 503 intelligentes,
3330 450 3423 494 aut
3440 441 3794 508 proferentes.

543 556 694 595 σεως.
750 540 829 588 καί
874 536 1004 606 πρός
1049 538 1137 589 τήν
1170 533 1442 594 ἀνάπτυξιν
1480 536 1571 585 τοῦ
1622 530 1923 599 ζητουμένου
1959 527 2114 586 καλεῖ,

541 634 655 699 φέρι
686 637 777 686 τῆς
809 628 955 698 ὀρθῆς
984 626 1123 692 ἡμῶν
1152 622 1298 687 ὂὲξης
1344 629 1433 681 τὴν
1462 623 1717 695 μόρφωσιν
1761 628 1875 679 ταῖς
1900 617 1982 672 διὰ
2026 613 2116 671 τοῦ

543 720 721 791 γράμμ
746 736 840 774 τος
870 716 1056 767 εἰκόσιν
1105 715 1527 783 ἐντυπωσώμεθα,
1574 714 1750 785 ὥσπερ
1800 708 2119 766 δευσοποιοῖς

546 827 650 859 τισι
680 808 930 879 χρώμασι
953 812 1070 862 ταῖς
1093 812 1362 877 πατριναῖς
1394 806 1698 877 μαρτυρίαις
1720 801 1942 875 ἀκριϐῶς
1965 799 2120 874 ὡραΐ-

543 898 712 956 ζοντες
737 895 802 947 τὰ
848 894 1107 963 λεγόμενα.
1155 902 1318 959 Ἣμεῖς
1365 888 1474 956 οὖν,
1522 893 1674 963 ’ἤγουν
1713 899 1804 950 τῆς
1852 890 1958 944 καθ’
1985 893 2121 958 ἡμᾶς

542 980 834 1042 Ἐκκλησίας
864 986 893 1040 ἠ
936 981 1246 1037 δικαιοδοσία
1292 985 1375 1035 καί
1414 980 1642 1044 σύνοδος,
1677 980 2007 1052 ὁμολογοῖμεν
2036 980 2119 1033 τὸν

542 1072 632 1126 ἕνα
659 1082 751 1132 τῆς
804 1075 1123 1146 ύπερουσίου
1170 1077 1257 1126 καί
1308 1077 1605 1145 ζωαρχικῆς
1643 1070 1858 1145 Τριάδος
1902 1072 1989 1123 τόν
2027 1076 2119 1125 τοῦ

544 1164 777 1238 ἀνάρχου
809 1169 1101 1239 Γεννήτορος
1128 1165 1236 1217 Υὲόν
1258 1183 1310 1217 τε
1345 1168 1425 1215 καί
1444 1164 1598 1234 Λόγον
1626 1162 1709 1217 τόν
1732 1164 1913 1237 Κύριον
1930 1167 2122 1217 Ἰησοῦν

549 1256 769 1327 Χριστὸν
798 1257 1022 1313 ἀληθινόν
1051 1257 1173 1310 Θεόν
1200 1258 1338 1323 ἡμῶν
1368 1255 1419 1307 ix
1452 1257 1739 1319 Πνεύματος
1762 1253 1908 1325 όιγίου
1934 1256 2013 1305 γαί
2032 1260 2123 1311 τῆς

545 1348 812 1419 ἀχράντου
864 1348 1093 1401 θεοτόκου
1144 1349 1224 1398 καί
1252 1346 1580 1414 ἀειπαρθένου
1622 1346 1828 1417 Μαρίας
1858 1344 2127 1415 ἀτρέπτως

547 1443 888 1514 σαρκωθέντα,
917 1442 1101 1495 τέλειον
1129 1436 1252 1493 εἶναι
1279 1440 1362 1492 τὸν
1392 1440 1545 1492 αυτόν
1572 1440 1621 1491 έν
1653 1438 1868 1496 θεότητι.
1915 1441 1998 1490 καὶ
2038 1438 2123 1490 τέ·

546 1532 673 1586 λειον
727 1534 777 1585 ἐν
827 1530 1198 1602 ἀνθρωπότητι,
1232 1528 1283 1583 ἓν
1327 1530 1643 1604 πρόσωπον,
1690 1530 1810 1597 μίαν
1842 1527 2127 1581 ὑπόστασιν

546 1621 781 1674 σύνθετον
799 1622 851 1674 έν
867 1619 957 1674 δύο
985 1624 1068 1673 καί
1088 1620 1219 1688 μετά
1239 1622 1330 1675 τὴν
1347 1620 1525 1672 ἕνωσιν
1551 1620 1882 1689 κηρύττοντες
1909 1619 2124 1687 φύσεσι,

2222 523 2302 576 vel
2351 523 2611 583 dicentes.
2660 524 2752 577 sed
2802 538 2918 589 quae
2964 524 3261 579 audivimus
3290 539 3344 581 et
3372 531 3721 598 cognovimus
3768 551 3798 587 a

2220 612 2419 666 sanctis
2448 622 2501 665 et
2529 613 2918 683 unixcrsalibus
2968 617 3170 685 magnis
3215 620 3476 687 conciliis,
3519 635 3571 677 et
3614 625 3799 682 Patres

2222 704 2387 757 nostri
2441 714 2826 760 enarraverunt
2874 706 3049 772 nobis,
3104 711 3354 779 quoniam
3403 716 3505 769 via:
3553 721 3801 774 veritatis

2223 795 2526 850 intellectus
2554 806 2637 850 est
2662 798 2982 865 sapientum,
3032 802 3169 854 sicut
3213 806 3602 871 proverbiatori
3650 810 3803 865 Salo-

2223 887 2363 941 moni
2412 897 2571 957 atque
2620 890 2833 944 veritati
2880 893 3013 947 bene
3058 894 3270 961 placere
3309 896 3660 965 dignoscitur.
3693 902 3802 958 Sed

2222 976 2343 1043 quia
2376 985 2584 1047 tempus
2610 978 2716 1044 jam
2749 980 2909 1034 trahit
2940 996 3037 1037 nos
3064 984 3453 1052 promissionis,
3486 999 3543 1043 et
3569 990 3632 1045 ad
3673 1007 3806 1061 ape-

2224 1066 2463 1120 riendam
2508 1069 2905 1137 requisitionem
2957 1085 3229 1140 provocat,
3278 1077 3591 1146 incipiamus
3637 1096 3808 1139 rectm

2226 1166 2421 1211 nostra:
2455 1159 2574 1213 lidei
2605 1160 2825 1214 formam
2857 1164 3144 1231 Scriptura:
3168 1169 3483 1236 imaginibus
3526 1188 3806 1243 enarrare,

2224 1247 2380 1302 sicuti
2430 1249 2670 1304 tinctitiis
2710 1252 2969 1320 aliquibus
3000 1256 3264 1311 coloribus
3294 1261 3531 1325 paternis
3562 1265 3809 1317 testimo-

2228 1337 2331 1391 niis
2376 1341 2572 1394 certius
2621 1341 2935 1397 decorantes
2972 1360 3092 1411 quae
3120 1361 3148 1399 a
3180 1348 3333 1402 nobis
3376 1350 3646 1407 dicuntur.
3695 1355 3811 1410 Nos

2228 1428 2402 1496 igitur,
2440 1431 2488 1483 id
2517 1440 2621 1497 est,
2649 1431 2947 1501 jurisdictio
2979 1436 3226 1492 Ecclesia
3257 1452 3525 1497 nostraet
3546 1446 3809 1515 synodus,

2227 1520 2543 1573 conﬁtemur
2600 1537 2759 1575 unum
2813 1527 3282 1583 consubstantialis
3310 1540 3364 1584 et
3391 1536 3625 1589 auctoris
3682 1539 3814 1593 vitae

2229 1610 2504 1665 Trinitatis
2552 1610 2741 1667 Filium
2790 1629 2853 1669 ac
2892 1615 3122 1671 Verbum
3171 1620 3287 1674 sine
3338 1621 3495 1677 initio
3538 1624 3814 1683 Genitoris

544 1717 635 1769 τὴν
661 1709 896 1785 διαφοράν
943 1711 1191 1784 ίκατέρας
1242 1712 1569 1781 γνωρίζοντες
1614 1708 1812 1777 φύσεως
1857 1708 1988 1759 κατά
2032 1711 2125 1763 τήν

2238 1704 2513 1758 Dominum
2538 1705 2719 1762 Jesum
2745 1705 3014 1762 Christum
3044 1726 3227 1764 verum
3263 1713 3427 1768 Deum
3469 1725 3709 1773 nostrum
3738 1734 3813 1775 ex

543 1804 707 1856 αὐτῶν
732 1800 977 1859 ἰδιότητα.
1008 1803 1078 1852 ού
1120 1802 1219 1869 γὰρ
1248 1805 1337 1857 τήν
1365 1801 1534 1853 αὐτῶν
1563 1800 1810 1872 ἀναμέρος
1854 1797 2121 1870 διαίρεσιν,

2238 1793 2429 1861 Spiritu
2452 1803 2637 1849 sancto
2659 1806 2711 1850 et
2736 1796 3069 1853 immaculata
3091 1800 3181 1855 Dei
3208 1803 3465 1870 genitrice
3490 1820 3815 1877 semperque

544 1892 574 1949 ἦ
604 1896 693 1949 τήν
722 1893 792 1950 εἰς
813 1888 997 1948 ἄλληλα
1024 1896 1216 1959 τροπήν
1241 1888 1271 1947 ἦ
1301 1889 1489 1965 φυρμὸν
1515 1891 1597 1942 καί
1625 1890 1908 1957 ἀνάχυσιν,
1936 1884 2123 1959 ἄπαγε,

543 1986 754 2049 νοοῦμεν
771 1977 915 2040 ὅλως,
938 1978 968 2036 ἦ
985 1979 1313 2051 προσιέμεθα·
1328 1978 1433 2031 ἀλλ’
1446 1982 1573 2045 ἐντιζι
1592 1980 1661 2030 ivi
1676 1984 1879 2051 Χριστῷ
1904 1977 2130 2046 σωζομέ-

542 2094 640 2125 νων
652 2072 892 2145 ίιωιτέρων
916 2078 1014 2124 τῶν
1035 2076 1251 2141 φύσεων,
1280 2071 1515 2129 θεότητος
1542 2090 1594 2123 τε
1619 2074 1703 2123 καὶ
1720 2069 2127 2143 ἀνθρωπότητος,

546 2164 630 2213 καί
645 2162 692 2213 ἐν
707 2169 779 2230 τῷ
796 2160 904 2231 ἰδίῳ
917 2170 1004 2221 τῆς
1016 2164 1194 2220 ούσὲας
1207 2160 1305 2233 ὅρῳ
1318 2163 1367 2213 iv
1455 2161 1560 2213 καθ’
1576 2161 1866 2214 ὑπόστασιν
1884 2161 2127 2234 ἀφράστῳ

547 2260 638 2310 τῆς
650 2248 809 2324 ἄκρας
824 2253 1047 2312 ένώσεως
1063 2249 1259 2322 συνόδῳ
1281 2252 1655 2322 φυλαττομένων
1670 2271 1722 2304 τε
1745 2253 1823 2303 καί
1845 2257 2123 2305 μενουσῶν.

547 2339 743 2411 ἐμεινε
772 2344 868 2417 γὰρ
894 2342 919 2397 ὁ
946 2344 1089 2414 λόγος
1118 2340 1144 2395 ὃ
1172 2340 1247 2403 ἧν,
1272 2345 1353 2395 καί
1379 2344 1575 2413 γέγονεν
1619 2339 1748 2415 ὅπερ
1793 2342 1883 2394 ούκ
1909 2338 1987 2398 ἦν.
2020 2341 2128 2394 ’Διά

508 2486 513 2495 ,
544 2439 697 2488 τοῦτο
724 2438 807 2487 καί
832 2441 1005 2489 πᾶσαν
1034 2436 1287 2506 θεοπρεπῆ
1318 2437 1403 2487 καί
1431 2435 1837 2503 ἀνθρωποπρεπῆ
1882 2436 2129 2507 ἐνέργειαν

547 2526 597 2588 ἐξ
628 2524 733 2586 ἑνός
755 2532 843 2579 τοῦ
875 2528 1027 2579 αὐτοῦ
1071 2526 1337 2598 προσιέναι
1383 2526 1765 2597 σεσαρκωμένου
1812 2531 1939 2578 Θεοῦ
1968 2525 2127 2597 Λόγου

550 2621 729 2689 φαμέν,
760 2621 846 2672 καί
873 2621 943 2678 εἰς
968 2620 1052 2672 ἵνα
1081 2620 1166 2671 καὶ
1194 2617 1279 2671 τόν
1309 2618 1457 2670 αὐτόν
1485 2618 1833 2691 ἀναφέρεσθαι.
1864 2615 2015 2670 Ὀθεν
2044 2620 2130 2671 καί

548 2709 605 2761 τό
642 2707 890 2782 διαιρετόν
919 2710 1006 2761 ούκ
1036 2710 1311 2779 εἰσάγεται,
1346 2710 1424 2761 καὶ
1452 2708 1507 2760 τό
1539 2708 1843 2780 ἀσύγχυτον
1871 2711 2109 2770 σώζεται.

550 2802 832 2854 Ηαυσάσθω
853 2808 952 2853 τῶν
994 2800 1195 2853 ἀσεϐῶν
1226 2800 1489 2870 οίρετικῶν
1515 2800 1545 2855 ἡ
1574 2799 1784 2859 πληθύς,
1814 2800 2129 2866 ἐπιστομιζέο

551 2895 755 2945 σθωσαν
779 2891 886 2960 ἅμα
913 2890 1186 2964 Νεστορὶῳ,
1218 2887 1450 2964 Διοδώρῳ
1478 2910 1532 2969 τε
1564 2893 1650 2942 καὶ
1678 2888 1945 2961 Θεοδώρῳ,
1982 2890 2133 2947 Σεϐἦο

551 3000 658 3047 ρος,
687 2982 944 3050 Εύτυχὴς,
975 2982 1059 3034 καί
1080 2978 1465 3053 ’Δπολλινάριο;,
1494 2980 1540 3033 oi
1562 2980 1885 3052 κακόφρονες,
1910 2982 1959 3042 ἐξ
1991 2982 2130 3034 ἀντι·

552 3071 695 3125 θέτου
747 3069 1017 3141 διαφωνίας
1063 3077 1447 3141 συμφωνοῦντες
1498 3071 1627 3144 πρὸς
1667 3076 1756 3127 τὴν
1794 3070 2049 3133 ἀσέϐειαν,
2082 3071 2127 3123 oi

555 3163 641 3229 μέν
676 3165 765 3217 τήν
804 3163 1091 3230 σύγχυσιν,
1138 3161 1182 3212 οἱ
1222 3158 1275 3214 δέ
1315 3165 1407 3217 τὴν
1463 3158 1710 3233 διαίρεσιν
1766 3168 1931 3219 κακῶς
1970 3158 2135 3213 ἐνδυό-
2158 3133 2206 3195 c

554 3271 711 3319 μενοι,
747 3255 828 3305 καί
864 3258 1027 3311 καλῶς
1061 3251 1160 3304 ύπὸ
1207 3259 1299 3309 τῆς
1334 3252 1564 3309 ἀληθείας
1599 3254 1945 3322 γυμνούμενοι.
1999 3248 2135 3308 Ἐνός

553 3338 607 3393 δέ
636 3344 721 3395 καὶ
766 3339 925 3394 αἰτοῦ
976 3346 1105 3395 Θεοῦ
1135 3339 1320 3413 Λόγου,
1362 3342 1771 3413 σεσαρκωμένου,
1818 3342 1883 3395 τά
1933 3361 1987 3394 τε
2018 3342 2137 3393 θαύ-

554 3452 691 3500 ματα
737 3433 1046 3504 κηρύττομεν
1077 3434 1163 3484 καί
1208 3434 1272 3485 τὰ
1310 3432 1439 3488 πάθη
1487 3432 1789 3504 γνωρίζομεν
1820 3430 1951 3503 ἅπερ
1980 3432 2136 3503 σαρκί

522 3519 618 3575 ’δι’
695 3524 830 3591 ἡμᾶς
877 3520 1123 3581 έκουσίως
1175 3522 1456 3591 ύπέμεινεν.
1523 3520 1668 3573 Ὀθεν
1729 3524 1814 3574 καί
1872 3520 1997 3579 Θεὸς
2058 3521 2137 3573 λέ-

554 3631 699 3681 γεται
724 3612 929 3675 παθεῖν,
956 3614 1035 3665 καὶ
1064 3611 1172 3672 υἱός
1198 3613 1459 3685 ἀνθρώπου
1489 3612 1541 3663 έκ
1571 3616 1663 3666 τοῦ
1688 3612 1901 3685 ούρανοῦ
1934 3610 2143 3668 κατελη-

555 3703 773 3766 λυθέναι,
807 3700 890 3757 διὰ
932 3706 1022 3759 τὴν
1052 3703 1184 3775 ὑπέρ
1218 3701 1335 3755 νοῦν
1381 3705 1465 3756 καί
1506 3700 1857 3755 ἀδιάσπαστον
1885 3701 1992 3755 καθ’
2014 3702 2140 3756 61:6-

556 3814 737 3849 στασιν
763 3800 861 3847 τῶν
883 3792 975 3847 δύο
996 3794 1190 3865 φύσεων
1232 3793 1430 3847 ἕνωσιν·
1461 3796 1547 3846 καί
1574 3792 1657 3847 διὰ
1681 3800 1832 3847 τοῦτο
1874 3791 1923 3846 ἓν
1952 3793 2140 3863 θέλημα

556 3892 652 3941 τοῦ
686 3889 867 3960 κυρίου
898 3889 982 3940 καί
1009 3884 1257 3940 δεσπότου
1288 3886 1427 3954 ἡμῶν
1451 3881 1610 3941 Ἰησοῦ
1654 3890 1878 3959 Χριστοῦ
1906 3889 2134 3953 νοοῦμεν,

555 3982 640 4035 ἵνα
668 3986 738 4051 μή
788 3981 1079 4035 ἐναντίωσιν
1125 3980 1157 4039 ἣ
1206 3978 1442 4052 διαφοράν
1474 3980 1780 4050 θελημάτων,
1814 3980 1884 4033 ἑνί
1928 3983 2015 4033 καί
2070 3988 2140 4053 τῷ

558 4075 700 4143 αὐτῷ
738 4075 1002 4143 προσώπῳ
1032 4069 1122 4127 τοῦ
1153 4072 1332 4141 Κυρίου
1362 4072 1501 4143 ἡμῶν
1525 4077 1688 4128 Ἰησοῦ
1719 4076 1941 4143 Χριστοῦ
1966 4072 2142 4144 περιά-

569 4166 755 4238 ψωμεν,
785 4164 817 4223 ἦ
860 4166 1011 4220 αὐτόν
1058 4164 1224 4235 ἐαυτῷ
1266 4161 1642 4235 διαμαχόμενον
1670 4159 2078 4233 δογματίζωμεν,
2110 4159 2141 4218 ἦ

560 4254 652 4310 δύο
706 4260 818 4315 τού,
867 4256 1099 4314 θέλοντας
1147 4256 1517 4326 εἰσαγάγωμεν.
1576 4255 1679 4307 Ούκ
1741 4254 1825 4305 ἐπί
1872 4252 2141 4326 συναλοιφῇ

562 4352 813 4409 παντοίως
839 4348 869 4407 ἦ
899 4347 1163 4420 συγχύσει
1190 4356 1289 4403 τῶν
1317 4348 1407 4403 δύο
1435 4350 1652 4422 φύσεων,
1674 4355 1771 4401 τῶν
1791 4346 1839 4399 iv
1863 4347 1995 4415 αύτῷ
2022 4347 2142 4400 θεω-

563 4442 835 4513 ρουμένων,
867 4445 957 4497 τήν
984 4442 1223 4496 τοιαύτην
1253 4446 1343 4495 τοῦ
1372 4440 1476 4501 ἑνὸς
1506 4440 1783 4509 θίλήματος
1811 4440 2143 4515 προφέροντες

564 4534 745 4603 φωνήν,
773 4528 804 4587 ἦ
838 4530 915 4581 ἐπ’
946 4530 1201 4603 ἀναιρέσει
1228 4531 1473 4600 θατίρας,
1501 4528 1651 4599 μόνην
1678 4535 1768 4587 τήν
1816 4529 1988 4604 ἑτέραν
2020 4524 2144 4582 εἶναι

566 4620 958 4693 πρεσϐεύοντες*
991 4620 1115 4673 ἀλλά
1146 4626 1299 4673 τοῦτο
1344 4617 1430 4673 διά
1468 4628 1559 4678 τῆς
1603 4622 1838 4681 τοιαύτης
1874 4623 2144 4688 σημαίνον-

565 4732 649 4769 τες
678 4718 840 4781 φωνῆς
866 4712 933 4769 ὠς
957 4712 986 4768 ἡ
1016 4712 1175 4765 αὐτοῦ
1202 4710 1412 4780 λογικῶς
1438 4731 1492 4765 τε
1518 4714 1597 4764 καί
1626 4719 1806 4789 νοερῶς
1835 4711 2145 4782 ἐψυχωμένη

565 4802 695 4873 σάρξ
724 4800 776 4864 ἐξ
804 4801 961 4861 αὐτῆς
989 4798 1150 4877 ἄκρας
1176 4800 1403 4862 ίνὼσεως
1428 4802 1491 4854 τά
1510 4803 1614 4854 θεία
1658 4803 2145 4866 καταπλουτήσασα,

566 4888 639 4961 τῷ
676 4887 767 4946 τοῦ
815 4892 1092 4953 ένώσαντος
1138 4895 1295 4950 αὐτὴν
1334 4893 1501 4961 ἐαυτῷ
1528 4890 1635 4946 καθ’
1656 4894 1949 4947 ὑπόστασιν
1980 4893 2144 4967 Λόγου

564 4990 695 5040 θεῖον
720 4988 956 5045 ἰκέκτητο
985 4990 1065 5041 καὶ
1092 4985 1363 5061 ἀδιάφορον
1398 4987 1579 5059 θέλημα
1610 4986 1699 5040 ύπ⁹
1726 4990 1878 5043 αὐτοῦ
1915 4987 1998 5043 διὰ
2018 5011 2149 5043 παν-

570 5082 653 5138 τὸς
688 5079 905 5149 ἀγομένη
931 5098 984 5133 τε
1012 5083 1096 5133 καί
1123 5080 1405 5148 κινουμένη,
1438 5080 1505 5138 ὡς
1536 5081 1688 5137 αὐτῆς
1716 5081 1766 5131 ἐν
1791 5078 1964 5149 μηδενί
1986 5090 2146 5157 καιρῷ

567 5170 960 5242 κεχωρισμένως
978 5172 1059 5222 καὶ
1083 5170 1132 5233 έξ
1144 5170 1325 5228 οἰκείας
1356 5169 1513 5239 ὁρμῆς
1534 5170 1765 5229 ἐναντίως
1793 5177 1864 5239 τῷ
1897 5169 2148 5241 πνεύματι

568 5265 657 5313 τοῦ
677 5255 930 5329 ἠνῶμένου
951 5261 1076 5334 αὐτῇ
1105 5260 1214 5313 καθ’
1231 5260 1516 5315 ύπόστασιν
1549 5265 1677 5313 Θεοῦ
1700 5257 1862 5332 Λόγου
1886 5266 1973 5319 τήν
1997 5284 2145 5333 φυσι-

571 5355 657 5407 κὴν
685 5352 841 5410 αὐτῆς
884 5355 1224 5423 ποιησαμένης
1250 5356 1461 5415 κίνησιν,
1496 5352 1597 5405 ἀλλ’
1627 5351 1774 5406 ὁπότε
1806 5357 1889 5407 καί
1918 5356 2027 5408 οἷαν
2067 5360 2149 5412 καί

574 5442 699 5501 ὅσην
727 5446 879 5503 αὐτὸς
903 5444 927 5498 ό
954 5448 1075 5505 Θεὸς
1093 5446 1249 5519 Λόγος
1276 5444 1516 5503 ἠϐούλετο
1533 5485 1546 5503 .
1590 5445 1671 5496 ’ἱνα
1713 5450 1781 5514 μὴ
1825 5446 2149 5519 βλασφημίαν

572 5536 967 5607 κατακριθῶμεν,
1001 5534 1127 5609 ὅπερ
1156 5534 1339 5607 φυκτόν
1365 5554 1419 5589 τε
1452 5537 1535 5587 καί
1564 5533 1805 5607 φρικῶδες
1836 5538 2017 5591 εἰπεῖν.
2060 5537 2148 5592 Οἵ·

496 5692 503 5695 ν
572 5649 657 5695 μοι
686 5638 777 5689 τῆς
806 5632 1039 5696 ἀτοπίας,
1064 5635 1249 5705 ἀνάγκη
1283 5636 1483 5702 φύσεως
1525 5632 1828 5701 βιαζομένην
1862 5634 2149 5703 εἰσάγοντες

574 5722 659 5772 καί
704 5729 1029 5777 κοινωνοῦσαν
1080 5722 1148 5793 cf:
1180 5726 1345 5795 Πέτρῳ
1380 5734 1469 5785 τῆς
1520 5726 1661 5788 ἀξίας
1699 5727 1880 5786 ἐκείνης
1923 5726 2149 5796 ἐπιτιμή-

2170 4484 2221 4545 D

2237 1883 2441 1953 virgine
2489 1884 2653 1938 Maria
2704 1886 3175 1942 inconvertibiliter
3228 1891 3583 1963 incarnatum,
3628 1897 3815 1965 perfe-

2234 1984 2376 2028 ctum
2406 1989 2526 2029 esse
2552 1976 2797 2030 eumdem
2820 1977 3033 2045 deitate,
3059 1991 3111 2032 et
3136 1980 3425 2047 perfectum
3453 1984 3813 2053 humanitate,

2236 2080 2391 2117 unam
2446 2080 2748 2133 personam,
2798 2084 2954 2122 unam
2993 2070 3343 2125 substantiam
3374 2077 3725 2144 compositam
3756 2080 3814 2134 itt

2234 2156 2439 2210 duabus
2461 2166 2515 2212 et
2541 2167 2661 2226 post
2706 2160 2959 2214 unitatem
3008 2161 3359 2228 pradicantes
3402 2168 3625 2235 naturis,
3657 2170 3815 2224 αισα.

2234 2248 2456 2301 rentiam
2488 2258 2831 2320 utrarumque
2861 2260 3165 2307 naturarum
3191 2266 3576 2326 cognoscentes
3618 2276 3819 2316 secun-

2234 2337 2358 2389 dum
2398 2352 2579 2393 earum
2614 2343 3011 2410 proprietatem.
3042 2344 3148 2399 Nec
3176 2345 3315 2400 enim
3347 2363 3529 2404 earum
3561 2366 3656 2419 per
3689 2369 3818 2422 par-

2238 2436 2341 2480 tem
2389 2428 2727 2495 divisionem,
2759 2440 2849 2486 aut
2878 2433 2931 2486 in
2959 2432 3274 2489 alterutram
3320 2440 3690 2508 mutationem,
3722 2455 3821 2499 aut

2236 2521 2679 2588 commistionem,
2706 2524 2817 2577 sive
2840 2524 3205 2580 cvtnfusionem
3232 2530 3439 2595 penitus
3464 2532 3821 2602 intelligimus

2236 2622 2326 2664 aut
2374 2613 2719 2682 suscipimus;
2770 2615 2945 2669 absit:
2980 2617 3073 2670 sed
3114 2616 3166 2670 in
3207 2634 3312 2673 uno
3352 2621 3565 2675 Christo
3612 2626 3820 2677 salvata

2238 2712 2461 2770 utraque
2508 2714 2694 2757 natura
2742 2703 3035 2759 divinitatis
3061 2714 3116 2760 et
3147 2706 3513 2774 humanitatis,
3566 2719 3619 2765 et
3644 2712 3692 2764 in
3722 2728 3822 2768 es-

2238 2797 2422 2850 sentia;
2453 2796 2667 2866 proprio
2692 2798 2919 2851 termino
2963 2797 3258 2852 secundum
3304 2799 3655 2855 substantiam
3699 2804 3824 2859 ine~

2241 2887 2518 2941 narrabilis
2558 2901 2781 2941 summa:
2831 2888 3047 2941 unitatis
3077 2890 3449 2945 convenientia
3479 2895 3825 2948 causervatis

2240 2988 2293 3031 et
2323 2979 2776 3049 permanentibus.
2809 2980 3023 3047 (Mansit
3052 2984 3192 3033 enim
3226 2981 3459 3035 Verbum
3492 2983 3631 3051 quod
3675 2995 3821 3049 erat,

2241 3084 2290 3127 et
2335 3072 2529 3126 factum
2560 3083 2643 3127 est
2669 3073 2808 3140 quod
2841 3088 2944 3127 non
2976 3074 3135 3141 erat.)
3192 3074 3479 3143 Pr0pterea
3506 3084 3559 3131 et
3596 3091 3821 3133 omnem

2239 3178 2523 3233 congruam
2578 3163 2841 3218 divinitati
2871 3174 2924 3217 et
2956 3163 3272 3218 humanitati
3324 3169 3692 3234 operationem
3744 3170 3820 3224 ab

2237 3268 2344 3307 uno
2389 3252 2683 3321 eodemque
2734 3252 3106 3321 procedentem
3156 3254 3431 3309 incarnato
3479 3257 3586 3311 Deo
3640 3258 3825 3315 Verbo

2238 3344 2481 3411 dicimus,
2510 3354 2564 3399 et
2591 3347 2642 3397 in
2674 3360 2835 3398 unum
2864 3344 3218 3413 eumdemque
3257 3345 3459 3401 reduci.
3510 3347 3736 3418 Ideoque
3766 3362 3827 3405 et

2238 3434 2425 3488 divisio
2453 3449 2557 3489 non
2586 3435 2936 3490 introducitur
2958 3444 3012 3489 et
3042 3434 3344 3492 inconfusio
3397 3439 3655 3493 salvatur.
3706 3440 3822 3497 Re-

2239 3526 2457 3595 sipiscat
2474 3528 2621 3592 plebs
2644 3526 2924 3594 impiorum
2949 3527 3345 3592 haereticorum,
3362 3528 3555 3583 sileant
3576 3546 3696 3584 cum
3712 3531 3825 3586 Ne-

2238 3622 2426 3683 storio,
2447 3619 2768 3687 Diodoro,et
2787 3619 3094 3683 Theodoro,
3124 3618 3354 3674 Severus
3378 3628 3430 3674 et
3448 3620 3741 3692 Eutyches,
3765 3634 3827 3678 et

2241 3706 2564 3777 Apollinaris
2582 3708 2954 3773 exsecrabiles,
2981 3723 3044 3762 ex
3069 3709 3318 3763 alterutra
3337 3708 3665 3765 dissonantia
3688 3726 3827 3768 con-

2240 3806 2491 3853 sonantes
2515 3796 2581 3851 ad
2613 3798 2962 3863 impietatem,
2992 3797 3111 3853 aliis
3131 3798 3521 3864 confusionem,
3567 3800 3688 3854 aliis
3739 3801 3829 3855 di-

2242 3890 2497 3943 visionem
2521 3889 2657 3942 male
2680 3888 3038 3954 iuduentibus,
3064 3899 3117 3943 et
3140 3890 3273 3944 bene
3298 3904 3327 3942 a
3357 3892 3595 3946 veritatis
3621 3893 3831 3962 regulis

2242 3979 2538 4034 denudatis.
2572 3979 2738 4035 Unius
2767 3990 2947 4035 autem
2976 3989 3030 4034 et
3057 3979 3297 4049 ejusdem
3336 3981 3430 4035 Dei
3465 3981 3624 4039 Verbi
3650 3983 3834 4039 incar-

2243 4069 2350 4123 nati
2379 4069 2633 4123 miracula
2666 4070 3036 4138 praidicamus,
3054 4072 3395 4137 etpassiones
3418 4074 3830 4142 cognoscimus,

2244 4175 2377 4229 quas
2404 4159 2699 4215 secundum
2729 4174 2947 4214 carnem
2976 4170 3190 4230 propter
3220 4177 3317 4215 nos
3339 4172 3527 4227 sponte
3547 4165 3835 4221 sustinuit.

2244 4252 2474 4321 Ideoque
2498 4261 2552 4307 et
2583 4252 2721 4307 Deus
2777 4252 2972 4306 dicitur
3026 4254 3154 4322 pati,
3204 4262 3260 4308 et
3308 4253 3472 4309 Filius
3513 4254 3749 4310 hominis
3795 4270 3837 4311 α

2245 4347 2382 4401 cmlo
2410 4345 2754 4400 descendisse
2784 4354 2999 4414 propter
3026 4359 3286 4399 summam
3316 4355 3370 4401 et
3400 4345 3836 4415 indissipabiletu

2248 4437 2540 4492 secundum
2573 4436 2927 4491 substantiam
2955 4436 3178 4491 duarum
3208 4446 3515 4492 naturarum
3540 4438 3833 4495 unitatem.

2251 4528 2399 4584 Unde
2428 4536 2482 4581 et
2511 4542 2667 4581 unam
2698 4529 3026 4583 voluntatem
3056 4529 3261 4584 Datnini
3294 4528 3459 4582 nostri
3484 4528 3607 4583 Jesu
3628 4528 3842 4587 Christi

2248 4620 2613 4690 intelligimus,
2649 4634 2715 4675 ne
2742 4620 3176 4675 contrarietatem
3205 4628 3299 4673 aut
3323 4619 3675 4674 differentiam
3729 4636 3843 4675 vo-

2247 4712 2505 4765 luntatum
2536 4709 2627 4764 uni
2656 4710 2938 4780 eidemque
2968 4724 3211 4779 persona:
3241 4710 3452 4764 Domini
3493 4710 3659 4764 nostri
3698 4710 3845 4768 Jesu

2250 4802 2447 4859 Christi
2480 4803 2835 4871 applicemus,
2876 4810 2966 4854 aut
2994 4802 3164 4870 ipsum
3192 4815 3251 4855 se
3278 4810 3670 4869 espugnantem
3699 4800 3849 4871 dog-

2250 4896 2585 4959 matizemus,
2627 4903 2719 4947 aut
2771 4892 2906 4947 duos
2947 4893 3191 4947 volentes
3236 4892 3655 4945 introducamus.
3710 4892 3843 4947 Non

2252 4987 2394 5040 enim
2425 4986 2492 5039 ad
2520 4984 3066 5053 conglomerationem
3096 4984 3313 5037 omnino
3344 4991 3433 5036 aut
3460 4983 3847 5040 confusionem

2249 5077 2473 5131 duarum
2535 5086 2868 5141 naturarum,
2924 5091 3041 5144 quae
3071 5076 3123 5129 in
3150 5075 3337 5129 eodem
3382 5075 3627 5129 videntur
3674 5074 3855 5131 unius

2252 5165 2555 5229 voluntatis,
2584 5166 2721 5220 hanc
2751 5165 3102 5234 producentes
3132 5180 3338 5231 vocem,
3368 5174 3458 5218 aut
3488 5165 3552 5217 ad
3578 5164 3863 5220 interem-

2251 5260 2489 5327 ptionem
2520 5257 2740 5311 alterius
2765 5265 2968 5310 tantum
2999 5256 3157 5309 aliam
3188 5270 3308 5310 esse
3339 5254 3709 5323 prazdicantes,
3740 5256 3861 5311 sed

2253 5348 2353 5402 hoc
2401 5363 2498 5417 per
2541 5346 2847 5416 huiusmodi
2902 5346 3265 5415 signiﬁcantes
3320 5358 3527 5404 vocem.
3584 5342 3865 5410 quoniam

2251 5454 2376 5494 caro
2417 5438 2533 5509 ejus
2579 5438 2964 5492 rationabiliter
2994 5446 3047 5490 et
3077 5434 3510 5490 intellectualiter
3575 5432 3863 5499 animata.

2252 5549 2318 5588 ex
2348 5534 2459 5600 ipsa
2480 5545 2685 5585 summa
2706 5528 2909 5582 unitate
2928 5524 3619 5581 inenarrabiliteromnibus
3641 5521 3873 5579 divinis

2253 5626 2437 5689 ditata,
2464 5619 2692 5675 nnientis
2720 5633 2835 5673 eam
2858 5619 2956 5672 sibi
2986 5616 3276 5672 secundum
3300 5614 3649 5669 subsmntiam
3672 5613 3875 5669 divini

2262 5720 2439 5785 Vcrhi,
2462 5718 2700 5774 divinam
2732 5715 2959 5772 habebat
2986 5714 3325 5771 indiscretum
3352 5712 3701 5778 voluntatem,
3725 5726 3878 5777 quan
