4018 6184
194 313 279 366 97
1270 297 1479 355 PAULI
1516 293 1757 351 CONST.
1801 290 2007 346 EPISC.
2056 291 2399 351 EI‘ISTOLA.
3393 284 3460 337 98

191 429 261 480 ab
286 423 413 493 ipso
462 432 671 487 semper
722 415 1013 470 ducebatur
1036 427 1099 467 ac
1126 412 1463 472 movebatur,
1519 414 1698 473 utpote
1729 406 1784 457 in

1900 422 2047 466 σεως,
2076 402 2174 474 εἴγε
2203 408 2397 461 καὶτῆς
2428 402 2602 473 ὁμοίας
2625 400 2763 475 αύτῷ
2790 407 2875 457 τοῦ
2908 403 3113 466 πάθους,
3143 400 3223 456 διά
3249 408 3347 457 τῶν
3367 401 3459 474 ῥη-

194 516 346 569 uullo
406 526 648 581 tenipore
690 509 879 566 eadem
927 507 1120 572 divise,
1147 514 1201 561 et
1229 520 1294 558 ex
1336 503 1547 573 proprio
1591 502 1786 566 impetu

196 607 475 661 contrarie
495 604 644 658 nutui
671 602 808 656 uniti
837 599 1125 655 secundum
1180 596 1526 650 substantiam
1545 593 1636 647 Dei
1662 590 1790 647 Ver-

192 696 271 759 bi,
295 696 597 750 naturalem
625 692 744 762 ejus
773 690 973 745 faciens
993 689 1299 751 motionem,
1326 686 1423 739 sed
1470 682 1701 751 quando,
1729 690 1785 736 et

197 786 791 853 qualem,etquantam
819 782 934 849 ipse
976 779 1114 833 Deus
1160 777 1387 831 Verbum
1440 773 1669 835 volebat,
1724 786 1790 825 nc

200 876 365 944 (quod
420 873 586 943 absit)
632 874 686 926 in
732 871 1059 938 blasphemia
1108 866 1475 935 dijudiwmur,
1524 863 1663 931 quod
1694 862 1795 915 uti-

198 978 301 1031 que
343 962 672 1025 cavendum,
691 969 746 1014 et
765 958 1002 1013 terribile
1046 955 1457 1010 dicendumzvaa
1489 950 1791 1019 hujusmotli

198 1054 468 1122 pravitati,
501 1061 557 1105 ut
588 1066 686 1117 per
700 1053 1093 1111 necessitatem,
1119 1057 1321 1100 natura:
1342 1046 1647 1100 violentiam
1673 1059 1792 1096 sus-

202 1142 488 1203 tinentem,
525 1140 934 1193 introducamus
969 1138 1084 1205 ejus
1124 1136 1528 1199 humanitatem,
1558 1146 1607 1187 et
1639 1149 1791 1186 coin-

206 1235 576 1287 municantem
619 1230 784 1285 Petro
822 1229 995 1297 dignae
1038 1230 1155 1295 ejus
1196 1227 1568 1294 increpationi,
1604 1228 1647 1278 si
1692 1225 1790 1278 uti-

201 1340 300 1392 que
330 1340 431 1392 per
458 1323 697 1377 similem
739 1321 1132 1376 recusationem
1175 1335 1238 1371 ex
1274 1319 1557 1371 verborum
1589 1316 1791 1384 signiﬁ-

200 1417 411 1470 catione
442 1415 685 1481 passioni
706 1413 823 1481 ejus
847 1412 1226 1467 communicat.
1245 1411 1333 1463 Sic
1354 1418 1407 1463 et
1426 1409 1787 1476 evangelicam

202 1506 575 1576 intelligamus
605 1505 916 1568 lectionem,
939 1504 1025 1557 ubi
1056 1503 1184 1556 dicit
1213 1519 1225 1554 :
1256 1499 1377 1554 Non
1408 1511 1461 1553 ut
1484 1502 1671 1571 faciam
1700 1515 1789 1553 vo-

201 1596 451 1648 lautam
480 1611 676 1659 mm,
703 1594 792 1648 sed
818 1595 933 1665 ejus
953 1593 1039 1661 qui
1066 1593 1205 1644 misit
1230 1607 1309 1645 me
1350 1590 1510 1661 (Joan
1544 1592 1643 1658 vr).
1684 1589 1788 1644 Sed

200 1695 250 1739 ct
288 1686 341 1739 in
377 1685 731 1739 recusatione
776 1682 1043 1753 passionis
1089 1695 1197 1734 nun
1225 1679 1494 1734 diversam
1544 1680 1593 1731 in
1626 1692 1786 1730 unum

1898 496 2100 562 μάτων,
2129 503 2350 550 κοινωνεῖ
2380 499 2756 570 παραιτήσεως·
2786 494 2916 549 οὕτω
2942 492 2994 547 δέ
3024 496 3102 548 καὶ
3129 500 3217 551 τήν
3256 494 3452 564 εύαγγε-

1896 581 2035 639 λικήν
2082 586 2338 654 νοήσωμεν
2384 584 2550 659 ῥῆσιν
2588 600 2606 632 ι
2636 585 2755 653 Οὐχ
2777 584 2862 636 ἵνα
2906 589 3033 639 ποιῶ
3078 584 3135 637 τό
3170 582 3356 650 θέλημα
3404 584 3465 635 τό

1897 671 2036 739 ἐμόν,
2065 671 2188 725 ἀλλά
2216 678 2305 725 τοῦ
2333 671 2628 742 πέμψαντός
2650 692 2733 735 με.
2772 690 2790 723 ε
2827 675 2920 725 Καὶ
2948 677 3037 730 τήν
3056 673 3137 725 ἐπὶ
3164 678 3250 724 τοῦ
3271 672 3467 733 πάθους

1894 763 2220 833 παραίτησιν,
2251 763 2304 813 οὐ
2331 759 2561 835 διάφορον
2584 761 2662 815 ἐπ’
2689 763 2846 816 αὐτοῦ
2877 758 2968 815 τοῦ
2995 762 3101 820 ἑνός
3130 768 3347 832 Χριστοῦ
3380 765 3463 816 καί

1895 850 2188 903 ἀντιπίπτον
2229 851 2625 932 ἀντεισφέροντφ
2665 853 2873 924 θέλημα,
2902 849 3183 924 ἀρνητικὶς
3209 850 3261 907 δὲ
3283 853 3462 922 μᾶλλον

1895 941 1978 991 καί
2029 941 2087 992 ού
2137 941 2371 1004 θετικῶς,
2428 947 2518 1000 τήν
2570 944 2807 1000 τοιαύτην
2844 942 3241 1016 παραδεξώμεθα
3280 948 3461 1015 φωνήν.

1894 1028 1964 1078 Ού
2008 1028 2104 1103 γὰρ
2162 1031 2230 1088 ὡς
2280 1026 2435 1090 ὅντως
2491 1030 2516 1084 6
2570 1031 2746 1099 λόγος,
2790 1031 2891 1085 ἀλλ’
2942 1034 3009 1092 ὡς
3064 1032 3154 1085 οὐκ
3196 1028 3351 1092 ὄντως
3399 1036 3465 1093 ὡς

1892 1119 1972 1171 τὸ⁶
2023 1137 2041 1166 ι
2088 1116 2215 1173 Ούτε
2270 1122 2301 1178 ἡ
2352 1121 2578 1196 ἁμαρτία
2634 1144 2731 1191 μου
2782 1120 2897 1177 οὔτε
2953 1125 2984 1181 ἡ
3039 1126 3217 1195 ἀνομία
3264 1147 3401 1196 μου,
3439 1146 3458 1177 ε

1893 1208 2022 1261 κατά
2065 1208 2148 1263 τόν
2208 1209 2388 1282 ἀκριῧῆ
2431 1218 2528 1265 τῶν
2568 1209 2830 1283 δογμάτων
2881 1214 3110 1282 γνώμονα
3166 1214 3248 1268 τόν
3299 1213 3463 1268 θεολό-

1891 1316 1979 1368 γον
2024 1298 2311 1373 Γρηγόριον.
2367 1304 2453 1353 Καὶ
2502 1299 2613 1354 ὅσοι
2677 1300 2730 1355 δέ
2778 1309 2877 1356 τῶν
2924 1301 3238 1357 διδασκάλων
3277 1313 3369 1365 τῆς
3417 1307 3465 1357 ἐν

1892 1384 1965 1458 τῷ
2004 1392 2151 1443 πάθει
2177 1388 2383 1461 Ιῥήσεως
2422 1392 2803 1461 ἐπεμνήσθησαν
2851 1393 2962 1448 κατ’
2996 1396 3237 1449 οἰκείωσιν
3277 1404 3466 1457 ταυτήν

1892 1479 1973 1529 καὶ
2000 1477 2248 1551 ἀναφοράν
2272 1484 2360 1532 τοῦ
2398 1481 2641 1555 ἡμετέρου
2682 1484 2999 1554 φυράματος,
3042 1485 3336 1557 ἐξειλήφασι.
3377 1510 3468 1541 κει-

1892 1566 1989 1628 θώς
2013 1570 2093 1621 καί
2118 1567 2143 1621 6
2173 1570 2328 1639 μέγας
2359 1578 2449 1631 τῆς
2470 1570 2755 1634 Ἐκκλησίας
2778 1582 2987 1652 φωστὴρ
3026 1577 3316 1641 ’Δθανάσιος
3336 1584 3469 1653 ἡμᾶς

1892 1656 2191 1717 ἐκδιδάσκει,
2216 1665 2306 1718 τήν
2327 1664 2571 1738 ἡμετέραν
2592 1674 2855 1741 παριστῶν
2880 1668 3117 1739 φιλόζῳον
3146 1672 3310 1743 φύσιν,
3334 1676 3469 1728 ἀπα-

202 1776 568 1843 eumdemque
596 1748 897 1840 Christum,
932 1781 986 1826 et
1014 1772 1357 1826 resultantem
1390 1770 1788 1825 introducentes

1900 1749 1988 1807 θῶς
2016 1753 2084 1819 μή
2123 1748 2423 1822 αἱρουμένην
2476 1760 2567 1814 τῆς
2610 1757 2883 1829 παρούσης
2917 1759 3271 1831 ἀπορραγῆναι
3314 1766 3467 1827 ζωῆς,

203 1866 562 1928 voluntatem,
597 1864 767 1932 magis
808 1871 987 1916 autem
1020 1861 1313 1915 recusative
1340 1869 1396 1915 et
1425 1874 1529 1913 non
1562 1859 1787 1925 positive

203 1952 515 2021 huiusmodi
577 1950 931 2019 suscipiamus
995 1964 1201 2003 vocem.
1256 1947 1372 2002 Non
1436 1948 1578 2001 enim
1634 1947 1785 2016 quasi

204 2044 449 2096 existens
477 2042 582 2095 hoc
617 2041 837 2094 verbum
864 2041 1064 2093 dictum
1096 2048 1200 2103 est,
1231 2038 1323 2092 sed
1363 2052 1425 2092 ac
1452 2040 1495 2092 si
1528 2052 1631 2091 non
1669 2047 1787 2091 est:

202 2132 360 2185 sicuti
393 2148 407 2182 :
447 2130 637 2198 Neque
680 2141 945 2197 peccatum
976 2146 1162 2190 meum,
1204 2144 1365 2197 neque
1398 2128 1638 2195 iniquitas
1682 2143 1792 2180 mea

208 2222 381 2289 (Psal.
416 2221 608 2289 uin),
642 2229 699 2274 ut
730 2219 1087 2288 peritissimus
1123 2219 1174 2271 in
1221 2217 1558 2288 dogmatibus
1587 2216 1792 2271 theolo-

209 2328 306 2381 gos
328 2311 659 2380 Gregorius.
688 2310 794 2365 Sed
823 2320 877 2363 et
900 2324 1084 2363 omnes
1113 2308 1382 2371 doctores,
1415 2307 1505 2377 qui
1533 2306 1793 2376 passionis

212 2403 373 2457 verba
441 2408 923 2464 memoravernnt,
979 2414 1045 2453 ex
1099 2398 1377 2453 aﬂ'ectione
1429 2406 1485 2452 et
1532 2396 1795 2451 relatione

210 2504 410 2547 nostra:
457 2506 657 2546 massa
699 2492 838 2543 hanc
877 2500 1269 2555 susceperunt;
1297 2489 1434 2542 sicut
1479 2498 1533 2541 et
1572 2501 1792 2555 magnus

212 2584 472 2638 Ecclesia:
523 2580 711 2635 lucifer
757 2579 1081 2634 Athanasius
1120 2577 1336 2633 edocuit
1385 2592 1506 2641 nos,
1552 2586 1790 2630 nostram

213 2675 515 2731 ostendens
541 2686 765 2742 pronam
798 2670 850 2726 in
884 2672 1023 2724 hanc
1052 2672 1213 2723 vitam
1251 2677 1491 2723 naturam
1524 2670 1641 2722 sine
1668 2682 1791 2735 pas-

214 2768 372 2822 sione
401 2766 683 2821 nolentem
711 2778 741 2817 a
772 2775 1039 2832 praesente
1065 2762 1168 2816 vita
1198 2761 1453 2829 disrumpi
1478 2776 1491 2823 ;
1522 2768 1576 2813 et
1607 2773 1711 2813 non
1739 2768 1799 2811 ut

214 2858 518 2910 animatam
562 2853 994 2909 intellectualiter
1022 2852 1199 2905 carnis
1229 2850 1387 2906 Verbi
1419 2851 1792 2918 impromptaru

215 2948 545 3000 esistentem
597 2944 664 2997 ad
695 2948 858 2997 totius
884 2942 1067 2996 mundi
1096 2940 1427 2995 salutiferam
1475 2940 1794 3008 passionem,

218 3047 313 3092 aut
341 3036 748 3092 discordantem
789 3034 931 3089 Patri
961 3043 1015 3088 et
1044 3032 1357 3087 inhabitanti
1388 3032 1582 3086 Verbo.
1614 3031 1719 3086 Sed
1744 3038 1799 3084 et

1890 1837 1996 1905 οὐχ
2026 1840 2094 1898 ὡς
2136 1846 2227 1898 τῆς
2266 1847 2445 1915 νοερῶς
2471 1842 2809 1916 ἐψυχωμένης
2849 1853 2940 1900 τοῦ
2971 1854 3099 1905 Θεοῦ
3129 1849 3292 1922 Λόγου
3332 1872 3466 1924 σαρ-

1889 1928 2002 1990 κὸς,
2029 1930 2326 2000 ἀπροθύμου
2366 1935 2691 1993 καθεστώσης·
2726 1936 2852 2009 πρὸς
2889 1937 2946 1989 τὸ
2986 1934 3058 2006 τῷ
3082 1938 3257 2008 κόσμῳ
3288 1946 3466 1998 σωτήι-

1891 2039 1997 2092 ριον
2017 2021 2265 2092 πάθημα,
2304 2022 2334 2080 ἦ
2371 2021 2711 2093 διχονοούσης
2748 2028 2879 2098 πρὶς
2899 2029 2982 2081 τὸν
3004 2031 3204 2101 Πατέρα
3232 2031 3315 2084 καί
3343 2032 3468 2106 πρός

1893 2111 2039 2163 αὐτόν
2083 2110 2135 2165 δέ
2163 2113 2250 2166 τόν
2288 2113 2609 2172 ἐνοικήσαντα
2644 2112 2821 2187 Λόγον.
2864 2118 3003 2171 Ἀλλά
3041 2120 3141 2191 γάρ
3168 2128 3259 2179 τῆς
3296 2125 3471 2176 τοιαύο

1890 2219 1981 2258 της
2008 2200 2191 2259 ἐννοίας
2225 2203 2587 2275 ἀκριϐέστατον
2613 2205 2852 2275 ἐξηγητήν
2880 2226 2928 2260 τε
2962 2208 3045 2259 καὶ
3075 2206 3290 2280 ἑρμηνέα
3318 2207 3467 2273 δεξώο

1893 2291 2021 2359 μεθα
2066 2293 2151 2345 τόν
2196 2292 2510 2363 ἀμφίστομον
2537 2294 2882 2365 σειρομάστην
2917 2302 3010 2351 τοῦ
3051 2300 3339 2369 πνεύματος
3378 2303 3472 2353 κύ·

1893 2382 2077 2453 ριλλον,
2105 2383 2192 2437 τὸν
2218 2385 2269 2437 ἓν
2300 2385 2493 2456 ἱερεῦσι
2541 2383 2775 2461 δεύτερον
2802 2387 3021 2450 ζηλωτὴν
3067 2393 3252 2456 Φινεὲς,
3284 2394 3369 2446 τὶν
3410 2401 3473 2465 τῇ

1895 2472 2089 2541 ἀλκίμῳ
2131 2482 2221 2532 τῆς
2242 2474 2479 2544 γλώσσης
2509 2476 2673 2550 πληγῇ
2715 2483 3175 2537 συνεκκεντήσαντα
3202 2483 3366 2544 καλῶς
3410 2492 3474 2541 τῆ

1894 2562 2051 2633 πόρνη
2076 2561 2366 2634 συγχύσει,
2412 2567 2496 2619 τόν
2521 2574 2613 2626 τῆς
2640 2565 2940 2641 διαιρέσεως
2968 2576 3082 2622 νοῦν
3120 2591 3173 2623 τε
3221 2575 3305 2626 καὶ
3333 2571 3475 2643 λόγον

1896 2651 2187 2718 ἀκόλαστον,
2215 2656 2262 2706 ἐν
2287 2651 2359 2725 τῷ
2381 2654 2615 2731 τετάρτῳ
2636 2666 2733 2712 τῶν
2768 2662 3189 2732 ἀναθεματισμῶν
3210 2673 3307 2718 τῶν
3347 2670 3477 2721 κατά

1896 2752 1995 2798 τῶν
2008 2743 2197 2799 δώδεκκ
2215 2748 2488 2817 κεφαλαίων
2502 2751 2856 2827 ἀντιέρητικῶς
2868 2757 3009 2828 ποιρά
3026 2753 3336 2830 Θεοδωρίτου
3352 2760 3479 2831 πρός

1899 2837 2026 2890 αύτά
2066 2840 2479 2913 συγγραφέντων,
2529 2842 2850 2914 ἐγκριθέντων
2892 2865 2947 2898 τε
2988 2847 3129 2919 παρά
3173 2869 3225 2901 τε
3256 2856 3318 2922 τῇ
3357 2849 3477 2923 ἁγίᾳ

1904 2929 1991 2979 καί
2026 2928 2335 2999 οἱκουμενικῇ
2363 2931 2412 2981 ἐν
2434 2929 2732 2992 Χαλκηδόνι,
2758 2935 2843 2985 καί
2864 2932 2912 2985 ἓν
2933 2941 2994 3008 τῇ
3022 2937 3228 3005 πέμπτη
3258 2937 3474 3009 συνόδῳ,

1900 3016 2199 3090 τρανότερον
2210 3022 2298 3074 τήν
2310 3018 2628 3089 εύαγγελικην
2649 3017 2730 3074 διὰ
2756 3020 2976 3090 σχόντος
2990 3041 3042 3075 τε
3064 3026 3146 3075 καί
3161 3025 3479 3089 ἀναπτύξαν-

218 3131 383 3199 hujus
412 3127 717 3183 intellectui
756 3126 1231 3181 acribiosissimum
1271 3122 1360 3194 [Id
1387 3134 1479 3188 est,
1508 3122 1797 3192 diligentis~

1903 3123 1989 3164 τος
2009 3104 2177 3176 ῥῆσιν.
2202 3109 2287 3160 Καὶ
2304 3108 2488 3167 πάντες
2508 3106 2561 3162 δὲ
2582 3117 2673 3168 τῆς
2686 3110 2939 3171 εὐσεϐείας
2954 3112 2997 3165 οἱ
3017 3109 3307 3169 διδάσκαλοί
3326 3135 3379 3169 τε
3398 3119 3478 3169 καί

216 3214 441 3286 simum]
467 3217 830 3285 expositorem
852 3226 905 3270 et
932 3215 1398 3283 interpretatorem
1421 3214 1793 3281 suscipiamus,

218 3310 270 3363 id
297 3319 407 3373 est,
438 3309 518 3362 his
544 3316 757 3362 acutum
788 3308 1073 3377 pugionem
1116 3304 1407 3374 spiritalem
1435 3303 1714 3373 Cyrillum,
1743 3304 1794 3356 in

216 3399 593 3455 sacerdotibus
619 3398 913 3451 secundum
946 3397 1171 3450 zelotem
1202 3395 1451 3460 Pltiuees,
1480 3395 1567 3463 qui
1593 3393 1801 3446 validis-

218 3489 358 3543 simo
386 3488 587 3556 lingua
634 3487 739 3541 ictu
768 3487 1035 3556 percussit
1063 3486 1268 3555 optime
1310 3486 1644 3539 meretricem
1674 3499 1800 3538 con-

219 3577 491 3632 fusionem
514 3576 708 3646 (Num.
748 3576 904 3645 xxv),
932 3576 1209 3630 divisionis
1240 3576 1568 3631 intellectum
1593 3586 1646 3631 et
1675 3591 1796 3629 ver-

220 3668 347 3722 bum
398 3668 700 3736 pravitatis,
750 3668 803 3721 in
833 3678 1024 3736 quarto
1072 3666 1142 3721 de
1186 3666 1615 3721 anathematibus
1654 3664 1802 3732 capi-

222 3761 375 3825 tulo,
430 3758 590 3812 dictis
653 3758 940 3812 adversum
1003 3757 1454 3812 contradictiones
1515 3757 1797 3811 duodecim

222 3850 601 3918 capitulorum,
647 3847 815 3904 factas
844 3863 874 3901 a
916 3847 1265 3912 Theodorito,
1297 3855 1458 3916 atque
1509 3846 1743 3915 probatis
1774 3860 1802 3900 a

223 3950 408 3996 sancta
441 3941 732 3995 universali
780 3939 1209 3994 Chalcedonensi
1259 3946 1313 3994 et
1342 3938 1525 4007 quinta
1573 3938 1801 4009 synodo,

222 4031 558 4087 luculentius
588 4031 953 4100 cvangelicam
986 4029 1267 4099 proferens
1296 4038 1458 4099 atque
1487 4030 1804 4099 adaperiens

222 4135 436 4175 vocem.
468 4121 576 4177 Sed
617 4130 669 4175 et
707 4134 898 4175 omnes
943 4122 1157 4189 pietatis
1196 4120 1444 4175 doctores
1471 4130 1525 4175 et
1553 4121 1805 4188 praedica-

224 4219 366 4266 tores
395 4210 707 4280 hujusmodi
754 4212 913 4265 unius
944 4210 1234 4265 voluntatis
1263 4219 1440 4266 mente
1468 4211 1801 4267 detinentur.

221 4301 487 4367 Quorum,
536 4304 581 4356 si
631 4316 768 4370 opus
812 4309 892 4355 est
932 4302 1280 4371 requisitione
1332 4304 1702 4370 proveniente,
1751 4315 1806 4360 et

222 4402 601 4462 competenter
641 4392 929 4461 relegimus
958 4393 1258 4447 testimonia
1303 4410 1315 4445 :
1348 4394 1537 4462 quibus
1577 4408 1801 4449 concor-

220 4483 415 4537 dantes
439 4492 497 4538 et
525 4494 885 4538 consonantes
913 4483 1036 4538 facti
1066 4494 1189 4537 sunt
1211 4487 1309 4552 pia:
1340 4486 1616 4540 memoriae
1640 4495 1663 4521 α
1686 4485 1805 4540 Ser-

220 4577 341 4645 gius
371 4587 430 4629 et
469 4575 764 4642 Honorius,
800 4591 936 4630 unus
980 4575 1194 4646 quidem
1234 4590 1407 4641 novae,
1455 4578 1588 4633 alter
1626 4586 1802 4632 autem

221 4669 459 4736 antiquae
488 4666 675 4720 Romae
704 4666 898 4721 summi
927 4667 1208 4721 sacerdotii
1232 4667 1418 4721 sedem
1460 4668 1802 4723 decorantes.

222 4756 391 4825 Igitur
418 4756 493 4811 de
522 4756 606 4810 his
635 4754 707 4809 ita
741 4771 838 4809 nos
870 4756 1150 4824 habemus,
1199 4756 1277 4811 sic
1321 4755 1684 4826 intelligimus,
1730 4760 1808 4813 sic

225 4848 581 4915 pradicamns
606 4888 621 4910 ,
663 4847 717 4900 in
747 4845 829 4900 his
856 4848 1187 4902 οτιιιοάοιίω
1230 4846 1610 4917 manifestatio,
1644 4850 1699 4904 in
1726 4849 1810 4905 his

226 4938 487 4993 Ecclesiae
515 4939 650 5003 laus,
679 4938 731 4992 in
771 4938 852 4992 bis
906 4938 1092 4993 salutis
1134 4949 1335 4995 nostra:
1358 4956 1503 5009 spes.
1555 4941 1680 4996 Haec
1728 4952 1809 4997 est

224 5029 432 5096 spiritui
449 5027 1025 5097 germenjnutrilerum,
1045 5028 1159 5083 hinc
1182 5029 1397 5084 Patrum
1414 5030 1660 5084 salutaris
1683 5030 1804 5098 llos,

227 5117 312 5172 hic
338 5129 421 5172 est
440 5118 838 5173 rationabilium
870 5118 1045 5173 ovium
1070 5120 1310 5174 viviﬁcus
1340 5120 1576 5176 veritatis
1601 5122 1812 5188 paradi-

227 5222 340 5265 sus.
371 5210 502 5264 llaec
529 5208 799 5274 meditari,
825 5211 876 5263 in
903 5208 983 5264 liis
1004 5226 1147 5276 esse,
1180 5227 1273 5281 per
1301 5212 1414 5266 hzec
1452 5212 1735 5267 illuminari
1758 5223 1813 5269 et

229 5299 535 5354 illuminare
552 5314 794 5379 oramus,
814 5302 1065 5369 quoniam
1093 5300 1194 5355 hoc
1216 5302 1490 5366 facientes,
1513 5311 1567 5356 et
1587 5317 1684 5357 nos
1707 5304 1813 5357 sal-

232 5403 417 5444 umor
445 5388 554 5444 etb
599 5388 881 5444 audientes
934 5392 1374 5458 praedicavimus:
1423 5392 1487 5446 ad
1529 5407 1810 5463 supernam

233 5482 568 5535 vocationem
600 5488 842 5534 nostrum
876 5490 959 5536 est
984 5481 1242 5547 studium,
1288 5482 1378 5537 ubi
1413 5483 1556 5551 pacis
1584 5497 1809 5553 compo-

301 5650 328 5678 ⁸
357 5641 582 5713 Sergius
596 5651 654 5696 et
674 5640 938 5713 Honorius
958 5642 1105 5713 quasi
1128 5641 1363 5709 ejusdem
1391 5642 1667 5713 sententiae
1684 5656 1809 5713 pro-

237 5711 500 5777 teruntur;
526 5714 620 5768 sed
640 5711 928 5769 notandum
947 5722 1024 5768 est
1049 5712 1347 5768 hmreticum
1367 5726 1486 5766 esse
1506 5712 1590 5779 qui
1605 5712 1807 5768 scribit.

1901 3198 2117 3265 κήρυκες
2150 3204 2213 3269 τῇ
2251 3199 2460 3271 τοιαύτη
2507 3194 2596 3251 τοῦ
2634 3198 2735 3259 ένΞς
2758 3200 3036 3270 θελήματος
3060 3200 3175 3275 δόξῃ
3200 3206 3477 3277 συμφέρον-

1899 3306 2006 3339 ται.
2036 3283 2130 3339 ⁷Ων
2175 3291 2220 3341 εἰ
2260 3286 2430 3346 δεήσει
2452 3293 2710 3352 ζητήσεως
2733 3292 2897 3361 τυχόν
2924 3296 3232 3369 προϊούσης,
3264 3297 3349 3353 καί
3384 3298 3478 3355 τὰς

1900 3380 2216 3453 προσφόρους
2255 3382 2723 3454 ύπαναγνωσόμεθα
2774 3389 3016 3460 χρήσεις.
3059 3384 3147 3445 Οἷς
3186 3408 3294 3442 τισι
3338 3390 3476 3458 σύμ-

1900 3489 2071 3542 φρονες
2110 3471 2346 3542 γεγόνασι
2387 3478 2467 3528 καί
2493 3474 2760 3549 ὁμόφρονες
2780 3477 2825 3529 οἱ
2850 3482 2937 3535 τήν
2982 3482 3176 3549 μνήμην
3202 3487 3294 3540 τῆς
3338 3481 3450 3535 εύσε
3470 3510 3480 3519 ·

1904 3557 2042 3617 ϐείας
2072 3557 2290 3628 ἀοίδιμοι
2330 3564 2528 3634 Σέργιος
2566 3566 2648 3617 καί
2686 3562 2947 3639 Ὀνώριος,
2978 3566 3004 3620 6
3031 3571 3122 3639 μὲν
3144 3576 3236 3630 τῆς
3275 3570 3408 3635 νέας,
3452 3570 3478 3625 6

1903 3644 1957 3700 δέ
1974 3656 2063 3708 τῆς
2083 3651 2441 3725 πρεσϐυτέρας
2464 3655 2655 3725 Ῥώμης
2674 3655 2757 3709 τὸν
2781 3657 3145 3731 ἀρχιερατικὸν
3172 3658 3344 3733 θρόνον
3366 3681 3481 3715 κοσ-

1903 3739 2177 3804 μήσαντες.
2229 3740 2404 3801 Οὕτως
2457 3743 2606 3814 ἡμεῖς
2661 3744 3013 3819 περὶτούτων
3061 3745 3298 3821 ἔχομεν,
3348 3750 3481 3805 οὕτω

1903 3833 2205 3899 φρονοῦμενξ,
2245 3830 2379 3886 οὕτω
2409 3834 2742 3907 κηρύττομεν.
2792 3835 2870 3889 Ἐν
2907 3840 3109 3897 τούτοις
3145 3848 3239 3901 τῆς
3284 3840 3480 3916 ὀρθοδο-

1904 3920 2013 3981 ξίας
2058 3922 2089 3978 ἡ
2117 3919 2351 3987 δήλωσις,
2411 3924 2458 3977 ἕν
2495 3927 2691 3987 τούτοις
2741 3936 2829 3987 τῆς
2864 3927 3154 3991 Ἐκκλησίας
3196 3934 3226 3989 ἡ
3272 3935 3480 4002 καύχη-

1906 4030 2007 4072 σις,
2039 4011 2089 4065 ἐν
2133 4014 2336 4074 τούτοις
2377 4017 2515 4083 ἡμῶν
2542 4018 2702 4077 ήντῆς
2729 4022 2984 4093 σωτηρίας
3020 4021 3178 4081 ἕλπίς.
3211 4021 3346 4080 Αὕτη
3388 4032 3478 4079 τοῦ

1905 4100 2191 4170 πνεύματος
2203 4103 2233 4160 ἡ
2253 4104 2496 4176 τρόφιμος
2516 4106 2639 4173 πόα,
2658 4112 2809 4160 τοῦτο
2824 4115 2923 4162 τῶν
2940 4116 3149 4183 πατρῶν
3168 4113 3223 4165 τό
3240 4117 3483 4189 σωτήριον

1906 4186 2067 4254 ἄνθος,
2100 4190 2247 4254 οὗτος
2274 4201 2373 4248 τῶν
2399 4195 2608 4268 λογικῶν
2637 4197 2907 4269 προϐάτων
2941 4199 2966 4253 6
2997 4200 3242 4271 ζωογόνος
3261 4210 3350 4263 τῆς
3371 4186 3485 4262 ἀλη-

1905 4282 2038 4342 θείας
2078 4281 2411 4357 παράδεισος·
2458 4292 2621 4341 ταῦτα
2650 4288 2879 4357 μελετᾷν,
2910 4291 2958 4343 ἐν
3002 4292 3201 4353 τούτοις
3224 4288 3368 4360 εἶναι,
3400 4293 3483 4349 διὰ

1910 4375 2102 4429 τούτων
2129 4377 2429 4445 φωτίζεσθαι
2474 4380 2560 4431 καί
2607 4382 2835 4447 φωτίζειν
2884 4378 3154 4450 εύχόμεθτ.
3194 4389 3355 4438 Τοῦτο
3386 4388 3482 4460 γάρ

1906 4470 2163 4523 ποιοῦντες
2183 4467 2268 4518 καὶ
2294 4464 2507 4525 ἑαυτοὺς
2536 4470 2784 4537 σώζομεν,
2803 4472 2885 4522 καί
2910 4472 3029 4529 τούς
3053 4471 3326 4533 ἀκούοντας
3360 4477 3487 4546 ὠφε-

1910 4554 2142 4624 λήσομεν’
2175 4556 2242 4614 ὡς
2269 4558 2394 4631 πρὸς
2422 4561 2511 4614 τήν
2558 4553 2660 4611 ἅνω
2689 4558 2863 4617 κλῆσιν
2890 4561 3005 4631 ἡμῖν
3034 4563 3064 4619 ἡ
3093 4561 3315 4625 σπουδή,
3366 4562 3485 4620 ἔνθα

1908 4651 2000 4704 τῆς
2028 4649 2226 4714 εἰρήνης
2251 4649 2310 4700 τό
2355 4650 2618 4719 σύνθημα,
2666 4658 2777 4712 τοῖς
2811 4650 2859 4704 ἓν
2888 4660 2960 4724 τῷ
2992 4653 3188 4725 σταδίῳ
3228 4665 3318 4716 τῆς
3345 4658 3483 4711 εύσε-

1911 4734 2046 4795 ϐείας
2067 4737 2223 4796 καλῶς
2262 4737 2634 4812 βραϐευόμενον
2672 4742 2753 4796 τόν
2783 4744 2989 4797 ὖνώπιον
3029 4752 3117 4803 τῆς
3140 4743 3287 4808 δόξης
3324 4747 3482 4821 παρέ-

1910 4842 2063 4895 χεται
2095 4830 2352 4898 στέφανον’
2388 4837 2497 4900 Θεῷ
2524 4833 2931 4909 πεφανερώμεθα,
2962 4830 3034 4905 τῷ
3078 4836 3287 4907 κρίνοντι
3316 4836 3486 4889 πάντα

1911 4920 1994 4969 καὶ
2030 4916 2361 4989 δοκιμάζοντι.
2403 4923 2475 4974 Ού
2513 4923 2795 4993 φιλονείκως
2834 4925 3108 4993 ίστάμεθοι,
3146 4926 3202 4978 ού
3228 4925 3354 4998 πρὸς
3381 4926 3477 4998 ἑρί⁴

1911 5006 2044 5059 θειαν
2089 5007 2359 5079 βλέπομεν.
2405 5012 2463 5063 ού
2512 5013 2866 5085 προσπάθειαν
2912 5018 3079 5070 καινήν
3127 5013 3478 5083 ἀσπαζόμεθα.

1911 5092 2034 5149 Ἀλλ’
2077 5099 2127 5150 ἐν
2153 5097 2278 5168 λόγῳ
2309 5106 2457 5163 Θεοῦ,
2508 5107 2596 5159 τήν
2635 5109 2723 5155 τοῦ
2776 5107 3076 5172 ζητουμένου
3127 5103 3482 5178 προϐλήματος

1913 5189 2184 5252 ἀνάπτυξιν
2228 5192 2594 5261 ἐποιησάμεθα,
2648 5195 2944 5265 θαρροῦντες
2973 5196 3039 5253 ὡς
3076 5193 3101 5247 ό
3148 5202 3238 5254 τῆς
3286 5196 3477 5268 εἰρήνης

1913 5276 2166 5340 δεσπότης
2195 5284 2318 5341 Θεὸς
2346 5288 2435 5341 τήν
2484 5285 2611 5355 πρὸς
2640 5284 2875 5342 ἀλλήλους
2903 5286 3039 5355 ήμῶν
3079 5283 3252 5337 ἕνωσίν
3303 5304 3355 5336 τε
3401 5287 3482 5336 καί

1912 5371 2167 5441 ἀγάπησιν
2207 5377 2527 5446 συντηρήσοι,
2576 5376 2645 5433 εἰς
2684 5372 2827 5436 δόξαν
2859 5382 2948 5432 τῆς
2986 5369 3144 5425 αὑτοῦ
3188 5374 3481 5443 «mw/69-1)

1912 5460 2318 5533 Μεγαλειότητος.
2364 5468 2534 5517 ιιᾶσαν
2564 5469 2653 5522 τήν
2685 5466 2778 5517 σύν
2815 5471 2876 5536 τῇ
2904 5464 3123 5536 ύμετέρᾳ
3148 5465 3481 5537 μακαριότητι

1982 5638 2010 5677 ³³
2041 5641 2220 5709 Forte,
2248 5643 2569 5697 audientibus
2603 5642 2941 5713 proderimus.
2968 5643 3298 5699 Hannmscs.
