4006 6182
526 236 603 297 ’99
1586 263 1589 266 ν
1802 230 1856 285 S.
1899 224 2121 281 THEOD

2223 222 2244 274 Ι
2282 219 2484 277 PAP/E

537 356 585 408 ἐν
606 359 807 427 Χριστῷ
833 349 1135 421 ἀδὶλςίότητα
1163 347 1306 413 ἡμεῖς
1345 367 1398 401 τι
1426 349 1508 400 καὶ
1536 347 1580 400 οἱ
1608 348 1700 400 σὺν
1726 347 1847 413 ἡμῖν
1890 343 2109 397 πλεῖστα
2134 338 2183 396 Α

538 437 1317 521 προσαγορεύομεν.Ἐῥρωμένος
1348 439 1396 491 ἐν
1423 441 1596 509 κυρίῳ
1623 438 1917 511 ὑπερεύχου
1940 437 2099 504 ἡμῶν,

538 532 805 604 ἃγιώτατε,
837 530 921 582 καὶ
947 529 1303 599 μακαριώτατε
1333 526 1531 599 ἀδελφέ.

3676 202 3772 258 1ίό

3708 240 3727 255 ν

2210 330 2354 398 sitio,
2386 333 2467 386 his
2490 332 2581 402 qui
2608 330 2658 383 in
2689 326 2859 383 stadio
2882 322 3097 394 pietatis
3130 318 3267 373 bene
3293 316 3446 371 unica
3475 314 3658 385 gloria:
3686 317 3771 369 in-

2201 433 2467 478 tercessor
2492 423 2741 478 tribuitur
2790 429 3005 473 corona.
3037 413 3149 466 Deo
3193 406 3517 464 manifestati
3562 422 3772 471 sumus,

2197 517 2288 584 qui
2308 515 2509 583 judicat
2547 512 2725 568 omnia
2761 520 2814 565 et
2839 506 3167 575 comprobat.
3198 502 3310 557 Non
3338 501 3636 570 jurgialiter
3656 508 3769 552 sta.

2207 620 2350 671 mus,
2394 622 2500 659 non
2542 604 2607 658 ad
2645 600 3115 658 contradictionem
3159 594 3495 663 respicimus,
3546 606 3650 644 non
3700 589 3777 642 fa-

538 715 718 753 vorem
772 699 984 752 inanem
1042 695 1431 764 amplectimur,
1478 695 1570 749 sed
1617 693 1669 748 in
1719 693 1887 747 verbo
1932 692 2023 746 Dei
2069 696 2364 761 prtepositat
2410 694 2707 763 huiusmodi
2753 689 3109 759 requisitionis
3158 685 3533 739 resolutionem
3588 679 3778 735 fecisse

537 790 916 858 dignoseimur,
967 790 1293 846 confidentes
1344 788 1590 856 quoniam
1636 784 1781 854 pacis
1829 786 2084 839 Dominus
2113 786 2254 841 Deus
2291 788 2354 840 ad
2392 789 2700 842 alterutrum
2736 795 3031 841 nostrorum
3074 784 3331 834 unitatem
3356 788 3410 834 et
3436 775 3777 833 dilectionem

538 885 885 939 conservabit
926 883 979 937 in
1026 882 1190 952 gloria
1235 881 1351 949 ejus
1383 877 1778 947 benignissimae
1820 876 2129 945 Maiestatis.
2170 878 2390 931 Omnem
2419 893 2539 932 cum
2567 886 2741 931 vestra
2768 874 3092 928 beatitudine
3130 873 3179 924 in
3222 871 3433 923 Christo
3458 869 3777 924 existentetn

538 974 946 1039 fraternitatem,
981 984 1085 1027 tam
1132 987 1227 1026 nos
1255 983 1308 1025 et
1337 971 1426 1036 qui
1475 969 1746 1022 nobiscum
1788 978 1929 1031 sunt,
1963 968 2186 1020 multum
2238 969 2551 1024 salutamus.
2605 967 2671 1022 Et
2715 964 3038 1033 subscriptio
3073 981 3085 1015 :
3120 960 3417 1015 Incolumes
3463 959 3515 1013 in
3559 958 3781 1012 domino

537 1078 689 1123 orate
729 1083 825 1138 pro
868 1068 1045 1134 nobis,
1092 1065 1425 1121 sanctissime
1465 1072 1519 1117 et
1544 1061 1848 1117 beatissime
1875 1059 2061 1115 frater.

561 1226 3748 1266 _____________________________________.________.

1564 1326 2426 1507 EPISTULA
2519 1381 2748 1520 Vl,

779 1616 1057 1681 SANCTI
1104 1551 1513 1673 'rnsonom
1560 1603 1997 1668 PONTIFICIS
2040 1599 2351 1660 ROMANI
2400 1602 2503 1659 AD
2544 1598 2924 1660 BOBiENSE
2970 1595 3543 1689 nonasrtiuiun

1900 1699 2447 1761 PRIVILEﬁlUM.

1827 1901 1896 1951 Ex
1926 1903 2154 1967 Ughello,
2195 1905 2331 1956 Italia
2366 1906 2543 1967 sacra.)
2632 1892 2635 1895 ’

612 2102 946 2189 Theodorus,
970 2123 1248 2189 episcopus
1269 2131 1454 2171 servus
1475 2130 1749 2169 servorum
1774 2114 1891 2179 Dei,
1927 2130 2111 2170 vener.
2148 2112 2194 2170 B
2222 2116 2343 2170 filiis
2388 2114 2719 2183 specialiorls
2770 2112 3136 2182 praerogativae
3181 2111 3402 2179 gratiam
3445 2111 3680 2179 elargiri,
3733 2118 3789 2163 ut

550 2217 812 2268 liuhuleno
863 2212 1171 2281 presbytero
1218 2218 1274 2262 et
1322 2207 1499 2260 abbati
1566 2220 1745 2258 veucr.
1804 2208 2117 2259 monasterii

550 2306 687 2357 lwati
712 2302 851 2357 Petri
880 2299 1237 2369 apostolorum
1261 2296 1532 2365 principis,
1553 2310 1583 2347 e
1613 2294 1775 2348 Dubio
1796 2295 2115 2357 constituto,

546 2394 769 2462 ejusque
794 2389 1217 2461 congregrationi
1246 2387 1295 2440 in
1324 2395 1659 2454 perpetuum.

613 2484 922 2551 Quanquam
972 2481 1158 2549 priscae
1206 2480 1406 2548 regula:
1449 2479 1665 2531 decreta
1719 2493 1816 2531 nos
1871 2478 2117 2543 doceant,

542 2590 661 2645 qua:
689 2583 893 2642 Oportet
916 2573 1216 2642 perenniter
1250 2569 1528 2635 custodiri,
1566 2582 1619 2622 et
1657 2568 1873 2622 Patrum
1913 2570 2119 2623 consti-

546 2678 657 2721 tuta
690 2666 1002 2720 indiminuta
1040 2663 1261 2729 servari,
1292 2671 1547 2724 attamen,
1579 2670 1634 2714 et
1676 2675 1775 2713 nos
1820 2675 1979 2727 supra
2019 2661 2119 2714 hoc

547 2759 862 2829 regulariter
906 2758 1262 2811 decernentes
1300 2765 1421 2807 vota
1451 2753 1764 2822 supplicum,
1793 2760 1849 2805 et
1888 2750 2120 2806 maxime

548 2851 843 2922 orthodoxa
878 2850 979 2903 fide
1017 2846 1349 2918 fulgentium,
1384 2846 1531 2914 justo
1570 2849 1621 2898 in
1650 2844 1897 2897 omnibus
1924 2844 2122 2897 debent

536 2928 759 2997 effectui
787 2940 1098 3008 mancipari,
1127 2947 1389 3006 quatenus
1419 2950 1602 2989 eorum
1634 2935 1718 3003 pia
1749 2934 1963 2987 devotio
1996 2947 2123 2999 apo-

547 3034 747 3089 stolicis
774 3032 1020 3088 inviolata
1041 3041 1347 3099 permaneat
1374 3029 1651 3091 institutis,
1678 3028 1838 3095 atque
1860 3023 2117 3078 decretis.

551 3126 684 3180 Dum
717 3126 876 3193 igitur
918 3121 1180 3175 excellent
1222 3120 1362 3172 filius
1405 3127 1586 3171 noster
1631 3115 1878 3170 llotharis
1920 3128 2035 3176 rex,
2067 3119 2124 3165 et

554 3214 936 3285 gloriosissima
970 3210 1075 3265 filia
1122 3219 1297 3264 nostra
1342 3208 1705 3277 Gundtberga,
1738 3207 1917 3275 regina
1947 3204 2123 3272 gentis

554 3302 1046 3373 Longobardorum,
1081 3301 1164 3367 pia
1217 3310 1266 3355 et
1312 3300 1555 3367 religiosa
1584 3299 1867 3352 devotione
1908 3296 2120 3365 prospi-

552 3397 658 3461 cui,
692 3408 789 3448 nos
817 3393 1029 3463 scriptis
1058 3392 1352 3462 postulasse
1384 3398 1695 3451 noscuntur,
1726 3399 1783 3441 ut
1808 3386 2116 3455 apostolicae

552 3485 697 3540 sedis
746 3483 1076 3551 privilegium
1118 3480 1441 3534 mooasterio
1493 3477 1925 3532 beatissimorum
1981 3472 2118 3527 Petri

538 3584 608 3635 et
637 3574 803 3640 Pauli,
837 3574 889 3627 in
920 3574 1037 3627 loco
1065 3573 1153 3640 qui
1181 3571 1373 3626 dicitur
1408 3585 1439 3624 e
1497 3570 1659 3623 Bobio
1703 3569 2016 3631 constituto,
2069 3567 2123 3620 in

555 3680 663 3735 quo
692 3668 773 3719 vir
801 3680 985 3719 vener.
1006 3664 1395 3728 ~C.olumbauus,
1428 3678 1495 3718 ex
1545 3663 1782 3730 partibus
1833 3661 2117 3724 Hiberniae,

557 3757 609 3808 in
640 3754 831 3822 quibus
860 3761 1009 3806 ortus
1039 3751 1233 3814 fuerat,
1267 3753 1468 3805 sanctis
1502 3750 1697 3806 studiis
1738 3750 1968 3814 fervens,
2001 3764 2121 3802 cum

556 3843 796 3912 largitate
819 3841 965 3911 regia
987 3842 1041 3896 in
1073 3856 1238 3911 regno
1257 3842 1431 3908 gentis
1459 3839 1949 3909 Longobardorum,
1978 3847 2123 3906 post.

553 3947 711 4001 quam
740 3932 845 4007 alia
891 3931 1129 3985 fundavit
1155 3931 1499 3989 monasteria,
1530 3928 1815 3995 accedens,
1852 3938 2120 3982 monaste-

556 4007 1089 4089 rium-construxisset
1118 4020 1450 4088 perhibetur.
1480 4018 1580 4073 Ubi
1613 4034 1717 4071 non
1748 4033 1963 4086 parvam
1995 4033 2122 4072 con-

555 4113 913 4182 gregationem
958 4114 1340 4167 monachorum
1392 4111 1674 4185 instituens
1709 4114 1870 4165 etiam
1913 4127 1971 4166 se
2000 4126 2118 4165 cum

555 4204 635 4256 eis
686 4205 900 4271 paribus
941 4202 1039 4269 pias
1090 4202 1392 4257 devmionis
1444 4202 1633 4256 studiis
1682 4203 2022 4270 mancipavit.
2065 4203 2119 4256 ln

555 4305 662 4358 quo
691 4307 829 4346 nunc
858 4291 939 4344 vir
968 4306 1155 4347 vener.
1200 4291 1506 4346 Bobulenus
1545 4291 1841 4362 presbyter,
1879 4300 1933 4345 et
1958 4291 2123 4345 abbas

560 4393 663 4431 una
694 4393 812 4433 cum
843 4389 1057 4453 centum
1094 4380 1473 4448 quinquaginta
1505 4381 1779 4434 monachis
1819 4380 2123 4434 conversari

561 4454 788 4534 videtur,
819 4454 873 4522 et
911 4470 964 4521 in
999 4467 1089 4522 Dei
1130 4469 1392 4531 laudibus,
1425 4484 1531 4523 uno
1572 4470 1764 4539 regulae
1792 4470 1992 4536 Spiritu
2033 4483 2123 4523 su—

560 4571 721 4624 perna
767 4554 1117 4626 inspiratione
1155 4566 1474 4619 commotus.
1505 4559 1572 4614 ad
1619 4558 1827 4615 Iaudem
1875 4561 2120 4626 omnipo-

563 4646 721 4700 tentis
752 4647 843 4700 Dei
875 4644 1019 4713 pium
1050 4645 1269 4700 exhibet
1312 4646 1647 4715 famulatum,
1678 4652 1921 4704 conferre
1960 4649 2122 4704 debe-

2214 2210 2524 2265 bominibus
2569 2207 2970 2276 speetabiliores
3015 2213 3329 2273 appareant,
3378 2212 3431 2256 et
3474 2204 3790 2256 commissa

2221 2303 2319 2355 sibi
2347 2302 2611 2354 Ecclesias
2641 2298 2945 2367 apostolica:
2966 2298 3267 2352 dilectionis
3293 2296 3654 2350 familiaritate
3678 2297 3792 2348 suf-

2220 2389 2341 2444 fttlti
2376 2394 2537 2444 tutius
2589 2400 2790 2457 regant,
2824 2397 2983 2457 atque
3028 2388 3259 2455 ipsorum
3302 2384 3497 2439 subditi
3528 2385 3788 2449 majorem

2224 2480 2303 2533 eis
2348 2480 2698 2534 reverentiam
2732 2488 2784 2531 et.
2817 2479 3068 2531 honorem
3100 2476 3408 2541 exhibeant,
3440 2474 3537 2528 hoc
3566 2475 3786 2541 privile-

2221 2575 2388 2642 gium,
2425 2574 2643 2639 perenni
2694 2575 3009 2628 auctoritate
3062 2576 3405 2637 servandum,
3457 2573 3555 2640 ipsi
3597 2586 3791 2626 mona-

2220 2665 2388 2717 sterio
2420 2674 2471 2718 et
2513 2663 2629 2731 ejus
2655 2663 2899 2717 ecclesim
2941 2662 3186 2715 alacriter
3213 2662 3566 2729 indulgemus,
3592 2668 3671 2721 ut,
3708 2659 3793 2712 vi-

2220 2754 2435 2816 delicet,
2469 2754 2626 2808 liceat
2672 2754 2846 2807 abbati
2891 2753 3127 2822 ejusdem
3170 2768 3352 2807 vener.
3398 2753 3496 2805 loci
3534 2751 3691 2807 mitra
3739 2760 3796 2805 et

2222 2844 2343 2896 aliis
2377 2844 2769 2909 pontificalibus
2802 2844 2897 2897 uti.
2927 2846 2986 2897 Et
3017 2844 3138 2910 quia
3161 2844 3319 2897 etiam
3349 2843 3415 2896 de
3447 2842 3591 2895 Beati
3620 2841 3789 2905 Petri,

2225 2944 2281 2987 et
2312 2943 2506 2988 nostrae
2547 2934 2851 2989 dilectionis
2878 2936 3045 3005 gratia
3076 2934 3431 3001 diSposnitttus
3468 2930 3643 2998 ipsum
3674 2947 3794 2985 mo~

2172 3082 2175 3083 ν
2222 3026 2536 3090 nasterium,
2567 3036 2621 3080 et
2661 3027 2777 3095 ejus
2806 3026 3092 3079 Ecclesiam
3140 3025 3463 3093 peramplius
3504 3025 3793 3090 honorare,

2222 3131 2288 3175 ex
2314 3118 2623 3185 apostolica
2656 3115 2801 3171 sedis
2832 3117 3147 3171 liberalitate
3174 3117 3517 3171 concedimus
3546 3126 3601 3169 ut
3626 3117 3795 3169 abbas

2220 3208 2457 3272 ejusdem
2486 3209 2793 3263 monasterii
2826 3206 2964 3261 infra
2990 3223 3141 3263 sacra
3183 3204 3433 3277 mysteria
3469 3207 3796 3260 constitutus

2222 3296 2495 3367 signaculo
2535 3310 2735 3352 saneta:
2763 3298 2935 3352 crucis
2974 3298 3147 3353 valeat
3180 3297 3506 3366 praemuniri.
3538 3297 3609 3349 lta
3652 3295 3796 3363 quod

2170 3428 2192 3457 ε
2221 3390 2288 3443 ad
2322 3390 2580 3443 honorem
2607 3389 2721 3455 Dei,
2748 3396 2803 3443 et
2833 3388 2998 3457 ipsius
3030 3387 3367 3452 monasterii,
3393 3397 3449 3440 et
3475 3387 3590 3454 ejus
3612 3386 3800 3439 Eccle-

2224 3479 2320 3534 sia:
2349 3480 2649 3547 supradicta
2686 3480 2860 3532 valeat
2881 3494 3148 3541 exercere,
3176 3480 3313 3534 sicut
3340 3494 3369 3531 a
3397 3480 3797 3543 praedecessore

2227 3578 2409 3626 nostro
2435 3570 2742 3638 apostolica:
2788 3570 3175 3624 recordationis
3219 3569 3454 3624 Honorio
3482 3569 3653 3623 eidem
3684 3584 3802 3620 mo-

2225 3661 2459 3714 nasterio
2486 3661 2744 3714 indultum
2784 3674 2903 3714 esse
2942 3661 3286 3727 conspicitur.
3333 3660 3455 3713 Htec
3479 3660 3619 3711 enim
3652 3674 3799 3711 nova

2225 3752 2626 3820 postulantium,
2660 3752 2742 3805 vel
2786 3751 3173 3820 indulgentium
3203 3760 3285 3806 est
3315 3750 3603 3806 auctoritas
3637 3750 3803 3816 privi-

2224 3840 2419 3910 legium
2470 3839 2758 3909 largiendi,
2788 3839 2914 3893 dum
2962 3840 3201 3907 profecto
3250 3842 3453 3895 cunctis
3483 3842 3800 3905 apostolica:

2222 3934 2367 3987 sedis
2410 3946 2514 3985 non
2545 3934 2717 3987 solum
2764 3933 2865 3986 sub
2889 3931 3090 3987 ditione
3119 3942 3298 3987 nostra
3336 3932 3669 3997 constitutis,
3702 3933 3801 3987 sed

2224 4021 2383 4075 etiam
2415 4022 2466 4076 in
2497 4024 2710 4076 caeteris
2752 4022 2958 4089 longius
3000 4022 3305 4090 regionibus
3345 4021 3606 4090 postulata
3653 4038 3809 4076 sem-

2226 4127 2319 4179 per
2350 4111 2669 4180 indulgenda
2696 4121 3011 4175 sanxerunt,
3056 4111 3349 4178 praesertim
3389 4112 3441 4165 in
3468 4112 3807 4167 vicinitatem

2223 4211 2487 4265 nostram,
2518 4202 2568 4254 id
2609 4210 2693 4255 est
2734 4202 2787 4255 in
2838 4216 3003 4267 regno
3048 4201 3541 4266 Langobardorum,
3575 4213 3629 4255 et
3660 4217 3808 4269 prte-

2224 4293 2379 4360 cipue
2400 4291 2798 4360 gloriosissima:
2828 4292 2946 4345 filia:
2970 4303 3167 4345 nostra:
3194 4291 3551 4358 Gondibergm
3576 4293 3803 4361 regium,

2224 4395 2387 4447 super
2417 4380 2519 4433 hoc
2548 4380 2739 4433 litteris
2767 4381 2985 4447 expetiti
3018 4380 3280 4448 postulata
3310 4380 3682 4434 concedimus.
3720 4380 3810 4433 ln-

2227 4468 2555 4523 terdicentes
2576 4467 2822 4522 omnibus
2869 4470 3131 4536 episcopis
3161 4468 3371 4532 vicinis,
3399 4469 3477 4522 vel
3510 4468 3704 4535 procul
3740 4469 3811 4521 ab

2228 4557 2346 4625 ipso
2377 4558 2703 4610 monasterio
2728 4557 3056 4621 consututis,
3088 4556 3218 4610 nihil
3267 4571 3525 4623 usurpare
3562 4557 3813 4624 nihilque

2230 4660 2560 4713 prresumere
2602 4653 2790 4700 contra
2834 4645 2969 4705 Iure,
2994 4662 3110 4712 quae
3142 4656 3293 4699 tenor
3334 4647 3489 4713 hujus
3516 4646 3812 4714 privilegii,

554 4749 757 4789 remus.
786 4735 841 4787 ln
873 4751 977 4803 quo
1006 4737 1352 4801 monasterio,
1386 4739 1630 4791 monachi
1660 4739 1759 4793 sub
1789 4739 1969 4808 regula
2002 4754 2125 4793 sau-
2157 4772 2211 4832 Β
2234 4745 2289 4790 et
2334 4749 2517 4789 norma
2562 4736 2827 4801 decernit,
2859 4744 2935 4797 ut,
2979 4734 3243 4800 videlicet,
3290 4738 3593 4804 episcOpus,
3641 4751 3811 4803 quem

556 4837 656 4882 ctat
683 4827 960 4879 memoriae
993 4824 1284 4891 BenediCti,
1310 4828 1396 4881 vel
1425 4828 1667 4895 prtedicti
1696 4830 2130 4884 reverendissimi

557 4915 872 4973 Columbani
906 4915 1203 4969 fundatoris
1226 4916 1329 4969 loci
1363 4916 1500 4970 illius
1528 4919 1835 4972 conversari
1856 4920 2123 4973 videntur.

550 4998 660 5061 Pro
694 5021 795 5074 qua
826 5020 883 5059 re
917 5005 1142 5081 supplici
1171 5006 1505 5073 ex‘petierunt
1533 5007 1840 5075 deprccatu,
1874 5018 1929 5061 ut
1958 5012 2125 5077 privi-

556 5084 777 5168 legium
802 5097 1114 5166 apostolicae
1162 5098 1306 5151 sedis
1337 5107 1532 5153 nostraa
1563 5101 1615 5153 in
1656 5099 1845 5154 eodem
1891 5102 2129 5156 miriticte

555 5189 852 5242 sanctitatis
897 5190 1220 5242 monasterio
1268 5190 1565 5245 concedere
1602 5191 1943 5247 deberemus.
1978 5193 2128 5258 Quod

555 5280 840 5334 salubriter
870 5288 1186 5342 annuentes,
1220 5295 1424 5335 necnon
1457 5283 1612 5337 etiam
1664 5284 1787 5353 quia
1817 5295 1870 5338 et
1895 5284 2127 5337 Charita-

558 5372 625 5423 tis
661 5370 841 5424 debito
869 5384 1246 5437 provocamur,
1290 5381 1343 5425 et
1373 5375 1679 5441 apostolica:
1709 5375 1850 5429 sedis
1880 5376 2127 5445 benigni-

559 5474 662 5517 tate
708 5478 769 5518 ac
822 5463 1189 5519 benevolentia
1233 5466 1518 5518 incitamur
1560 5466 1815 5520 honorem
1874 5468 2129 5520 fratribus

559 5554 833 5613 exhibere.
867 5563 921 5609 et
953 5556 1277 5621 specialibus
1325 5567 1523 5612 sanctae
1572 5555 1825 5613 Enniana:
1874 5558 2129 5613 Ecclesiae

2238 4839 2388 4894 pater
2417 4824 2750 4889 monasterii,
2784 4826 2867 4878 vel
2898 4835 3084 4879 cuncta
3116 4827 3458 4895 congregatio
3487 4826 3716 4879 voluerit
3742 4825 3814 4877 ad

2236 4914 2615 4969 celebrandum
2657 4914 2941 4967 missarum
2993 4915 3271 4977 solemnia,
3313 4924 3406 4970 aut
3445 4918 3817 4969 consecratio—

2236 5019 2328 5057 nes
2355 5005 2784 5072 presbyterorum
2813 5019 2906 5057 seu
2951 5004 3324 5071 diaconorum,
3357 5006 3436 5059 vel
3467 5006 3627 5059 etiam
3656 5008 3819 5061 tabu-

2236 5094 2429 5160 larum,
2460 5094 2513 5148 in
2544 5096 2735 5167 quibus
2784 5096 2961 5149 missa:
3009 5097 3243 5150 debeant
3290 5096 3569 5155 celebrari,
3615 5096 3821 5150 habeat

2234 5186 2537 5239 facundiam
2568 5187 2618 5238 in
2652 5187 2838 5240 eodem
2871 5188 3196 5241 monasterio
3242 5187 3571 5256 ingrediendi
3599 5196 3820 5241 tantum

2234 5282 2298 5333 ad
2342 5282 2409 5349 pii
2453 5297 2586 5349 opus
2636 5282 2966 5337 monasterii.
3011 5283 3125 5350 Quo
3155 5294 3371 5351 peracto
3419 5282 3547 5335 nihil
3592 5284 3823 5336 contin-

2232 5393 2383 5446 gens,
2428 5376 2521 5441 sed
2572 5379 2736 5447 gratis
2784 5378 2960 5430 omnia
3005 5391 3282 5444 peragens,
3325 5378 3388 5430 ad
3424 5377 3630 5443 pr0pria
3684 5392 3823 5429 mox

2237 5466 2437 5535 ingredi
2478 5482 2581 5519 non
2622 5477 2875 5531 moretur,
2912 5466 3062 5533 nihil,
3096 5468 3232 5519 sicut
3259 5466 3510 5528 diximus,
3544 5477 3824 5529 usurpans

2234 5559 2300 5613 de
2349 5558 2511 5612 rebus
2550 5558 2882 5615 monasterii.
2924 5573 3029 5611 non
3077 5558 3143 5611 de
3181 5557 3347 5611 sacris
3389 5554 3666 5618 altaribus,
3706 5570 3824 5607 non
