4018 6184
284 270 405 327 Ἴθι

1775 261 1985 318 EPIST.
2027 258 2113 318 Vl.

3452 259 3554 318 102

304 386 378 443 de
406 380 749 453 paramentis,
797 392 969 446 neque
1013 376 1079 431 de
1108 374 1349 439 vasihus,
1400 385 1577 440 neque
1618 370 1690 425 de
1721 370 1887 425 sacris
1918 378 1962 434 Α
1990 370 2131 440 quod
2175 385 2278 423 non
2322 378 2587 439 optamus,
2620 369 2860 425 monachi
2902 370 2952 424 in
2993 371 3179 426 eodem
3221 376 3552 432 monasterio

307 471 694 532 Voluminibus,
717 483 815 522 nec
839 468 1123 534 quidquam
1156 463 1348 532 majus,
1376 463 1459 516 vel
1487 463 1760 530 exiguum,
1782 461 1879 515 sed

311 578 413 618 nec
459 560 839 627 concupiscere
872 563 1115 619 attentet,
1158 557 1278 624 quia
1308 554 1351 607 si
1387 555 1584 620 privata
1624 554 1881 621 concupi-

305 668 461 711 scere
498 654 629 705 satis
659 660 739 704 est
771 648 1009 709 noxium,
1041 657 1237 715 quanto
1272 646 1437 713 magis
1474 657 1622 697 sacra
1652 643 1881 707 auferre,

312 744 397 799 vel
424 741 759 804 desiderare,
792 746 845 793 et
874 736 976 805 iuri
1007 752 1104 790 suo
1132 735 1437 800 mancipare
1470 734 1575 787 Deo
1605 744 1685 787 εει
1709 732 1884 786 inimi-

306 834 470 887 cum!
503 831 889 885 lnterdicentes
933 829 1089 881 etiam
1121 829 1394 895 episcoiio,
1443 826 1497 879 in
1540 825 1693 896 cujus
1731 840 1885 894 paro-

301 925 420 980 τιή..
450 936 574 976 esse
605 921 818 973 videtur
861 918 1168 986 prmdictum
1213 917 1590 968 monasterium
1629 917 1887 967 constitu-

303 1025 439 1075 tum,
472 1022 529 1063 ut
562 1011 695 1065 nihil
743 1019 929 1062 contra
964 1017 1202 1060 tenorem
1247 1006 1526 1074 przesentis
1568 1003 1766 1059 decreti
1797 1005 1883 1072 pia

302 1100 670 1173 postulatione
701 1098 912 1160 indulti,
944 1096 1228 1164 quidquam
1277 1104 1518 1160 attentet,
1561 1108 1735 1163 neque
1774 1096 1886 1147 ullo

303 1193 463 1247 modo
490 1192 608 1260 ejus
652 1190 997 1258 baptismales
1040 1186 1329 1250 ecclesias,
1373 1200 1466 1239 seu
1508 1186 1743 1239 decimas
1785 1184 1885 1238 sibi

302 1284 574 1347 vindicet,
616 1298 718 1336 nec
768 1282 880 1348 ipse
928 1282 1115 1345 suique
1167 1292 1503 1332 successores
1559 1285 1886 1345 praesumant

304 1376 576 1445 prohibita
619 1374 950 1440 contingere.
997 1369 1241 1427 Chrisma
1271 1369 1451 1437 igitur,
1504 1369 1583 1422 vel
1627 1367 1882 1436 quidquid

299 1468 367 1521 ad
411 1481 567 1520 sacra
613 1462 908 1518 ministeria
947 1462 1193 1529 pertinet,
1235 1461 1335 1512 sia
1380 1468 1528 1527 parte
1558 1459 1883 1512 monasterii

293 1556 466 1610 fuerit
497 1554 846 1623 postuiatum,
870 1566 899 1603 a
924 1550 1328 1619 quibuseunque
1359 1548 1658 1616 pneviderit
1688 1563 1883 1603 conce-

293 1650 483 1703 dimus
533 1646 852 1716 praesulibus
897 1642 1263 1704 tribuendum;
1295 1650 1369 1704 et,
1403 1649 1459 1693 ut
1507 1641 1753 1707 superius
1802 1638 1881 1693 di-

294 1748 454 1793 ctum
481 1715 585 1801 est,
617 1746 670 1791 et
694 1750 841 1804 sarpe
879 1732 1158 1787 dicendum
1189 1744 1293 1796 est,
1324 1731 1523 1785 nullam
1569 1739 1880 1797 potestatem
1915 1715 1961 1773 Β

296 1828 504 1882 habere
538 1826 900 1895 permittimus
940 1822 1221 1891 episcopos
1260 1821 1312 1873 in
1343 1819 1531 1873 eodem
1564 1819 1885 1871 monasterio

303 1932 491 1985 hcque
521 1918 572 1971 in
606 1915 786 1979 rebus,
814 1915 895 1968 Vt‘l
926 1914 976 1966 in
1005 1913 1317 1967 ordioandis‘
1341 1912 1601 1978 personis,
1626 1911 1719 1964 sed
1744 1910 1884 1977 quod

292 2020 494 2064 cuncta
524 2007 870 2077 congregatio
899 2004 1120 2068 elegerit
1150 2014 1267 2072 post
1310 2012 1539 2057 mortem
1573 2000 1739 2075 patris
1768 2016 1885 2053 ino-

298 2100 552 2163 nasterii,
590 2100 705 2167 ipse
746 2097 907 2150 debet
937 2097 989 2147 in
1036 2095 1223 2148 eodem
1270 2092 1595 2146 monasterio
1624 2091 1886 2149 ordinari.

302 2190 485 2256 Super
523 2188 622 2241 hoc
664 2201 839 2256 neque
879 2184 1236 2253 presbyteros,
1272 2196 1443 2248 neque
1482 2180 1755 2243 diaconos,
1792 2193 1890 2235 nec

295 2278 605 2349 quamlibet
650 2291 930 2344 personam
980 2274 1031 2327 in
1078 2272 1269 2326 eodem
1310 2269 1640 2323 monasterio
1691 2269 1891 2324 habere

294 2367 414 2420 ullo
473 2364 636 2417 modo
695 2371 1011 2431 potestatem
1065 2361 1345 2412 immutare
1410 2357 1733 2426 quidquam,
1802 2358 1885 2411 vel

297 2470 491 2523 agere.
538 2454 943 2523 Cognoscentes
984 2452 1123 2521 quod
1180 2451 1280 2504 sub
1325 2451 1616 2516 apostolica
1650 2449 1798 2512 sede,
1835 2450 1884 2503 id

296 2558 409 2612 est,
462 2548 603 2599 beati
643 2546 783 2599 Petri
831 2543 1056 2613 apostoli
1087 2557 1150 2597 ex
1195 2541 1431 2613 praedicti
1480 2541 1641 2610 regis,
1676 2556 1768 2609 seu
1801 2556 1887 2593 re-
1916 2606 1929 2607 η

293 2640 442 2708 gina
466 2653 756 2701 consensu,
788 2645 843 2691 et
879 2636 1258 2704 postulatione,
1300 2635 1400 2687 sub
1437 2648 1660 2701 quorum
1704 2633 1889 2686 defen-

291 2729 457 2783 sione
500 2742 623 2783 esse
656 2726 885 2781 videtur.
931 2726 1179 2780 Nostrum
1223 2723 1504 2792 praesentis
1536 2723 1882 2797 privilegium

293 2816 510 2879 indulta
539 2816 859 2871 concedere.
896 2815 1129 2883 Rogatus
1172 2828 1307 2868 vero
1348 2813 1632 2881 episcopus
1662 2828 1692 2867 a
1722 2813 1887 2868 Patre

296 2907 620 2961 monasterii
650 2905 734 2960 vel
776 2920 807 2958 a
852 2914 1044 2959 cuncta
1088 2904 1500 2973 congregatione
1547 2918 1697 2957 suam
1735 2906 1889 2958 exhi-

295 2998 428 3054 beat
459 2995 825 3064 prtesentiam,
850 3010 957 3049 non
987 3001 1163 3049 autem
1193 2994 1408 3060 petitus,
1436 2993 1502 3047 ad
1528 3002 1731 3048 secreta
1757 3008 1878 3047 mo-

1981 460 2280 525 constituti,
2314 461 2474 527 tepidi
2505 460 2555 513 in
2598 460 2688 512 Dei
2720 475 2923 525 arnore,
2966 471 3020 514 ct
3063 462 3116 516 in
3160 461 3415 518 institutis
3455 464 3557 519 Pa-

1984 557 2121 602 trum
2172 547 2804 616 torpentcs,quaudoqne
2857 549 3254 618 conspiciantur
3292 554 3550 620 existere,

1982 638 2271 694 secundum
2303 641 2537 709 regulam
2563 640 2629 693 ab
2656 640 2865 702 abbate,
2913 641 2962 693 id
3006 650 3087 695 est
3122 656 3149 693 a
3182 650 3331 709 patre
3365 658 3552 697 mona-

1984 734 2158 797 SIerii,
2207 734 2398 801 cozrigi
2432 732 2680 786 debeant.
2722 734 2777 785 Si
2827 742 3026 799 autem,
3061 743 3118 786 et
3165 732 3278 801 ipse
3307 735 3472 789 abbas
3503 736 3552 786 in

1987 824 2188 891 ignavia
2235 824 2410 891 aliqua
2454 836 2640 878 contra
2694 824 2929 876 instituta
2978 823 3213 889 Patrum,
3258 835 3312 879 et
3359 828 3555 893 regula:

1999 924 2238 968 tenorem
2273 917 2429 968 fuerit
2456 915 2842 983 deprehensus,
2872 926 2925 970 et
2955 916 3004 967 in
3029 916 3253 984 aliquam
3284 918 3552 970 sinistram

1988 1016 2191 1077 partem
2222 1008 2526 1075 inclinatus,
2558 1024 2587 1063 a
2619 1008 2747 1062 sede
2775 1009 3085 1076 apostolica,
3112 1008 3213 1061 sub
3251 1010 3400 1075 cuius
3423 1024 3557 1063 cou-

1986 1098 2182 1152 stitutis
2221 1100 2495 1163 consistit,
2526 1099 2842 1168 corrigatur.
2893 1097 3002 1152 Nec
3032 1100 3171 1151 cnim
3212 1100 3420 1153 cuidam
3447 1102 3557 1167 epi-

1986 1205 2148 1259 scopo
2171 1193 2359 1246 damus
2390 1192 2659 1247 licentiam
2701 1193 2799 1247 sub
2828 1192 3096 1259 obtemptu
3129 1194 3560 1259 reprehensionis

1986 1281 2218 1345 aliquam
2250 1282 2300 1334 in
2333 1282 2693 1350 suprascripto
2744 1285 3066 1336 monasterio
3094 1298 3242 1336 suam
3270 1286 3559 1341 extendere

1990 1382 2327 1441 potestatem,
2358 1374 2451 1427 sed
2496 1375 2609 1442 ejus
2643 1373 2821 1443 capiti,
2854 1373 2922 1428 “id
2952 1382 3056 1439 est,
3086 1375 3392 1443 apostolico
3423 1377 3560 1439 sedi,

1986 1466 2033 1518 si
2059 1473 2206 1523 certo
2248 1466 2364 1519 zelo
2397 1465 2487 1520 Dei
2517 1474 2573 1520 et
2604 1468 2857 1520 instinctu
2905 1467 3112 1535 pietatis
3160 1468 3421 1531 innititur,
3454 1471 3564 1522 suis

1985 1555 2226 1621 epistolis
2255 1556 2468 1610 debebit
2510 1572 2816 1626 suggerere,
2851 1566 2907 1611 ut
2945 1558 3065 1625 quid
3100 1558 3332 1626 pontiﬁci
3366 1558 3562 1611 Roma-

1987 1661 2069 1699 nae
2098 1647 2241 1700 sedis
2270 1649 2574 1715 apostolica:
2623 1649 2879 1717 placuerit
2920 1649 3068 1718 juxta
3119 1666 3268 1703 suam
3315 1651 3552 1718 pruden-

1990 1736 2112 1789 tiam
2144 1737 2434 1804 praevideat
2460 1739 2908 1805 respondendum.
2934 1739 3049 1803 Quo
3091 1739 3230 1792 facto
3260 1749 3385 1792 tunc
3420 1738 3557 1793 irre-

1988 1826 2454 1895 prehensibilidres
2497 1829 2741 1881 videntur
2778 1828 3029 1892 existere,
3082 1830 3367 1882 constituta
3412 1828 3555 1880 sedis

1991 1918 2295 1985 apostolica:
2343 1917 2723 1971 inviolabiliter
2776 1916 3125 1970 custodiendo
3179 1916 3226 1969 si
3277 1916 3559 1977 studuerit,

1991 2023 2111 2078 quae
2150 2018 2332 2061 contra
2377 2007 2520 2061 hunc
2563 2017 2802 2061 tenorem
2850 2006 2933 2075 agi
2968 2007 3291 2073 perspexerit
3332 2006 3558 2060 ﬁdeliter

1996 2100 2259 2165 nuntiare,
2292 2110 2345 2153 et
2385 2114 2487 2153 non
2506 2100 2938 2164 .semetipsos,~et
2986 2098 3037 2149 in
3075 2112 3258 2151 eorum
3288 2098 3565 2150 machina-

1991 2193 2136 2244 tione
2165 2189 2481 2256 quandoque
2507 2201 2782 2253 emergere
2808 2204 2818 2238 :
2844 2187 2985 2254 quod
3018 2186 3064 2239 si
3104 2185 3327 2254 quidam
3359 2186 3562 2239 callidi-

1993 2291 2097 2335 tate
2127 2283 2193 2334 ali
2217 2296 2319 2347 gua,
2366 2281 2449 2333 vel
2496 2280 2733 2333 avaritia:
2775 2278 3135 2345 instigatione,
3177 2277 3466 2346 quidquam
3497 2278 3566 2331 de

1992 2373 2269 2442 prohibitis
2301 2371 2703 2439 praesumpserit
2739 2370 3127 2434 attentauduiu,
3173 2378 3229 2422 et
3258 2379 3441 2421 contra
3472 2384 3564 2423 su-

1980 2463 2170 2531 .perius
2223 2462 2436 2515 decreta
2491 2459 2866 2528 quoquomodo
2919 2458 3275 2522 obvianduin,
3332 2459 3560 2525 primunt

1989 2554 2199 2622 quidem
2231 2553 2309 2606 sui
2350 2552 2556 2609 ordinis,
2580 2551 2745 2620 gradu
2792 2561 2844 2606 et
2882 2550 3138 2619 dignitate
3170 2550 3479 2619 privabitur,
3511 2560 3566 2602 et

1988 2659 2052 2698 ex
2081 2643 2219 2698 beati
2270 2643 2412 2696 Petri
2443 2642 2668 2710 apostoli
2710 2643 3046 2705 auctoritate,
3078 2641 3166 2709 qui
3215 2639 3409 2708 ligandi
3457 2640 3564 2693 sol-

1990 2731 2252 2799 vendique
2281 2732 2331 2783 in
2378 2730 2514 2784 caelo
2557 2739 2611 2783 et
2641 2730 2691 2783 in
2729 2738 2866 2782 terra
2899 2729 3091 2782 meruit
3130 2737 3467 2795 potestatem,
3498 2728 3567 2781 sit

1989 2835 2017 2873 a
2047 2820 2453 2890 participatione
2485 2820 2639 2873 Dom.
2680 2822 2848 2872 nostri
2889 2818 3017 2871 Jesu
3046 2818 3241 2872 Christi
3271 2833 3482 2886 corpor.
3511 2826 3565 2871 et

1960 2912 2264 2980 .sanguinis
2296 2910 2565 2976 immunis,
2613 2922 2675 2961 ac
2722 2917 2905 2962 nostro
2927 2909 3199 2961 consortio
3221 2910 3481 2972 seclusus,
3511 2918 3566 2962 et

1986 3003 2143 3054 etiam
2187 2997 2643 3061 excellentissimi,
2674 2996 2763 3064 qui
2788 3012 2885 3067 pro
2916 3006 3157 3063 tempore
3200 2996 3376 3060 fuerit,
3407 2999 3568 3065 regis,

296 3087 526 3142 nasterii
559 3086 817 3141 accedere
846 3100 950 3139 non
981 3092 1293 3155 prmsumat,
1324 3099 1391 3139 ne
1428 3084 1661 3152 quietam
1694 3098 1879 3137 mona—
1908 3061 1955 3124 (ἶ
1989 3090 2335 3144 nihilominus
2367 3088 2780 3152 submovendus,
2822 3097 3103 3157 quatenus,
3135 3097 3189 3142 et
3214 3102 3331 3156 quin
3368 3096 3564 3140 statuta

297 3181 536 3233 chorum
585 3178 771 3245 vitam,
803 3179 892 3247 qui
933 3176 1224 3232 solitariam
1257 3186 1471 3245 propter
1513 3176 1676 3230 Deum
1707 3177 1885 3231 studia

298 3281 568 3337 peragere
591 3268 969 3331 decreverunt,
998 3264 1247 3335 frequens
1275 3265 1608 3321 sacerdotum
1654 3267 1885 3320 insolen-

299 3361 374 3413 tia
423 3361 705 3427 irrumpat,
749 3358 885 3412 utin
932 3356 1026 3411 Dei
1070 3356 1314 3410 laudibus
1356 3363 1756 3419 conversantes,
1790 3370 1885 3421 pro

303 3451 681 3505 incolumitate
724 3458 924 3503 sancta:
950 3449 1093 3503 sedis
1123 3448 1429 3517 apostolica:
1459 3457 1677 3513 nostrai,
1709 3459 1762 3501 et
1789 3463 1884 3516 pro

301 3541 778 3594 excellentissimis
807 3540 1020 3609 regibus
1045 3540 1125 3607 pia
1151 3539 1508 3607 postulatione
1536 3540 1883 3608 poscentibus

301 3632 519 3686 assidue
553 3631 834 3684 Dominum
882 3631 1168 3699 deprecare
1198 3644 1301 3683 non
1333 3638 1558 3685 cessent.
1595 3629 1649 3683 Si
1682 3639 1884 3693 autem,

1989 3192 2112 3235 sunt
2141 3190 2389 3251 perpetua
2418 3184 2620 3249 possint
2649 3181 2959 3236 deﬁnitione
2987 3196 3220 3246 manere,
3251 3192 3305 3235 et
3328 3192 3555 3236 temera-

1990 3281 2133 3327 tores
2163 3272 2438 3340 praesentis
2463 3271 2662 3326 decreti
2685 3271 2751 3326 de
2780 3286 2871 3324 sua
2904 3273 3205 3327 temeritate
3234 3272 3404 3342 pretiis
3428 3272 3562 3326 mul-

1990 3362 2253 3431 tiplicibus
2278 3346 2572 3429 subiacere.
2610 3360 2748 3414 Bene
2788 3361 2982 3413 valete.

2060 3452 2181 3507 Dat.
2210 3467 2262 3506 tv
2310 3451 2489 3507 Nonas
2522 3451 2643 3505 Maii
2690 3451 2898 3518 imperii
2942 3451 3004 3504 D.
3050 3450 3273 3518 piiSsimi
3317 3448 3563 3521 Augusti,

1991 3542 2321 3598 Constantini
2354 3557 2495 3597 anno
2521 3544 2572 3607 9,
2598 3543 2900 3596 consulatus
2935 3541 2983 3608 l,
3016 3541 3125 3595 ind.
3154 3542 3207 3595 1.
