4018 6184
1241 244 2453 262 __....—.___.__—_______

526 236 3779 319 mm

3139 285 3779 319 -π

2280 294 2642 305 -ηας-ιηςοή
2666 294 2735 305 —_’
2744 294 2803 307 ..μ-⁷
2806 301 3139 313 "nm-

1740 370 1903 413 ANNO
1947 370 2176 415 DOMINI
2224 373 2531 419 υσιινιιιη

1591 478 2654 745 Mrs—ﬁnis,

1528 777 2103 843 RAVENNATENSIS
2141 786 2753 844 ARCHIEPISCOPUS.

1606 974 2045 1059 ΝΟΤΙΤΙΑ
2100 982 2682 1061 HISTORICA.

1768 1177 1861 1239 (Ex
1893 1179 2120 1240 Ughello,
2166 1180 2306 1231 Italia
2328 1183 2505 1243 sacra.)

576 1348 809 1421 Maurus,
831 1370 896 1410 ex
920 1370 1201 1415 mconomo
1228 1361 1549 1420 Ravennatis
1572 1367 1846 1435 Ecclesiae,
1870 1375 2076 1431 archiec
2106 1390 2156 1450 Α
2180 1375 2480 1431 cessionem
2531 1392 2561 1432 a
2605 1392 2759 1448 papa.
2791 1377 3493 1449 Quamobrem‘Adeodatus
3526 1391 3765 1455 pontifex

501 1442 749 1513 piscopus
770 1447 1009 1514 ejusdem
1040 1450 1280 1507 adlectus
1309 1464 1393 1508 est
1417 1471 1560 1511 anno
1603 1458 1729 1513 648.
1766 1461 1862 1517 Hic
1890 1479 1956 1518 ex
1980 1480 2071 1518 su-

502 1536 678 1603 perbia
709 1539 788 1606 (α)
818 1543 1158 1611 potentiaque
1200 1557 1385 1600 contra
1430 1549 1726 1607 Romanum
1768 1556 2069 1622 pontificem

499 1624 698 1681 nefarie
724 1629 1020 1695 rebellavit,
1060 1642 1448 1707 contumaxque
1478 1638 1643 1697 fuisse
1672 1643 1870 1701 dicitur
1896 1650 2070 1717 quoad

506 1719 656 1771 vixit.
689 1719 894 1773 Etenim
922 1736 1041 1776 cum
1079 1724 1389 1783 Vitellianus
1418 1732 1656 1798 pontifex
1682 1736 1746 1789 ad
1788 1738 2069 1796 dicendam

496 1822 709 1862 causam
766 1809 911 1864 illum
965 1815 1185 1870 Romam
1231 1830 1514 1885 vocasset,
1563 1827 1888 1892 pontificium
1937 1844 2069 1887 con-

496 1897 713 1965 tempsit
742 1898 1045 1967 imperium,
1076 1906 1418 1979 vicissimque
1443 1925 1537 1980 per
1562 1928 1825 1972 summam
1857 1921 2071 1977 temeri-

496 1996 679 2055 tatem,
710 2006 985 2048 romanum
1014 1999 1317 2065 pontificem
1346 2004 1412 2057 ad
1442 2018 1597 2060 suum
1625 2007 1809 2064 citavit
1840 2013 2069 2068 tribunal

491 2076 860 2144 iudicandum.
895 2085 1030 2151 Quin
1078 2091 1311 2146 moriens
1342 2103 1544 2150 tantum
1575 2097 1742 2153 abfuit
1789 2111 1845 2155 ut
1882 2113 2070 2157 contu-

495 2172 719 2225 maciam
748 2177 998 2243 ejuraret,
1031 2190 1089 2232 ut
1116 2184 1276 2237 etiam
1320 2186 1467 2241 clero
1493 2204 1590 2242 suo
1616 2191 1948 2247 mandaverit
1978 2211 2067 2250 se-

562 2304 638 2385 ta)
672 2309 825 2385 A_nno
855 2310 981 2376 6w,
1011 2328 1135 2381 quo,
1164 2325 1222 2369 ut
1259 2320 1436 2373 verior
1460 2323 1695 2378 calculus
1735 2342 1802 2381 ex
1837 2328 2066 2385 Oltloino

489 2370 663 2438 docet,
698 2377 873 2454 habita
903 2370 984 2454 est
1011 2370 1247 2454 synodus
1279 2370 1809 2450 nitthstis';"§1.c§t8

486 2456 637 2508 papa,
669 2447 841 2502 adhuc
869 2447 1408 2522 obsequentissimum
1450 2461 1612 2516 fuisse
1654 2447 2065 2524 noit'mii'ééiii

2176 1482 2392 1523 onmem
2448 1469 2618 1525 Mauri
2666 1472 2978 1527 memoriam
3028 1474 3084 1527 in
3128 1474 3520 1533 anniversariis
3561 1480 3764 1539 inferiis

2175 1562 2386 1616 censuit
2413 1563 2789 1633 mandavitque
2817 1564 3154 1621 abolendam.
3183 1567 3366 1636 Itaque
3392 1569 3612 1627 Maurus
3631 1589 3763 1631 con-

2177 1665 2355 1711 tumax
2418 1667 2472 1710 et
2499 1658 2758 1724 superbus
2786 1658 2980 1713 misere
3019 1661 3179 1713 vitam
3209 1661 3403 1727 finivit,
3458 1674 3759 1736 nactusque

2175 1761 2286 1801 sua:
2315 1747 2670 1802 contumaciae
2714 1763 2808 1816 par
2854 1749 3274 1819 porpltyriticum
3308 1754 3646 1822 sepulchrum
3676 1768 3761 1812 est

2176 1838 2317 1907 apud
2354 1849 2595 1893 sanctum
2639 1840 3056 1907 Appollinarem.
3113 1842 3260 1899 Adeo
3296 1845 3496 1901 divitia
3534 1849 3758 1914 instant,

2179 1929 2315 1982 adeo
2346 1931 2580 1997 potentia
2608 1931 2859 1985 mortales
2885 1940 3218 1988 transversos
3244 1936 3374 2005 agit,
3421 1947 3479 1990 ut
3521 1938 3754 2007 plerum-

2175 2033 2278 2087 que
2305 2034 2364 2073 se
2392 2020 2615 2088 perdere
2638 2021 2843 2089 malint,
2865 2037 3021 2092 quam
3047 2023 3267 2080 aliorum
3301 2026 3462 2096 iusta:
3491 2032 3746 2098 potentiae

2178 2112 2405 2181 subjecti
2445 2111 2632 2167 videri.

2175 2342 2416 2420 blant-um
2435 2346 2795 2420 Ravennatem
2814 2356 3040 2420 constat.
3062 2363 3182 2420 c_ttm
3204 2350 3274 2402 illi
3299 2350 3528 2405 concilio
3550 2361 3751 2420 praesto

2174 2412 2335 2468 fuerit
2359 2430 2451 2483 per
2478 2416 2718 2471 Maurum
2746 2419 3051 2486 episcooum
3074 2417 3426 2474 Ctesenatem.

510 2583 3746 2635 —_______________________

1766 2728 2435 2871 manus,

1519 2931 2084 2992 RAVENNATENSIS
2120 2936 2654 3003 ARCHIEPISCOPI,

1286 3078 2183 3209 EPISTOLA
2269 3088 2889 3237 UNICA,

698 3306 807 3368 AD
850 3306 1281 3368 MARTINUM
1329 3307 1816 3371 PONTIFICEM
1861 3307 2265 3371 ROMANUM
2308 3312 2718 3374 ADVERSUS
2757 3315 3517 3382 MONOTHELITARUM

1909 3406 2223 3468 HIERESI
2235 3411 2291 3468 Μ
2301 3454 2314 3468 .

1966 3507 2211 3525 -ν

1673 3571 1871 3634 (Mansi,
1902 3569 2229 3621 Conciliorum
2259 3570 2541 3630 Collectio.)

464 3741 687 3817 Δεσπότη
717 3739 983 3813 ἁγιωτάτῳ
1008 3743 1089 3793 καί
1118 3740 1487 3813 μακαριωτάτῳ
1515 3743 1830 3812 ἀποστολικῷ
1872 3744 2041 3796 οἰκου-

2219 3741 2441 3795 Domino
2462 3751 2646 3795 sancto
2677 3749 2733 3795 et
2757 3741 2960 3796 meritis
2987 3742 3316 3810 beatissimo,
3350 3755 3567 3817 totoque
3592 3758 3726 3810 orbe

534 3840 710 3905 μανικῷ
750 3833 991 3907 ἀρχιερεῖ
1020 3832 1253 3902 Μαρτίνῳ
1278 3838 1457 3905 πὰπᾳ,
1488 3838 1692 3904 Μαῦρος
1720 3830 1897 3891 δοῦλος
1938 3838 2038 3886 τῶν

527 3925 716 3978 δούλων
743 3930 830 3976 τοῦ
859 3928 1007 3976 Θεοῦ.

526 4021 802 4087 Μονογενὴς
848 4020 984 4069 πᾶσι
1027 4017 1110 4069 καὶ
1156 4016 1444 4089 κυριωτάτη
1482 4017 1723 4089 θεραπεία
1760 4011 2043 4087 δεδώρηται

457 4108 591 4179 παρὰ
616 4111 707 4159 τοῦ
736 4106 915 4178 κυρίου
938 4107 1019 4158 καὶ
1044 4110 1167 4158 Θεοῦ
1199 4106 1285 4156 καὶ
1309 4112 1537 4175 Σωτῆρος
1562 4105 1699 4175 ἡμῶν
1723 4100 1892 4160 Ἰησοῦ
1921 4112 2043 4177 Χρι-

456 4201 579 4249 στοῦ
609 4195 735 4268 πρὸς
768 4196 1025 4268 σωτηρίαν
1066 4202 1164 4248 τῶν
1201 4196 1456 4266 ἡμετέρων
1486 4193 1558 4265 ψυ
1565 4202 1699 4264 χῶν.
1722 4195 1780 4248 τὸ
1816 4193 2040 4265 βεϐαίως

454 4286 613 4338 ἐκεῖνα
637 4286 872 4352 κατέχειν
895 4282 1026 4355 ἅπερ
1049 4282 1131 4338 διὰ
1152 4290 1243 4337 τοῦ
1268 4287 1594 4356 κηρύγματος
1616 4291 1715 4338 τῶν
1737 4283 1894 4355 ἁγίων
1916 4285 2039 4335 ἀπο·

454 4376 668 4437 στόλων,
721 4378 803 4428 καὶ
849 4384 941 4435 τῆς
981 4373 1312 4435 διδασκαλίας
1340 4384 1439 4430 τῶν
1476 4376 1629 4447 ἁγίων
1657 4384 1868 4450 πατρῶν
1895 4378 2035 4443 ἡμῶν

452 4465 826 4539 παρελάϐομεν.
868 4472 1147 4538 Τοιγαροῦν
1183 4467 1393 4540 ἐπείπερ
1424 4465 1508 4520 διὰ
1541 4474 1641 4521 τῶν
1687 4466 2035 4520 ὰποστολικῶν

451 4556 591 4607 suam
614 4552 942 4627 προστάξεων
972 4559 1062 4611 τήν
1090 4555 1337 4628 ὑμετέραν
1364 4554 1649 4627 ἁγιωσύνην
1684 4556 2034 4623 ύπεμνηματί-

450 4643 572 4700 σθην
597 4642 904 4695 καταλαϐεῖν
927 4642 1089 4695 ἕνεκεν
1106 4650 1204 4696 τῶν
1228 4646 1558 4698 συντεθέντων
1582 4644 1710 4698 κατά
1738 4665 1791 4699 τε
1817 4653 1909 4703 τῆς
1932 4651 2030 4698 τῶν

447 4736 655 4805 πατρῶν
703 4730 1069 4796 διδασκαλίας,
1097 4738 1180 4788 καὶ
1221 4744 1312 4795 τῆς
1354 4737 1615 4796 καθολικῆς
1638 4743 1727 4791 τοῦ
1776 4743 1905 4791 Θεοῦ
1948 4741 2030 4790 καὶ

445 4823 782 4881 ἆποστολικῆς
812 4820 1123 4889 Ἐκκλησίας,
1155 4827 1235 4878 ἶνα
1260 4828 1388 4889 μετὰ
1412 4834 1513 4881 τῶν
1533 4826 1719 4880 λοιπῶν
1744 4827 2029 4881 ἐπισκόπων

445 4914 694 4988 ὁρίσωμεν
725 4913 856 4988 ἅπερ
886 4915 931 4967 οἱ
962 4918 1175 4989 πατέρες
1200 4919 1440 4991 περὶτῶν
1482 4920 1723 4971 τοιούτων
1764 4919 2025 4987 προστάτ-

444 5025 638 5066 τουσιν,
664 5005 940 5073 ἀναγκαίως
960 5006 1086 5072 πρὸς
1107 5008 1298 5064 ταύτην
1316 5029 1416 5075 μου
1440 5013 1527 5064 τήν
1548 5005 1631 5060 διὰ
1658 5015 1747 5066 τῆς
1771 5009 2027 5079 ἀναφορᾶς

2148 3833 2443 3900 apostolico
2501 3841 2557 3888 et
2613 3832 2904 3889 universali
2960 3837 3199 3903 pontifici
3264 3839 3491 3896 Martin
3541 3859 3727 3914 papae,

2148 3923 2363 3978 Maurus
2391 3938 2578 3979 servus
2608 3939 2891 3979 servorum
2924 3925 3016 3981 Dei
3059 3928 3365 3997 episcopus.

2221 4012 2448 4069 Unicum
2490 4015 2744 4069 omnibus
2782 4025 2838 4072 et
2886 4020 3158 4087 singulare
3214 4032 3296 4076 est
3351 4022 3727 4096 Redemptoris

2146 4106 2241 4164 Dei
2279 4115 2335 4162 et
2355 4105 2569 4163 Domini
2614 4110 2785 4163 nostri
2808 4109 2934 4164 Jesu
2963 4112 3162 4166 Citriin
3193 4127 3507 4171 concessum
3546 4136 3725 4176 reme-

2141 4198 2286 4253 dium
2328 4198 2394 4252 ad
2425 4199 2721 4253 animarum
2769 4210 3074 4256 nostrarum
3115 4205 3342 4260 salutem
3365 4249 3379 4269 ,
3425 4217 3481 4261 ut
3511 4224 3572 4263 ea
3599 4227 3722 4278 qua!

2141 4304 2236 4358 per
2247 4290 2606 4357 apostolorum
2628 4290 3059 4358 pmdicationem
3078 4295 3413 4365 percepimus
3430 4306 3487 4353 et
3505 4299 3721 4356 Patrum

2138 4381 2459 4445 doctrinam,
2490 4382 2671 4450 procul
2720 4382 2883 4436 dubio
2924 4392 3221 4439 teneamus.
3256 4387 3397 4458 Ergo
3426 4392 3545 4458 quia
3579 4405 3718 4459 apo-

2137 4474 2361 4527 stolatus
2399 4474 2565 4526 vestri
2598 4475 3052 4544 przcceptionibus
3072 4477 3379 4535 admonitus
3408 4491 3465 4535 ut
3508 4498 3603 4549 pro
3632 4484 3717 4537 ltis

2135 4581 2255 4635 qua:
2295 4565 2550 4619 adversus
2590 4580 2775 4621 eorum
2825 4568 3123 4624 doctrinam
3182 4585 3537 4630 commentata
3589 4590 3715 4634 sunt

2133 4654 2357 4709 debeam
2387 4656 2451 4709 ad
2482 4666 2723 4711 sanctam
2756 4667 2811 4713 et
2839 4661 3184 4730 apostolicam
3214 4662 3502 4720 Ecclesiam
3527 4669 3713 4723 catho-

2132 4744 2288 4799 licam
2334 4757 2677 4816 vestramque
2709 4751 3048 4817 praasentiam
3077 4754 3323 4822 reperiri,
3356 4766 3409 4810 et
3454 4773 3554 4811 una
3584 4774 3706 4814 cum

2131 4836 2342 4888 caeteris
2366 4836 2633 4907 episcOpis
2675 4855 2793 4907 qua:
2820 4841 2886 4894 de
2918 4840 2998 4895 his
3045 4841 3229 4897 Patres
3260 4847 3572 4915 praecipiunt
3613 4850 3710 4906 de-
3747 4837 3761 4879 ‘

2132 4923 2293 4979 beant
2323 4925 2621 4992 terminari,
2665 4943 2837 4997 neque
2866 4930 3026 4984 etiam
3064 4943 3438 5002 praeparatum,
3466 4935 3590 4991 dum
3636 4941 3707 4993 ab
3763 4989 3772 4997 .

2128 5018 2370 5073 exercitu
2402 5027 2457 5073 et
2484 5020 2637 5088 plebe
2668 5020 2827 5087 hujus
2858 5023 3115 5085 civitatis,
3139 5025 3219 5080 vel
3247 5027 3406 5081 etiam
3438 5028 3703 5097 Pentapo-

443 5097 715 5168 ἀπολογίαν
765 5098 914 5150 ἐλθεῖν
961 5096 1284 5159 ἐσπούδασα,
1307 5102 1563 5172 γνωρίζων
1604 5101 1672 5160 ὡς
1713 5100 1835 5166 ὶμοῦ
1876 5091 2072 5152 τοῦτο(

2148 5109 2437 5173 itanorum,
2489 5110 2777 5175 detinerer,
2812 5128 2906 5180 pro
2947 5113 3167 5170 incertis
3211 5118 3486 5186 gentilium
3516 5134 3706 5174 excur—

442 5188 686 5262 πράττιιν
711 5189 923 5259 ἑτοίμως
947 5188 1157 5258 ἔχοντος
1179 5229 1194 5253 ,
1222 5189 1469 5246 ἐκωλύθην
1506 5189 1615 5245 ἕκτε
1643 5198 1733 5244 τοῦ
1763 5193 2019 5265 ἐξερκέτου

442 5281 524 5330 καὶ
548 5285 639 5331 τοῦ
667 5281 791 5333 λαοῦ
810 5280 996 5339 ταύτης
1016 5290 1105 5339 τῆς
1136 5282 1348 5346 πόλεως,
1374 5284 1431 5335 ού
1457 5289 1554 5353 μὴν
1581 5284 1704 5336 ἀλλὰ
1730 5285 1809 5336 καὶ
1838 5292 2021 5336 ΙΙεντα·

441 5375 662 5440 πόλεως,
689 5373 771 5429 διὰ
800 5379 892 5435 τὰς
922 5375 1134 5434 ἀδήλους
1171 5385 1269 5431 τῶν
1314 5380 1689 5452 παρακειμένων
1730 5378 1873 5430 ἒζνῶν
1909 5378 2022 5431 ἐπι-

443 5462 644 5525 ϐουλὰς,
676 5469 758 5517 καὶ
802 5467 859 5519 τὸ
909 5470 1100 5534 μήποτε
1141 5470 1209 5526 ὡς
1260 5474 1497 5541 παρεῖναι
1540 5471 1627 5521 τὸν
1674 5468 2020 5521 εὐκλεέστατον

447 5551 695 5621 ἔξαρχον·
741 5556 1023 5629 παρακαλῶ
1052 5560 1215 5611 τοίνυν
1255 5562 1324 5627 μὴ
1354 5561 1421 5618 ὡς
1450 5558 1649 5612 ἀπόντα
1675 5559 1881 5627 μᾶλλον,
1913 5559 2024 5611 ἀλλ’

442 5643 509 5700 ὦς
550 5644 773 5717 παρόντα
796 5666 856 5714 με
888 5648 1203 5709 καταξιῶσαι
1233 5646 1607 5719 προσδέξασθαι
1648 5654 1736 5706 τήν
1765 5648 2019 5718 ὑμετέραν

2131 5197 2393 5264 sionihus,
2434 5209 2487 5253 et
2517 5216 2620 5255 non
2663 5215 2721 5255 se
2752 5202 3071 5258 habentibus
3099 5208 3386 5273 praesentia
3432 5208 3702 5262 excellen-

2133 5290 2322 5343 tissimi
2346 5291 2586 5353 exarclti,
2610 5290 2675 5345 ad
2694 5292 2832 5347 hanc
2851 5296 3208 5364 suggestionis
3224 5312 3357 5352 mea:
3379 5298 3699 5352 satisfactio-

2127 5394 2249 5433 nem
2283 5382 2466 5434 venire
2492 5383 2803 5451 compulsus
2829 5398 2968 5448 sum,
2996 5387 3136 5455 quod
3164 5402 3284 5442 cum
3324 5404 3534 5443 summo
3564 5405 3700 5445 mte-

2126 5487 2247 5527 rore
2270 5474 2605 5529 satisfaciens
2626 5477 2890 5546 supplico,
2915 5487 2971 5531 ut
2993 5494 3077 5533 me
3108 5495 3210 5533 non
3237 5481 3373 5535 sicut
3394 5482 3694 5547 absentem,

2130 5560 2222 5615 sed
2248 5570 2305 5615 ttt
2329 5574 2645 5629 praesentem
2673 5574 2726 5618 et
2756 5565 3093 5623 festinantem
3117 5571 3389 5639 suscipere
3421 5571 3693 5639 apostola-

2126 5658 2209 5706 tus
2226 5651 2691 5723 vesterdignetur.
2708 5653 2839 5709 Nam
2869 5655 2921 5710 in
2941 5656 3023 5713 bis
3044 5672 3163 5725 qua:
3183 5669 3482 5722 moventur,
3499 5668 3553 5715 et
3571 5675 3691 5715 con-
