4006 6182
464 257 563 313 ίίῗ7

1517 263 1585 319 IN
1626 264 1949 323 SANCTUM
1990 268 2355 329 MARTINUM
2396 275 2624 333 ΡΑΡΑΜ
2680 280 2697 334 Ι

3612 292 3712 345 108

460 394 549 474 sex
583 376 695 450 [B.,
722 394 889 474 mens.
923 395 1002 443 tn,
1028 381 1081 435 d.
1110 379 1225 451 xu].
1249 388 1270 414 ιι
1299 379 1462 451 Hujus
1487 384 1820 451 temporibus
1841 384 2035 440 Paulus
2066 396 2109 452 Α
2143 387 2302 442 (idem
2362 404 2818 460 prmsumpscrunt
2860 396 3148 455 innectere.
3208 400 3413 471 Quippe
3462 407 3713 474 quoniam

460 470 1064 541 Constantinopolitante
1089 474 1235 527 urbis
1273 476 1576 543 episcopus,
1606 477 1819 529 inﬂatus
1849 492 2034 545 super-

464 563 563 617 bia:
598 566 785 632 spiritu
837 565 1094 619 adversus
1152 575 1357 619 rectum
1410 578 1613 621 saneta:
1655 567 1749 622 Dei
1783 569 2037 624 Ecclesia:

460 656 671 723 dogma,
693 657 946 710 audacter
978 660 1341 728 praesumpsit,
1367 662 1605 731 paternis
1637 661 2036 717 definitionibus

458 750 745 802 contraire.
783 751 798 780 ί
832 749 1052 817 Insuper
1093 750 1294 805 studuit
1346 753 1412 805 ad
1464 752 1923 822 cooperimentum
1948 754 2036 827 [ad

459 839 870 911 operimentum]
901 843 1101 912 proprii
1126 844 1327 898 erroris
1357 845 1378 876 '
1413 845 1766 915 quorumdam
1812 846 2037 916 subrep-

459 930 612 996 tioui,
641 942 696 983 ut
752 941 805 986 et
862 933 1285 989 clementissimo
1317 934 1542 1004 principi
1574 936 1821 989 suaderet
1854 947 2034 1007 typum

457 1038 749 1090 exponere,
778 1023 864 1094 qui
896 1023 1048 1096 [quo]
1097 1024 1419 1080 cathclicum
1474 1026 1667 1096 dogma
1715 1026 2033 1083 destrueret.

459 1114 512 1169 lu
544 1131 647 1185 quo
676 1126 800 1186 typo
830 1132 1018 1171 omnes
1043 1117 1262 1172 omnino
1291 1132 1450 1172 voces
1482 1128 1787 1173 sanctorum
1820 1118 2033 1173 Patrum

455 1225 576 1261 cum
611 1207 1116 1263 uefandissimorum
1147 1208 1522 1264 ltmreticorum
1555 1209 1881 1264 dictionibus
1902 1210 2037 1283 [edi-

453 1298 742 1371 cuonibus]
772 1301 1075 1365 enervavit,
1097 1300 1305 1355 scilicet
1336 1315 1435 1355 nec
1457 1316 1638 1365 unam,
1674 1315 1771 1354 nec
1792 1301 1923 1355 duas
1944 1316 2036 1354 vo-

454 1390 705 1455 luntates,
737 1399 827 1443 aut
854 1390 1201 1459 operationes
1236 1391 1288 1444 in
1348 1390 1563 1446 Christo
1596 1391 1820 1445 Domino
1852 1399 2034 1444 nostro

451 1480 716 1534 definiens
747 1481 1016 1536 confiteri.
1046 1481 1160 1547 Qua
1196 1486 1263 1537 de
1296 1497 1355 1537 re
1379 1482 1685 1552 huiusmodi
1718 1483 2032 1549 pravitatem

449 1587 603 1627 suam
636 1573 949 1637 defendens,
980 1574 1121 1643 quod
1146 1589 1416 1643 nunquam
1443 1588 1541 1628 uec
1575 1590 1603 1627 a
1636 1574 1900 1641 prioribus
1925 1578 2035 1628 ha:-

450 1663 630 1717 reticis
671 1672 1053 1732 prtesumptum
1103 1673 1203 1729 εει,
1265 1665 1379 1732 ipse
1410 1664 1429 1693 ³
1457 1664 1510 1718 in
1557 1664 1652 1719 lite
1708 1679 2033 1732 prazsumcre

2142 481 2309 548 ipsam
2333 486 2618 541 excludere
2651 501 3018 556 properantes,
3069 493 3443 548 haereticorum
3494 497 3713 566 dogma-

2144 579 2253 624 ttun
2303 582 2484 627 contra
2525 575 2846 630 catholicam
2900 578 2991 633 Dei
3022 580 3313 635 Ecclesiam
3344 583 3711 641 confusionem

2141 663 2608 718 concinnaverunt
2639 664 3157 741 [conlinuaverunt],
3177 672 3531 727 anathematis
3555 676 3712 730 ultio-

2143 767 2208 806 ne
2240 757 2464 821 perculsi
2499 756 2780 830 [percussi]
2813 771 2956 814 sunt.
3010 761 3141 829 Quae
3182 764 3416 833 synodus
3449 765 3604 821 hodie
3626 783 3715 820 ar-

2140 842 2297 897 chivo
2344 846 2587 902 ecclesia:
2637 850 2960 905 continetur.
3018 851 3085 906 Et
3137 852 3338 909 faciens
3367 857 3712 926 exemplaria,

2141 953 2236 1009 per
2265 956 2451 995 omnes
2475 953 2675 999 tractus
2704 944 2940 1002 Orientis
2967 956 3023 1002 et
3070 947 3375 1017 Occidentis
3413 952 3623 1013 direxit,
3656 964 3712 1009 et

2140 1044 2236 1098 per
2293 1047 2481 1086 manus
2543 1036 2961 1093 orthodoxorum
3024 1039 3257 1095 fidelium
3322 1042 3711 1098 disseminavit.

2139 1121 2165 1160 δ
2193 1123 2323 1193 Ipsis
2347 1125 2536 1181 diebus
2553 1127 2753 1183 direxit
2780 1130 3074 1197 imperator
3099 1133 3150 1186 in
3182 1133 3387 1187 italiam
3408 1134 3711 1205 Olympium

2138 1218 2523 1275 cubicularium
2555 1231 2609 1276 et
2632 1224 2920 1279 exarchum
2951 1226 3015 1279 ad
3041 1228 3326 1297 regendam
3359 1244 3571 1284 omnem
3604 1231 3703 1284 Ita-

2139 1305 2286 1372 liam,
2315 1310 2652 1378 praacipiens,
2674 1323 2725 1365 et
2751 1312 2933 1368 dicens
2968 1331 2978 1366 :
3012 1316 3230 1383 Oportet
3280 1318 3503 1386 gloriam
3536 1329 3702 1381 tuam,

2139 1405 2193 1449 ut
2218 1396 2359 1450 sicut
2392 1399 2544 1451 nobis
2574 1400 2841 1470 suggessit
2885 1401 3083 1457 Paulus
3133 1404 3450 1472 patriarcha,
3497 1404 3654 1474 hujus
3682 1420 3712 1459 a

2139 1486 2248 1541 Deo
2277 1490 2659 1543 conservandus
2682 1491 2827 1545 urbis
2851 1507 3126 1562 peragere.
3160 1493 3225 1547 Et
3246 1495 3289 1547 si
3313 1493 3526 1563 quidem
3557 1496 3712 1551 inve-

2137 1580 2281 1633 neris
2309 1580 2635 1648 provinciam
2667 1582 2834 1651 ipsam
2866 1584 3291 1640 consentientem
3315 1584 3367 1639 in
3400 1594 3525 1656 typo
3554 1601 3583 1639 a
3611 1601 3711 1639 no-

2136 1671 2217 1725 bis
2249 1673 2495 1739 exposito
2526 1683 2708 1729 tenere
2733 1689 2940 1742 omnes,
2968 1675 3055 1744 qui
3088 1676 3157 1731 ibi
3184 1685 3330 1740 sunt,
3356 1677 3635 1745 episcopos
3656 1690 3713 1732 et

446 1755 651 1809 studuit
677 1756 729 1809 in
763 1764 966 1809 tantum
1001 1757 1160 1828 [vero
1193 1756 1423 1810 vesania:
1472 1754 1745 1828 prorupit]
1775 1764 1833 1808 ut
1858 1756 2029 1811 altare
2064 1737 2103 1794 Β
2139 1737 2421 1819 haereticos
2454 1780 2845 1835 possessorum,
2871 1737 3031 1836 atque
3061 1737 3443 1834 habitatorum,
3473 1737 3712 1836 (ει-ρεια-

448 1844 470 1875 ⁸
498 1854 698 1900 sancta:
731 1854 931 1899 nostra:
953 1846 1118 1909 sedis,
1147 1846 1291 1915 quod
1323 1854 1439 1900 erat
1490 1846 1542 1899 in
1591 1847 1749 1900 domo
1781 1846 2032 1901 Placidia:

446 1945 721 1990 sacratum
752 1936 804 1990 in
833 1937 1122 1992 venerabili
1168 1937 1408 2003 oraculo,
1465 1938 1805 2002 subvertens,
1834 1937 2030 2006 diripe-

451 2036 552 2082 ret.
575 2028 871 2083 Prohibens
889 2045 956 2085 ne
971 2030 1296 2084 adorandam
1316 2041 1370 2085 et
1384 2029 1779 2085 immaculatam
1801 2033 2029 2087 hostiam

450 2122 771 2190 apocrisarii
816 2124 985 2177 nostri
1037 2123 1233 2178 ibidem
1287 2123 1397 2177 Deo
1439 2122 1634 2177 offerre
1658 2124 1890 2189 Valeant,
1933 2138 2031 2180 nec

448 2214 844 2282 communionis
885 2226 1222 2270 sacramenta
1283 2204 1598 2284 percipiant.
1645 2216 1743 2282 Qui
1788 2217 2030 2272 videlicet

442 2307 755 2375 apocrisarii
791 2308 811 2338 ⁵
840 2323 904 2362 ex
938 2307 1297 2378 praeceptione
1341 2307 1653 2377 apostolicae
1697 2309 2029 2362 auctoritatis

441 2408 851 2455 commoverunt
881 2415 1023 2463 cum,
1050 2407 1106 2453 ut
1135 2399 1201 2453 de
1234 2398 1319 2452 tali
1350 2398 1604 2453 haeretica
1632 2398 1843 2454 intentu
1876 2414 2027 2453 rece-

441 2490 616 2544 deret.
673 2489 780 2544 Nuc
828 2506 933 2544 non
975 2500 1025 2544 et
1078 2490 1368 2545 contestari
1417 2490 1514 2544 visi
1560 2490 2028 2561 [commonuerunt

441 2599 588 2648 eum,
623 2591 680 2637 ut
708 2583 775 2637 ab
804 2583 963 2652 hujus
992 2583 1213 2637 haeresis
1244 2583 1539 2637 intentione
1582 2583 1881 2637 recederet.
1918 2582 2028 2637 Nec

447 2686 553 2724 non
613 2680 668 2727 et
716 2672 1004 2726 contestari
1036 2686 1157 2725 eum
1182 2669 1339 2742 jussi]
1370 2680 1512 2736 sunt,
1557 2672 2021 2740 persecutionibus

444 2762 675 2817 diversis
703 2778 823 2817 cum
855 2763 975 2817 aliis
1003 2762 1318 2816 orthodoxis
1346 2764 1495 2827 viris,
1528 2770 1582 2816 et
1628 2764 2021 2818 venerabilibus

446 2855 837 2920 sacerdotibus,
862 2854 937 2927 [at
968 2853 1081 2926 ille]
1106 2855 1376 2909 insecutus
1399 2864 1481 2909 est
1508 2869 1623 2920 eos,
1652 2856 1908 2923 quosdam
1931 2871 2024 2910 eo-

449 2962 571 3000 rum
602 2946 862 3002 custodia:
882 2947 1184 3010 retrudens,
1210 2945 1344 3000 alios
1365 2945 1416 2999 in
1439 2944 1689 2998 exsilium
1709 2945 2019 3013 deportatis,

2137 1856 2345 1926 grinos,
2370 1859 2390 1890 θ
2419 1868 2472 1912 et
2503 1858 2553 1913 in
2582 1858 2771 1913 eodem
2795 1860 3132 1914 subscribam
3167 1861 3356 1932 [facias
3383 1870 3564 1917 tenere
3594 1877 3714 1915 om-

2133 1963 2229 2003 nes
2253 1949 2341 2016 qui
2377 1948 2571 2004 ibidem
2621 1960 2767 2017 sunt,
2799 1950 3105 2023 episcopos,
3135 1960 3190 2006 et
3225 1965 3566 2020 possessores
3592 1950 3709 2021 (8.,

2133 2036 2489 2107 professores)
2538 2047 2696 2108 atque
2751 2039 3077 2093 habitatores
3129 2040 3183 2094 in
3228 2040 3415 2094 eodem
3476 2041 3713 2095 subscri-

2130 2126 2304 2199 bere].
2338 2127 2393 2182 Si
2443 2138 2622 2181 autem
2674 2128 2941 2197 quomodo
2999 2129 3152 2185 nobis
3210 2130 3473 2200 suggessit
3520 2129 3709 2187 Platon

2129 2219 2397 2288 gloriosus
2431 2221 2699 2286 patritius,
2733 2228 2788 2274 et
2817 2220 3111 2287 Eupraxius
3134 2220 3420 2288 gloriosus,
3453 2221 3495 2253 ¹⁰
3518 2231 3709 2290 potue-

2128 2310 2246 2364 ritis
2278 2310 2508 2364 suadere
2530 2312 2786 2364 exercitui
2844 2311 3040 2367 ibidem
3095 2312 3431 2377 consistenti,
3460 2311 3711 2379 jubemus

2129 2405 2299 2458 teneri
2328 2403 2636 2468 Martinum,
2670 2404 2759 2471 qui
2800 2402 2887 2458 hic
2932 2412 3048 2458 erat
3098 2402 3458 2471 apocrisatius
3480 2402 3534 2456 in
3562 2404 3709 2473 regia

2130 2496 2282 2549 urbe.
2317 2496 2380 2549 Et
2406 2494 2749 2563 postmodum
2779 2508 2966 2549 omnes
2999 2494 3265 2549 Ecclesias
3294 2494 3531 2567 relegere
3558 2507 3706 2557 eum;

2124 2601 2158 2656 q
2184 2586 2247 2638 :ia
2283 2585 2455 2638 factus
2480 2594 2567 2639 est
2593 2599 2622 2637 a
2654 2584 2809 2639 nobis
2836 2585 3171 2639 orthodoxus
3200 2594 3377 2655 typus,
3420 2591 3477 2637 et
3517 2597 3710 2637 omnes

2130 2676 2368 2744 episcopi
2395 2676 2557 2730 Italia:
2584 2676 2636 2730 in
2670 2677 2784 2745 ipso
2810 2674 3171 2729 subscribaut.
3199 2672 3251 2729 SI
3280 2683 3457 2728 autem
3485 2672 3708 2727 invene-

2126 2767 2243 2822 ritis
2274 2767 2593 2839 [inveneris]
2625 2766 2946 2822 contrariam
2978 2767 3030 2819 in
3056 2765 3145 2819 tali
3178 2778 3357 2829 causa,
3408 2763 3704 2818 exercitum

2126 2858 2341 2912 tacitum
2369 2855 2623 2910 habetote
2646 2856 2817 2910 donec
2846 2853 3193 2908 obtinueritis
3212 2848 3555 2924 [obtinueris]
3580 2863 3708 2918 pro-

2122 2951 2374 3016 vinciam,
2433 2958 2488 3002 et
2532 2947 2816 3017 potueritis
2864 2943 3018 3000 vobis
3067 2943 3363 3000 exercitum
3400 2939 3706 3016 [majorem]

439 3035 573 3091 alios
605 3043 782 3089 autem
834 3035 1147 3089 verberibus
1177 3034 1197 3065 ⁶
1226 3034 1590 3088 committens.
1636 3034 1835 3100 Quibus
1886 3048 2018 3103 pene
2046 3074 2091 3138 ο
2123 3038 2410 3108 aggregare
2440 3038 2478 3068 “
2515 3047 2691 3090 tamen
2719 3035 2973 3089 Romana:
3013 3033 3265 3097 civitatis,
3294 3040 3457 3102 atque
3489 3030 3705 3085 Raven-

440 3142 655 3181 omnem
704 3126 964 3180 mundum
1017 3126 1481 3189 conturbautibus,
1526 3140 1589 3181 ex
1630 3125 1855 3180 diversis
1887 3126 2018 3182 locis

438 3218 714 3282 querelam
746 3229 932 3271 contra
964 3231 1059 3271 eos
1089 3218 1155 3270 ad
1181 3217 1527 3284 apostolicam
1570 3225 1806 3271 nostram
1838 3217 2018 3271 sedem

444 3309 655 3378 plurimi
685 3309 969 3363 orthodoxi
997 3309 1257 3364 detulisse
1304 3318 1690 3364 monstrantur.
1723 3309 2022 3379 (lonjuran-

442 3413 519 3454 tes
542 3411 597 3454 ut
626 3400 786 3454 totius
818 3402 1034 3455 malitiae
1059 3410 1327 3470 tantaeque
1350 3402 1645 3457 eversionis
1680 3418 1774 3472 per
1797 3414 2016 3472 aposto-

444 3493 599 3545 licam
627 3492 1036 3546 auctoritatem"
1062 3492 1374 3546 abscindunt
1398 3490 1846 3563 [abscindereturj
1866 3507 2014 3546 com-

439 3592 703 3649 mentum,
755 3590 1017 3651 quatenus
1072 3583 1293 3638 minime
1344 3585 1503 3637 tutius
1561 3583 1780 3657 [totum]
1820 3600 2016 3655 corpus

436 3673 710 3727 catholicae
743 3674 995 3727 Ecclesia:
1028 3672 1271 3727 nocibilis
1298 3688 1482 3728 eorum
1520 3674 1798 3729 ectheseos
1829 3672 2012 3745 [exse-

436 3764 692 3835 rutionis]
720 3766 942 3835 languor
968 3766 1305 3833 disrumpere
1336 3764 1531 3819 valeat.
1578 3765 1728 3820 Tunc
1760 3765 2014 3822 Martinus

433 3856 805 3908 sanctissimus
836 3870 899 3910 ac
921 3856 941 3885 ³
965 3855 1154 3909 beatus
1176 3854 1458 3923 episcopus
1505 3854 1666 3918 misit,
1692 3864 1745 3910 et
1774 3869 2001 3926 congre-

433 3947 576 4015 gavit
596 3947 880 4014 episcopos
911 3946 962 3999 in
986 3946 1170 4000 urbem
1206 3946 1427 3999 Romam
1462 3959 1685 3999 numero
1708 3954 1922 3999 centum
1949 3954 2003 4000 et

433 4039 686 4107 quinque,
744 4047 798 4092 et
843 4037 965 4092 fecit
1019 4038 1282 4107 synodum
1340 4035 1633 4090 secundum
1693 4036 1999 4090 institutum

435 4126 722 4199 [instituta]
748 4128 961 4182 Patrum
991 4127 1407 4182 orthodoxorunt
1451 4126 1505 4180 in
1556 4128 1782 4181 ecclesia
1812 4125 1998 4181 Salva-

438 4216 569 4269 toris
591 4217 739 4286 juxta
771 4216 1099 4285 episc0pium
1126 4217 1504 4271 Lateraneuse.
1536 4213 1860 4270 Sedentibus
1882 4214 2007 4283 epi-

434 4310 608 4375 scopis
636 4318 690 4362 et
721 4309 1064 4378 presbyteris,
1116 4309 1409 4364 astantibus
1459 4307 1698 4363 diaconis
1748 4318 1803 4363 et
1854 4308 2000 4362 clero

2124 3132 2261 3182 natis
2288 3127 2419 3199 [tam
2447 3137 2501 3180 et
2528 3126 2783 3180 Romana:
2805 3122 3053 3188 civitatis,
3078 3138 3234 3193 quam
3259 3131 3310 3176 et
3334 3118 3705 3191 Ravennatisl,

2124 3228 2262 3274 utea
2294 3234 2411 3288 qua:
2433 3234 2463 3273 a
2487 3218 2645 3272 nobis
2677 3226 2942 3285 praecepta
2965 3225 3111 3281 sunt,
3131 3214 3447 3283 quantocius
3476 3213 3699 3278 explere

2124 3313 2346 3366 valeatis
2376 3310 2622 3383 [valeas].
2654 3308 2754 3376 Qui
2805 3307 3089 3375 praedictus
3132 3305 3433 3376 Olympius,
3477 3300 3703 3358 veniens

2124 3404 2174 3457 in
2201 3405 2470 3456 civitatem
2506 3401 2822 3463 Romanam,
2868 3397 3070 3451 invenit
3112 3404 3349 3449 sanctam
3409 3393 3703 3447 Romanam

2125 3492 2422 3547 Ecclesiam
2453 3490 2806 3544 coadunatam
2837 3502 2958 3542 cum
3011 3486 3260 3540 omnibus
3302 3485 3563 3553 episcopis
3592 3483 3703 3537 Ita-

2120 3582 2231 3647 liae,
2265 3595 2358 3636 seu
2390 3579 2758 3635 sacerdotibus
2783 3577 2867 3631 vel
2891 3577 3057 3631 clero.
3083 3573 3150 3628 Et
3176 3575 3360 3628 volens
3388 3572 3610 3641 implere
3633 3585 3703 3626 ea

2117 3687 2236 3740 quas
2258 3672 2306 3726 ei
2333 3672 2481 3741 jussa
2512 3678 2659 3731 sunt,
2686 3670 2729 3701 “
2750 3682 2937 3723 amans
2966 3680 3150 3722 secum
3172 3665 3460 3719 exercitum
3489 3662 3708 3717 virtutis

2120 3764 2228 3836 [6..
2257 3763 2525 3818 exercitus
2553 3758 2794 3835 virtute],
2824 3759 2991 3814 voluit
3020 3758 3250 3812 schisma
3276 3763 3475 3810 sancta:
3505 3754 3705 3807 Eccle-

2118 3857 2212 3910 sine
2260 3855 2335 3926 [in
2381 3865 2618 3908 sanctam
2670 3850 2990 3922 Ecclesium]
3028 3849 3404 3905 intromittere.
3457 3847 3570 3901 Hoc
3600 3861 3706 3915 per

2111 3948 2398 4020 plurimum
2430 3958 2638 4014 tempus
2661 3955 2837 4000 aetum
2868 3954 2970 3999 est.
3008 3944 3072 3996 Et
3098 3956 3202 3997 non
3248 3941 3396 3996 illum
3440 3940 3701 4007 omnipo-

2114 4047 2232 4092 tens
2261 4038 2399 4091 Deus
2430 4035 2673 4106 permisit
2712 4050 2831 4102 quae
2875 4035 3150 4090 nitebatur
3178 4032 3458 4102 perficere.
3491 4030 3705 4086 Videris

2115 4145 2245 4197 ergo
2277 4143 2339 4185 se
2364 4144 2394 4182 a
2416 4136 2597 4182 sancta
2632 4126 2724 4182 Dei
2749 4124 3012 4182 catholica
3062 4135 3221 4195 atque
3273 4124 3562 4192 apostolica
3597 4122 3707 4176 Ec-

2114 4220 2280 4274 clesia
2306 4229 2637 4286 superatum,
2664 4231 2883 4273 necesse
2904 4216 3089 4270 habuit
3128 4218 3195 4269 de
3240 4228 3335 4268 sua
3358 4211 3509 4280 quasi
3551 4212 3709 4266 mala

2114 4310 2408 4366 intentione
2436 4306 2726 4374 declinare,
2760 4314 2820 4360 ut
2847 4305 2988 4373 quod
3022 4320 3126 4358 non
3154 4303 3323 4372 potuit
3351 4315 3443 4369 per
3470 4315 3701 4353 manum

437 4400 689 4453 universo
711 4440 725 4464 ,
780 4399 1271 4455 condemnaverqu
1315 4401 1510 4471 Cyrum
1569 4400 2005 4465 Alexandrinum,
2041 4368 2089 4427 θ
2116 4410 2375 4456 armatam
2404 4399 2600 4463 facere,
2625 4399 2727 4453 sub
2748 4390 3006 4451 blizeretico
3033 4389 3393 4467 [subreptitio]
3419 4389 3575 4443 modo
3600 4402 3713 4456 per

436 4486 700 4555 Sergium,
727 4487 1009 4557 Pyrrhum,
1036 4498 1091 4543 ct
1121 4489 1363 4555 Paulum,
1387 4490 1721 4559 patriarchas
1748 4492 2008 4546 Cotistan-

435 4578 853 4646 tinopolitanus,
905 4580 995 4649 qui
1050 4582 1311 4635 novitates
1355 4593 1540 4636 contra
1595 4582 1993 4637 immaculatam

2121 4494 2401 4547 missarum
2432 4490 2692 4545 solemnia
2719 4489 2770 4542 in
2798 4487 3026 4543 ecclesia
3057 4483 3148 4540 Dei
3185 4492 3382 4538 sanctae
3409 4479 3710 4550 genitricis

2114 4597 2434 4653 semperque
2460 4581 2679 4653 virginis
2737 4579 2920 4633 Mariae
2968 4578 3035 4632 ad
3090 4577 3340 4644 Praesepe
3386 4571 3711 4642 perliceret.

1319 4696 1717 4756 VARIANTES
1755 4699 2134 4759 LECTIONES
2174 4702 2262 4757 EX
2301 4702 2454 4757 COD.
2498 4697 2651 4755 LUC.
2693 4696 2815 4751 490.

507 4791 521 4821 ¹
555 4787 620 4842 Et
642 4806 811 4858 sttprr.

507 4862 526 4892 ⁸
557 4861 873 4925 Quibusdam
905 4860 1327 4930 subreptionibus.

507 4930 527 4960 ³
570 4930 773 4986 lllicite.

506 5000 525 5030 "
554 5001 760 5055 Sancta:
782 5001 949 5055 deest.

505 5070 527 5100 ³
560 5071 693 5135 Quia
714 5086 795 5123 ex.

507 5138 530 5171 ⁸
551 5141 882 5194 Submittens.

2184 4799 2203 4828 ⁷
2236 4796 2592 4850 Abscindatur.

2184 4867 2206 4898 ⁸
2234 4866 2585 4919 Beatissimus.

2181 4941 2201 4971 ’
2232 4936 2298 4989 Ut
2322 4938 2393 4987 in.

2186 5006 2224 5037 ¹⁰
2260 5004 2514 5058 Pometia.

2182 5077 2221 5106 “
2255 5074 2406 5128 Tum.

2181 5146 2222 5175 ¹²
2248 5144 2485 5196 Armuns.

1676 5229 1880 5284 NOTAE
1920 5229 2239 5283 SEVERINI
2284 5229 2455 5282 BINII.

431 5324 707 5391 corrigens
733 5321 783 5375 id
830 5320 968 5391 quod
995 5317 1261 5388 prioribus
1294 5318 1628 5391 Editionihns
1659 5317 1727 5391 de
1761 5330 1999 5391 tempore
2105 5319 2346 5386 adeoque
2378 5320 2481 5391 hoc
2509 5320 2626 5370 loco
2655 5314 2790 5391 male
2838 5309 3157 5391 recenserih
3180 5321 3342 5377 supra
3402 5307 3720 5375 annotavi,

433 5379 769 5445 sedisusancti
804 5379 1013 5444 Martini
1036 5397 1296 5460 senserat,
1322 5388 1539 5460 aiteum
1559 5390 1712 5440 annis
1733 5379 1992 5460 quinque,
2106 5391 2156 5442 in
2176 5379 2322 5460 notis
2352 5390 2416 5441 ad
2441 5390 2599 5460 vitam
2631 5384 2868 5460 ejusdem
2890 5379 3180 5460 Theodori.
3263 5456 3272 5460 _
3345 5446 3356 5458 .

434 5462 705 5537 mensibus
731 5470 956 5537 quatuor
983 5469 1139 5523 atque
1168 5451 1356 5513 diebus
1404 5458 1708 5521 duodecim,
1744 5451 1997 5511 Ecclesiae
2175 5457 2201 5496 δ
2234 5457 2373 5537 Ipsis
2391 5459 2586 5517 diebus,
2620 5451 2723 5537 etc.
2755 5456 2884 5519 Quae
2910 5451 2992 5503 hic
3014 5451 3395 5537 ab'Attast|a_si_o
3417 5458 3727 5537 enarra?-

434 5532 667 5599 i'egimen
695 5516 1110 5582 adminisuasse.
1694 5516 1705 5521 ⁷
2106 5538 2210 5592 tttr,
2233 5516 2736 5597 contigeruntcirca
2768 5516 3003 5587 tempora
3052 5520 3139 5574 illa
3172 5518 3391 5586 quibus,
3422 5516 3603 5595 habita
3641 5516 3724 5571 in

506 5610 531 5635 ι
582 5598 748 5664 Hujus
806 5598 1107 5664 temporibus
1161 5595 1357 5649 Paulus
1414 5596 1999 5664 Constantinopolitanm
2105 5601 2233 5652 urbe
2267 5599 2606 5651 Lateraneusi
2640 5587 3152 5664 synodo,__pont_i_fex
3209 5585 3724 5664 Monmhgltt‘arum

506 5610 531 5635 ⁸
582 5610 748 5669 Hujus
806 5610 1107 5668 lentporwus
1161 5610 1357 5649 l’attlus
1414 5610 1999 5664 uomtammopottlanm
2105 5610 2233 5652 urbe
2267 5610 2606 5651 LaleranetISI
2640 5610 2869 5665 synouo,
2914 5610 3152 5659 pum.th
3209 5610 3565 5643 lﬂUllUlllClllw

436 5670 573 5722 urbis
614 5672 895 5738 epi.~c0ptts.
945 5667 1066 5738 llmc
1115 5681 1237 5738 qua;
1262 5664 1511 5733 deinceps
1536 5679 1827 5738 sequuntur
1853 5668 1993 5732 apud
2106 5669 2351 5723 haeresim
2377 5668 2847 5722 condemnaverat.
2878 5661 3010 5716 Vide
3039 5661 3257 5724 Baron.,
3285 5672 3410 5710 ann.
3438 5652 3565 5708 649.

437 5735 921 5794 Attastasium’vere
946 5737 1044 5791 sub
1061 5735 1367 5805 pontificatu
1389 5737 1654 5792 Theodori
1681 5736 1995 5806 contigisse,
