4018 6184
312 266 418 321 μεθ

1581 263 1858 321 NOTITIA
1899 266 2286 322 HISTORICA.

3451 270 3556 324 H0

309 381 445 433 Nam
472 378 596 431 dum
629 375 1058 432 communionem
1088 375 1135 430 ei
1189 374 1480 445 porrigeret
1526 380 1889 434 sanctissimus
1920 384 1965 440 Δ
1994 382 2161 438 isdem
2216 382 2482 437 exarchus
2534 383 2720 435 morbo
2752 382 2970 436 interiit.
3006 390 3031 420 ⁸
3065 366 3263 440 Deinde
3318 385 3561 445 directus

311 485 470 537 papa,
500 468 661 520 voluit
702 482 821 519 eum
856 468 871 497 ¹
905 465 1193 520 crudeliter
1222 464 1542 530 interﬁcere,
1578 477 1634 519 ut
1661 468 1891 521 deman-

307 561 467 612 darat
496 574 596 611 suo
644 558 939 626 spathario.
973 555 1078 611 Sed
1106 558 1438 624 omnipotens
1462 558 1620 621 Deus,
1652 559 1737 625 qui
1770 560 1893 613 soli-

315 665 403 707 tus
429 662 514 706 est
544 664 734 705 servos
765 665 892 705 suos
930 649 1252 703 orthodoxos
1296 650 1698 718 circumtegere,
1722 660 1775 704 et
1828 652 1895 705 ab

310 742 457 794 omni
486 740 628 793 malo
661 740 896 807 eripere,
925 739 1038 805 ipse
1060 738 1349 791 excaecavit
1372 736 1694 802 Spatharium
1717 740 1897 808 Olym-

324 835 392 901 pii
427 834 671 893 exarchi,
703 843 890 895 et,non
920 841 1001 885 est
1030 830 1317 897 permissus
1344 829 1522 885 videre
1569 833 1891 899 pontiﬁcem,

324 922 546 991 quando
572 923 809 975 exarcho
832 920 1260 974 communionem
1307 920 1560 988 porrexit,
1596 921 1681 973 Vri
1714 936 1893 987 pacem

316 1014 429 1086 [C.,
478 1009 700 1082 panem]
752 1012 917 1077 dedit,
971 1022 1025 1063 ut
1055 1010 1265 1078 sanguis
1291 1009 1407 1078 ejus
1436 1010 1813 1072 effunderetur,
1844 1020 1899 1064 et

318 1105 587 1160 catholica
624 1103 715 1156 Dei
749 1101 985 1156 Ecclesia
1018 1099 1206 1154 haeresi
1235 1105 1255 1133 ³
1288 1101 1680 1168 subjurgarelur
1705 1101 1896 1171 [subji-

323 1193 590 1262 ceretur].
624 1191 775 1256 Quod
810 1191 1141 1255 postmodum
1169 1189 1449 1256 prtedictus
1466 1191 1696 1255 armiger
1715 1190 1892 1243 diver-

314 1285 391 1334 sis
444 1296 569 1334 cum
624 1277 971 1347 jurejurando
1033 1276 1302 1342 professus
1344 1287 1445 1331 est.
1508 1277 1706 1331 Vidins
1764 1292 1898 1345 ergo

324 1369 609 1439 Olympius
654 1370 937 1429 exarchus,
983 1365 1103 1433 quia
1152 1380 1338 1419 manus
1364 1365 1458 1419 Dei
1488 1366 1791 1433 circumtcgi
1813 1365 1901 1420 bat

322 1459 615 1514 Martinum
665 1458 1055 1511 sanctissimum
1103 1470 1313 1524 papam,
1368 1471 1588 1509 necesse
1620 1457 1798 1508 habuit
1844 1471 1901 1510 se

325 1566 451 1602 eum
477 1549 735 1619 pontiﬁce
757 1548 1112 1611 conciirdare,
1137 1558 1191 1601 et
1214 1546 1388 1600 omnia
1411 1563 1526 1615 qua.-
1548 1546 1596 1599 ei
1622 1547 1765 1610 jnssa
1791 1547 1904 1600 fue-

326 1648 472 1699 rant,
503 1636 681 1690 eidem
710 1636 1047 1688 sanctissimo
1076 1637 1190 1689 viro
1211 1635 1463 1689 indicare.
1485 1634 1581 1701 Qui
1607 1634 1744 1688 facta
1777 1649 1904 1703 pace

1998 480 2083 525 est
2121 472 2187 525 ab
2212 471 2534 537 imperatore
2565 470 2876 526 Theodorus
2904 472 3181 537 exarchus,
3230 475 3317 543 qui
3362 489 3559 546 cogno-

1996 568 2180 614 mento
2233 560 2468 629 Calliopa
2521 559 2737 619 dicitur.
2790 575 2910 614 cum
2961 561 3242 616 Theodoro
3291 563 3585 632 imperiali”

1996 649 2343 713 cubiculario,
2393 649 2482 719 qui
2538 661 2591 702 et
2642 649 2904 705 Peliurius
2949 651 3234 723 [Pelariusj
3264 653 3557 723 dicebatur,

1997 756 2116 794 cum
2143 739 2413 809 jussione.
2443 740 2539 806 Qui
2573 742 2823 808 tollentes
2859 741 3248 797 sanctissimum
3277 744 3557 800 Martinum

1998 845 2185 899 papam
2210 830 2275 883 de
2304 831 2524 885 ecclesia
2558 830 2876 895 Salvatoris,
2909 846 3025 898 quze
3052 841 3104 885 et
3126 833 3559 889 Constantiniana

1997 919 2319 987 appellatur,
2352 920 2713 988 perduxerunt
2756 920 3291 986 Constantinopolim,
3339 932 3390 977 et
3417 923 3437 953 ³
3465 939 3563 979 nec

1999 1008 2077 1063 sic
2105 1011 2388 1077 acquievit.
2422 1008 2621 1063 Deinde
2650 1008 2880 1064 directus
2908 1020 2988 1064 est
3014 1012 3296 1080 prtedictns
3341 1013 3566 1069 sanctis-

1998 1100 2164 1152 simus
2193 1100 2271 1151 vir
2299 1099 2350 1151 in
2389 1097 2656 1157 exsilium,
2689 1098 2739 1150 in
2770 1098 2939 1151 locum
2990 1100 3075 1166 qui
3105 1099 3293 1153 dicitur
3323 1100 3558 1155 Cersona

2000 1188 2108 1260 [B.,
2136 1185 2451 1257 Chersona].
2479 1186 2507 1225 ι)
2550 1187 2614 1241 Et
2639 1186 2855 1253 ibidem,
2896 1199 2952 1241 ut
3003 1189 3109 1242 Deo
3148 1190 3362 1258 placuit,
3394 1191 3554 1246 vitam

2001 1280 2168 1332 ﬁnivit
2192 1279 2242 1331 in
2275 1293 2407 1346 pace
2427 1276 2623 1331 Christi
2646 1277 2935 1333 confessor.
2966 1279 3064 1344 Qui
3087 1289 3141 1333 et
3169 1290 3190 1317 ⁸
3223 1282 3386 1334 multa
3410 1283 3565 1337 mira-

2001 1369 2128 1423 bilia
2177 1376 2427 1437 operatur
2484 1383 2649 1437 usque
2701 1368 2751 1421 in
2813 1368 3127 1422 hodiernum
3166 1370 3327 1424 diem.
3361 1368 3386 1407 ἀ
3420 1371 3572 1428 Fecit

2002 1468 2180 1514 autem
2208 1458 2569 1513 ordinationes
2614 1458 2744 1512 duas
2792 1471 2885 1526 per
2937 1472 3170 1512 mensem
3202 1457 3568 1525 Decembrem,

2005 1552 2341 1621 presbyteros
2394 1549 2667 1613 undecim,
2726 1547 2979 1601 diaconos
3004 1549 3256 1617 quinque,
3288 1550 3571 1619 episcopos

2006 1655 2097 1708 per
2126 1640 2334 1694 diversa
2366 1639 2503 1704 loca,
2528 1653 2677 1691 num.
2702 1637 2787 1689 35.
2820 1636 3102 1705 Depositus
3121 1637 3141 1668 ⁸
3165 1640 3250 1693 die
3280 1638 3344 1692 16
3374 1642 3573 1693 mensis

319 1742 447 1778 cum
482 1736 664 1778 sancta
694 1725 786 1779 Dei
843 1724 1097 1791 Ecclesia,
1128 1725 1381 1795 colligens
1425 1726 1745 1790 exercitum,
1781 1738 1903 1793 pro-
1935 1729 1980 1788 Β
2009 1729 2337 1798 Septembris
2368 1729 2663 1799 [Depositio
2718 1728 2835 1796 ejus
2886 1730 3184 1782 celebratur
3214 1745 3281 1783 xv
3313 1730 3574 1785 Kalendas

326 1816 501 1870 fectus
552 1824 639 1869 est
682 1814 918 1870 Siciliam
974 1814 1229 1870 adversus
1258 1827 1465 1884 gentem
1504 1816 1898 1872 Saracenorum

327 1906 419 1974 qui
454 1907 652 1959 ibidem
687 1906 1012 1960 habitabant.
1050 1906 1112 1959 Et
1159 1916 1379 1976 peccato
1434 1907 1682 1971 faciente,
1732 1907 1904 1975 major

332 1996 593 2051 interitus
641 1998 693 2049 in
745 1996 982 2051 exercitu
1030 1996 1271 2050 Romano
1300 1997 1560 2066 pervenit,
1583 2007 1635 2051 et
1661 2007 1779 2066 post
1810 2000 1911 2054 hoc

2003 1820 2247 1874 Octobris
2282 1818 2390 1887 (8.,
2425 1833 2498 1871 xit
2528 1816 2910 1889 Novembris”,
2943 1828 2965 1856 ο
2988 1819 3008 1849 ⁵
3032 1827 3087 1873 et
3114 1819 3341 1874 cessavit
3371 1820 3576 1889 episco-

2008 1921 2160 1980 palus
2180 1909 2295 1964 dies
2319 1924 2386 1963 xx
2400 1923 2514 1962 vni.
3306 1975 3339 2013 .

1221 2126 1605 2183 mammas
1644 2127 2025 2185 LECTIONES
2063 2127 2156 2183 ex
2190 2127 2345 2181 eoo.
2383 2082 2536 2182 Luc.
2576 2124 2702 2180 490.

394 2218 412 2249 ⁸
438 2215 574 2270 Eum
600 2216 826 2280 interire,
854 2230 897 2269 et
929 2215 1279 2282 demandaret,
1310 2224 1415 2269 etc.

389 2287 413 2319 ⁸
447 2286 843 2355 Subiugaretur.

394 2355 417 2387 ³
450 2358 560 2409 Nec
584 2358 659 2408 sic
679 2356 769 2408 eis.

2082 2217 2104 2245 ⁸
2136 2214 2231 2268 Die
2254 2216 2339 2267 i7.

2087 2286 2107 2316 "
2132 2287 2328 2339 Desunt
2359 2282 2577 2352 reliqua.

1566 2443 1770 2498 NOTAL‘
1810 2437 2128 2498 SEV‘ERiNl
2171 2433 2348 2490 BIN".

398 2568 424 2595 ⁸
446 2557 645 2612 Deinde
669 2557 891 2610 directus
910 2564 981 2610 est
1012 2557 1071 2609 ab
1101 2559 1401 2625 imperatore
1430 2556 1745 2611 Therdorur.
1772 2555 1905 2611 Cum

327 2629 626 2693 imperator
648 2630 1005 2696 cognovisset,
1036 2641 1131 2695 per
1156 2628 1460 2696 Olympium
1493 2627 1630 2695 apud
1662 2638 1905 2680 sanctum

328 2699 613 2753 Martinam
667 2695 855 2761 papau-
907 2697 1034 2749 nihil
1092 2695 1337 2750 etfectum
1386 2696 1568 2761 fuisse,
1627 2696 1908 2764 ipsamque

328 2767 799 2822 Monothelitarum
834 2767 1078 2819 hmrrsim
1134 2781 1235 2818 una
1278 2782 1396 2819 cum
1430 2778 1554 2835 typo
1583 2782 1744 2835 quem
1776 2781 1907 2834 pro-

333 2838 669 2905 mulgaverat
709 2836 1010 2887 damnatam
1055 2850 1198 2897 esse,
1245 2851 1286 2889 ci
1312 2835 1485 2888 nﬁctis
1517 2838 1566 2890 in
1599 2837 1905 2905 pontiﬁcem

335 2908 506 2960 tribus
532 2906 839 2963 calumniis,
877 2905 1026 2969 quasi
1080 2905 1233 2956 ﬁdem
1267 2920 1292 2955 a
1326 2905 1615 2972 majoribus
1657 2904 1905 2958 traditam

338 2983 774 3044 mutasset,rum
808 2973 1115 3027 Sarracenis
1132 2976 1511 3041 conspirassn,
1543 2985 1699 3044 atque
1719 2983 1906 3027 contra

2087 2552 2158 2606 De
2180 2550 2412 2619 relegato
2444 2549 2669 2602 Martino
2698 2549 2944 2617 pontifice
2971 2549 3284 2604 Theodorus
3310 2553 3570 2613 exarchns

2015 2621 2196 2675 Romae
2214 2622 2410 2674 certior
2428 2622 2615 2685 iactus,
2634 2634 2716 2671 ραι
2730 2620 2840 2672 avit
2866 2620 3003 2686 quod
3030 2619 3305 2674 mandarat
3321 2624 3581 2680 Constans

2016 2693 2327 2759 imperator,
2359 2697 2416 2741 ut
2438 2691 2777 2755 quantumvis
2805 2692 3155 2743 reluctaretur
3182 2693 3355 2745 clerus
3388 2694 3583 2746 Roma-

2014 2777 2134 2823 nus,
2162 2761 2386 2814 Martino
2433 2772 2711 2812 successor
2764 2760 3152 2823 designaretur.
3185 2762 3263 2814 Ad
3293 2763 3463 2828 majus
3495 2764 3584 2817 in-

2014 2832 2351 2885 commodum
2381 2828 2705 2891 evitandum,
2764 2828 2973 2881 tandem
3019 2831 3249 2883 universi
3295 2834 3422 2885 cieri
3454 2848 3583 2887 con-

2015 2916 2175 2954 sensu
2202 2899 2403 2952 electus
2434 2907 2514 2950 est
2548 2896 2809 2965 Eugenius
2833 2897 2932 2951 ista
2962 2899 3286 2964 conditione,
3319 2905 3580 2957 utsaltem

2016 2985 2082 3024 eo
2113 2980 2371 3035 tempore,
2405 2981 2507 3033 quo
2542 2966 2750 3020 vivebat
2798 2979 3010 3019 sanctus
3050 2968 3321 3031 Martinus,
3383 2973 3582 3024 vicaria

339 3048 432 3100 Dei
454 3035 620 3113 geniti
635 3043 733 3096 icis
757 3044 931 3095 Maria:
956 3044 1157 3095 cultum
1188 3035 1368 3113 nescio
1389 3044 1515 3113 quid
1537 3035 1767 3111 loc-ntus,
1795 3046 1908 3098 ille-
1934 3043 1979 3105 C
2014 3038 2322 3113 praefectura
2359 3035 2612 3113 Ecclesiae
2657 3046 2927 3113 praes-set,
2967 3037 3125 3103 idque
3171 3054 3237 3113 ne
3282 3038 3462 3092 invitis
3510 3042 3580 3113 ab

333 3112 517 3182 gitime
544 3113 908 3178 pontificatum
940 3123 1278 3178 occupasset,
1286 3112 1440 3180 jussu
1469 3114 1717 3176 ileraclii,
1745 3124 1907 3179 atque

336 3199 501 3252 opera
527 3182 797 3252 Theodori
830 3182 1079 3252 Calliopae
1113 3185 1350 3244 exarchi,
1371 3198 1463 3250 per
1491 3185 1595 3236 vim
1627 3183 1910 3236 militarem

334 3250 617 3307 eibasilica
648 3250 1092 3303 Constantiniana
1126 3252 1357 3315 pontifex
1391 3252 1670 3316 abductus,
1702 3252 1911 3305 abstra-

334 3333 559 3389 ctusque
590 3338 622 3373 e
652 3322 849 3387 palatio
868 3320 1231 3381 Lateranensi,
1251 3330 1304 3372 et
1328 3324 1375 3372 in
1405 3322 1581 3375 navim
1612 3322 1910 3388 conjectus,

336 3400 643 3460 asportatos
672 3400 756 3444 est
784 3390 836 3443 in
866 3389 1189 3460 Orientemh
1212 3391 1463 3443 mandato
1518 3390 1730 3445 clericis
1762 3392 1911 3453 dato,

341 3457 413 3514 ne
439 3460 729 3513 abductum
761 3469 1123 3529 sequerentur.
1159 3457 1327 3525 Capto
1358 3460 1614 3526 ροιιιίῐὶοὶ,
1638 3470 1915 3529 quantum-

343 3531 424 3583 vis
451 3529 643 3581 morbo
677 3528 958 3593 podagrico
983 3528 1352 3594 afﬁictaretur,
1404 3528 1685 3582 inhibitum
1725 3528 1820 3581 fuit
1849 3543 1915 3582 ne

346 3602 398 3653 in
431 3610 634 3651 terram
666 3600 1103 3651 conscenderete
1135 3600 1274 3661 navi,
1308 3613 1573 3665 omneque
1617 3598 1916 3651 humanita-

344 3670 411 3722 tis
440 3666 681 3720 ofﬁcium
714 3665 784 3719 illi
810 3676 1058 3733 negatum
1097 3676 1200 3731 est,
1239 3682 1303 3720 eo
1328 3668 1573 3731 consilio,
1606 3677 1681 3731 ut,
1712 3668 1918 3735 integro

347 3752 487 3790 anno
542 3738 685 3787 inter
735 3735 992 3802 Cycladas
1035 3736 1303 3801 detentus,
1339 3737 1418 3789 his
1452 3739 1702 3790 aerumnis
1730 3752 1758 3788 a
1789 3752 1919 3790 con-

342 3806 533 3859 stantia
554 3805 712 3857 solita
733 3814 1082 3858 amoveretur.
1106 3806 1227 3859 Post
1251 3815 1493 3859 exactum
1520 3822 1714 3858 annum
1732 3821 1915 3869 unum,

346 3880 561 3927 tandem
584 3874 924 3943 adduxerunt
947 3874 1095 3927 illum
1122 3876 1661 3943 Constantinopolim,
1686 3875 1771 3927 ubi
1804 3886 1920 3942 post

344 3945 548 4011 lapsum
583 3958 713 3997 xcitt
735 3942 965 4002 dierum,
999 3943 1192 4011 quibus
1238 3942 1489 3999 omnium
1511 3945 1745 4012 alloquio
1775 3946 1921 3998 dedi-

342 4015 628 4076 gnabatur,
678 4013 729 4064 in
775 4013 1029 4079 junicium
1080 4014 1359 4077 adductus,
1407 4025 1709 4076 accusatus,
1744 4023 1798 4067 et
1830 4028 1922 4081 per

348 4086 513 4135 talsos
541 4096 604 4133 ac
627 4083 871 4149 perjnros
900 4091 1060 4135 testes
1092 4085 1384 4147 convictus,
1428 4083 1605 4151 gladio
1635 4084 1920 4146 addicitur,

352 4152 747 4219 pontiﬁcalibus
796 4152 1128 4206 Ornamentis
1170 4154 1403 4218 exuritur,
1455 4154 1601 4206 urbis
1630 4151 1922 4220 opprobrio

349 4221 658 4284 exponitur,
690 4221 1000 4286 catenisque
1027 4231 1281 4275 oneratus
1303 4224 1354 4275 in
1390 4236 1659 4275 carcerem
1693 4221 1923 4274 retrudi—

350 4300 472 4353 tur;
525 4289 749 4354 jamque
800 4290 1019 4357 gloriam
1074 4293 1311 4357 martyrii
1364 4300 1681 4345 consecutus
1714 4290 1923 4354 fuisset,

2015 3105 2336 3176 imperatore
2387 3106 2766 3178 ohtruderetur
2822 3105 3091 3159 liotnanus
3144 3108 3445 3175 episcopus,
3487 3109 3582 3178 qui

2012 3175 2251 3247 ejusdem
2282 3191 2399 3229 cum
2435 3176 2549 3247 ipso
2569 3175 2836 3247 haereseos
2879 3187 3232 3245 propugnator
3262 3191 3422 3232 esset.
3460 3175 3583 3234 ilice

2013 3245 2078 3302 ex
2105 3246 2347 3315 epistolis
2375 3245 2540 3299 sancti
2565 3245 2772 3297 Martini
2804 3259 2949 3312 popa:
2990 3257 3043 3299 et
3090 3250 3348 3300 Anastasii
3394 3249 3585 3302 biblio-

2015 3317 2235 3371 thecarii
2255 3330 2372 3384 quat
2403 3324 2484 3369 est
2510 3315 2576 3368 16
2598 3316 2737 3368 inter
2764 3317 3014 3384 episto'as
3045 3318 3271 3383 Martini,
3324 3318 3584 3374 BarOnius

2019 3391 2071 3440 in
2101 3387 2400 3439 annalibus.

2084 3463 2111 3502 b
2143 3456 2206 3508 Et
2234 3456 2415 3507 ibidem
2442 3455 2597 3509 vitam
2636 3456 2822 3521 ﬁnivit.
2880 3453 3033 3508 Anno
3078 3455 3275 3508 Christi
3306 3456 3428 3522 654,
3460 3457 3585 3512 duo-

2014 3525 2223 3579 decimo
2254 3525 2340 3577 die
2361 3525 2560 3577 mensis
2586 3524 2922 3588 Novembris,
2972 3524 3184 3592 quando
3218 3528 3581 3593 pontiﬁcatum

2015 3599 2166 3648 anuis
2187 3596 2444 3663 quinque,
2475 3596 2745 3650 mensibus
2794 3611 2863 3660 tv,
2908 3604 2964 3649 et
3010 3609 3098 3647 xiv
3149 3595 3359 3663 diebus,
3415 3599 3585 3653 admi-

2016 3666 2311 3718 nistrasset.

2090 3744 2113 3772 ε
2164 3731 2329 3803 Multa
2382 3732 2635 3787 mirabilia
2687 3743 2924 3803 operatur
2970 3749 3128 3803 usque
3173 3736 3227 3788 in
3279 3736 3581 3791 hodiernum

2018 3801 2383 3874 diem.‘liei'ert
2403 3802 2573 3874 de__eo
2614 3801 2921 3874 Audoenus,
2955 3805 3005 3856 in
3041 3801 3152 3857 Vita
3199 3807 3365 3859 sancti
3404 3806 3580 3874 Eligii,

2018 3872 2155 3940 apud
2176 3872 2409 3936 Surium,
2437 3886 2453 3923 ι
2476 3871 2815 3935 Novembris,
2846 3874 2984 3938 quod
3018 3876 3189 3926 adhuc
3216 3876 3417 3935 vivens,
3442 3871 3583 3927 Con-

2019 3942 2362 4008 stantinopoli
2392 3942 2605 3995 cuidam
2629 3958 2722 4009 per
2748 3945 3045 3996 Orationem
3072 3944 3245 3996 lumen
3270 3946 3583 3997 restituerit.

2021 4012 2308 4079 Gregorius
2338 4010 2378 4064 ll
2409 4010 2524 4077 ejus
2556 4013 2786 4064 nominis
2833 4010 3096 4077 pontifex,
3143 4013 3193 4064 in
3243 4012 3467 4078 epistola
3518 4013 3584 4067 ad

2023 4080 2252 4133 Leonem
2280 4080 2566 4133 Isauricum
2618 4081 2991 4146 imperatorem
3022 4081 3352 4143 lncreticum,
3378 4081 3490 4133 hinc
3519 4082 3587 4137 de

2021 4158 2206 4201 sancto
2254 4149 2479 4201 Martino
2530 4160 2647 4216 post
2697 4149 2798 4201 alia
2841 4147 3150 4215 subjungit:
3184 4166 3203 4200 t
3258 4148 3325 4200 At
3372 4149 3586 4203 beatum

2022 4219 2302 4271 Martiuutn
2324 4231 2444 4270 esse
2464 4228 2709 4270 sanctum
2732 4225 2954 4270 testatur
2978 4220 3166 4273 civitas
3204 4217 3591 4275 Chersonensis

2023 4297 2077 4340 et
2102 4287 2382 4352 UOSpIIOI'i,
2410 4286 2459 4339 in
2483 4301 2651 4358 quam
2676 4287 2940 4358 relegatus
2968 4298 3082 4353 est;
3112 4299 3165 4342 et
3197 4296 3339 4341 totus
3368 4289 3593 4358 Septen-

352 4360 451 4438 nisi
509 4358 715 4446 Pau‘lus.
745 4355 1375 4446 .Consta'ntinopolplanus
1430 4361 1711 4427 episcopus
1761 4361 1917 4446 moirti
1953 4392 1997 4446 υ
2029 4358 2128 4437 trio
2186 4366 2349 4446 atque
2395 4357 2586 4446 inculte
2631 4355 3043 4446 Septentrionis,
3081 4358 3172 4437 qui
3194 4359 3258 4412 ad
3285 4355 3591 4439 sepulcrum

347 4429 554 4481 vicinus
578 4426 891 4481 obstitisset.
924 4427 1051 4480 Nam
1073 4442 1193 4480 cum
1218 4430 1290 4481 illi
1324 4426 1630 4496 imperator,
1663 4430 1917 4496 postridie

349 4514 507 4564 quam
538 4497 654 4548 haec
681 4506 830 4561 gesta
860 4496 1089 4558 fuerant,
1125 4499 1393 4551 retulisset
1417 4514 1536 4565 qua:
1564 4496 1616 4550 in
1640 4498 1915 4552 sanctissi-

354 4582 497 4618 mum
524 4565 824 4632 pontiﬁcem
855 4569 1133 4619 commissa
1162 4579 1450 4637 erant,suo
1473 4570 1703 4635 seipsum
1718 4568 1919 4637 judicio

353 4639 740 4701 condemnatis,
769 4644 902 4690 teste
930 4636 1228 4698 Anastasio,
1256 4637 1307 4690 in
1330 4638 1552 4703 epistola
1603 4638 1701 4690 hac
1724 4636 1815 4689 de
1860 4652 1915 4690 re

353 4705 416 4757 ad
464 4704 840 4758 Occidentales
882 4706 1099 4772 scripta,
1152 4722 1170 4756 ι
1221 4721 1510 4759 c0nversus
1561 4706 1627 4757 ad
1662 4708 1917 4773 parietem

352 4776 490 4827 dixit
518 4790 532 4824 :
566 4773 663 4826 llei
696 4773 856 4827 mihi!
887 4783 941 4827 et
972 4776 1069 4826 hoc
1094 4774 1159 4827 ad
1201 4776 1571 4828 abundantiam
1600 4776 1918 4842 judiciornm

357 4859 601 4896 ineorum
648 4854 823 4895 actum
853 4854 963 4907 est;
1007 4845 1407 4911 numquidnam,
1438 4844 1678 4910 Domine,
1713 4861 1815 4897 non
1840 4854 1923 4898 est

356 4913 664 4965 miserabile
695 4914 815 4963 talia
841 4915 945 4978 pati
988 4915 1326 4980 pontificem?
1358 4915 1504 4968 Tunc
1549 4915 1800 4967 attentius
1828 4914 1921 4968 ad-

351 4983 549 5049 juravit
608 4982 982 5047 imperatorem
1023 4984 1267 5036 sufﬁcere
1311 4986 1357 5037 ei
1406 4987 1456 5035 in
1490 4985 1568 5037 his
1591 5000 1707 5051 qua:
1739 4999 1922 5051 passus

355 5061 457 5113 est,
489 5051 728 5116 nihilque
747 5053 975 5118 amplius
1000 5054 1283 5106 sustinere.
1324 5072 1341 5104 ι
1369 5054 1517 5118 Quod
1568 5069 1686 5106 cum
1736 5057 1923 5106 beatus

361 5136 491 5186 papa
520 5121 781 5183 audisset,
831 5135 974 5188 aegre
1027 5122 1164 5183 tulit,
1221 5135 1537 5190 exspectans
1569 5136 1661 5190 per
1690 5123 1922 5191 gladium

361 5204 738 5260 consummare
770 5190 1104 5260 martyrium.
1133 5191 1595 5259 Postaliquotdies
1624 5190 1783 5260 igitur
1798 5206 1925 5246 suos

356 5259 465 5326 jam
494 5270 621 5312 ante
642 5258 966 5327 consolatus,
1000 5261 1208 5328 navigio
1240 5263 1290 5313 in
1339 5258 1665 5315 Chersonani
1690 5273 1927 5315 transve-

362 5340 480 5380 etus
496 5339 582 5381 est
602 5330 923 5390 clanculum,
947 5340 1001 5382 ut
1030 5331 1220 5382 ibidem
1241 5331 1288 5381 in
1311 5332 1499 5383 exsilio
1523 5333 1681 5396 fame,
1701 5330 1927 5398 aliisque

360 5399 603 5464 corporis
625 5398 1014 5453 calamitatibus
1043 5410 1404 5467 consumptus,
1451 5402 1590 5455 diem
1624 5412 1925 5455 extremum

361 5467 607 5519 claudere
632 5478 932 5535 cogeretur.

430 5537 725 5589 Chersona:
748 5539 1083 5602 constitutus,
1112 5537 1242 5590 duas
1266 5548 1558 5605 postremas
1580 5538 1793 5604 scripsit
1816 5537 1927 5603 epi-

362 5608 550 5669 uolas,
580 5605 775 5679 quibus
806 5605 1016 5679 indicat,
1052 5623 1182 5679 quas
1212 5609 1281 5659 ibi
1313 5612 1449 5664 aeris
1474 5611 1717 5678 injurias,
1741 5624 1926 5679 quam-

358 5691 459 5743 que
484 5676 727 5744 corporis
758 5676 985 5730 inediam
1015 5677 1292 5732 sustineat.

2024 4427 2139 4494 ejus
2179 4425 2476 4489 conﬂuunt,
2527 4434 2579 4478 et
2626 4428 2933 4479 morborum
2963 4429 3264 4481 curationes
3305 4430 3594 4494 experiun-

2024 4505 2129 4549 tur.
2167 4513 2186 4547 ι
2222 4495 2407 4548 Refert
2434 4494 2712 4559 Baronius,
2743 4510 2881 4549 anno
2912 4496 3037 4560 654,
3076 4512 3220 4551 num.
3255 4497 3307 4561 6,
3340 4512 3399 4552 se
3421 4512 3448 4550 a
3480 4501 3595 4553 viro

2020 4566 2252 4636 quodam
2285 4566 2517 4618 maxime
2548 4565 2635 4631 pio
2687 4575 2741 4618 et
2786 4566 2889 4618 ﬁde
2917 4567 3122 4635 integro
3151 4569 3425 4636 accepisse
3448 4569 3591 4635 quod

2020 4634 2073 4705 in
2099 4634 2233 4705 hanc
2264 4649 2432 4705 usque
2460 4635 2599 4705 diem
2632 4638 2886 4689 memoria
2919 4634 3091 4705 sancti
3122 4634 3333 4691 Martini
3363 4634 3513 4705 βψω
3560 4654 3591 4691 a

2023 4702 2222 4757 Graecis
2262 4701 2437 4758 adhuc
2490 4701 2890 4773 frequentetur;
2937 4704 3185 4772 quodque
3231 4701 3455 4773 populus
3485 4708 3593 4759 fre-

2020 4774 2204 4838 quenti
2252 4783 2394 4827 ctetu
2439 4773 2505 4825 ad
2552 4776 2859 4842 sepulcrum
2906 4776 3022 4843 ejus
3075 4776 3368 4838 conﬁuens,
3396 4775 3593 4843 gratias

2020 4844 2354 4895 curationum
2384 4844 2626 4908 accipiat,
2678 4855 2729 4896 et
2786 4846 2886 4897 alia
2927 4845 3066 4911 justa
3119 4848 3282 4910 petita
3323 4846 3592 4912 impetret.

2026 4912 2305 4968 Probabile
2326 4921 2408 4966 est
2434 4912 2574 4981 quod
2602 4915 2726 4966 dum
2758 4929 2951 4979 corpus
2970 4914 3086 4980 ejus
3127 4913 3347 4966 Romam
3374 4915 3598 4967 transla-

2025 4989 2131 5034 tum
2158 4983 2273 5047 iuit,
2306 4982 2707 5037 Chersonenses
2737 4998 2892 5037 unam
2931 4993 3134 5053 partem
3186 4984 3351 5051 ipsius
3374 4982 3478 5035 sibi
3510 4997 3599 5038 as-

2023 5054 2299 5105 servarint.

2094 5120 2120 5158 εί
2152 5121 2291 5174 Fecit
2318 5122 2664 5175 ordinationes
2695 5123 2824 5176 duos
2873 5137 2962 5191 per
2999 5136 3215 5191 mensem
3248 5119 3593 5175 Decembrem.

2027 5189 2197 5245 Unam
2231 5201 2434 5244 tantum
2462 5193 2851 5247 ordinationem
2872 5189 3055 5248 mense
3072 5190 3377 5246 Decembris
3405 5192 3599 5245 fecisse

2027 5263 2217 5328 potuit,
2275 5277 2432 5325 quem
2476 5262 2646 5325 primo
2694 5272 2896 5315 tantum
2942 5277 3082 5314 anno
3132 5263 3468 5328 pontificatus
3516 5262 3601 5313 sui

2026 5346 2210 5383 mense
2266 5330 2541 5384 Decembri
2592 5332 2771 5384 Itonia:
2811 5331 3075 5384 habitasse
3106 5347 3169 5384 ex
3203 5330 3266 5383 iis
3291 5346 3407 5399 qua:
3437 5344 3600 5394 supra

2025 5400 2132 5471 dixi
2150 5409 2377 5452 constat.
2397 5403 2549 5453 Anno
2567 5402 2704 5454 enim
2723 5401 2956 5455 secundo
2972 5403 3308 5471 pontiﬁcatus
3330 5399 3410 5455 sui
3432 5399 3597 5452 Roma

2027 5470 2308 5531 abductus,
2340 5472 2572 5537 reliquos
2621 5486 2787 5523 annos
2826 5470 3003 5536 exvgit
3043 5474 3092 5523 in
3123 5470 3336 5537 exsilio,
3361 5480 3417 5523 ut
3448 5476 3593 5538 patet

2027 5554 2208 5607 supra.
2243 5539 2519 5603 Baronins,
2555 5541 2807 5607 praidicto
2836 5554 2993 5603 anno,
3029 5555 3177 5593 num.
3208 5538 3265 5593 2.

2103 5620 2125 5643 ι’
2155 5607 2376 5661 Cessavit
2397 5611 2709 5676 episcopatus
2739 5610 2849 5673 eius
2881 5609 2987 5660 dies
3013 5625 3196 5663 xxvnt.
3227 5611 3338 5663 Non
3373 5618 3453 5662 est
3478 5621 3605 5676 pro-

1984 5753 1986 5755 ,
2031 5678 2205 5733 bubile
2237 5679 2377 5746 quod
2408 5690 2514 5732 tam
2546 5677 2693 5732 brevi
2723 5678 2978 5748 temporis
3024 5684 3195 5748 spatio
3225 5683 3401 5737 obitus
3431 5678 3602 5734 sancti
