4006 6182
456 389 475 395 .-
521 391 526 394 .
583 384 1460 395 _—————-——.———._—~—
1510 384 1962 394 -.-ἡ-...-

1477 291 1538 344 IN
1581 289 1898 346 SANCTUM
1940 288 2295 344 MARTINUM
2335 289 2560 344 PAPAM
2605 291 2622 344 Ι

3593 299 3684 351 ΗΞ

2864 387 3496 417 :————___.__n_——_"
3489 392 3675 421 ’ἒ

1287 527 1555 608 ALIA
1609 527 2095 608 NOTITIA
2149 528 2815 610 HISTORICA.

490 656 788 734 Ejusdem
820 656 1025 716 sancti
1055 657 1324 747 Martini
1352 660 1562 747 passio
1587 666 1609 695 ⁸
1643 671 1934 747 excerpta
1964 679 2041 747 ex
2069 660 2393 747 cujusdam
2414 661 2933 747 Christianissimi
2962 665 3220 747 epistola
3247 665 3506 744 directa,
3539 670 3647 747 qui

975 744 1121 794 sunt
1152 737 1219 795 in
1247 736 1578 799 Occidente
1607 757 1712 798 seu
1741 736 1942 798 Ro’mw
1973 746 2030 798 et
2058 736 2402 815 in’A/‘rt't-a,
2438 739 2808 800 orthodoxis
2834 736 3152 804 Pntribus.

516 927 874 980 Aftlietionum
894 939 1149 980 mmrores
1173 934 1227 981 et
1247 927 1525 996 lacrymas,
1557 941 1999 996 communemque
2031 927 2080 984 Α
2107 924 2428 994 apostolum,
2470 931 2526 978 et
2571 923 2970 993 praedicatorem
3021 923 3370 977 ortliodoxum
3426 926 3682 980 veritatis.

443 1013 561 1068 sine
587 1013 884 1068 cessatione
915 1028 974 1066 ac
1002 1013 1391 1066 mmstissimam
1421 1029 1625 1080 vocem,
1657 1031 1774 1083 quae
1825 1016 1874 1068 in
1914 1015 2010 1068 do-

441 1104 553 1158 lore
597 1120 661 1158 ex
711 1104 817 1156 imo
865 1103 1041 1156 cordis
1086 1103 1286 1170 prolata
1309 1111 1408 1167 est,
1461 1113 1583 1171 puto
1612 1115 1786 1158 autem
1816 1120 1931 1173 qua:
1957 1114 2012 1159 et

444 1195 713 1261 profertur
746 1193 851 1246 Deo
881 1193 946 1246 ab
979 1192 1060 1245 his
1089 1193 1177 1259 qui
1207 1203 1332 1246 sunt
1367 1193 1568 1256 Romae,
1617 1193 1788 1248 adhuc
1832 1207 2006 1249 autem

438 1293 490 1336 et
519 1285 568 1334 iu
607 1283 751 1334 omni
786 1283 899 1335 loco
947 1282 1325 1336 dominationis
1353 1282 1469 1351 ejus
1511 1283 1578 1336 de
1605 1284 1848 1352 gentibus
1889 1298 2012 1337 san-

437 1373 539 1427 ctis
587 1370 794 1423 famulis
849 1370 959 1435 Dei,
991 1380 1043 1424 et
1075 1369 1318 1424 fidelibus
1349 1372 1576 1440 populis,
1625 1387 1691 1426 ex
1738 1385 1842 1440 quo
1872 1371 2008 1425 facta

438 1471 518 1514 est
550 1460 844 1528 persecutio
886 1461 1140 1514 adversus
1195 1463 1591 1516 sanetissimum
1646 1462 1855 1517 Patrem
1912 1477 2008 1516 no-

440 1562 629 1615 strum,
665 1552 772 1606 Deo
804 1546 1162 1606 beatissimum
1189 1564 1238 1606 et
1271 1553 1477 1607 ﬁdelem
1504 1554 1838 1606 sacerdotum
1870 1553 2011 1621 prin-

439 1644 611 1712 cipem
643 1653 696 1697 et
741 1645 1089 1712 apostolicum
1140 1644 1490 1698 universalem
1543 1659 1754 1714 papam,
1809 1659 1872 1699 ac
1918 1659 2011 1712 per

441 1733 541 1786 hoc
593 1735 848 1787 adversus
893 1734 1208 1788 catholicam
1269 1735 1596 1800 Ecclesiam;
1653 1743 1778 1803 puto
1830 1743 2005 1788 autem

443 1822 695 1875 hactenus
725 1823 860 1875 hunc
890 1823 1134 1875 eumdem
1168 1836 1450 1876 maerorem
1481 1823 1696 1876 retineri
1746 1823 1797 1877 in
1837 1822 2004 1885 vobis,

437 1919 491 1963 et
516 1909 735 1963 multam
763 1910 1175 1964 sollicitudinem
1207 1910 1401 1964 habere
1431 1926 1545 1976 vos,
1577 1911 1718 1966 scire
1743 1913 2010 1980 quomodo

444 2011 714 2068 peractum
755 2009 834 2055 est
861 2010 1044 2054 contra
1075 2015 1220 2068 eum,
1254 2001 1466 2069 quando
1516 2001 1790 2054 exsulatus
1833 2009 1915 2054 est
1960 2008 2013 2053 et

440 2092 808 2160 persecutione
839 2092 1022 2159 pulsus
1052 2105 1082 2144 a
1116 2091 1280 2145 Roma
1334 2091 1541 2159 navigio
1591 2106 1759 2158 usque
1801 2091 2009 2159 Byzan-

441 2186 591 2236 tium.
646 2182 767 2235 llacc
797 2183 849 2235 in
878 2192 1054 2236 mente
1085 2183 1284 2236 habens
1312 2196 1410 2250 ego
1438 2181 1649 2234 humilis
1675 2191 1729 2235 et
1768 2191 2013 2248 peccator

2113 1015 2218 1069 Sed
2262 1030 2386 1069 vere
2437 1015 2534 1068 iste
2580 1030 2683 1068 non
2732 1014 2850 1068 fecit
2884 1014 3247 1082 pretiosiorem
3279 1015 3503 1068 animam
3532 1031 3680 1069 suam

2117 1120 2196 1170 se,
2230 1104 2324 1158 sed
2355 1105 2525 1171 posuit
2554 1117 2671 1158 eam
2699 1118 2863 1171 usque
2902 1103 2966 1156 ad
3014 1113 3258 1166 mortem,
3286 1104 3516 1168 imitans,
3545 1106 3684 1158 sicut

2112 1193 2309 1246 dictum
2332 1202 2446 1258 est,
2484 1193 2753 1247 dominum
2783 1207 2932 1246 suum
2963 1193 3223 1248 dicentem
3259 1212 3270 1246 :
3306 1193 3475 1247 Bonus
3513 1205 3686 1261 pastor

2113 1283 2335 1334 animam
2364 1298 2507 1334 suam
2535 1282 2675 1347 ponit
2705 1297 2796 1350 pro
2823 1283 2993 1334 ovibus
3019 1282 3123 1333 suis
3150 1280 3329 1348 (Joan.
3355 1298 3408 1344 χ,
3440 1281 3550 1350 Il).
3581 1297 3685 1350 quo

2113 1370 2345 1424 salvaret
2393 1371 2588 1438 ubique
2641 1379 2905 1423 errantem
2955 1379 3006 1423 et
3066 1369 3324 1436 perditam
3379 1371 3586 1438 plebem
3617 1373 3684 1426 ab

2114 1458 2506 1529 insurgentibus
2535 1459 2730 1514 nostris
2757 1460 3084 1527 temporibus
3111 1461 3404 1515 haereticis.
3434 1462 3684 1518 Traditus

2113 1551 2271 1618 igitur
2301 1550 2482 1605 Romae
2519 1550 2586 1604 de
2626 1550 2886 1605 catholica
2920 1551 3155 1606 Ecclesia
3185 1553 3351 1608 sancti
3382 1554 3621 1620 Joannis,
3656 1572 3686 1610 a

2113 1641 2419 1708 potentibus
2449 1641 2605 1709 hujus
2635 1641 2815 1695 saeculi
2847 1641 2926 1694 his
2955 1643 3045 1710 qui
3078 1641 3177 1696 hoc
3206 1654 3355 1697 erant
3387 1646 3689 1701 ministerio

2110 1729 2250 1798 digni
2280 1730 2527 1794 ministri,
2579 1739 2738 1798 atque
2777 1730 3107 1797 custodibus,
3164 1732 3434 1801 depositus
3491 1747 3575 1791 est
3627 1738 3691 1791 ad

2110 1830 2340 1887 portum,
2372 1831 2423 1874 et
2454 1820 2724 1888 conjectus
2755 1830 2837 1876 est
2878 1822 2928 1876 in
2969 1822 3164 1884 lembo,
3208 1834 3260 1878 et
3291 1827 3684 1896 navigantibus,

2109 1913 2246 1965 sicut
2276 1915 2457 1980 scitis,
2507 1913 2861 1982 euntibusque
2887 1916 3030 1982 juxta
3073 1917 3316 1984 Avidum,
3369 1921 3419 1976 in
3471 1923 3693 1980 insulam

2109 2015 2225 2068 quae
2256 2011 2468 2056 vocatur
2496 2003 2693 2065 Naxos,
2737 2020 2840 2059 non
2866 2019 3244 2062 concesserunt
3284 2010 3436 2066 beato
3464 2013 3539 2068 illi
3566 2031 3694 2081 apo-

2108 2091 2299 2145 stolico
2329 2093 2445 2146 viro
2474 2095 2724 2149 custodes
2760 2097 2963 2163 penitus
2993 2099 3301 2168 contingere
3339 2113 3558 2170 terram,
3592 2108 3692 2161 do-

2118 2179 2347 2235 lentibtts
2399 2198 2616 2250 prorsus
2669 2186 2888 2253 pedibus
2934 2189 3072 2256 ejus,
3119 2207 3236 2245 cum
3293 2194 3388 2260 ipsi
3444 2212 3538 2263 per
3581 2197 3692 2251 loca

441 2270 668 2324 famulus
698 2279 896 2336 vester,
924 2270 1164 2338 quaedam
1215 2270 1428 2338 quidem
1477 2270 1712 2323 exterius
1756 2270 2008 2323 sollicitu-
2040 2271 2086 2329 B
2111 2271 2433 2336 conferrent,
2484 2283 2538 2327 et
2582 2275 2607 2310 δ
2639 2278 2854 2330 omnino
2897 2279 3253 2347 quiescerent.
3297 2283 3360 2338 ili
3391 2297 3566 2340 autem
3600 2289 3688 2355 qui

437 2359 562 2412 dine
591 2359 755 2411 multa
803 2356 1118 2421 addiscens;
1175 2358 1520 2424 plurimorum
1571 2367 1746 2410 autem
1801 2355 2014 2424 proprie

434 2446 820 2514 contemplator
849 2444 1039 2511 factus,
1095 2445 1339 2514 indignus
1388 2444 1670 2498 ministerii
1718 2444 2012 2498 beatissimi

437 2547 488 2592 et
512 2538 728 2606 pretiosi
756 2535 1048 2590 sacerdotis
1096 2536 1284 2600 nostri,
1307 2535 1538 2604 judicavi
1569 2535 1760 2588 litteris
1792 2534 2007 2589 remini-

439 2631 538 2694 sci,
567 2639 620 2682 et
659 2640 780 2682 nata
807 2627 1001 2690 facere,
1033 2627 1280 2695 claraque
1309 2625 1633 2680 constituere
1676 2623 1827 2677 vobis
1855 2624 2012 2676 bene-

439 2719 619 2783 dictis,
679 2729 837 2786 atque
890 2732 983 2786 per
1028 2731 1121 2770 vos
1151 2716 1398 2769 omnibus
1447 2714 1689 2768 ﬁdelibus
1739 2721 1794 2767 et
1838 2713 2010 2765 zelum

441 2807 761 2862 habentibus
807 2808 1025 2861 cultura:
1073 2806 1289 2871 divinae,
1336 2813 1598 2872 quatenus
1631 2811 2012 2872 cognoscentes

438 2914 560 2954 cum
590 2899 770 2954 cordis
803 2898 1160 2954 mmstitudiue
1209 2911 1414 2950 mecum
1445 2895 1592 2948 illum
1644 2893 2009 2964 propheticum

440 3005 739 3044 sermonem
769 2988 1082 3058 proferatis:
1119 2987 1240 3052 Quis
1284 2987 1421 3039 dabit
1467 2987 1622 3052 capiti
1663 3000 1772 3037 meo
1802 2999 2007 3052 aquarii,

435 3093 481 3134 et
511 3082 672 3135 oculis
701 3081 822 3134 meis
867 3082 1056 3150 fontem
1106 3085 1470 3149 tacrymarum,
1523 3088 1569 3131 et
1619 3077 1830 3146 plorabo
1857 3077 1937 3130 die
1965 3085 2010 3130 at

435 3187 581 3228 nocte
611 3173 822 3243 (Jerem.
856 3189 929 3234 rx,
981 3173 1068 3241 10)
1100 3173 1446 3226 contritiones
1501 3170 1775 3224 catholicae
1823 3170 2008 3222 Eccle-

437 3267 531 3318 sia:
581 3275 635 3319 et
685 3263 921 3318 orunium
963 3263 1382 3316 Christianorum
1413 3301 1429 3327 ,
1479 3259 1585 3314 imo
1632 3262 2004 3330 perditionem,

436 3364 650 3423 propter
679 3370 739 3408 ea
764 3369 881 3423 qua:
910 3361 1025 3406 acta
1054 3362 1176 3407 sunt
1206 3352 1256 3405 in
1287 3352 1498 3405 beatum
1553 3362 1606 3404 et
1657 3351 1763 3404 Deo
1793 3351 2006 3419 plenum

433 3446 622 3498 ducem
656 3445 890 3498 veritatis
917 3451 972 3496 et
1008 3441 1451 3511 praedicatorem?
1483 3439 1854 3494 Verumtamen
1893 3440 2005 3493 Deo

433 3535 624 3605 gloria,
657 3536 745 3603 qui
792 3533 939 3587 dedit
968 3535 1018 3588 ei
1061 3534 1306 3587 virtutem
1337 3539 1390 3585 et
1430 3529 1788 3585 suﬂ‘erentiam
1839 3532 2002 3585 stabi-

2117 2375 2209 2428 per
2235 2362 2348 2414 loca
2379 2375 2528 2416 erant
2561 2365 2884 2431 sacerdotes,
2931 2376 2986 2422 et
3026 2372 3202 2425 caeteri
3253 2373 3434 2429 ﬁdeles
3466 2378 3691 2446 regionis

2116 2450 2297 2516 ipsius,
2327 2451 2621 2522 dirigebant
2669 2471 2883 2511 munera
2935 2458 3092 2514 beato
3133 2463 3203 2516 illi
3251 2478 3406 2518 causa
3446 2469 3691 2521 utilitatis

2113 2538 2248 2608 ejus,
2289 2556 2394 2595 non
2425 2557 2599 2610 parvae
2629 2547 2894 2602 multoties
2921 2552 3253 2618 quantitatis;
3299 2570 3431 2624 quas
3479 2559 3689 2627 quidem

2113 2629 2339 2684 directas
2366 2633 2572 2700 species
2595 2643 2648 2688 et
2673 2637 2992 2703 quantitates
3018 2641 3264 2696 custodes
3290 2643 3541 2700 bestiales
3567 2662 3690 2701 eon-

2115 2723 2258 2774 tinuo
2284 2736 2461 2776 coram
2493 2738 2558 2778 eo
2607 2725 2943 2794 diripiebant,
2992 2730 3370 2799 improperiosa
3418 2744 3474 2788 et
3514 2751 3688 2790 amara

2113 2809 2332 2877 plurima
2361 2823 2709 2883 congerentes
2740 2817 2791 2869 in
2822 2833 2964 2870 eum.
3001 2819 3100 2873 Eos
3137 2830 3312 2875 autem
3357 2823 3446 2892 qui
3501 2842 3692 2880 munu-

2110 2900 2252 2952 scula
2275 2900 2606 2970 detulissent,
2641 2904 2843 2971 injuriis
2872 2916 2924 2960 et
2956 2907 3261 2963 verberibus
3287 2911 3586 2968 allicientes
3614 2915 3690 2967 di-

2111 2991 2408 3056 mittebant,
2439 2992 2676 3048 dicentes
2703 2995 2768 3047 ad
2790 3009 2882 3050 eos
2907 3014 2918 3047 :
2949 2996 3207 3060 Quoniam
3237 3000 3547 3071 quicunque
3577 3003 3693 3056 dili-

2109 3079 2232 3147 gitis
2262 3081 2438 3144 istum,
2466 3083 2660 3136 inimici
2687 3085 2814 3136 estis
2841 3085 3166 3150 reipublicae.
3197 3086 3574 3157 Nunquidnam
3600 3092 3697 3144 huc

2110 3170 2284 3224 solum
2307 3172 2354 3224 ei
2380 3187 2483 3225 non
2511 3174 2715 3226 valebat
2741 3173 2932 3227 inferre
2954 3175 3189 3230 dolorem
3219 3179 3464 3247 incompa
3481 3182 3694 3235 rabiletn

2113 3276 2276 3328 super
2307 3263 2664 3318 inﬁrmitatem
2696 3280 2813 3334 quae
2854 3281 2972 3319 eum
3003 3282 3142 3332 aegre
3183 3269 3563 3338 deprimebat?
3591 3274 3696 3326 Ex-

2109 3351 2232 3406 inde
2264 3354 2421 3420 igitur
2444 3356 2824 3421 praemittentes
2863 3357 2930 3409 ab
2970 3356 3138 3410 Avido
3175 3361 3486 3427 quemdam,
3519 3370 3693 3418 custov

2107 3439 2200 3493 des
2244 3442 2334 3509 qui
2383 3443 2680 3496 retinebant
2723 3459 2863 3507 eum,
2915 3446 3285 3500 nuntiaverunt
3332 3450 3382 3502 in
3438 3451 3687 3520 Byzantio

2105 3529 2386 3584 adventum
2433 3540 2487 3584 et
2533 3535 2830 3600 captionem
2873 3533 3009 3602 ejus,
3063 3536 3388 3602 proferentes
3429 3542 3686 3594 adversus

433 3629 535 3682 lem
566 3628 617 3680 in
660 3625 1040 3680 tentationibus
1071 3639 1189 3692 qua:
1217 3632 1641 3691 supervenerunt
1687 3623 1735 3676 ei
1785 3639 1814 3675 a
1864 3637 2001 3676 con-
2029 3612 2074 3674 C
2105 3632 2224 3672 eum
2259 3620 2482 3687 plurima
2516 3622 2671 3686 mala,
2716 3621 3017 3676 inereticum
3051 3635 3103 3678 et
3132 3627 3408 3681 rebellem.
3445 3632 3680 3696 Denique

447 3718 620 3770 trariis
651 3715 929 3769 virtutibus
958 3724 1011 3768 et
1035 3716 1182 3778 viris,
1229 3715 1279 3766 in
1325 3713 1676 3782 expugnando
1704 3721 1757 3766 et
1787 3712 2003 3765 viriliter

432 3807 734 3861 dimicando
767 3820 863 3873 pro
883 3805 1025 3858 cultu
1055 3803 1168 3868 Dei,
1194 3802 1630 3869 irrefragabiliter
1651 3809 1704 3854 et
1733 3815 1826 3867 spe
1854 3801 2002 3853 ﬁrma

431 3911 598 3964 usque
621 3897 684 3949 ad
719 3903 941 3950 mortem
974 3907 1174 3962 ponens
1198 3893 1426 3945 animam
1459 3905 1631 3956 suam,
1664 3900 1857 3959 utpote
1888 3891 2001 3944 imi-

433 3997 570 4042 tator
596 3988 711 4056 ejus
740 3988 828 4054 qui
865 4000 984 4040 eum
1014 3985 1291 4038 constituit
1334 3981 1584 4035 athletam
1614 3981 1858 4035 dominus
1887 3980 2002 4048 ejus

429 4077 493 4130 ad
525 4075 951 4130 informationem
984 4087 1080 4142 pro
1109 4071 1328 4126 veritate
1357 4069 1629 4123 dimicare.
1658 4070 1730 4121 Ea
1753 4068 1999 4137 equidem

429 4182 550 4237 qua:
577 4166 704 4220 inibi
750 4165 934 4218 Roma:
961 4172 1108 4232 gesta
1152 4172 1276 4217 sunt
1305 4162 1355 4216 in
1387 4160 1598 4215 beatum
1635 4169 1687 4214 et
1715 4159 2002 4213 adamanti-

432 4271 557 4310 num
587 4255 915 4324 spiritualem
950 4253 1186 4319 Patrem,
1218 4252 1657 4319 sacerdotumque
1707 4251 1999 4319 principem

432 4346 686 4397 domuum
721 4343 1022 4403 Martinam,
1055 4353 1106 4396 et
1147 4355 1242 4394 vos
1271 4343 1436 4404 scitis,
1469 4339 1711 4407 qualibus
1754 4338 2000 4405 periculis

429 4435 658 4486 luctatus
685 4441 785 4496 est,
815 4432 1000 4483 videns
1027 4429 1228 4498 gladios
1253 4431 1482 4482 vibratos
1511 4438 1565 4482 et
1592 4437 1776 4482 acutos
1803 4427 1998 4482 confer-

429 4533 510 4575 tos
539 4521 605 4574 ad
637 4522 883 4583 invicem,
929 4528 1101 4572 lentos
1130 4533 1158 4570 a
1190 4518 1426 4586 pluribus
1457 4518 1708 4570 militibus
1757 4528 1995 4585 paratum

431 4608 746 4662 habentibus
776 4609 992 4660 inlicere
1040 4621 1215 4674 enses,
1245 4616 1298 4660 et
1323 4617 1651 4661 commutare
1681 4623 1708 4659 a
1741 4607 1844 4660 vita
1875 4607 1999 4661 bea-

428 4707 563 4763 tum,
591 4699 642 4752 in
671 4697 894 4751 circuitu
923 4697 1104 4749 altaris
1144 4696 1457 4761 astantibus,
1489 4705 1542 4748 et
1572 4696 1623 4749 in
1658 4704 1767 4750 toto
1799 4695 1997 4762 templo

426 4789 702 4844 catholica:
746 4785 992 4842 Ecclesiae
1037 4785 1239 4851 Romae,
1272 4800 1390 4853 quae
1433 4787 1835 4854 cognominatur
1859 4785 1998 4839 Con-

423 4868 762 4942 stantiniana,
794 4878 848 4930 iu
888 4891 992 4944 qua
1025 4875 1322 4929 sacerdotio
1353 4874 1576 4942 fungens
1614 4875 1901 4928 recubabat
1942 4875 1993 4927 in

424 4971 626 5024 foribus
661 4979 713 5024 et
734 4969 953 5039 grabato
989 4970 1101 5037 ipse
1154 4969 1340 5021 beatus
1369 4983 1547 5034 aeger;
1598 4978 1650 5021 et
1703 4967 1989 5035 quomodo,
2023 4944 2072 5003 θ

422 5061 682 5114 contritus
709 5061 924 5122 animis,
950 5068 1003 5112 et
1039 5057 1258 5111 artubus
1283 5059 1624 5120 constrictus,
1661 5057 1916 5124 impulsus
1939 5067 1993 5110 et

423 5153 696 5220 expulsus,
743 5159 922 5218 raptus
965 5159 1019 5202 et
1060 5157 1335 5202 extractus
1365 5162 1428 5201 ex
1457 5147 1752 5214 apostolico
1780 5147 1986 5211 throno,

425 5243 475 5296 in
501 5257 605 5311 quo
635 5244 772 5298 Deus
817 5259 937 5298 eum
982 5243 1256 5298 constituit
1304 5245 1452 5307 loco,
1503 5242 1854 5310 iuspectorem
1913 5244 1994 5294 sui

427 5413 633 5466 Martini
665 5413 883 5467 Bonnam
914 5415 1133 5482 perferri
1165 5413 1413 5482 potuerit.
1455 5412 1605 5466 Unde
1628 5412 1769 5480 quod
1803 5412 1853 5466 in
1878 5411 1994 5465 aliis

425 5483 707 5537 Codicibus
737 5485 908 5549 abest,
941 5485 1062 5538 huic
1085 5485 1414 5551 subrepsisse
1439 5486 1667 5534 videtur.

500 5560 526 5586 ι
556 5552 792 5620 Narratio
822 5557 918 5605 ista
969 5557 1018 5604 in
1051 5555 1228 5605 multis
1260 5555 1423 5604 variat
1475 5555 1540 5604 ab
1569 5568 1628 5602 ea
1675 5568 1830 5620 quam
1889 5553 1991 5605 Ro-

431 5633 583 5673 mana
613 5619 787 5674 Editio
814 5622 1047 5687 exhibet,
1077 5637 1197 5678 cum
1225 5632 1398 5678 tamen
1431 5624 1593 5676 uniltn
1625 5619 1700 5674 sit
1725 5625 1834 5676 haec
1861 5639 1991 5691 pra--

2107 3707 2467 3762 adversarium
2511 3711 2920 3778 proclamantes,
2968 3723 3021 3767 et
3051 3714 3446 3774 subvertentem
3477 3721 3684 3773 univer-

2105 3810 2218 3851 sam
2247 3805 2441 3851 terram
2485 3798 2860 3854 Romanorum.
2892 3801 3128 3870 Cumque
3169 3808 3376 3860 tandem
3412 3810 3680 3876 pervenis-

2105 3899 2185 3940 set
2214 3889 2523 3955 Byzantium
2552 3889 2736 3945 beatus
2783 3890 2871 3945 ille
2900 3892 3126 3960 septimo
3170 3896 3376 3950 decimo
3416 3899 3503 3953 die
3531 3909 3552 3936 ο
3585 3898 3681 3950 Se-

2106 3976 2352 4044 ptembrii
2378 3979 2592 4043 mensis,
2620 3979 2671 4032 in
2704 3989 2908 4047 portum
2945 3981 3098 4050 juxta
3131 3985 3472 4052 Euphemiam
3517 4002 3679 4056 prope

2108 4065 2458 4132 Arcadianon,
2492 4068 2816 4144 reliquerunt
2843 4085 2962 4125 eum
2998 4087 3028 4126 a
3079 4089 3233 4130 mane
3261 4078 3486 4134 miniatri
3513 4092 3680 4144 usque

2103 4156 2154 4209 in
2209 4156 2392 4209 horam
2438 4157 3078 4215 decimam.recubantem
3130 4164 3181 4217 in
3230 4167 3450 4232 grabato
3501 4169 3674 4227 navis,

2103 4258 2342 4315 eratque,
2386 4248 2520 4302 sicut
2571 4254 2823 4318 scriptum
2865 4261 2966 4315 est,
3019 4258 3372 4321 spectaculum
3427 4257 3678 4310 omnibus

2101 4336 2298 4404 angelis
2324 4345 2376 4390 et
2398 4336 2712 4392 hominibus.
2734 4338 3070 4394 Accedebant
3090 4345 3228 4396 enim
3252 4345 3382 4398 varii
3409 4345 3674 4409 homines,

2097 4442 2233 4496 quos
2261 4437 2476 4496 propter
2505 4428 2693 4484 ferales
2735 4444 2911 4485 mores
2939 4433 3148 4500 lupaces
3177 4435 3420 4502 dixerim,
3450 4446 3504 4490 et
3547 4436 3677 4488 sub-

2102 4521 2291 4585 rogati,
2328 4527 2383 4571 ut
2409 4518 2654 4587 conjicio,
2689 4521 2808 4574 talia
2839 4530 3019 4575 contra
3048 4534 3287 4578 sanetum
3327 4541 3514 4595 papam
3554 4539 3677 4592 ageo

2102 4608 2248 4671 bant,
2277 4610 2448 4677 qualia
2478 4609 2792 4665 Christianis
2821 4611 2924 4666 dici
2952 4630 3056 4666 non
3087 4623 3317 4683 oportet.
3350 4617 3675 4672 Morantibus

2102 4700 2253 4751 nobis
2282 4701 2331 4752 in
2365 4699 2558 4766 littore,
2589 4709 2693 4754 tota
2722 4701 2805 4755 die
2831 4718 2975 4756 eram
3005 4705 3256 4762 incedens
3285 4708 3468 4764 dolore
3492 4709 3676 4775 plenus

2099 4799 2152 4842 et
2180 4790 2546 4856 amaritudine,
2591 4806 2656 4845 eo
2683 4792 2821 4860 quod
2866 4793 3095 4848 viderem
3137 4797 3293 4852 talem
3323 4807 3564 4852 sanctum
3599 4797 3676 4845 vi-

2099 4894 2217 4933 rum
2266 4879 2335 4932 ita
2375 4879 2667 4949 dejectum;
2702 4897 2802 4934 non
2829 4883 3000 4936 solum
3049 4895 3246 4951 autem,
3301 4890 3393 4942 sed
3449 4897 3502 4942 et
3553 4887 3673 4940 talia

2098 4969 2305 5036 eloquia
2345 4983 2372 5022 a
2421 4971 2730 5039 quibusdam
2777 4973 3002 5028 ethnicis
3048 4977 3253 5044 prolata
3295 4989 3478 5033 contra
3527 4990 3673 5036 eum,

2099 5061 2230 5114 nihil
2253 5060 2390 5113 aliud
2420 5061 2738 5129 qurerebam,
2773 5064 2872 5117 nisi
2921 5074 2978 5118 ut
3017 5064 3311 5122 auferretur
3339 5073 3516 5122 anima
3559 5078 3673 5118 mea

2097 5162 2125 5199 a
2150 5163 2252 5201 me.
2285 5147 2482 5203 Dehinc
2507 5149 2644 5202 circa
2667 5151 2792 5202 solis
2814 5165 3059 5206 occasum
3082 5156 3225 5208 venit
3255 5157 3466 5222 quidam
3496 5153 3670 5207 scriba

2100 5238 2311 5290 nomine
2339 5238 2588 5306 Sagoleva
2624 5253 2741 5292 cum
2769 5241 2945 5295 multis
2973 5243 3399 5308 excubitoribus;
3430 5253 3485 5298 et
3515 5240 3671 5294 aule-

2099 5408 2321 5463 stantior
2346 5409 2610 5470 Romana;
2640 5409 2759 5462 ideo
2783 5409 2880 5462 hac
2911 5420 3110 5462 retenta
3134 5413 3394 5466 variantes
3415 5429 3446 5466 e
3478 5411 3665 5463 Roma-

2101 5495 2187 5552 na,
2217 5488 2414 5552 tantum
2447 5481 2832 5552 quas_poli0res
2856 5480 3109 5547 judicavi,
3140 5485 3408 5552 exscripsi.
3475 5481 3666 5534 MANSl.

2169 5549 2195 5586 ιι
2228 5547 2401 5610 Forte,
2435 5565 2552 5599 nou.
2588 5548 2756 5602 "ARD.

2175 5630 2194 5656 ε
2225 5619 2380 5676 Rom.
2418 5619 2576 5681 Edit.,
2605 5635 2767 5671 meme
2798 5617 3122 5672 Novembrio.
