4018 6184
331 301 436 355 ll?)

1615 290 1888 346 NOTITIA
1930 291 2315 346 lllSTOBlCA.

3484 295 3582 346 H4

327 423 514 469 rentes
551 411 620 465 de
649 410 822 464 lembo
877 416 1167 476 posuerunt
1195 406 1243 458 in
1274 403 1579 474 gestatorio,
1613 404 1901 457 duxerunt-
1934 410 1979 462 Α
2009 419 2111 470 que
2157 402 2314 456 facile
2356 417 2683 470 quaecunque
2759 403 2935 455 vultis.
3008 403 3069 456 Et
3131 402 3254 471 quid
3310 418 3444 471 Opus
3504 413 3586 457 est

327 520 435 572 que
488 505 537 555 in
595 499 892 555 custodiam
946 495 1290 560 excubitorii,
1341 510 1458 562 quae
1506 494 1910 563 cognominatur

330 606 355 630 ⁸
400 595 754 656 Prandearia;
812 603 864 644 et
921 589 1044 643 fecit
1095 602 1214 641 eum
1264 587 1553 639 inclausum
1603 585 1702 639 sub
1749 585 1910 636 multa

330 685 614 746 custodia,
665 680 972 749 prmcipiens
1019 676 1429 740 custodibusfut
1481 675 1655 727 nullus
1707 673 1912 738 penitus

331 777 494 829 sciret
515 772 749 825 ci\itatis
776 772 896 838 quia
921 777 1003 821 est
1034 766 1084 819 in
1113 766 1295 819 eodem
1321 763 1586 819 excubitu.
1615 763 1762 816 Fecit
1787 775 1913 829 ergo

333 873 553 916 sanctus
581 863 718 915 idem
750 859 1072 922 apostolicus
1117 857 1346 921 clausus,
1396 863 1449 908 et
1486 855 1599 908 sine
1629 853 1913 920 participa-

332 957 481 1006 tione
509 951 719 1019 penitus
749 947 1010 1003 sermonis
1031 946 1274 1013 alicujus,
1311 942 1593 1011 nonaginta
1643 949 1749 994 tres
1777 941 1912 994 dies.

335 1042 390 1094 lu
417 1042 529 1108 ipsa
571 1054 699 1092 vero
727 1036 1060 1105 nonagesima
1095 1035 1246 1088 tertia
1286 1032 1394 1100 die,
1424 1047 1539 1101 quae
1572 1039 1652 1086 est
1672 1031 1784 1084 dies
1818 1031 1913 1082 Pa-

335 1144 578 1192 rasceve,
612 1142 766 1180 mane
797 1126 1030 1179 tulerunt
1055 1138 1174 1178 eum
1203 1123 1270 1177 de
1298 1122 1557 1186 custodia,
1587 1120 1914 1175 constituen-

334 1222 462 1272 dum
510 1220 562 1272 in
595 1218 726 1271 cella
781 1214 1060 1278 sacellarii,
1107 1213 1356 1282 jubentes
1407 1211 1574 1280 pridie
1625 1211 1912 1266 convenire

337 1323 554 1362 omnem
586 1317 868 1371 senatum;
907 1304 1042 1370 quod
1081 1313 1133 1358 et
1163 1303 1355 1356 factum
1384 1310 1483 1356 est.
1513 1301 1789 1355 Jusserunt
1819 1315 1913 1353 au-

339 1407 444 1452 tem
462 1413 584 1449 eum
601 1394 1060 1457 introducendum,
1082 1390 1610 1447 etintroduxeruntin
1633 1387 1916 1456 portatoria

338 1487 506 1547 sella;
535 1494 652 1538 erat
680 1485 819 1537 enim
851 1482 1058 1550 penitus
1086 1495 1246 1549 aeger,
1294 1481 1554 1548 prwcipue
1592 1485 1769 1532 autem
1814 1477 1919 1531 illis

343 1576 533 1628 diebus
566 1587 674 1639 prae
705 1570 1037 1639 navigatione
1066 1578 1118 1623 et
1139 1568 1424 1622 afﬂictione
1443 1566 1695 1621 custodite
1722 1581 1814 1634 per
1845 1575 1922 1619 tot

340 1665 460 1718 dies
488 1662 708 1717 effectae.
743 1660 1024 1715 lnteudens
1066 1669 1242 1712 autem
1299 1658 1350 1712 in
1403 1672 1523 1710 eum
1558 1656 1778 1724 primus,
1828 1655 1917 1725 qui

2013 493 2175 546 etiam
2241 490 2468 561 jnrando
2540 492 2762 560 perdere
2828 491 2943 546 illos
2999 492 3203 546 animas
3269 493 3426 546 suas?
3496 491 3584 546 ln-

2013 595 2192 650 gressu
2237 581 2478 649 equidem
2527 596 2631 634 uno
2679 580 2912 644 testium,
2962 592 3016 635 et
3058 583 3287 647 dicente,
3327 583 3578 651 quoniam

2014 670 2401 734 conjurationes
2432 669 2556 723 fecit
2595 683 2716 723 cum
2766 670 3032 740 Olympio,
3062 680 3115 723 et
3145 671 3338 722 milites
3381 685 3582 738 praepa-

2016 760 2150 812 ravit
2190 768 2243 811 ut
2284 760 2546 826 jurarent,
2579 761 2929 828 interrogatus
2965 760 3071 812 Deo
3117 760 3383 825 pretiosus
3414 760 3513 824 vir,
3540 759 3587 811 si

2017 848 2129 902 haec
2150 850 2217 902 ita
2246 865 2303 903 se
2335 851 2613 914 haberent,
2644 849 2914 918 respondit
2945 867 2957 901 :
2990 849 3049 904 Si
3091 851 3246 903 vultis
3287 849 3469 903 audire
3495 863 3585 902 ve-

2019 940 2251 1002 ritatem,
2308 941 2428 993 dico
2475 939 2621 994 vobis
2669 941 2987 1009 sequentia;
3047 950 3103 994 et
3157 940 3317 1007 coepit
3366 939 3582 993 dicere:

2027 1027 2249 1092 Quando
2309 1028 2477 1082 factus
2524 1039 2603 1083 est
2660 1039 2832 1098 typus,
2878 1038 2932 1083 et
2980 1029 3211 1083 directus
3257 1029 3476 1082 Romam
3519 1026 3586 1080 ab

2024 1120 2367 1182 imperatore.
2405 1119 2466 1171 Et
2496 1118 2594 1172 hoc
2624 1127 2824 1172 tantum
2869 1119 3080 1174 dicente
3128 1121 3281 1174 beato
3308 1121 3414 1186 illo,
3446 1122 3588 1176 aliud

2017 1209 2141 1277 quid
2191 1225 2297 1263 non
2346 1224 2657 1264 conceSsum
2690 1219 2770 1264 est
2812 1210 2972 1278 loqui.
3020 1210 3123 1264 Sed
3168 1210 3418 1266 continuo
3472 1221 3594 1264 ante

2021 1313 2208 1352 omnes
2242 1299 2501 1367 incipiens
2530 1313 2649 1352 cum
2678 1299 2914 1352 clamore
2943 1299 3182 1363 Troilus,
3236 1298 3404 1367 inquit
3434 1316 3447 1351 :
3481 1299 3593 1353 Non

2020 1391 2212 1443 inferas
2251 1391 2401 1443 nobis
2430 1389 2515 1442 hic
2564 1389 2630 1444 de
2661 1390 2784 1454 fide,
2817 1390 2882 1443 de
2928 1389 3103 1443 duello
3150 1404 3287 1443 nunc
3314 1389 3592 1455 scrutaris,

2020 1480 2267 1548 quoniam
2308 1487 2361 1532 et
2393 1479 2636 1544 Romani,
2669 1489 2723 1533 et
2763 1493 2859 1532 nos
2890 1479 3176 1534 Christiani
3208 1493 3391 1532 sumus
3438 1489 3490 1530 et
3514 1493 3600 1531 ομ

2023 1570 2261 1625 tltodoxi.
2295 1567 2357 1622 Et
2387 1570 2659 1636 respondit
2699 1570 2837 1624 idem
2863 1571 2943 1623 vir
2968 1569 3142 1638 justus
3175 1586 3188 1622 :
3225 1569 3468 1624 Utinam!
3497 1569 3600 1623 Ve-

2023 1667 2318 1711 rumtamen
2346 1658 2622 1710 invenietis
2653 1673 2738 1711 me
2768 1659 2817 1711 in
2867 1658 2953 1712 illa
2981 1658 3066 1712 die
3098 1658 3354 1712 tremendi
3395 1658 3599 1711 exami-

342 1752 663 1821 pnrsidebat
708 1750 1019 1805 sacellarius
1081 1764 1200 1803 cum
1258 1748 1473 1816 reliquis
1523 1747 1844 1814 principibus
1892 1760 1920 1798 a
1953 1741 1997 1800 Β
2027 1751 2108 1801 nis
2152 1757 2338 1801 testem
2391 1748 2548 1800 etiam
2602 1747 2655 1800 in
2708 1747 2824 1801 hoc.
2880 1748 3060 1801 Denuo
3107 1747 3243 1801 inter
3289 1757 3601 1802 accusantes

343 1845 521 1910 longe,
550 1839 705 1909 jussit
737 1854 857 1893 eum
888 1852 1110 1905 surgere
1145 1852 1171 1888 a
1203 1835 1424 1900 ferculo,
1455 1844 1508 1889 et
1533 1841 1696 1888 stare.
1731 1833 1925 1886 Aienti-

347 1937 443 1987 bus
465 1932 782 2000 quibusdam
834 1930 1196 1984 ministrorum
1241 1942 1346 1980 non
1389 1928 1565 1981 valere
1607 1940 1727 1980 eum
1759 1933 1921 1990 stare,

347 2023 592 2075 turbatus
622 2035 731 2089 prae
774 2020 936 2072 multa
967 2017 1043 2071 ira
1071 2016 1380 2070 sacellarius
1429 2013 1762 2077 exclamavit,
1805 2027 1925 2065 cum

347 2132 412 2170 eo
463 2123 641 2167 autem
694 2120 746 2165 et
795 2111 1008 2178 quidam
1061 2108 1126 2162 de
1153 2106 1411 2170 custodia,
1464 2119 1681 2172 surgere
1727 2118 1848 2158 eum
1876 2112 1930 2157 et

348 2216 522 2260 astare
543 2217 782 2257 censura:
813 2202 1091 2254 subnixum
1125 2199 1245 2253 hinc
1281 2198 1434 2262 inde;
1473 2198 1611 2265 quod
1643 2205 1696 2249 et
1728 2196 1924 2249 factum

354 2305 456 2351 est.
485 2295 807 2350 Sacellarius
853 2301 1028 2345 autem
1075 2289 1243 2357 inquit
1286 2289 1349 2343 ad
1399 2303 1519 2342 eum
1562 2305 1573 2339 :
1608 2288 1720 2350 Dic,
1751 2287 1929 2345 miser.

358 2386 487 2454 quid
520 2385 613 2438 tibi
642 2383 764 2437 mali
814 2381 990 2435 intulit
1029 2379 1351 2446 imperator?
1390 2377 1534 2431 Tulit
1558 2391 1587 2429 a
1619 2385 1668 2430 te
1694 2375 1934 2443 aliquid?

353 2478 622 2541 Oppressit
652 2482 703 2525 te
725 2472 809 2524 vi?
839 2471 931 2524 llle
957 2478 1129 2522 autem
1162 2467 1390 2521 tacebat.
1429 2465 1578 2519 Tunc
1615 2465 1688 2517 ait
1717 2464 1783 2517 ad
1812 2479 1934 2518 eum

351 2566 666 2620 sacellarius
714 2562 1022 2631 imperativa
1062 2573 1234 2613 voce:
1288 2558 1400 2611 Non
1443 2555 1768 2625 respondes?
1811 2569 1938 2609 ecce

363 2671 506 2710 nunc
538 2655 900 2724 ingredientur
937 2662 1272 2704 accusatores
1303 2649 1396 2702 tui.
1448 2646 1515 2700 Et
1541 2647 1788 2699 continuo
1816 2659 1936 2697 cum

352 2760 602 2799 sermone
631 2743 912 2797 introducti
941 2749 1066 2794 sunt
1101 2737 1312 2808 plurimi
1360 2746 1727 2790 accusatorum
1750 2743 1934 2788 contra

356 2857 502 2896 eum.
536 2843 734 2895 Omnes
763 2847 936 2891 autem
967 2843 1120 2891 erant
1166 2832 1420 2888 mendacii
1452 2831 1565 2896 lilii,
1603 2838 1656 2885 et
1698 2828 1938 2898 discipuli

356 2948 544 2986 eorum
573 2933 664 3000 qui
696 2930 974 2982 Dominum
1007 2934 1242 2979 nostrum
1273 2921 1456 2977 Jesum
1492 2919 1756 2974 Christum
1787 2934 1940 2974 neca-

359 3030 572 3077 verunt.
607 3019 1055 3074 Contradicebant
1076 3029 1204 3070 vero
1230 3023 1412 3068 sancto
1434 3013 1566 3076 viro,
1597 3011 1938 3078 quemadmo-

2030 1849 2192 1894 testes
2219 1840 2292 1891 ait
2320 1840 2384 1891 ad
2405 1854 2523 1892 eum
2549 1839 2826 1907 praafectus
2856 1839 3100 1892 Troiluse
3123 1857 3132 1890 :
3155 1839 3335 1906 Qualis
3359 1841 3516 1893 homo
3543 1855 3602 1893 es

2031 1936 2103 1990 tu,
2136 1929 2383 1997 quoniam
2416 1943 2637 1981 cernens
2659 1937 2712 1981 et
2738 1929 2956 1981 audiens
2998 1931 3120 1982 talia
3150 1939 3337 1983 contra
3372 1931 3598 1996 impera-

2035 2029 2202 2073 torem
2236 2020 2490 2073 nitentem
2516 2018 2868 2073 efl‘odiendum
2907 2019 3228 2088 Olympium,
3265 2035 3366 2073 non
3417 2021 3599 2088 prohi-

2033 2111 2189 2165 buisti
2240 2125 2384 2173 eum,
2426 2111 2519 2164 sed
2548 2125 2578 2165 e
2608 2121 2789 2164 contra
2838 2111 3149 2164 consensisti
3181 2111 3268 2164 ei?
3318 2112 3395 2163 Ad
3445 2126 3605 2179 quem

2031 2201 2282 2254 continuo
2333 2199 2467 2253 dixit
2519 2200 2632 2266 ipse
2673 2199 2858 2254 beatus
2902 2199 3223 2269 apostolicus
3273 2215 3449 2268 papa:
3485 2201 3598 2266 Dic,

2031 2291 2244 2344 domine
2271 2290 2467 2354 Troile,
2499 2291 2728 2359 quando,
2753 2292 2889 2345 sicut
2918 2292 3062 2345 scitis
3083 2292 3244 2346 etiam
3275 2307 3390 2357 vos,
3423 2303 3474 2345 et
3501 2307 3600 2347 nos

2036 2379 2361 2447 audivimus,
2416 2380 2672 2449 Georgius
2717 2394 2745 2432 a
2778 2380 3207 2449 magistratibus,
3267 2383 3353 2449 qui
3400 2391 3514 2436 erat
3542 2397 3608 2435 ex

2037 2469 2335 2533 monachis,
2370 2469 2638 2538 ingressus
2667 2478 2750 2523 est
2779 2468 2878 2524 huc
2927 2471 2980 2524 in
3029 2470 3213 2524 urbem
3253 2486 3280 2523 a
3312 2471 3518 2535 castris,
3556 2481 3612 2525 et

2037 2560 2156 2612 talia
2187 2561 2344 2613 verba
2395 2559 2596 2612 locutus
2626 2569 2728 2625 est,
2778 2557 3010 2628 fecitque
3053 2576 3135 2615 res
3185 2563 3334 2625 tales,
3376 2563 3461 2617 ubi
3490 2577 3611 2617 eras

2039 2657 2115 2712 tu,
2149 2649 2195 2703 ei
2223 2648 2311 2717 qui
2334 2657 2456 2702 sunt
2482 2657 2676 2711 tecum,
2705 2649 2957 2717 quoniam
2987 2665 3088 2703 non
3117 2652 3383 2704 restitistis
3413 2653 3483 2717 ei,
3516 2653 3609 2705 sed

2038 2755 2068 2794 e
2097 2753 2280 2794 contra
2303 2739 2644 2794 concionatus
2671 2749 2756 2793 est
2796 2741 2967 2804 vobis,
2999 2750 3052 2794 et
3081 2756 3212 2810 quos
3240 2742 3401 2796 voluit
3433 2744 3610 2811 palatii

2040 2835 2310 2888 exsulavit
2356 2843 2410 2886 et
2461 2833 2766 2901 prohibuit?
2817 2835 3112 2902 lterumque
3172 2836 3271 2890 sub
3318 2836 3610 2905 Valentino,

2040 2939 2158 2977 cum
2208 2933 2469 2992 praecepto
2521 2924 2855 2992 imperatoris
2902 2924 3114 2977 indutus
3162 2936 3242 2979 est
3273 2941 3526 2995 purpura,
3560 2939 3615 2982 et

2042 3013 2283 3067 consedit
2338 3014 2405 3078 ei,
2447 3029 2551 3081 quo
2591 3015 2771 3067 ieratis
2814 3015 2953 3068 vos?
2993 3030 3094 3068 non
3141 3016 3304 3069 eratis
3349 3016 3476 3070 hic?
3519 3033 3614 3072 cur

362 3111 488 3162 dum
541 3107 836 3176 νικωοηίιί
887 3105 1112 3160 fuerant.
1163 3102 1328 3156 Erant
1373 3101 1515 3155 enim
1557 3114 1711 3153 voces
1758 3113 1940 3152 eorum
1968 3083 2014 3147 (ἶ
2045 3119 2172 3172 ergo
2201 3119 2303 3156 non
2353 3103 2698 3172 prohibuistis
2740 3120 2860 3158 eum
2909 3105 3191 3159 dicentes:
3226 3106 3338 3161 Non
3387 3109 3615 3178 attingas

365 3200 746 3270 praemeditata:
776 3206 830 3250 et
860 3203 1186 3265 praeparatae.
1212 3193 1266 3246 In
1297 3191 1490 3260 quibus
1520 3191 1730 3260 quidam
1759 3204 1942 3243 eorum

366 3291 519 3360 paulo
563 3299 689 3344 ante
738 3287 1041 3355 interrogati
1087 3295 1142 3339 ut
1173 3283 1526 3338 testimonium
1580 3280 1941 3349 perhiberent,

369 3380 642 3434 tentabant
685 3378 863 3430 dicere
893 3375 1189 3437 veritatem,
1236 3371 1371 3424 sicut
1399 3385 1512 3423 mos
1543 3379 1657 3433 est;
1689 3368 1943 3422 et'conti-

371 3486 473 3523 nuo
503 3467 698 3521 turbati
730 3465 819 3534 qui
854 3462 1252 3531 prmtendebant
1279 3467 1547 3513 certamen
1574 3457 1695 3519 hoc,
1726 3456 1944 3522 incipie-

372 3561 496 3612 bant
542 3556 736 3610 validis
783 3555 941 3608 minis
989 3552 1266 3618 increpare
1294 3564 1408 3614 eos,
1460 3548 1629 3602 donec
1661 3547 1946 3600 suaderent

364 3652 440 3704 eis
473 3648 715 3715 proferre
741 3659 860 3713 qua:
891 3651 1044 3697 erant
1069 3640 1434 3695 convenientia
1467 3639 1520 3692 in
1545 3647 1770 3692 mortem
1802 3638 1944 3692 beati

365 3751 416 3792 et
455 3738 588 3807 justi
618 3737 737 3789 viri.
768 3733 1165 3799 Contemplatus
1203 3737 1417 3783 sanctus
1448 3742 1580 3797 papa
1617 3727 1944 3780 introeuntes

367 3828 655 3890 testificari,
690 3823 974 3879 subridens
1002 3819 1137 3875 dixit
1168 3835 1181 3872 :
1214 3818 1304 3872 Isti
1333 3826 1456 3872 sunt
1487 3815 1692 3870 testes?
1723 3814 1812 3869 Sic
1850 3814 1944 3866 ba-

367 3928 452 3978 bet
504 3923 654 3976 ordo.
717 3920 881 3973 Erant
907 3920 1045 3972 enim
1107 3915 1262 3983 primi
1314 3914 1672 3982 ingredientes
1729 3912 1944 3966 nomine

367 4016 580 4081 quidem
610 4012 825 4073 milites.
853 4012 1068 4078 lupaces
1089 4019 1264 4062 autem
1290 4016 1343 4059 et
1365 4004 1616 4059 hestiales
1641 4004 1897 4057 sententia
1926 4018 1941 4067 ;

366 4115 419 4159 et
471 4105 689 4172 quidam
721 4116 902 4154 eorum
951 4097 1039 4167 qui
1077 4106 1227 4152 erant
1273 4092 1525 4163 Olympii,
1581 4107 1700 4147 cum
1753 4092 1945 4161 quibus

368 4206 482 4249 erat
513 4204 566 4248 et
597 4192 856 4256 Andreas,
891 4191 978 4258 qui
1019 4189 1186 4242 fuerat
1223 4187 1337 4254 ejus
1367 4184 1621 4239 notarius.
1658 4185 1821 4237 Erant
1849 4198 1941 4237 au-

367 4295 471 4338 tem
504 4285 646 4338 inter
671 4291 1005 4335 accusatores
1033 4278 1272 4332 infelices
1297 4277 1547 4329 lmericus
1575 4286 1629 4329 et
1650 4275 1938 4342 Therinus,

363 4384 416 4427 et
447 4373 634 4441 reliqui
651 4385 872 4425 numero
892 4369 1041 4439 quasi
1071 4369 1271 4436 viginti,
1295 4367 1553 4434 primores
1575 4366 1766 4418 milites
1791 4374 1844 4417 et
1866 4380 1944 4417 rc-

2049 3208 2132 3246 res
2158 3208 2260 3247 non
2287 3205 2608 3260 opportunas
2637 3194 2770 3248 tibi?
2803 3209 2976 3248 nonne
3006 3211 3191 3250 omnes
3233 3210 3263 3250 e
3287 3207 3464 3250 contra
3490 3213 3615 3252 con-

2047 3285 2263 3338 venistis
2285 3285 2332 3337 ei
2349 3285 2378 3356 ’ζ
2397 3285 2675 3351 Quomodo
2704 3285 2963 3338 habebam
2988 3300 3084 3353 ego
3111 3286 3202 3339 tali
3227 3287 3338 3339 viro
3363 3286 3615 3340 adversus

2045 3383 2207 3440 stare,
2241 3375 2455 3430 habenti
2499 3377 2762 3444 praecipue
2805 3377 3074 3430 brachium
3117 3379 3376 3431 universa:
3414 3377 3615 3432 militia:

2048 3465 2280 3518 Italicae?
2309 3481 2374 3518 an
2403 3466 2576 3534 potius
2601 3481 2699 3535 ego
2727 3467 2874 3519 illum
2906 3466 3003 3520 feci
3044 3468 3369 3522 exarchum?
3396 3467 3615 3522 Verum-

2049 3568 2227 3611 tamen
2255 3556 2432 3611 denuo
2457 3557 2680 3611 obsecro
2704 3572 2797 3611 vos
2816 3573 2909 3627 per
2933 3557 3236 3624 Dominum,
3265 3560 3617 3631 quodcunque

2047 3647 2204 3700 vultis
2249 3655 2303 3702 et
2349 3647 2582 3700 definitis
2631 3646 2740 3700 fieri
2787 3647 2838 3700 itt
2887 3663 2990 3710 me,
3021 3649 3177 3702 citius
3207 3650 3432 3716 explete.
3461 3651 3618 3706 Novit

2047 3737 2188 3791 enim
2221 3737 2380 3803 Deus,
2415 3737 2641 3790 maxima
2664 3737 2789 3790 mihi
2821 3738 2957 3791 dona
2999 3740 3271 3804 tribuistis,
3305 3757 3617 3811 quacunque

2050 3842 2134 3880 me
2163 3827 2313 3880 clade
2336 3825 2720 3895 jugulaveritis.
2755 3827 3099 3882 Percontatus
3128 3837 3302 3882 autem
3333 3831 3614 3898 quemdam

2046 3918 2112 3969 de
2144 3916 2586 3982 ministrantibus,
2614 3917 2951 3985 Sagolebam,
2996 3919 3258 3983 videlicet,
3288 3920 3613 3984 sacellarius,

2047 4009 2090 4062 si
2117 4018 2236 4062 sunt
2259 4008 2382 4062 loris
2404 4008 2492 4060 alii
2526 4008 2683 4075 aliqui
2707 4009 2793 4076 qui
2816 4008 3042 4062 debeant
3071 4007 3363 4069 testificari,
3396 4023 3617 4076 respon-

2045 4096 2124 4148 dit
2151 4097 2361 4151 scriba:
2403 4096 2555 4161 Sunt,
2613 4096 2849 4160 domine,
2884 4096 3093 4163 plurimi
3138 4096 3248 4148 alii.
3304 4096 3619 4152 Deficientes

2045 4197 2222 4240 autem
2256 4186 2306 4238 lii
2344 4187 2431 4253 qui
2483 4185 2858 4252 przesidebant,
2899 4194 3085 4238 sancto
3126 4194 3179 4239 et
3206 4187 3492 4240 venerabili
3527 4204 3614 4242 as-

2048 4286 2190 4330 tante
2219 4278 2335 4329 viro
2367 4277 2417 4328 in
2446 4284 2734 4343 conspectu
2763 4290 2968 4341 eorum,
3026 4285 3081 4330 et
3132 4278 3462 4344 potissimum
3499 4281 3619 4348 Spi—

2047 4367 2146 4419 ritu
2175 4381 2294 4420 eum
2320 4375 2504 4421 sancto
2538 4369 2801 4430 ﬁrmante,
2853 4368 3101 4420 dixerunt
3147 4369 3389 4422 suflitrere
3434 4378 3616 4424 testes.

367 4464 488 4531 liqui
508 4470 849 4516 accusantes.
867 4459 1126 4514 Jurabant
1154 4469 1327 4511 autem
1355 4458 1418 4509 ad
1438 4468 1618 4510 sancta
1641 4455 1942 4524 Evangelia,
1979 4446 2024 4503 υ
2053 4457 2178 4509 Erat
2205 4457 2400 4524 quippe
2427 4457 2688 4524 interpres
2717 4473 2922 4523 eorum,
2955 4473 3071 4526 quae
3097 4474 3124 4510 a
3157 4469 3340 4512 sancto
3367 4459 3617 4515 diceban—

365 4568 414 4608 et
443 4556 520 4607 sic
553 4553 989 4607 testiﬁcabantur.
1023 4550 1363 4604 Primicerius
1387 4563 1515 4603 sane
1535 4548 1770 4601 omnium
1791 4561 1948 4601 accu-

367 4647 594 4698 santium
619 4654 730 4696 erat
757 4644 1054 4696 Dorotbeus
1084 4640 1324 4708 patritius
1349 4639 1375 4677 ιι
1401 4640 1618 4705 ϐἰιίρίω,
1651 4640 1735 4708 qui
1759 4639 1947 4707 jurans

366 4737 498 4789 dixit
532 4735 784 4804 quoniam
832 4734 1205 4801 quinquaginta
1252 4733 1422 4798 capita
1475 4731 1518 4784 si
1572 4730 1811 4796 haberet,
1843 4745 1946 4783 non

365 4832 638 4894 oporteret
683 4839 804 4876 eum
836 4825 1029 4888 vivere,
1087 4837 1152 4876 eo
1191 4822 1332 4890 quod
1385 4823 1527 4874 solus
1583 4821 1845 4874 subvertit
1895 4830 1948 4875 et

368 4917 598 4982 perdidit
645 4917 951 4968 universum
1003 4912 1363 4977 Occidentem,
1414 4922 1466 4966 et
1521 4912 1840 4977 delevit;et
1891 4927 1948 4966 re

366 5021 488 5059 vera
535 5005 694 5058 unius
747 5004 960 5057 consilii
1008 5005 1106 5056 fuit
1133 5019 1253 5056 cum
1284 5004 1549 5071 Olympio,
1599 5012 1653 5056 et
1696 5003 1948 5057 inimicus

370 5087 640 5147 homicida
664 5094 1001 5161 imperatoris
1030 5100 1084 5146 et
1122 5092 1376 5145 Romante
1408 5090 1948 5144 urbanitatis.Videns

368 5203 491 5254 ergo
515 5187 691 5254 justus
721 5187 803 5239 vir
836 5185 1165 5239 introeuntes
1192 5199 1284 5238 eos
1311 5192 1363 5237 et
1403 5183 1641 5250 iurantes
1683 5183 1795 5234 sine
1829 5197 1948 5250 par-

369 5281 524 5333 citate
555 5278 945 5344 teStificatores,
979 5289 1290 5343 compassus
1317 5273 1598 5342 perditioni
1646 5271 1944 5325 animarum

368 5386 572 5437 evrum,
602 5373 674 5423 ait
704 5369 768 5422 ad
800 5384 892 5422 eos
923 5370 1009 5436 qui
1045 5367 1398 5435 prtesidebant
1444 5366 1707 5432 principes
1741 5383 1751 5416 :
1784 5365 1948 5418 Obse-

370 5473 458 5510 cro
486 5474 580 5512 vos
620 5473 714 5527 per
755 5459 940 5520 Deum,
974 5458 1137 5511 nolite
1167 5470 1470 5524 praeparare
1499 5470 1592 5509 eos
1615 5456 1818 5522 jurare,
1852 5455 1946 5509 sed

370 5549 566 5616 absque
604 5557 937 5601 sacramento
987 5548 1167 5602 dicant
1207 5561 1532 5616 quaecunque
1579 5546 1783 5613 volunt,
1822 5561 1941 5600 tos-

442 5686 462 5709 ⁸
491 5677 643 5731 Rom.
657 5720 671 5741 ,
697 5676 1034 5730 Prandiat‘ea.

443 5746 463 5780 ’δ
498 5747 673 5813 Rom.,
703 5749 911 5803 Siciliae.

2051 4557 2152 4610 tur,
2182 4548 2461 4601 verborum
2504 4548 2843 4602 Innocentius
2869 4548 3056 4602 consul
3090 4549 3227 4604 lilius
3259 4549 3493 4616 Thomze,
3525 4551 3617 4620 qui

2047 4647 2162 4692 erat
2213 4639 2279 4691 ab
2329 4637 2539 4703 Africa;
2589 4649 2640 4694 et
2689 4654 2810 4692 cum
2861 4641 3297 4708 interpretaretur
3333 4657 3393 4696 ea
3441 4658 3614 4711 qutea

2049 4731 2202 4783 beato
2249 4731 2362 4784 viro
2413 4731 2744 4795 dicebautur,
2797 4747 2899 4786 non
2958 4733 3179 4795 ferebat,
3228 4734 3414 4787 videns
3458 4735 3617 4801 ignita

2045 4821 2216 4889 jacula
2240 4821 2406 4875 sancti
2454 4823 2680 4890 Spiritus
2710 4838 2739 4875 a
2773 4824 2881 4877 Deo
2934 4823 3228 4876 honorabili
3275 4827 3387 4876 viro
3432 4833 3612 4875 contra

2048 4927 2140 4964 eos
2189 4916 2412 4981 prolata,
2462 4916 2536 4966 ait
2585 4913 2649 4967 ad
2683 4913 3044 4968 Innocentium
3094 4930 3212 4968 cum
3265 4915 3473 4967 furore:
3507 4914 3616 4966 Cur

2051 5003 2199 5056 nobis
2232 5005 2597 5072 interpretaris
2621 5020 2738 5073 quae
2768 5005 2931 5058 dicit?
2961 5005 3066 5058 noli
3095 5005 3273 5057 dicere
3311 5017 3428 5070 qua:
3465 5003 3612 5055 dicit.

2048 5094 2279 5162 Surgcns
2307 5110 2435 5163 ergo
2463 5097 2713 5148 continuo
2762 5096 3066 5149 sacellarius
3089 5107 3208 5146 cum
3249 5091 3485 5160 plurimis
3522 5094 3613 5160 qui

2048 5187 2397 5239 consederant
2447 5188 2514 5250 ei,
2569 5188 2838 5254 ingressus
2887 5193 2970 5240 est
3018 5184 3258 5238 nuntiare
3309 5185 3614 5252 imperatori

2047 5292 2266 5344 qumque
2292 5277 2404 5344 ipse
2434 5278 2619 5330 voluit.
2672 5276 2978 5330 Eduxerunt
3007 5284 3182 5327 autem
3213 5283 3452 5328 sanctum
3481 5289 3612 5342 apo-

2047 5367 2291 5421 stolicum
2317 5368 2484 5419 virum
2513 5367 2578 5420 de
2606 5368 2738 5421 cella
2765 5367 2965 5434 judicii,
3000 5366 3165 5434 magis
3191 5376 3364 5419 autem
3396 5381 3459 5419 ex
3493 5369 3615 5418 aula

2046 5457 2282 5526 Caiphae,
2312 5459 2364 5510 in
2403 5460 2685 5527 gestatorio
2712 5456 2861 5510 sedili
2893 5456 3186 5520 sedentem,
3234 5469 3286 5509 et
3316 5465 3617 5511 statuerunt

2046 5565 2164 5605 cum
2195 5549 2246 5600 in
2280 5549 2456 5603 medio
2487 5549 2604 5601 atrii
2633 5548 2772 5614 quod
2801 5557 2916 5601 erat
2955 5558 3075 5603 ante
3114 5549 3302 5604 cellam
3331 5547 3615 5613 sacellarii,

2124 5693 2138 5702 ’
2179 5681 2328 5735 Rom.
2359 5680 2532 5735 addit:
2571 5677 2862 5747 Profectus.
