4006 6182
387 319 486 373 113

1442 320 1505 373 IN
1547 319 1867 376 SANCTUM
1910 318 2264 374 MARTINUM
2309 318 2540 372 PAPAM
2584 318 2603 371 l

3536 315 3635 368 “6

382 423 433 463 et
458 411 743 478 imperialis
782 410 995 475 stabuli,
1022 425 1127 480 quo
1158 419 1507 463 consueverat
1534 411 1711 463 omnis
1740 410 1964 479 populus
1995 415 2036 470 Α
2072 420 2124 463 et
2157 407 2605 478 Iacrymabantur.
2639 406 2794 461 Pauci
2826 416 3001 460 autem
3033 406 3397 459 ministrorum
3427 405 3639 460 Satanae

385 502 669 556 convenire
690 510 743 557 et
764 510 1076 571 exspectare
1100 499 1360 553 sacellarii
1386 500 1705 569 ingressum.
1727 501 1969 553 Circum-

383 592 647 646 dederunt
666 608 786 647 eum
809 592 1173 654 excubitores,
1192 601 1411 658 eratque
1434 592 1678 645 omnibus
1694 601 1967 658 Spectacu-

388 683 494 735 lum
527 683 854 737 formidabile
875 682 1065 735 turbis.
1093 681 1218 736 Post
1242 683 1507 750 paululum
1531 681 1965 752 ergo,jusserunt

388 768 576 823 inferri
618 786 737 823 eum
785 770 835 824 in
879 770 1130 824 solarium
1174 771 1541 838 expositionis,
1590 780 1646 824 ut
1680 780 1823 826 esset
1860 772 1963 836 ibi,

389 867 646 925 quatenus
672 859 998 928 prospiceret
1029 861 1319 928 imperator
1334 876 1433 927 per
1459 860 1732 915 cancellos
1755 862 1964 915 triclinii

389 947 471 1001 sui
513 961 575 1001 ea
621 964 741 1017 quae
768 950 943 1004 futura
974 960 1122 1004 erant
1152 951 1285 1004 fieri.
1334 951 1459 1004 Erat
1487 953 1660 1019 itaque
1688 952 1968 1006 multitudo

392 1039 714 1107 populorum
748 1056 914 1110 usque
959 1043 1023 1095 ad
1071 1042 1502 1111 hippodromium
1551 1043 1793 1097 conferta
1835 1058 1963 1097 cou-

385 1131 708 1185 venientium
742 1132 873 1187 illic.
921 1134 1238 1188 Statuerunt
1284 1148 1410 1201 ergo
1458 1132 1955 1187 reverentissimum

382 1220 554 1273 virum
587 1221 639 1274 in
673 1222 848 1276 medio
878 1221 1060 1276 solarii
1105 1222 1503 1289 dispositionis,
1551 1223 1837 1291 praesentia
1880 1233 1961 1275 ln—

387 1309 494 1363 tius
526 1320 745 1364 senatus
775 1312 1061 1366 subnixum
1097 1312 1220 1366 hinc
1252 1323 1304 1367 et
1337 1313 1479 1366 inde.
1523 1313 1679 1367 Facta
1722 1324 1805 1370 est
1832 1329 1961 1383 ergo

383 1402 710 1470 constipatio
741 1404 914 1459 subito
947 1420 1051 1458 non
1086 1406 1303 1459 minima
1326 1448 1339 1471 ,
1373 1418 1421 1462 et
1456 1406 1641 1460 exiens
1682 1407 1750 1461 ab
1797 1408 1963 1475 impe-

384 1502 563 1548 ratore
594 1494 901 1549 sacellarius
926 1498 1122 1563 apertis
1144 1496 1323 1565 januis
1354 1498 1570 1551 triclinii
1596 1499 1647 1551 in
1673 1498 1925 1551 solarium
1944 1541 1958 1565 ,

385 1584 623 1639 dividere
655 1586 965 1639 universum
999 1588 1253 1656 popultttn
1281 1588 1462 1657 jussit.
1515 1588 1854 1656 Veniensque
1893 1588 1959 1641 ad

386 1684 625 1729 sanctum
660 1690 721 1729 ac
754 1676 1114 1731 venerabilem
1162 1677 1329 1731 virum
1376 1678 1658 1732 Martinam
1705 1680 1958 1745 apostoli-

384 1781 505 1820 cum
529 1808 544 1832 ,
578 1768 710 1820 dixit
739 1767 803 1821 ad
836 1784 957 1821 eum
986 1786 996 1819 :
1032 1768 1164 1824 Vide
1211 1771 1479 1838 quomodo
1524 1771 1663 1825 Deus
1694 1781 1745 1826 te
1775 1772 1961 1835 duxit,

382 1866 437 1912 et
485 1857 702 1911 tradidit
751 1858 801 1911 in
849 1874 1039 1912 manus
1088 1871 1319 1916 nostras.
1365 1861 1444 1916 Tu
1491 1863 1747 1918 nitebaris
1774 1874 1960 1918 contra

387 1946 765 2016 imperatorem
790 1990 803 2010 ,
838 1950 962 2016 quid
998 1950 1088 2003 tibi
1119 1952 1231 2019 spei
1260 1951 1420 2006 erat?
1455 1951 1594 2007 Ecce
1626 1952 1961 2022 dereliquisti

389 2038 575 2103 Deum,
617 2049 672 2092 et
715 2040 827 2094 deri
850 2040 1002 2107 liquit
1034 2050 1083 2094 te
1108 2040 1269 2095 Deus.
1296 2041 1356 2095 Et
1384 2043 1640 2097 continuo
1658 2042 1963 2097 exclamans

387 2128 697 2183 saccllarius
728 2128 1011 2198 quemdam
1044 2132 1331 2185 astantium
1365 2133 1734 2187 excubitorum
1781 2141 1961 2188 tonso-

386 2234 499 2272 rem
523 2260 536 2281 ,
571 2219 820 2287 prmcepit
851 2218 969 2274 sine
997 2234 1148 2273 mora
1177 2220 1393 2276 auferre
1440 2220 1737 2289 psacltnion
1767 2220 1959 2274 summi

386 2317 439 2361 et
466 2308 744 2374 apostolici
777 2316 937 2375 atque
986 2308 1235 2377 praecipui
1269 2310 1499 2376 pastoris
1534 2308 1962 2363 omnium‘Cbri-

384 2398 700 2461 stianorum,
728 2397 814 2465 qui
838 2398 1197 2451 orthodoxam
1222 2410 1529 2453 sanctorum
1561 2400 1777 2454 Patrum
1803 2408 1855 2453 et
1875 2414 1963 2470 sy-

389 2493 651 2543 nodorum
683 2488 1104 2557 confessionem,
1137 2488 1237 2544 hoc
1259 2498 1359 2552 est,
1396 2490 1578 2556 fidem,
1612 2491 1960 2554 confirmavit,

388 2588 441 2632 et
472 2577 593 2631 novi
625 2578 823 2632 erroris
854 2589 1072 2633 exortes
1102 2590 1348 2635 auctores
1370 2622 1384 2646 ,
1428 2596 1631 2649 novos,
1672 2581 1961 2649 videlicet,

390 2667 704 2734 hatreticos,
734 2682 852 2722 cum
886 2669 1060 2737 impiis
1101 2669 1441 2740 dogmatibus
1482 2686 1683 2733 eorum,
1710 2674 1964 2728 canonice

382 2768 437 2815 et
483 2759 737 2830 synodice
783 2761 1277 2819 anathematizavit.
1331 2762 1462 2818 Cum
1508 2778 1637 2833 ergo
1686 2762 1964 2819 incidisset

386 2852 679 2923 psachniou
710 2854 849 2910 beati
882 2854 977 2907 viri
1008 2855 1308 2921 excubitor,
1342 2864 1397 2911 et
1427 2856 1710 2924 corrigiam
1741 2871 1961 2925 compa-

388 2947 596 3016 giorum
627 2945 743 3015 ejus
764 2986 780 3011 ,
813 2947 991 3001 statim
1031 2949 1248 3003 tradidit
1275 2964 1394 3005 eum
1427 2950 1741 3011 sacellarius
1772 2950 1961 3020 pracfe-

387 3048 476 3095 clo
508 3039 656 3094 urbis
676 3080 690 3102 ,
722 3040 910 3095 dicens
936 3058 949 3094 :
982 3041 1133 3096 'folle
1163 3058 1283 3097 eum
1304 3083 1318 3106 ,
1353 3042 1568 3097 domine
1599 3043 1877 3111 praefecte,
1904 3052 1963 3098 'et

381 3133 634 3185 continuo
653 3134 989 3187 membratim
1011 3133 1186 3189 incide
1210 3134 1376 3188 illum.
1396 3135 1527 3188 Cum
1554 3133 1637 3187 his
1654 3144 1831 3190 autem
1851 3151 1965 3190 om-
1991 3108 2037 3171 θ

383 3221 537 3277 nibus
563 3222 727 3290 jussit
758 3224 1054 3278 astantibus
1082 3224 1534 3278 anathematizare
1562 3240 1710 3289 eum,
1739 3229 1879 3295 quod
1912 3237 1964 3281 et

384 3309 649 3366 fecerunt.
683 3312 797 3366 Non
825 3313 1215 3381 responderunt
1244 3326 1420 3368 autem
1452 3314 1820 3383 hujuscemodi
1846 3317 1962 3370 voci

385 3400 570 3470 viginti
601 3400 833 3455 virorum
858 3403 1069 3456 animae.
1097 3402 1203 3457 Sed
1231 3418 1417 3459 omnes
1441 3405 1635 3474 quique
1662 3405 1761 3459 hoc
1791 3406 1963 3474 ipsum

384 3487 437 3541 vi
460 3489 673 3554 lebant,
703 3501 758 3545 et
783 3490 1026 3543 sciebant
1050 3491 1172 3560 quia
1203 3500 1285 3545 est
1320 3491 1457 3546 Deus
1492 3495 1543 3545 iu
1577 3495 1715 3548 coelo
1741 3508 1965 3559 conspe-

386 3588 504 3633 ctor
534 3593 720 3633 eorum
754 3596 872 3648 qua:
907 3580 1136 3644 fiebant,
1172 3582 1405 3637 demisso
1438 3584 1590 3639 vultu
1630 3601 1752 3640 cum
1798 3592 1963 3642 multa

382 3667 748 3722 mmstitudine
772 3670 1096 3725 recedebant
1115 3681 1137 3707 α
1165 3672 1426 3729 tribulati.
1452 3675 1816 3745 Suscipientcs
1837 3694 1965 3748 ergo

382 3774 503 3813 eum
543 3760 821 3814 carnifices
846 3802 860 3824 ,
892 3772 1154 3815 exuerunt
1185 3764 1423 3819 exterius
1453 3766 1571 3835 ejus
1616 3768 1829 3834 pallium
1874 3785 1965 3822 sa-

381 3847 677 3902 cerdotalis
726 3849 911 3917 stolae,
964 3860 1018 3905 et
1066 3852 1372 3910 scindentes
1415 3856 1525 3909 alas
1572 3859 1797 3924 tunicae,
1845 3874 1965 3928 quas

380 3948 488 3994 erat
525 3941 751 3995 interius
791 3957 820 3996 a
852 3957 1063 3997 summo
1112 3958 1278 4014 usque
1322 3946 1574 4001 deorsum
1599 3987 1615 4013 ,
1661 3949 1967 4019 circumpo-

379 4039 604 4085 suerunt
635 4032 807 4085 ferrea
837 4033 1051 4087 vincula
1085 4033 1137 4088 in
1169 4044 1407 4090 sanctam
1438 4037 1554 4105 ejus
1576 4037 1885 4105 cervicem,
1911 4049 1966 4095 et

391 4138 486 4192 per
514 4137 675 4178 omne
706 4139 900 4193 corpus
931 4124 1049 4195 ejus
1081 4124 1351 4182 trahentes
1393 4142 1515 4182 eum
1547 4127 1634 4198 vi,
1687 4145 1792 4184 non
1837 4146 1966 4186 con-

389 4226 667 4270 cesserunt
700 4219 918 4286 penitus
948 4220 995 4273 ei
1029 4220 1221 4275 alicubi
1252 4221 1508 4286 residere,
1538 4231 1591 4276 et
1616 4224 1851 4278 animam
1882 4240 1965 4279 re-

388 4306 651 4373 focillare,
683 4309 775 4362 sed
807 4324 835 4363 a
871 4311 1073 4379 palatio
1101 4312 1363 4367 duxerunt
1394 4329 1518 4368 eum
1549 4316 1881 4384 publicautes
1910 4325 1965 4371 et

384 4398 801 4452 debonestantes
830 4414 925 4469 per
956 4400 1187 4457 medium
1231 4404 1461 4460 civitatis
1506 4406 1571 4459 ad
1617 4408 1922 4474 praetorium
1948 4448 1963 4471 ,

2072 499 2376 569 gaudebant
2397 539 2411 562 ,
2442 508 2494 551 et
2523 497 2918 551 subsannabant
2939 538 2954 562 ,
2983 506 3039 551 et
3066 498 3240 563 capita
3274 505 3637 559 transeuntes,

2070 590 2205 643 sicut
2255 589 2510 656 scriptum
2555 595 2670 652 est,
2718 588 3031 651 movebant,
3081 586 3358 641 dicentes:
3411 586 3509 641 Ubi
3561 596 3644 642 est

2071 679 2209 735 Deus
2241 681 2356 749 ejus
2380 720 2396 745 ,
2428 689 2480 734 et
2511 680 2596 732 ubi
2627 679 2763 733 fides
2791 680 2924 747 ejus,
2957 690 3008 733 et
3039 679 3125 732 ubi
3156 678 3399 733 doctrina
3432 681 3641 749 ipsius?

2068 771 2170 838 Qui
2204 786 2326 825 cum
2355 772 2593 825 venisset
2625 771 2676 823 in
2722 770 3027 839 prmtorium
3072 768 3489 835 dehonestatus,
3520 782 3571 825 et
3610 784 3640 824 a

2068 861 2405 917 carnificibus
2434 864 2733 917 vinculatus
2758 877 2877 916 cum
2906 862 3116 931 gladiis,
3144 862 3488 930 conjecerunt
3518 877 3647 918 curr—

2070 952 2121 1003 in
2173 966 2333 1005 unum
2379 966 2654 1007 carcerum
2701 968 2821 1007 cum
2871 952 3188 1013 ltomicidis.
3219 963 3271 1005 et
3316 962 3434 1020 post
3482 968 3638 1005 unam

2068 1043 2214 1108 quasi
2248 1042 2432 1095 horam
2465 1043 2699 1097 tulerunt
2728 1058 2846 1096 cum
2889 1042 3046 1106 inde,
3094 1053 3144 1096 et
3190 1052 3633 1109 trausposuerunt

2070 1130 2121 1184 in
2151 1144 2267 1184 eam
2301 1146 2418 1198 quae
2450 1131 2644 1184 dicitur
2678 1131 2945 1185 Diomedis
2976 1131 3249 1195 custodia,
3295 1132 3346 1185 in
3394 1131 3643 1199 przetorio

2069 1221 2331 1289 praefecti.
2362 1221 2528 1276 Tanta
2558 1231 2735 1276 autem
2765 1222 3015 1276 instantia
3044 1230 3098 1275 et
3126 1222 3174 1275 vi
3208 1224 3491 1276 trahebant
3519 1236 3641 1278 eum

2068 1313 2304 1366 vinculis
2336 1328 2573 1379 nexum,
2608 1322 2663 1366 ut
2697 1313 3085 1367 dilaniarentur
3114 1328 3268 1366 crura
3301 1322 3356 1368 et
3403 1314 3634 1382 poplites

2068 1405 2185 1473 ejus
2204 1444 2219 1470 ,
2253 1414 2306 1460 et
2336 1404 2552 1473 sanguis
2582 1402 2827 1459 efflueret
2858 1417 2951 1471 per
2980 1416 3262 1457 ascensum
3293 1404 3453 1457 scale
3482 1402 3624 1471 ejus-

2074 1498 2196 1551 dem
2227 1497 2505 1551 custodiae.
2539 1496 2677 1551 Sunt
2706 1498 2847 1551 enim
2880 1494 3146 1563 scopulosi
3177 1502 3231 1550 et
3258 1494 3432 1561 asperi
3464 1494 3641 1557 valde,

2066 1601 2129 1641 ac
2164 1586 2379 1655 penitus
2428 1588 2478 1640 in
2528 1588 2695 1640 altum
2741 1586 2973 1657 porrecti
3018 1584 3242 1654 gradus.
3294 1586 3420 1640 Erat
3463 1594 3642 1640 autem

2067 1677 2185 1746 ipse
2230 1677 2419 1731 beatus
2461 1678 2745 1745 praesentis
2784 1676 2908 1730 vita:
2949 1676 3223 1743 proximus
3257 1674 3368 1744 jam
3408 1689 3597 1730 carere
3624 1718 3638 1741 ,

2000 1766 2042 1826 Β
2069 1768 2347 1835 suppliciis
2378 1768 2560 1834 anima
2591 1766 2878 1821 deficiente
2904 1766 3065 1820 etiam
3089 1776 3214 1820 ante
3239 1765 3496 1834 gladium,
3521 1779 3641 1819 cum

2059 1858 2167 1925 jam
2192 1872 2296 1911 non
2320 1858 2520 1911 valeret
2540 1855 2908 1910 conscendere
2933 1870 3052 1909 cum
3079 1869 3138 1909 se
3166 1854 3523 1909 trahentibus.
3558 1854 3643 1908 ln-

2064 1952 2413 2005 troducentes
2468 1964 2601 2019 ergo
2651 1965 2772 2005 eum
2823 1948 3309 2019 quomodocumque
3360 1950 3410 2003 in
3458 1956 3641 2002 custo-

2062 2038 2205 2092 diam
2226 2077 2241 2103 ,
2274 2038 2622 2093 decidentem
2653 2039 2849 2107 saepius
2878 2048 2932 2093 et
2970 2047 3277 2107 surgentem
3300 2079 3314 2102 ,
3348 2047 3642 2107 posuerunt

2064 2130 2115 2184 iu
2148 2143 2374 2184 scamno
2403 2129 2651 2184 indutum
2693 2130 2880 2185 calibis
2917 2137 2972 2182 et
3009 2127 3234 2182 catenis.
3278 2127 3425 2181 Tunc
3468 2128 3645 2195 enirn,

2063 2221 2277 2289 quando
2310 2219 2540 2273 traditus
2571 2229 2653 2273 est
2683 2234 2711 2272 a
2744 2218 2945 2287 Caipha
2987 2216 3161 2271 Pilato
3201 2226 3256 2269 ut
3293 2214 3640 2284 cruciﬁgere-

2067 2319 2174 2376 tur,
2219 2310 2322 2365 hoc
2360 2320 2473 2375 est,
2516 2324 2547 2365 a
2607 2310 2894 2378 prtefecto,
2934 2308 3185 2363 continuo
3223 2322 3343 2360 cum
3383 2318 3646 2361 exuerent

2064 2416 2185 2457 eum
2217 2400 2539 2468 carnifices,
2592 2402 2830 2471 graviter
2861 2400 3130 2469 algoribus
3160 2399 3452 2453 vexabatur
3481 2417 3496 2464 ;
3528 2408 3645 2453 erat

2064 2493 2206 2550 enim
2242 2494 2598 2551 intolerabilis
2630 2495 2825 2550 hiems.
2854 2494 3226 2563 lmposuerunt
3252 2493 3299 2547 ei
3326 2492 3640 2561 gravissima

2065 2586 2194 2641 ferri
2249 2587 2488 2656 pondera
2513 2627 2529 2652 ,
2570 2599 2624 2643 et
2656 2589 2836 2642 nullus
2876 2587 3063 2643 aderat
3105 2586 3154 2641 ei
3196 2586 3472 2641 hominum
3523 2585 3643 2653 ejus

2067 2677 2313 2745 proprius
2336 2718 2352 2742 ,
2390 2685 2620 2746 excepto
2660 2692 2765 2731 uno
2821 2676 3160 2732 solummodo
3197 2677 3394 2731 clerico
3456 2675 3641 2731 adole.

2063 2773 2278 2829 scente;
2309 2764 2509 2833 quique
2534 2778 2881 2820 rommanens
2908 2764 2957 2819 ei
2988 2771 3037 2819 in
3067 2764 3329 2829 custodia,
3361 2774 3415 2817 et
3446 2778 3634 2831 super-

2066 2864 2218 2908 stans
2258 2855 2660 2910 lamentabatur
2701 2855 3047 2924 magistrum,
3088 2855 3227 2908 sicut
3268 2853 3477 2908 Petrus.
3514 2853 3642 2907 Erat

2064 2948 2225 3002 etiam
2266 2948 2585 3003 convinctus
2634 2949 2892 3017 magister
2936 2946 3193 3002 custodite
3232 2946 3408 3001 eidem
3458 2946 3642 3014 beato,

2064 3039 2317 3106 quoniam
2350 3038 2430 3093 sic
2459 3046 2575 3092 erat
2610 3053 2759 3104 mos,
2793 3046 2852 3091 ut
2885 3037 3096 3091 futurus
3127 3035 3232 3103 pati
3282 3051 3375 3104 per
3416 3035 3643 3104 gladium

2068 3128 2471 3184 c0nvinciretur
2522 3129 2784 3197 magistro
2831 3128 3117 3183 custodiat.
3162 3128 3327 3182 Erant
3363 3142 3491 3196 ergo
3528 3126 3646 3182 dum

2072 3220 2363 3284 mulieres,
2395 3220 2628 3290 genitrix
2660 3228 2714 3273 et
2744 3230 2902 3287 nata,
2938 3219 3345 3289 praenominatat
3389 3217 3646 3272 custodiae

2067 3312 2245 3366 claves
2289 3320 2566 3377 tenentes,
2608 3327 2835 3381 qumque
2876 3311 3203 3378 aspicientes
3250 3311 3641 3377 importabilem

2068 3402 2310 3457 dolorem
2344 3404 2519 3456 sancti
2554 3403 2698 3456 illius
2719 3440 2734 3466 ,
2765 3403 2854 3471 qtti
2890 3403 3029 3456 inter
3062 3411 3139 3454 tot
3170 3416 3445 3469 poenarum
3474 3415 3642 3467 gene-

2068 3506 2170 3557 ra,
2226 3506 2347 3560 qua:
2401 3492 2658 3553 aderant,
2712 3492 2895 3561 algore
2944 3492 3283 3560 quatiebatur
3320 3489 3644 3551 durissimo,

2074 3591 2237 3638 motae
2268 3585 2758 3650 compassiouibus,
2792 3583 3107 3651 quaerebant
3133 3583 3366 3651 aliquam
3395 3580 3647 3636 exhibere

2067 3674 2494 3730 misericordiam
2536 3690 2654 3729 eum
2685 3689 2751 3730 eo
2771 3714 2786 3740 ,
2818 3685 2870 3729 et
2899 3684 3188 3744 contegere
3221 3688 3341 3728 eum
3366 3713 3382 3739 ,
3413 3672 3506 3726 sed
3541 3686 3646 3725 non

2065 3768 2340 3821 audebant
2372 3776 2593 3836 propter
2618 3767 2960 3821 convinctum
3005 3775 3059 3821 et
3097 3766 3489 3820 custodientem
3530 3778 3647 3818 car-

2068 3855 2300 3910 nificem.
2331 3856 2595 3910 Putabant
2618 3856 2758 3910 enim
2789 3866 3026 3911 actutum
3056 3867 3331 3910 venturam
3359 3867 3641 3909 censuram

2068 3956 2127 4001 ut
2172 3948 2552 4002 trucidaretur.
2613 3948 2740 4002 Post
2789 3948 3043 4017 quasdam
3094 3962 3228 4001 vero
3274 3948 3472 4007 horas.
3523 3961 3645 4000 eum

2068 4049 2357 4094 vocassent
2388 4041 2607 4107 quidam
2641 4041 2708 4094 ab
2740 4041 2852 4095 imo
2884 4057 2948 4095 ex
2990 4040 3177 4095 ordine
3221 4039 3435 4095 militari
3477 4039 3645 4108 magi-

2068 4138 2235 4182 strum
2268 4129 2463 4198 vigiliae
2509 4138 2532 4167 ο
2579 4130 2887 4183 carnificum
2914 4172 2929 4197 ,
2985 4126 3347 4183 descendente
3393 4143 3495 4192 eo,
3545 4141 3648 4182 una

2069 4220 2353 4274 mulierum
2386 4220 2780 4288 ergastulorum
2818 4220 3036 4274 illorum
3069 4220 3280 4287 pietatis
3310 4220 3516 4273 viscere
3544 4217 3648 4271 du-

2068 4322 2174 4377 cta,
2205 4312 2493 4376 accedens,
2523 4314 2962 4381 amplectensque
2994 4311 3303 4365 bellatorem
3353 4310 3553 4364 Christi
3587 4319 3643 4365 et

2074 4404 2431 4469 apostolicum
2467 4405 2678 4458 Patrem
2703 4446 2718 4469 ,
2752 4412 3078 4471 portansque
3107 4403 3388 4457 reclinavit
3416 4418 3539 4458 eum
3585 4405 3637 4456 in

383 4496 439 4540 et
467 4488 675 4558 gladius
701 4502 881 4543 coram
913 4505 997 4545 eo.
1024 4492 1150 4546 Erat
1176 4504 1351 4549 autem
1376 4496 1528 4552 dolor
1554 4512 1776 4564 magnus
1803 4495 1965 4553 beato
1999 4474 2046 4534 θ
2081 4494 2299 4560 proprio
2344 4503 2461 4547 toro
2493 4508 2623 4558 suo,
2657 4502 2950 4562 conti-gens
2998 4492 3194 4546 utiliter
3241 4501 3295 4547 et
3339 4492 3644 4546 involvens.

384 4576 497 4640 illi,
530 4586 583 4629 et
614 4577 1033 4634 inenarrabilis:
1086 4583 1283 4651 oppido
1330 4586 1473 4638 enim
1527 4596 1643 4641 erat
1690 4585 1868 4643 fessus
1913 4597 1967 4643 et

387 4668 667 4735 infirmus,
700 4685 810 4739 pra:
846 4672 1007 4726 tantis
1040 4674 1395 4729 incommodis
1426 4676 1635 4731 futurus
1664 4680 1967 4750 relinqui-re

384 4760 617 4813 animam
649 4775 677 4814 a
712 4775 962 4830 pressura
994 4763 1302 4832 passionum
1331 4774 1384 4819 et
1412 4766 1672 4821 tenuitate
1699 4769 1964 4837 corporis.

386 4851 635 4904 Attamen
668 4851 909 4921 gaudens
939 4868 1033 4919 spe
1063 4853 1467 4909 coufortabatur
1510 4856 1563 4909 in
1598 4856 1826 4911 Domino
1854 4876 1870 4923 ;
1915 4869 1969 4913 et

386 4957 493 5013 quo
524 4946 694 5016 magis
725 4960 848 4999 cum
881 4945 1169 5002 afflictione
1212 4958 1263 5001 et
1304 4948 1352 5001 vi
1398 4950 1729 5014 trahebatur,
1777 4966 1842 5003 eo
1884 4965 1968 5005 se-

386 5051 519 5093 reno
547 5037 733 5092 obtutu
764 5038 952 5093 ductus
980 5053 1100 5093 cum
1134 5039 1300 5094 multa
1328 5039 1630 5093 constantia
1662 5040 1854 5095 animae
1882 5041 1968 5109 ju-

388 5141 532 5194 stus,
561 5144 682 5185 cum
714 5145 820 5185 uno
849 5130 1189 5186 solummodo
1220 5130 1534 5186 indumento
1561 5148 1588 5184 a
1617 5146 1832 5187 summo
1860 5133 1970 5186 dis-

385 5220 526 5276 cisso
556 5222 608 5275 in
637 5222 770 5277 duas
801 5230 1003 5292 partes,
1037 5232 1091 5277 et
1118 5223 1236 5276 sine
1263 5223 1524 5277 cinctorio
1553 5223 1885 5292 sequebatur
1912 5222 1965 5291 δ,

385 5311 519 5366 adeo
550 5320 606 5366 ut
628 5312 881 5367 interiora
913 5312 1028 5383 ejus
1058 5312 1450 5380 quodammodo
1481 5311 1620 5365 nuda
1656 5312 1963 5379 panderen-

388 5411 495 5468 tur,
526 5412 579 5459 et
610 5404 890 5459 multifaria
921 5405 1135 5475 quidem
1167 5404 1424 5459 continuo
1468 5405 1784 5471 populorum
1833 5420 1964 5460 con-

390 5494 590 5562 spectis
614 5509 731 5564 qua:
762 5494 988 5565 fiebant,
1016 5496 1331 5565 gemebant,
1364 5503 1421 5549 ut
1447 5495 1723 5549 veritatem
1754 5496 1927 5551 dicam
1947 5538 1960 5561 ,

460 5635 485 5661 ⁸
528 5626 710 5691 Rom.,
745 5629 957 5682 turbati.

458 5692 488 5734 ι’
530 5698 682 5768 Hom.
731 5699 807 5751 sic
853 5699 1013 5768 legit:
1062 5698 1382 5766 Sequebatur
1425 5698 1498 5768 vir
1538 5706 1731 5759 tantus,
1773 5698 1875 5763 ﬁde
1918 5711 1965 5752 et

390 5768 556 5840 gratia
592 5766 799 5822 Domini
828 5766 1044 5826 cinctus.
1084 5769 1224 5838 Heu,
1258 5771 1386 5840 proh
1417 5767 1564 5823 dolor
1584 5769 1603 5823 .’
1630 5785 1856 5823 cernercs
1884 5771 1962 5822 ri-

2074 4584 2271 4638 Mansit
2310 4595 2487 4637 autem
2536 4598 2704 4650 usque
2750 4583 2815 4637 ad
2863 4598 3143 4652 vesperum
3187 4583 3305 4637 sine
3345 4597 3498 4638 voce.
3535 4582 3646 4638 Ve-

2069 4688 2227 4739 spere
2256 4683 2434 4727 autem
2467 4671 2638 4738 facto,
2673 4674 2818 4727 misit
2847 4673 2912 4727 ad
2944 4688 3064 4727 eum
3107 4673 3399 4743 Gregorius
3445 4673 3643 4742 praefe-

2068 4771 2188 4818 ctus
2219 4763 2493 4817 eunuchus
2519 4777 2589 4817 ex
2626 4761 2971 4817 cubiculariis
3003 4762 3262 4831 majorem
3291 4761 3485 4817 domus
3511 4776 3645 4827 suae,

2069 4872 2191 4911 cum
2246 4856 2425 4924 parvis
2470 4855 2685 4909 cibariis
2705 4894 2722 4920 ,
2753 4857 2841 4923 qui
2890 4855 3080 4909 refecit
3125 4869 3245 4909 eum
3267 4894 3282 4921 ,
3313 4853 3495 4908 dicens
3522 4868 3539 4907 :
3570 4852 3650 4907 Ne

2072 4945 2291 5000 deficias
2324 4947 2373 4999 in
2408 4943 2860 5005 tribulationibus,
2885 4942 3205 4997 confidimus
3237 4943 3288 4996 in
3321 4943 3509 5003 Deum,
3540 4955 3647 4995 non

2072 5037 2340 5093 morieris.
2377 5037 2430 5090 In
2461 5050 2567 5105 quo
2595 5037 2764 5105 magis
2803 5044 3120 5104 aggravatus
3152 5033 3243 5088 ille
3276 5033 3461 5087 beatus
3494 5034 3649 5100 inge-

2072 5131 2224 5183 mult.
2257 5128 2607 5183 Abstulerunt
2636 5138 2814 5182 autem
2847 5127 3016 5182 ferrea
3054 5127 3257 5181 vincula
3287 5126 3547 5179 continuo
3579 5126 3649 5179 ab

2070 5236 2156 5275 eo.
2191 5220 2447 5287 Sequenti
2478 5234 2609 5273 vero
2638 5219 2726 5274 die
2756 5219 2943 5274 abiens
2990 5220 3278 5285 imperator
3322 5218 3374 5270 in
3421 5217 3648 5283 patriar-

2073 5312 2258 5365 cltium
2292 5310 2500 5365 visendi
2544 5310 2711 5378 gratia
2756 5310 2975 5363 Paulum
3019 5308 3374 5375 patriarcbam
3418 5307 3644 5376 (proxi-

2069 5417 2187 5456 mus
2219 5403 2359 5456 enim
2393 5411 2509 5455 erat
2540 5400 2739 5470 morti)
2773 5400 3008 5453 narravit
3040 5398 3090 5452 ei
3123 5412 3244 5466 qutr
3274 5404 3645 5451 consummata

2069 5501 2193 5547 sunt
2226 5491 2277 5545 in
2309 5492 2709 5546 sanctissimum
2739 5492 2933 5545 virum.
2968 5487 3329 5558 ingemiscens
3358 5499 3485 5541 vero
3514 5484 3647 5538 Pau-

2068 5644 2183 5681 rum
2216 5625 2322 5679 Deo
2356 5626 2559 5694 plenum
2591 5630 2736 5678 tanta
2766 5622 3038 5694 opprobrio
3069 5621 3352 5693 subjectum
3375 5656 3390 5687 ,
3425 5627 3481 5673 ut
3509 5617 3645 5672 inte-

2068 5702 2203 5753 riora
2222 5741 2234 5755 .
2263 5706 2366 5750 etc.

2146 5780 2167 5809 ε
2216 5768 2365 5823 Rottt.
2390 5807 2403 5831 ,
2433 5764 2722 5820 carceralis.
