4018 6184
332 304 428 359 H7

1619 296 1895 355 ΝΟῚῚἸῚΑ
1939 298 2324 353 lllSTORICA.

3508 304 3607 358 H8

328 440 445 500 lus,
474 443 528 490 et
559 444 861 488 conversus
906 431 972 485 ad
1007 430 1264 499 parietem
1298 429 1433 484 dixit
1462 448 1475 484 :
1519 428 1615 485 Hei
1662 429 1790 483 mihi
1817 430 1831 483 !
1864 438 1917 482 et
1947 432 1997 489 Α
2024 439 2152 495 ergo
2175 426 2228 480 in
2254 424 2649 480 miserabilibus
2675 422 2982 479 hominibus
3008 425 3122 478 haec
3146 424 3278 480 ﬁunt
3298 466 3311 487 ,
3338 428 3428 496 qui
3460 429 3607 483 venit

329 531 432 582 hoc
460 528 528 580 ad
556 524 941 578 abundantiam
966 522 1293 590 judiciorum
1326 536 1566 576 meorum
1597 528 1777 575 actum
1806 532 1911 575 eat.

330 620 687 674 Percontatus
718 627 897 669 autem
928 615 997 668 ab
1038 614 1364 681 imperatore
1409 612 1762 681 quamobrem
1814 612 1914 666 hoc

327 710 560 774 dixerit,
595 706 876 774 respondit
909 721 924 759 :
955 704 1327 773 Nunquidnam
1355 746 1370 769 ,
1403 704 1656 770 domine,
1691 720 1796 758 non
1830 715 1914 759 est

330 799 643 855 miserabile
670 798 796 851 talia
827 796 934 865 pati
960 796 1281 866 pontifices?
1304 795 1455 849 Tunc
1478 795 1735 849 attentius
1764 794 1917 863 adju-

330 892 469 943 ravit
496 890 882 957 imperatorem
910 885 1161 940 sufﬁcere
1184 886 1232 939 ei
1263 885 1314 938 in
1341 885 1423 939 bis
1448 900 1569 956 qua:
1599 900 1786 954 passus
1812 894 1916 950 est,

328 981 577 1050 nihilque
604 979 839 1048 amplius
865 977 1151 1031 sustinere.
1186 976 1338 1032 Unde
1360 977 1583 1033 audiens
1611 977 1798 1031 beatus
1827 976 1918 1031 ille

329 1086 393 1125 ac
420 1070 755 1139 apostolicus
779 1071 880 1132 vir,
904 1069 1046 1137 quod
1077 1083 1183 1122 non
1208 1067 1446 1136 suscepit
1468 1067 1610 1137 quod
1638 1077 1920 1136 exspecta-

335 1164 431 1217 bat
453 1203 468 1227 ,
502 1178 608 1215 non
638 1168 850 1230 gratum
902 1157 1088 1213 habuit
1116 1159 1224 1212 tale
1262 1159 1613 1226 promissum,
1644 1158 1738 1213 sed
1771 1158 1921 1228 peni-

333 1266 416 1309 tus
440 1264 665 1309 inmstus
689 1253 914 1308 effectus
937 1259 1042 1307 est.
1072 1251 1383 1306 Festinabat
1407 1251 1551 1305 enim
1576 1251 1798 1319 explere
1825 1251 1921 1304 bo-

328 1363 460 1401 num
494 1356 768 1401 certamen
791 1385 807 1411 ,
836 1351 894 1399 et
922 1342 1070 1397 abire
1103 1342 1169 1396 ad
1198 1357 1319 1396 eum
1348 1357 1505 1411 quem
1553 1339 1917 1396 desiderabat.

336 1437 545 1491 Interea
576 1435 837 1490 defuncto
871 1434 1069 1496 Paulo,
1100 1445 1154 1488 et
1186 1433 1393 1502 Pyrrho
1423 1432 1661 1486 residere
1692 1432 1917 1498 nitente,

328 1535 494 1597 atque
523 1524 848 1594 quibusdam
885 1523 1140 1579 Ecclesia:
1167 1522 1665 1579 contradicentibus
1695 1531 1750 1577 et
1790 1536 1916 1592 pro-

332 1616 682 1681 hibentibus,
717 1614 1069 1683 libellumque
1099 1613 1220 1684 ejus
1250 1613 1647 1683 publicantibus
1690 1616 1743 1669 in
1777 1614 1920 1682 pala-

336 1707 438 1770 tio,
464 1706 940 1775 asserentibusque
969 1705 1222 1773 quoniam
1253 1714 1307 1761 et
1336 1721 1367 1760 a
1401 1705 1718 1761 beatissimo
1750 1706 1919 1761 Paulo

2021 519 2185 573 etiam
2219 518 2548 572 honorabilis
2578 518 2717 570 sicut
2745 517 3066 586 episc0pus,
3095 521 3306 588 qualem
3335 529 3603 589 sumptqu

2019 609 2178 663 habet
2218 608 2531 677 suscipere?
2564 606 2698 660 Dicit
2739 607 2804 660 ad
2853 622 2976 661 eum
3031 608 3460 664 Demosthenes:
3495 610 3603 665 Nos

2017 702 2333 768 didicimus,
2367 702 2491 770 quia
2524 701 2573 754 vi
2607 701 2729 755 fecit
2759 700 2999 755 libellqu
3033 702 3265 771 Pyrrhus
3296 704 3509 772 Romae,
3540 715 3595 760 et

2022 794 2147 862 quia
2180 794 2353 863 lignea
2388 794 2595 847 vincula
2628 794 2912 859 sustinuit,
2942 805 2995 849 et
3021 796 3185 850 multa
3211 796 3441 851 dolenda
3478 814 3591 865 pas-

2018 901 2109 941 sus
2136 897 2239 941 εει.
2276 886 2576 954 Respondit
2626 886 2706 939 νὴ·
2752 885 2842 939 ille
2890 885 3110 950 beatus,
3157 897 3211 942 et
3252 888 3422 942 dixit:
3454 890 3594 944 Nihil

2021 978 2130 1032 tale
2159 976 2358 1032 factum
2391 985 2493 1031 est.
2526 977 2658 1031 Nam
2689 976 2789 1030 nisi
2821 977 2940 1044 quia
2989 978 3273 1033 formidine
3315 979 3476 1049 aliqui
3526 991 3607 1036 te-

2028 1078 2244 1138 nentur,
2276 1085 2380 1124 non
2410 1080 2634 1139 possunt
2663 1068 2801 1124 forte
2832 1069 2973 1138 loqui
3006 1072 3308 1126 veritatem.
3345 1071 3439 1125 llic
3470 1083 3599 1128 sunt

2020 1160 2481 1231 Constantinopoli
2517 1163 2768 1231 plurimi,
2799 1162 2887 1232 qui
2936 1172 3061 1217 tunc
3101 1177 3252 1219 erant
3295 1165 3479 1219 Romae
3504 1207 3519 1229 ,
3551 1177 3605 1222 ct

2019 1253 2197 1306 sciunt
2223 1269 2342 1321 quae
2374 1253 2443 1307 ibi
2476 1261 2625 1324 gesta
2656 1262 2801 1307 sunt.
2838 1251 2911 1308 Ex
2946 1254 3137 1323 quibus
3178 1255 3392 1310 interim
3435 1271 3602 1323 supe-

2020 1351 2131 1397 rest
2160 1344 2308 1397 Plato
2340 1344 2615 1413 patricius,
2644 1345 2734 1413 qui
2770 1353 2895 1397 tunc
2926 1344 3193 1398 exarchus
3222 1355 3338 1398 erat
3360 1386 3374 1407 ,
3408 1346 3609 1414 quique

2019 1432 2214 1489 direxit
2262 1433 2511 1489 homines
2562 1447 2688 1487 suos
2737 1441 2864 1487 tunc
2915 1434 2980 1486 ad
3030 1434 3295 1503 Pyrrhum
3346 1434 3606 1489 Romam:

2022 1523 2406 1590 percontamini
2436 1536 2558 1576 eum
2590 1522 2658 1575 de
2690 1520 2772 1575 bis
2813 1522 2859 1575 si
2903 1522 3155 1577 mentior.
3188 1520 3569 1577 Verumtamen
3590 1563 3605 1589 ,

2020 1613 2149 1681 quid
2181 1614 2427 1668 volumus
2473 1612 2702 1680 plurima
2750 1610 3039 1683 quaerere?
3086 1611 3223 1667 Ecce
3266 1614 3319 1666 in
3365 1612 3608 1668 manibus

2024 1710 2213 1763 vestris
2252 1708 2498 1763 retinetis
2531 1723 2618 1763 me
2643 1749 2658 1773 ,
2690 1719 2745 1762 et
2774 1706 3130 1776 quodcunque
3173 1706 3331 1761 vultis
3360 1721 3608 1761 consum-

330 1803 819 1858 anatliematizatus
846 1811 964 1866 est,
994 1800 1235 1872 Pyrrhus
1264 1800 1584 1869 reprobatus
1612 1812 1694 1857 est
1736 1818 1915 1857 sacer-
1948 1796 1992 1854 Β
2022 1810 2163 1853 male
2193 1801 2244 1854 in
2279 1815 2385 1864 me,
2418 1799 2530 1854 Deo
2561 1798 2874 1866 indulgente
2904 1799 2956 1851 in
3003 1807 3177 1852 vestra
3209 1807 3292 1851 est
3324 1805 3604 1866 potestate.

333 1896 487 1949 dotio
515 1904 736 1965 propter
762 1894 997 1969 libellum
1027 1907 1185 1961 quem
1215 1892 1417 1947 fecerat
1443 1893 1647 1956 Romae,
1672 1902 1726 1948 et
1752 1894 1916 1947 multa

330 1987 700 2039 commotione
732 1984 867 2038 facta
892 2023 907 2048 ,
943 1991 1066 2051 post
1093 1983 1211 2037 dies
1258 1994 1380 2038 octo
1423 1983 1674 2038 defuncto
1719 1984 1914 2049 Paulo,

326 2075 583 2144 dirigitur
611 2076 678 2129 ab
725 2076 1054 2143 imperatore
1083 2074 1149 2127 ad
1188 2074 1457 2129 Diomedis
1503 2075 1806 2129 custodiam
1852 2076 1919 2129 ad

330 2165 734 2236 magnanimum
766 2180 954 2235 papam
987 2166 1375 2221 Demosthenes
1400 2168 1696 2235 rescriptor
1723 2176 1779 2222 et
1804 2167 1917 2222 col-

326 2259 607 2313 laborator
636 2257 897 2313 sacellarii
919 2299 934 2322 ,
965 2268 1021 2313 et
1045 2258 1351 2313 libelliﬁcus
1377 2274 1499 2313 cum
1527 2273 1618 2314 eo.
1651 2259 1917 2314 Ιηιηιιιιιε

324 2367 461 2405 vero
498 2351 751 2405 dixerunt
779 2350 847 2404 ad
877 2365 1043 2406 eum:
1097 2351 1412 2407 Dominator
1459 2361 1643 2407 noster
1689 2352 1918 2407 eximius

324 2443 626 2510 imperator
656 2440 798 2495 misit
828 2455 925 2496 nos
955 2442 1019 2494 ad
1052 2449 1104 2496 te
1127 2482 1142 2504 ,
1174 2443 1365 2497 dicens
1393 2459 1406 2495 :
1458 2443 1597 2498 Ecce
1629 2443 1682 2499 in
1714 2454 1916 2512 quanta

320 2534 495 2603 gloria
532 2536 683 2604 prius
713 2535 1040 2599 consistens,
1073 2534 1126 2589 in
1158 2535 1370 2602 qualem
1400 2534 1645 2590 ordinem
1678 2539 1907 2606 teipsum

320 2625 563 2690 duxisti;
594 2639 755 2679 nemo
783 2624 876 2680 tibi
907 2624 1031 2679 fecit
1062 2624 1182 2689 hoc,
1214 2624 1308 2679 sed
1341 2632 1396 2679 tu
1429 2625 1543 2693 ipse
1574 2625 1915 2695 tibimetipsi.

326 2718 449 2785 Ipse
479 2726 661 2771 autem
695 2716 825 2770 nihil
867 2716 1009 2770 aliud
1054 2715 1363 2784 respondit,
1406 2714 1509 2769 nisi
1552 2716 1724 2770 solum
1769 2716 1915 2771 hoc:

322 2806 513 2861 Gloria
557 2818 613 2862 et
656 2807 947 2875 gratiarum
978 2808 1120 2861 actio
1151 2821 1247 2875 per
1275 2806 1453 2860 omnia
1488 2807 1590 2860 soli
1622 2807 1914 2861 imnn-rtali

322 2901 462 2970 regi.
502 2902 643 2955 Dicit
670 2901 734 2954 ad
762 2916 884 2956 eum
934 2902 1325 2955 Demosthenes
1369 2901 1679 2970 rescriptor.
1727 2901 1911 2971 Signi-

322 2993 511 3045 ficavit
543 2990 637 3046 tibi
667 2989 993 3058 dominator,
1025 2991 1113 3046 dic
1156 2992 1312 3048 nobis
1339 3007 1400 3047 ea
1436 3008 1554 3062 qua:
1598 2993 1664 3048 de
1714 2993 1916 3064 Pyrrho

319 3082 705 3151 expatriarclia
738 3082 824 3137 hic
849 3092 903 3138 et
934 3083 1117 3138 Roma
1146 3084 1541 3154 subsequenter
1570 3093 1718 3154 gesta
1759 3098 1906 3140 sunt.

322 3172 433 3226 Pro
462 3186 568 3240 qua
616 3187 776 3226 causa
827 3173 956 3227 abiit
1006 3174 1275 3229 Romam?
1316 3174 1543 3244 jussus,
1579 3191 1644 3231 an
1696 3177 1911 3246 proprio

321 3264 647 3332 proposito?
674 3264 1028 3333 Respondens
1058 3274 1282 3321 sanctus
1314 3282 1446 3336 papa
1478 3267 1616 3323 dixit
1642 3287 1654 3322 :
1689 3270 1913 3338 Proprio

322 3356 624 3421 proposito.
658 3356 744 3409 Ait
776 3356 1216 3413 Demosthenes:
1267 3356 1529 3413 Libellum
1575 3359 1723 3413 illum
1770 3377 1910 3431 quo-

321 3443 486 3497 modo
519 3443 681 3499 fecit?
706 3445 1064 3514 compellente
1091 3447 1314 3515 aliquo?
1347 3447 1645 3516 Respondit
1691 3460 1909 3506 sanctus

325 3532 450 3587 vir:
484 3533 744 3602 Nemine,
778 3536 871 3590 sed
902 3538 1114 3605 propria
1144 3538 1531 3606 propositione.
1586 3541 1910 3597 Demosthe-

321 3639 421 3678 nes
471 3625 684 3693 inquit:
746 3625 1002 3681 Veniente
1053 3628 1258 3698 Pyrrho
1314 3629 1579 3693 Romam,
1637 3634 1906 3701 quomodo

319 3717 562 3784 suscepit
591 3732 714 3771 cum
744 3726 964 3773 sanctus
1008 3719 1089 3773 vir
1133 3719 1451 3777 Theodorus
1496 3723 1751 3778 decessor
1783 3734 1906 3779 tuus

320 3822 455 3874 papa
483 3809 507 3861 ἲ
537 3809 615 3862 ιιιί
645 3810 953 3877 episcopum
982 3811 1005 3864 ἲ
1037 3812 1332 3880 ReSpondit
1371 3815 1689 3882 mquanimis
1739 3831 1905 3885 papa:

321 3897 391 3950 Et
426 3901 702 3968 quomodo
746 3903 897 3957 non?
940 3905 1026 3973 qui
1060 3904 1207 3970 prius
1235 3920 1394 3972 quam
1426 3908 1637 3962 veniret
1668 3908 1908 3980 Pyrrhus

322 3988 584 4055 Romam,
630 3992 913 4047 manifeste
952 3995 1171 4063 scripsit
1216 3997 1353 4061 huc,
1403 3997 1503 4052 hoc
1547 4007 1663 4064 est,
1715 4002 1902 4057 beatus

316 4080 639 4137 Theodorus
670 4084 734 4137 ad
768 4084 1011 4146 Paulum,
1046 4096 1103 4139 ut
1126 4098 1249 4154 pote
1279 4087 1345 4141 ad
1375 4102 1495 4143 eum
1531 4091 1621 4157 qui
1648 4091 1929 4147 indecens-

318 4169 543 4233 fecerit,
578 4182 632 4227 et
660 4173 881 4227 alterius
915 4174 1163 4230 thronum
1196 4177 1469 4232 invaserit.
1498 4179 1696 4235 Deinde
1726 4191 1903 4237 autem

315 4270 513 4326 sponte
556 4276 652 4315 sua
699 4264 889 4318 eodem
936 4265 1146 4335 Pyrrho
1176 4268 1425 4323 veniente
1465 4268 1688 4325 Romam
1720 4273 1785 4327 ad
1817 4288 1906 4330 ve-

316 4352 473 4420 stigia
516 4350 660 4405 beati
709 4354 886 4419 Petri,
927 4357 1197 4424 quomodo
1248 4374 1351 4413 non
1384 4360 1603 4415 haberet
1632 4378 1755 4418 eum
1786 4379 1906 4420 sus-

316 4444 497 4509 cipere
533 4457 828 4509 prmcessor
858 4460 1028 4510 meus,
1062 4453 1117 4501 et
1149 4446 1511 4516 honorare,ut
1535 4459 1660 4520 pote
1688 4454 1903 4519 episco-

2018 1891 2213 1960 Utique
2243 1892 2287 1945 si
2319 1892 2659 1945 membratim
2709 1889 2944 1944 inciditis
2985 1904 3178 1944 carnes
3224 1904 3408 1951 meas.
3452 1890 3606 1943 sicuti

2018 1980 2271 2049 praefecto
2297 1980 2546 2047 juSsistis
2583 1994 2704 2033 cum
2740 1994 2827 2034 me
2870 1979 3192 2043 traderetis,
3226 1994 3333 2032 non
3363 1995 3605 2033 commu-

2021 2070 2147 2123 nico
2177 2069 2434 2123 Ecclesia;
2461 2068 3092 2139 Constantinopolitanze.
3138 2070 3276 2125 Ecce
3320 2070 3408 2123 hic
3447 2085 3603 2136 sum,

2018 2160 2333 2213 examinate
2363 2173 2472 2225 me,
2501 2169 2557 2213 et
2586 2167 2807 2222 tentate,
2840 2168 2892 2212 et
2922 2158 3206 2213 invenietis
3236 2160 3606 2228 experimento

2018 2246 2251 2316 gratiam
2306 2248 2435 2313 Dei,
2494 2257 2551 2302 et
2603 2248 2838 2303 ﬁdelium
2889 2263 3165 2304 servorum
3218 2251 3354 2318 ejus.
3409 2250 3606 2304 lterum

2021 2336 2263 2407 Pyrrhus
2296 2337 2347 2390 in
2397 2337 2631 2393 medium
2676 2337 2858 2403 venit,
2906 2339 2997 2407 qui
3044 2339 3202 2392 toties
3244 2340 3603 2393 anathemati-

2028 2436 2179 2479 zatus
2210 2435 2265 2479 et
2299 2426 2533 2481 nudatus
2563 2437 2645 2481 cst
2672 2426 2854 2481 divino
2886 2428 3111 2483 honore.
3140 2427 3482 2499 Stupefactus
3510 2446 3607 2484 au-

2022 2528 2128 2572 tem
2161 2518 2555 2574 Demosthenes
2586 2520 2895 2588 rescriptor,
2928 2531 2983 2575 et
3011 2522 3285 2578 admirans
3316 2539 3476 2591 super
3508 2526 3609 2580 hac

2019 2629 2155 2669 voce
2186 2614 2503 2683 mquanimis
2549 2629 2702 2683 papa:
2741 2615 3020 2671 audaciam
3064 2617 3593 2686 atqueconstantiam

2021 2719 2119 2773 pro
2149 2705 2368 2758 Christo
2398 2704 2452 2758 in
2484 2714 2655 2759 morte
2687 2718 2782 2759 sua
2802 2744 2818 2769 ,
2851 2705 3096 2774 equidem
3137 2706 3206 2761 ad
3256 2708 3357 2762 hoc
3396 2709 3603 2777 positus

2021 2804 2137 2850 erat
2164 2796 2302 2848 calix
2335 2794 2621 2862 passionis.
2646 2794 2904 2850 Similiter
2927 2807 2981 2850 et
3009 2797 3060 2850 lii
3087 2798 3173 2865 qui
3205 2813 3601 2868 consequentes

2020 2893 2179 2941 erant
2205 2886 2255 2940 ei
2286 2894 2585 2953 stupentes,
2611 2896 2833 2954 accepto
2861 2887 3119 2943 libellario
3141 2891 3379 2945 seriatim
3408 2904 3601 2948 cuncta

2020 2977 2162 3030 dicta
2192 2991 2221 3029 a
2255 2976 2412 3031 beato
2441 2978 2557 3030 viro
2587 2977 3015 3043 conscribentes,
3049 2992 3414 3035 recesserunt.
3450 2982 3597 3037 Fecit

2022 3079 2154 3135 ergo
2187 3065 2659 3119 reverentissimns
2690 3080 2823 3133 papa
2853 3068 2905 3120 in
2933 3067 3123 3122 eodem
3158 3070 3426 3125 Diomedis
3452 3087 3606 3141 erga-

1943 3143 1989 3205 C
2024 3156 2167 3209 stulo
2198 3156 2468 3222 octoginta
2499 3156 2739 3224 quinque
2770 3156 2887 3210 dies
2917 3166 3037 3223 post
3077 3158 3277 3225 primas
3318 3162 3604 3227 mmagiuta

2018 3254 2152 3310 tres,
2181 3246 2283 3301 hoc
2309 3257 2390 3300 est
2416 3261 2606 3301 omnes
2634 3247 2793 3301 simul
2826 3263 3101 3303 cuxvut.
3137 3249 3296 3305 Venit
3323 3250 3483 3320 igitur
3506 3254 3605 3308 Sa-

2015 3336 2203 3404 goleba
2235 3337 2411 3389 scriba
2437 3378 2451 3401 ,
2483 3337 2707 3392 dicens:
2742 3338 2880 3403 Quia
2913 3338 3097 3407 jussus
3138 3354 3257 3393 sum
3299 3340 3510 3397 auferre
3554 3352 3605 3397 te

2017 3426 2167 3491 hinc,
2200 3437 2254 3481 et
2285 3427 2577 3483 transferre
2612 3428 2663 3482 in
2707 3428 2924 3483 domum
2973 3445 3184 3494 meam,
3227 3439 3281 3485 et
3327 3444 3448 3502 post
3487 3434 3603 3489 dies

2014 3517 2151 3572 duos
2196 3518 2433 3586 dirigere
2481 3527 2534 3573 te
2581 3534 2689 3587 quo
2726 3518 2952 3592 jusserit
2994 3520 3123 3574 mibi
3153 3522 3601 3589 sacellariuan-

2016 3616 2327 3675 terrogante
2356 3616 2541 3663 autem
2582 3625 2717 3678 papa
2751 3625 2859 3679 quo
2897 3611 3173 3665 ducendus
3217 3623 3391 3679 esset,
3424 3615 3508 3668 vel
3548 3616 3598 3670 in

2014 3715 2172 3768 quem
2205 3701 2379 3753 locum
2401 3744 2417 3767 ,
2449 3701 2696 3757 noluit'ei
2725 3701 2929 3757 dicere.
2962 3702 3199 3771 Rugahat
3228 3719 3355 3773 ergo
3383 3716 3600 3760 sanctus

2016 3789 2108 3844 ille
2142 3800 2197 3843 ut
2225 3791 2493 3845 sineretur
2522 3790 2575 3845 in
2605 3790 2793 3846 eadem
2823 3791 3061 3845 custodia
3081 3833 3096 3858 ,
3130 3806 3410 3863 quousque
3440 3809 3599 3865 exsu-

2016 3881 2239 3948 laretur,
2271 3893 2325 3937 et
2350 3882 2417 3937 ad
2449 3882 2637 3939 horam
2670 3885 2974 3937 auferretur
3004 3884 3071 3938 de
3103 3885 3345 3939 custodia
3368 3927 3383 3950 ,
3415 3895 3470 3940 et
3501 3902 3598 3945 nec

2016 3973 2116 4027 hoc
2144 3989 2463 4029 concessum
2496 3983 2581 4029 est
2609 3977 2680 4029 ei.
2714 3975 2819 4031 Sed
2855 3976 2992 4029 rirca
3026 3991 3275 4031 occasum
3305 3979 3439 4031 solis
3467 3978 3597 4032 dicit

2014 4063 2338 4117 venerabilis
2373 4078 2508 4132 papa
2542 4064 2625 4118 his
2655 4064 2747 4131 qui
2788 4075 2942 4117 erant
2986 4064 3039 4117 in
3082 4066 3393 4133 ergastulo:
3428 4068 3595 4121 Acce-

2012 4155 2138 4219 dite,
2176 4156 2385 4219 fratres,
2420 4159 2539 4210 vale
2574 4157 2834 4210 faciamus
2856 4197 2870 4221 ,
2901 4156 3023 4221 quia
3055 4172 3180 4211 ecce
3212 4173 3353 4212 nunc
3384 4159 3591 4222 aderit,

2012 4249 2100 4315 qui
2130 4248 2338 4303 auferat
2381 4264 2465 4303 me
2496 4249 2640 4303 hinc.
2677 4249 2741 4302 Et
2776 4252 2888 4302 haec
2919 4249 3136 4303 dicente
3164 4264 3265 4316 eo,
3298 4252 3591 4306 hauserunt

2010 4337 2209 4405 singuli
2240 4337 2484 4391 calicem.
2518 4338 2581 4391 Et
2619 4352 2843 4406 surgens
2871 4353 3067 4392 sereno
3096 4339 3245 4393 vultu
3275 4354 3395 4394 cum
3427 4343 3591 4397 multa

2010 4430 2311 4483 constantia
2342 4438 2503 4498 atque
2528 4431 2820 4498 gratiarum
2852 4432 3066 4485 actione
3088 4472 3103 4495 ,
3135 4432 3268 4487 dicit
3307 4433 3372 4488 ad
3421 4450 3583 4489 unum

319 4536 485 4602 pum?
520 4535 875 4599 Responde“
908 4537 1294 4595 Demosthenes
1325 4512 1495 4596 dixit:
1536 4512 1671 4598 λίπε
1703 4512 1903 4601 peritas
1935 4512 1980 4569 D
2008 4522 2443 4574 concurrentium
2489 4521 2593 4574 sibi
2634 4519 2912 4587 dilectum,
2942 4522 3068 4591 quia
3112 4532 3229 4577 erat
3273 4522 3344 4577 ibi
3373 4540 3385 4575 :
3421 4523 3588 4590 Veni,

319 4627 396 4680 sic
438 4642 497 4680 se
531 4628 710 4681 habet.
747 4624 895 4682 Unde
926 4641 1102 4685 autem
1132 4634 1378 4688 sumebat
1410 4649 1471 4688 ea
1503 4650 1620 4703 quae
1651 4636 1717 4690 ad
1748 4654 1902 4692 usum

319 4721 397 4770 sui
428 4719 674 4784 corporis
714 4730 866 4773 erant
908 4722 1253 4776 necessaria?
1287 4724 1422 4780 Dicit
1468 4726 1692 4781 beatus:
1738 4729 1903 4782 Mani-

324 4806 456 4861 feste
484 4806 553 4861 de
586 4808 917 4876 patriarchio
942 4811 1203 4867 Romano.
1237 4814 1325 4868 Ait
1349 4827 1689 4870 concertator
1717 4834 1729 4869 :
1761 4817 1907 4885 Qua-

322 4896 385 4949 lis
411 4898 571 4965 panis
598 4898 828 4952 dabatur
847 4900 934 4954 ei?
958 4902 1253 4971 Respondit
1276 4904 1601 4960 honorabilis
1630 4906 1739 4961 vir:
1769 4908 1902 4976 Vos,

319 4996 520 5050 domini
545 4998 673 5063 mei,
702 5000 921 5055 nescitis
944 5001 1239 5057 Ecclesiam
1260 5004 1592 5062 Romanam?
1613 5008 1739 5065 Dico
1758 5011 1903 5066 enim

320 5101 491 5165 vobis,
516 5102 642 5169 quia
671 5103 913 5172 quisquis
936 5108 1079 5159 venit
1108 5107 1234 5161 illuc
1265 5110 1590 5164 miserabilis
1620 5112 1780 5167 homo
1811 5113 1907 5167 lto-

319 5199 501 5266 spitari
522 5238 540 5265 ,
569 5202 750 5255 omnia
776 5201 842 5255 ad
872 5216 1023 5257 usum
1051 5208 1357 5273 prabentur
1380 5209 1467 5275 ei,
1496 5217 1550 5263 et
1572 5210 1774 5265 nullum
1804 5213 1904 5266 im-

321 5316 540 5355 munem
567 5302 682 5355 suis
703 5301 860 5357 donis
883 5314 1100 5360 sanctus
1123 5304 1315 5363 Petrus
1337 5310 1551 5379 repellit
1578 5314 1903 5369 venientium

325 5398 474 5465 illnc,
505 5399 602 5453 sed
635 5400 787 5469 panis
814 5402 1198 5460 mundissimns
1228 5417 1281 5461 et
1312 5409 1433 5464 vina
1459 5410 1674 5465 diversa
1709 5412 1907 5469 dantur

320 5513 423 5552 non
455 5499 633 5554 solum
662 5502 712 5557 ei
734 5543 748 5567 ,
778 5503 872 5558 sed
906 5516 962 5561 et
992 5505 1298 5563 hominibus
1327 5510 1373 5564 ei
1406 5512 1815 5579 pertinentibus.
1846 5512 1904 5569 Si

391 5632 597 5712 '_Edit.
655 5634 831 5712 Rom.‘
860 5640 938 5693 sic
992 5641 1335 5709 prosequitur
1366 5660 1377 5695 :
1413 5640 1642 5712 Cumque
1672 5646 1903 5701 osculum

324 5703 571 5779 jtra‘beret
597 5709 914 5779 saurtissimo
943 5703 1089 5779 pupa:
1122 5703 1227 5777 prce
1256 5714 1414 5764 nimia
1448 5703 1713 5767 charitatis
1740 5717 1902 5771 abun-

322 5775 506 5827 dantia
550 5778 896 5847 copiosissime
940 5775 1069 5835 inter
1100 5775 1153 5836 se
1182 5782 1436 5853 lacrymas
1468 5785 1731 5854 fuderunt.
1769 5787 1896 5842 0m-

2009 4610 2225 4664 domine
2257 4610 2441 4677 frater,
2476 4620 2530 4665 et
2556 4611 2623 4665 da
2656 4612 2784 4666 mihi
2819 4626 3028 4681 pacem.
3065 4613 3230 4667 Erant
3261 4629 3421 4684 porro
3454 4631 3591 4683 pra--

2006 4702 2183 4756 cordia
2215 4701 2396 4755 fratris
2428 4702 2570 4757 illius
2591 4748 2604 4771 ,
2637 4704 2776 4757 sicut
2805 4703 2937 4757 mihi
2973 4705 3087 4772 ipse
3114 4706 3381 4761 referebat
3411 4707 3464 4761 in
3501 4708 3590 4761 illa

2009 4793 2159 4857 hora,
2192 4794 2392 4861 qualia,
2420 4805 2475 4847 ut
2502 4792 2751 4863 conjicio,
2775 4794 3021 4862 discipuli
3050 4795 3191 4849 illius
3215 4799 3584 4863 contemplan-

2009 4883 2077 4935 tis
2108 4882 2386 4935 Dominum
2416 4883 2467 4935 in
2498 4898 2676 4937 cruce.
2710 4892 2735 4919 ⁸
2760 4883 2874 4937 Non
2905 4883 3087 4939 valens
3114 4900 3262 4954 ergo,
3288 4895 3345 4938 ut
3369 4887 3579 4950 aiebat,

2006 4973 2262 5027 cohibere
2292 4972 2525 5040 seipsum
2550 5015 2564 5037 ,
2598 4983 2822 5029 vocante
2852 4989 2972 5028 eum
3026 4975 3182 5027 beato
3229 4975 3295 5028 ad
3337 4976 3577 5030 osculum

2006 5063 2218 5133 irrugiit
2250 5063 2417 5117 frater
2450 5074 2504 5117 ut
2536 5063 2638 5118 leo.
2670 5062 2801 5118 Cum
2831 5079 2897 5118 eo
2926 5073 3103 5118 autem
3132 5063 3261 5118 inibi
3288 5075 3580 5132 praesentes

2004 5167 2199 5207 omnes
2227 5154 2660 5208 lamentabantur
2689 5154 2921 5209 terribili
2950 5155 3207 5210 lamenta.
3238 5156 3499 5211 Anxiatus
3531 5158 3585 5212 in

2008 5245 2109 5299 huc
2133 5246 2216 5298 vir
2259 5244 2445 5298 beatus
2488 5244 2762 5314 flagitabat
2790 5261 2973 5302 omnes
3003 5262 3071 5302 ne
3100 5249 3169 5302 ita
3199 5247 3466 5315 facerent,
3499 5265 3586 5306 se-

2008 5349 2140 5390 reno
2180 5336 2369 5390 obtutu
2400 5336 2607 5391 dicens.
2652 5336 2721 5391 Et
2751 5338 3014 5407 impositis
3048 5339 3439 5395 venerabilibus
3471 5356 3583 5396 ma-

2008 5429 2164 5483 nibus
2192 5442 2351 5499 super
2377 5431 2634 5483 verticem
2664 5430 2802 5500 ejus,
2833 5431 3115 5487 subridens
3142 5432 3247 5487 ait:
3280 5434 3423 5489 Bona
3454 5448 3580 5492 sunt

2004 5518 2152 5587 haec,
2203 5521 2418 5578 domine
2466 5522 2649 5588 frater,
2704 5524 2817 5577 haec
2868 5534 2990 5579 sunt
3040 5536 3383 5597 opportuna,
3431 5540 3484 5585 et
3531 5542 3583 5588 te

2004 5669 2090 5777 Ἇεδ
2120 5669 2234 5735 vero
2278 5659 2364 5723 qui
2407 5656 2622 5712 aderant
2650 5698 2665 5723 ,
2711 5656 2990 5715 (amentum
3035 5662 3259 5718 terribile
3301 5664 3580 5736 faciebant.

2052 5736 2287 5777 "natus.
2320 5738 2423 5777 etc.

2052 5736 2253 5779 tmolus
2276 5768 2288 5793 ,
2320 5738 2423 5781 etc.
