4018 6184
430 299 531 354 “9

1630 301 1868 356 SANCTI
1914 300 2194 355 ΜᾹΠΤΙΝΙ
2238 298 2435 353 ΡΑΡᾹΞ
2478 299 2496 352 ι

3579 309 3682 363 ίῈῦ

430 418 645 476 oportet
688 409 758 462 ita
796 407 1015 464 facere?
1044 409 1157 462 haec
1197 417 1319 462 sunt
1363 410 1552 476 pacis?
1583 426 1703 463 cum
1746 427 1777 465 e
1816 420 2002 465 contra
2032 423 2074 472 Α
2110 421 2247 464 trum
2280 415 2512 467 retinere
2543 415 2836 469 secundum
2871 415 3223 474 imitationem
3271 420 3427 490 ejus,
3475 433 3532 479 et
3575 442 3683 479 non

431 515 573 554 nunc
603 500 799 554 debeas
826 500 1059 569 gaudere
1087 514 1247 568 super
1278 516 1383 554 me.
1412 503 1491 554 Ad
1516 517 1675 572 quem
1708 503 1849 557 illico
1879 518 1999 556 cum

430 592 753 645 contritione
801 591 977 645 cordis
1027 593 1302 659 respondit
1358 592 1562 649 frater:
1618 595 1757 648 Dens
1815 596 1999 660 novit,

433 682 631 735 famule
660 682 876 736 CltriSli.
911 682 1086 736 Laetor
1128 683 1180 737 in
1228 685 1433 752 gloria,
1480 700 1585 755 qua
1627 687 1876 758 dignatus
1918 698 2002 743 est

431 773 679 825 Christus
711 772 850 825 Deus
880 783 1062 826 noster
1094 785 1309 843 propter
1355 791 1548 830 nomen
1593 792 1745 830 suum
1790 778 1903 832 lucc
1951 789 2002 832 te

428 866 607 918 omnia
661 867 805 933 pati,
862 866 954 919 sed
1009 866 1275 921 lamentor
1323 869 1565 922 omnium
1620 870 1998 937 perditionem.

428 957 729 1009 Salutantes
759 971 888 1024 ergo
919 973 1105 1011 omnes
1149 973 1274 1012 eum
1297 998 1313 1022 ,
1365 968 1728 1013 recesserunt.
1765 959 2001 1013 Veniens

426 1048 584 1116 igitur
627 1052 878 1102 CUllllllll-I
920 1050 1133 1115 scriba,
1177 1058 1231 1103 et
1273 1049 1523 1103 auferens
1554 1066 1702 1114 eum,
1739 1051 1917 1104 intulit
1949 1051 2000 1103 in

423 1139 642 1194 domum
661 1155 830 1194 suam.
853 1140 1058 1195 Dictum
1084 1150 1163 1194 est
1183 1156 1309 1209 ergo
1328 1143 1447 1210 quia
1469 1143 1517 1194 in
1542 1141 1874 1197 Cliersonam
1896 1156 1997 1195 ex-

427 1230 629 1283 sulatur
660 1247 674 1291 ;
705 1239 759 1284 et
789 1243 905 1298 post
941 1231 1055 1286 dies
1087 1232 1289 1299 aliquot
1337 1232 1685 1299 c0gnovinius
1714 1231 1836 1300 quia
1873 1232 1998 1286 illnc

427 1321 671 1374 clanculo
713 1322 920 1390 navigio
968 1332 1300 1376 transvectus
1345 1332 1427 1375 est
1469 1324 1584 1392 ipse
1628 1322 2001 1378 sanctissimus

428 1411 753 1480 apostolicus
779 1414 877 1466 vir.
912 1412 1141 1465 Veniens
1170 1428 1297 1479 ergo
1328 1414 1475 1478 illuc,
1502 1423 1621 1482 post
1648 1414 1766 1468 dies
1795 1415 2002 1482 aliquot

428 1502 641 1569 scripsit
682 1502 965 1570 epistolam
1017 1502 1069 1556 in
1119 1503 1431 1572 Byzantium
1465 1504 1530 1557 ad
1564 1505 1851 1572 quemdam
1896 1507 1998 1559 sibi

348 1578 357 1583 ’
427 1594 832 1657 rharissimum,
864 1607 928 1645 ex
961 1591 1095 1653 illis,
1130 1592 1409 1659 videlicet,
1452 1594 1541 1661 qui
1592 1594 1736 1647 hunc
1787 1604 2003 1662 propter

432 1682 711 1735 Dominum
740 1692 794 1735 et
822 1682 891 1734 ob
920 1690 1120 1735 rectam
1168 1681 1327 1735 fidem
1375 1683 1493 1749 ejus
1541 1683 1818 1736 amabant.
1866 1684 1999 1736 Cum

2102 505 2496 558 communicare
2542 507 2761 559 omnino
2805 510 3073 563 contraria
3106 513 3481 570 sentientibus.
3511 517 3681 570 Obse-

2102 609 2314 651 crantes
2345 598 2505 650 etiam
2556 613 2650 666 pro
2681 614 2765 651 me
2813 599 3033 668 indigno
3080 601 3277 656 famulo
3321 604 3412 673 qui
3454 607 3680 674 scripsi,

2102 702 2206 754 quo
2234 703 2353 742 eum
2384 703 2448 742 eo
2478 700 2529 743 et
2564 690 2832 744 vobiscum
2863 693 3127 745 inveniam
3177 694 3599 751 misericordiam
3649 712 3679 749 a

2102 781 2313 834 Christo
2346 782 2452 834 Deo
2483 794 2664 837 nostro
2695 785 2746 836 in
2779 784 2974 838 saecula
2996 828 3010 851 ,
3044 800 3198 840 amen
3231 798 3279 839 ι.
3311 788 3453 843 Obiit
3496 800 3677 844 autem

2103 871 2242 927 idem
2278 874 2647 929 sanctissimus
2682 886 2762 931 ter
2813 877 3002 932 beatus
3048 879 3372 946 apostolicus
3421 885 3679 939 Martinus

2104 978 2235 1031 papa
2258 1004 2271 1025 ,
2308 980 2496 1019 recens
2526 982 2711 1021 revera
2742 967 3018 1021 confessor
3047 978 3105 1024 et
3135 982 3337 1041 martyr
3362 972 3556 1028 Christi
3588 975 3684 1029 Dei

2103 1054 2305 1119 nostri,
2343 1057 2397 1108 in
2426 1056 2613 1111 eadem
2646 1058 2983 1113 exsulatione
3010 1060 3330 1129 Chersome,
3356 1064 3506 1132 juxta
3537 1066 3684 1134 ejus.

2102 1145 2221 1200 dem
2252 1147 2316 1201 ad
2352 1148 2632 1203 Dominum
2685 1151 2846 1205 Deum
2896 1155 3241 1222 petitionem,
3276 1172 3435 1226 quam
3486 1160 3685 1216 obtulit

2102 1239 2148 1292 ei
2180 1254 2299 1292 cum
2330 1240 2610 1310 lacrymis,
2657 1244 2842 1297 exiens
2885 1243 2951 1298 de
2984 1245 3124 1310 navi,
3157 1255 3211 1299 et
3237 1248 3453 1302 calcans
3481 1259 3682 1304 terram

2104 1328 2270 1389 illam,
2302 1329 2352 1383 id
2380 1340 2485 1397 est,
2514 1340 2571 1385 ut
2597 1330 2651 1384 in
2679 1346 2740 1385 ea
2771 1334 2946 1387 finiret
2973 1335 3154 1398 vitam,
3184 1336 3381 1390 bonum
3409 1348 3683 1393 certamen

2102 1426 2317 1471 certans
2339 1457 2355 1484 ,
2387 1420 2601 1473 cursum
2648 1423 2890 1492 martyrii
2936 1438 3351 1490 consummans,
3384 1435 3439 1481 et
3488 1428 3683 1482 bonam

2105 1506 2260 1560 fidem
2288 1521 2528 1575 servans,
2562 1524 2745 1564 mense
2773 1511 3135 1579 Septembrio,
3166 1514 3252 1568 die
3276 1525 3423 1569 sexta
3451 1517 3682 1583 decima,

2104 1596 2156 1649 in
2204 1610 2307 1665 qua
2363 1598 2683 1652 felicissima:
2731 1600 2983 1670 martyris
3027 1611 3081 1655 et
3128 1602 3286 1657 fidem
3331 1605 3685 1661 custodientis

2104 1687 2458 1741 orthodoxam
2492 1687 2802 1757 Eupheinize
2835 1690 3224 1757 pretiosissima
3271 1702 3325 1748 et
3371 1694 3679 1750 beatissima

429 1783 573 1826 esset
618 1774 669 1825 in
716 1785 906 1840 magna
956 1771 1301 1827 tribulatione
1343 1782 1396 1826 et
1443 1773 1634 1827 exsilio
1677 1773 1817 1827 idem
1857 1789 1999 1843 smpe
2034 1773 2079 1833 Β
2106 1778 2396 1833 secundum
2428 1780 2552 1834 anni
2582 1782 2839 1836 circulum
2870 1783 3173 1837 celebratur
3205 1785 3496 1851 memoria,
3534 1784 3561 1824 δ
3600 1789 3680 1841 in—

430 1866 604 1916 dictos
636 1861 793 1915 Pater
818 1870 1002 1915 noster
1030 1862 1407 1915 sanctissimus
1437 1863 1791 1929 constitutus,
1823 1874 2002 1933 postu-

432 1955 547 2007 lans
576 1953 875 2022 aliquarum
910 1953 1213 2019 specierum
1242 1951 1480 2005 subsidia
1500 1993 1514 2016 ,
1549 1960 1769 2021 propter
1810 1952 2005 2007 multas

428 2056 481 2098 et
531 2044 868 2113 frequentes,
920 2058 1215 2112 gravesque
1263 2044 1605 2113 mgrimonias
1656 2045 2000 2112 corporales,

431 2138 813 2204 angustiasque
862 2135 1202 2189 omnimodas
1252 2135 1488 2204 regionis
1537 2134 1713 2205 illius,
1758 2149 1824 2189 eo
1863 2136 2003 2205 quod

430 2225 561 2278 nihil
596 2225 666 2277 ibi
699 2224 1045 2290 inveniretur,
1081 2223 1350 2293 praecipue
1394 2223 1660 2289 triticum,
1702 2225 1844 2293 quod
1889 2226 2005 2293 qui-

428 2320 550 2371 di-m
607 2318 716 2370 illic
768 2315 1163 2381 nominabatur,
1222 2330 1327 2369 non
1375 2325 1555 2368 autem
1607 2314 2001 2369 inveniebatur.

437 2406 588 2460 Unde
618 2420 736 2458 cum
766 2403 1119 2473 jurejurando
1164 2404 1412 2471 scripsit,
1459 2404 1583 2473 quia
1631 2406 1870 2459 navicula
1916 2406 2006 2459 illo

430 2498 678 2551 veniente
700 2535 715 2561 ,
748 2505 802 2549 et
832 2510 1015 2562 parum
1063 2495 1223 2548 tritici
1252 2495 1482 2549 habente
1524 2495 1591 2548 ad
1633 2496 2006 2550 commutatio-

433 2606 554 2643 nem
586 2589 753 2654 Salis,
786 2589 870 2641 vix
917 2589 1148 2655 potueiit
1191 2602 1370 2641 emere
1415 2602 1479 2641 ex
1526 2602 1591 2642 eo
1635 2603 1800 2641 unum
1846 2587 2005 2641 tritici

434 2683 676 2737 modium
708 2692 937 2752 quatuor
964 2681 1183 2744 solidis,
1213 2695 1332 2735 cum
1366 2680 1544 2733 multis
1590 2690 1642 2734 et
1688 2681 1790 2734 hoc
1834 2678 2005 2750 preci-

430 2777 548 2829 bus.
584 2774 835 2828 Diversas
864 2782 1043 2827 autem
1086 2774 1356 2842 angustias
1402 2772 1613 2839 scripsit
1660 2784 1842 2825 sancta
1890 2771 2009 2840 ejus

426 2870 605 2922 anima
638 2868 741 2937 pati
770 2881 828 2921 sc
863 2866 965 2934 ibi,
996 2881 1102 2919 non
1132 2866 1303 2918 solum
1331 2865 1696 2932 corporalibus
1722 2865 2004 2933 angustiis,

396 2961 519 3015 ‘sed
548 2961 707 3015 etiam
740 2958 1092 3013 habitantium
1125 2968 1177 3013 et
1203 2958 1590 3012 dominantium
1621 2957 1694 3010 ibi
1728 2958 1883 3010 malis
1912 2972 2010 3026 op-

428 3066 664 3121 pressus,
700 3053 768 3105 ita
802 3062 856 3104 ut
889 3052 1096 3118 penitus
1124 3051 1383 3104 contritus
1413 3050 1553 3103 male
1585 3048 1734 3117 pejus
1766 3063 2006 3104 morere-

430 3118 537 3207 inr,
572 3140 856 3203 suasione,
889 3140 1172 3205 videlicet,
1214 3137 1602 3192 dominantium
1636 3138 1688 3190 in
1721 3137 2003 3207 Byzantio.
2032 3118 2081 3183 (ἶ

427 3234 788 3299 Quamobrem
819 3246 1000 3301 quaeso
1028 3245 1121 3283 vos
1140 3272 1155 3294 ,
1189 3243 1288 3298 ego
1319 3230 1535 3283 humilis
1564 3239 1618 3284 et
1649 3242 1898 3298 peccator
1927 3231 2004 3283 fa-

429 3326 608 3379 mulus
640 3332 836 3389 vester,
869 3338 897 3375 a
928 3322 1035 3376 Deo
1078 3321 1422 3375 honorabiles
1468 3321 1651 3374 Patres
1675 3362 1689 3386 ,
1723 3328 1783 3373 ut
1810 3335 2003 3389 quem-

425 3414 715 3467 admodum
758 3428 858 3482 ego
912 3414 1024 3466 visa
1080 3412 1210 3465 mihi
1265 3421 1318 3465 et
1370 3410 1548 3464 audita
1600 3410 2006 3479 diligentissime

425 3503 695 3557 declaravi
746 3503 933 3569 vobis,
985 3503 1087 3557 hoc
1135 3509 1249 3569 est,
1296 3502 1637 3556 imminentes
1687 3501 2006 3556 tentationes

429 3598 745 3652 beatissimo
797 3614 947 3667 papa:
1001 3607 1217 3667 propter
1264 3608 1462 3652 rectam
1513 3597 1906 3652 confessionem
1955 3601 2004 3651 in

426 3688 643 3741 Christo
674 3688 932 3753 Domino,
966 3698 1021 3741 et
1049 3698 1264 3756 propter
1292 3686 1795 3741 anathematismum
1826 3689 1877 3742 in
1912 3704 2003 3741 no-

429 3793 523 3833 vos
554 3777 748 3833 factum
785 3780 1091 3845 hmreticos,
1125 3795 1425 3850 quanquam
1473 3795 1536 3834 ex
1589 3780 1809 3845 multis,
1843 3796 2004 3849 parva

428 3884 604 3926 tamen
638 3887 755 3940 quae
785 3873 926 3941 potui
959 3872 1190 3940 dirigere
1219 3872 1441 3943 scripsi,
1476 3873 1547 3927 ita
1596 3882 1651 3928 et
1691 3888 1784 3927 vos
1831 3876 2001 3927 zelum

433 3964 750 4017 habentibus
780 3963 1002 4018 cultura:
1049 3965 1178 4029 Dei,
1212 3963 1475 4032 explicate
1519 3964 1705 4018 eadem
1727 4008 1742 4029 ,
1776 3974 1831 4017 et
1879 3966 2005 4017 hor-

428 4055 610 4109 tamini
661 4056 859 4109 imitari
908 4070 1061 4122 eum,
1109 4066 1164 4111 et
1212 4054 1521 4110 traditiones
1567 4064 1871 4110 sanctorum
1907 4056 2007 4109 Pa-

501 4178 527 4204 η
571 4168 666 4222 llic
695 4168 988 4222 absolvitur
1017 4168 1239 4236 epistola
1273 4169 1324 4222 in
1357 4169 1600 4222 Editione
1629 4168 1885 4223 Romana.

2109 1871 2342 1925 dictione
2370 1883 2556 1939 quarta
2588 1874 2816 1927 decima.
2851 1874 3061 1929 Positus
3090 1884 3171 1929 est
3200 1888 3377 1931 autem
3422 1879 3473 1930 in
3512 1887 3686 1933 tumu-

2107 1964 2174 2018 lis
2204 1976 2511 2019 sanctorum
2542 1978 2689 2019 extra
2735 1982 2917 2021 muros
2959 1967 3399 2023 Chersonitarum
3446 1970 3682 2025 civitatis

2109 2056 2261 2124 quasi
2294 2055 2466 2110 stadio
2494 2071 2617 2123 uno,
2650 2058 2703 2110 in
2737 2058 3121 2126 pretiosissimo
3151 2067 3205 2113 et
3234 2060 3684 2115 reverendissimo

2109 2147 2307 2212 templo
2328 2147 2681 2201 sanctissimae
2709 2156 2763 2202 et
2788 2164 2897 2217 pra:
2923 2150 3171 2204 omnibus
3197 2151 3397 2204 sanctis
3421 2150 3681 2216 colendae,

2106 2240 2422 2292 castissima:
2450 2246 2505 2293 et
2535 2239 2912 2306 immaculata,
2944 2241 3443 2310 perbenedictazque
3476 2243 3684 2311 glorio-

2107 2328 2333 2380 sissima:
2378 2335 2433 2380 et
2477 2327 2947 2383 excellentissima:
2996 2331 3234 2383 omnium
3277 2341 3681 2397 creaturarum,

2108 2416 2278 2485 gratia
2324 2416 2681 2485 plenissimas,
2728 2417 2977 2486 gaudium
3021 2417 3267 2473 facientis
3310 2429 3365 2475 et
3405 2420 3687 2474 tribuentis

2107 2506 2339 2559 domina:
2388 2516 2618 2571 nostrze,
2657 2509 2869 2575 proprie
2910 2518 3100 2563 natura
3146 2524 3207 2564 ac
3253 2498 3475 2565 veritate
3517 2511 3685 2564 solius

2108 2598 2205 2653 Dei
2240 2600 2518 2669 genitricis
2546 2614 2762 2667 semper
2806 2601 3026 2670 virginis
3072 2602 3286 2668 Mariae,
3336 2618 3452 2671 qua:
3480 2617 3684 2672 cegno-

2110 2692 2346 2744 minatur
2374 2691 2731 2745 Blacherues:
2759 2690 2931 2746 factus
2956 2702 3112 2762 typus
3139 2693 3412 2747 imitabilis
3436 2694 3684 2746 omnibus

2109 2783 2197 2850 qui
2250 2784 2384 2837 bene
2413 2783 2593 2836 vivere
2624 2793 2676 2836 et
2706 2782 2983 2836 decertare
3015 2784 3275 2851 elegerint
3303 2792 3356 2835 et
3388 2783 3684 2848 vo'uerint,

2110 2888 2207 2941 pro
2251 2888 2311 2927 ea
2362 2890 2480 2943 quae
2525 2874 2809 2928 verissime
2854 2884 2936 2928 est
2980 2875 3197 2928 veritas.
3229 2875 3394 2941 Cujus
3427 2874 3686 2941 virginis,

2109 2964 2369 3032 cujusque
2426 2963 2801 3030 confessoris,
2862 2964 3380 3028 intercessionibus,
3438 2964 3690 3018 Christus

2110 3072 2270 3111 verus
2302 3057 2441 3113 Deus
2468 3068 2522 3113 et
2568 3059 2817 3113 Salvator
2863 3065 3067 3123 noster,
3113 3056 3202 3123 qui
3247 3054 3593 3109 ineffabiliter
3635 3065 3692 3108 et

2111 3150 2230 3205 sine
2275 3151 2481 3205 semine
2524 3166 2588 3205 ex
2632 3166 2693 3206 ea
2746 3151 3007 3219 processit
3041 3158 3256 3218 propter
3289 3162 3458 3217 genus
3491 3147 3688 3200 huma-

2114 3257 2238 3295 num
2258 3285 2271 3307 ,
2304 3240 2565 3296 custodiat
2594 3250 2649 3295 et
2680 3228 2965 3295 conservet
2996 3254 3090 3293 nos
3114 3278 3130 3303 ,
3161 3249 3214 3292 et
3241 3252 3429 3292 omnes
3464 3236 3691 3291 fideliter

2112 3333 2419 3393 audientes,
2451 3346 2772 3400 omnemque
2802 3330 3055 3400 populum
3102 3343 3260 3399 quem
3306 3329 3586 3395 acquisivit
3633 3327 3687 3380 in

2114 3423 2478 3477 sinceritatem
2512 3422 2634 3475 fidei
2666 3432 2721 3476 et
2750 3422 3213 3476 conversationem
3234 3459 3249 3485 ,
3284 3419 3336 3472 in
3370 3434 3497 3485 pace
3525 3428 3581 3472 et
3608 3418 3689 3473 di-

2117 3516 2347 3568 lectione
2378 3514 2645 3582 perfecta,
2678 3525 2730 3567 et
2758 3515 2904 3567 omni
2943 3513 3151 3581 justitia
3196 3526 3361 3579 usque
3406 3511 3459 3564 in
3504 3509 3686 3565 finem.

2114 3604 2212 3659 Cui
2243 3617 2326 3659 est
2354 3620 2475 3657 cum
2508 3604 2616 3658 Deo
2650 3605 2803 3658 Patre
2832 3613 2888 3659 et
2930 3604 3130 3672 Spiritu
3172 3612 3357 3657 sancto
3399 3604 3449 3657 in
3492 3602 3694 3656 deitate

2116 3713 2216 3750 una
2248 3696 2540 3749 substantia
2564 3738 2577 3761 ,
2611 3712 2797 3765 aequus
2847 3696 3040 3761 honor,
3091 3694 3259 3748 virtus
3305 3696 3526 3759 eadem,
3571 3695 3690 3747 sine

2117 3797 2355 3853 tempore
2409 3801 2676 3855 regnum,
2733 3800 2946 3855 semper
2997 3786 3359 3855 principium,
3414 3795 3690 3849 sceptrum

2109 3880 2268 3949 jnge,
2302 3879 2467 3948 gloria
2518 3893 2741 3947 perpes,
2775 3879 3027 3948 majestas
3070 3880 3289 3944 similis,
3344 3893 3438 3947 per
3484 3874 3693 3931 infinita

2113 3973 2329 4025 saecula.
2365 3974 2552 4023 Anien.

496 4236 523 4273 ι’
567 4240 702 4292 llinc
752 4240 869 4291 falsi
925 4251 1216 4308 arguuntur
1266 4255 1383 4307 quze
1424 4242 1576 4308 Vltigo
1610 4240 1879 4307 jactantur
1914 4240 1981 4294 de
2012 4240 2167 4310 hujus
2196 4242 2364 4295 sancti
2394 4242 2569 4295 obitus
2604 4250 2867 4310 tempore.

1239 4445 1907 4557 SANCTI
1982 4449 2871 4572 MARTINL

1690 4613 2071 4672 PONTIFICIS
2110 4616 2392 4686 ROMANI,

1528 4746 2609 4952 ΕΡΙξ-Τ-(ΠλλἘ.

1592 4994 1785 5055 (Mansi,
1810 4992 2128 5042 Conciliorum
2150 4996 2294 5056 ampl.
2322 4994 2545 5056 Collect.)

897 4356 2208 4380 m

420 5142 711 5190 ΕΠΙΣΤΟΛΗ
732 5170 737 5171 ν
760 5134 1107 5184 ΕΓΚΥΚΛΙΟΣ
1147 5133 1440 5179 ΜΛΡΊῚΝΟΥ
1491 5132 1646 5178 ΠΔΙΙΛ
1690 5132 1793 5177 ΚΑΙ
1828 5133 2007 5177 ΣΥΝΟ-
2037 5128 2083 5183 D

1156 5207 1269 5250 ΔΟΥ

631 5303 729 5355 Τῆς
763 5295 811 5346 ἐν
842 5295 1001 5363 Ῥώμῃ
1030 5290 1157 5365 πρὸς
1198 5289 1391 5345 πάντας
1429 5287 1783 5358 Χριστιανούς.

490 5394 741 5460 Μαρτῖνος
785 5383 960 5442 δοῦλος
1001 5386 1099 5436 τὼν
1142 5378 1328 5434 δούλων
1367 5384 1458 5431 τοῦ
1505 5376 1629 5432 Θεοῦ
1670 5381 1797 5432 κατά
1845 5376 2001 5454 χάριν

418 5477 689 5536 ἐπίσκοπος
724 5484 815 5533 τῆς
856 5482 955 5528 τῶν
996 5475 1245 5542 Ῥωμαίων
1290 5471 1441 5542 ἁγίας
1470 5476 1559 5523 τοῦ
1589 5478 1711 5524 Θεοῦ
1743 5472 2000 5530 καθολικῆς

417 5571 500 5621 καὶ
521 5568 862 5624 cirros-raliter};
893 5566 1206 5630 Ἐκκλησίας,
1233 5564 1340 5634 ἅμα
1370 5572 1431 5637 τῇ
1458 5564 1566 5615 καθ’
1587 5565 1720 5633 ἡμᾶς
1742 5561 2002 5635 ἁγιωτάτῃ

422 5660 615 5731 συνόδῳ
652 5671 751 5715 τῶν
780 5661 1009 5733 θεοφιλῶν
1047 5661 1214 5732 ἱερέων
1250 5666 1349 5714 τῶν
1385 5656 1547 5711 ἐνθάδε
1581 5663 1841 5716 κοινωνικῶς
1883 5658 2004 5726 ἡμῖν

424 5750 899 5826 συνδεδραμηκότων
926 5757 997 5810 εἷς
1022 5752 1295 5821 βεϐαίωσιν
1318 5758 1414 5805 τῶν
1437 5750 1659 5805 εὐσεϐῶν
1682 5758 1773 5809 τῆς
1803 5749 1999 5805 καθολι-

2214 4353 3570 4382 mm

2904 4352 3696 4383 Ἤ

2498 5118 2829 5177 EPISTOLA
2872 5119 2889 5173 l
2932 5115 3310 5173 ENCYCLICA

2135 5229 2350 5270 MARTINI
2380 5228 2527 5267 ΡΑΡΕ
2558 5226 2623 5266 ΕΤ
2657 5224 2841 5265 εγκουι
2876 5223 3120 5275 ΒΟΗΑΝᾹΞ,
3157 5224 3222 5262 ΑΒ
3250 5224 3422 5265 OMNES
3453 5225 3657 5267 CHRISTI

2804 5296 3047 5335 FIDBLES.

2185 5373 2441 5428 Martinus
2479 5388 2651 5426 servus
2680 5387 2941 5427 seruorum
2987 5368 3103 5432 Dei,
3140 5379 3293 5439 atque
3336 5386 3426 5440 per
3472 5372 3695 5440 gratiam

2110 5469 2221 5537 ejus
2248 5468 2511 5537 episwpus
2542 5474 2735 5518 sancta:
2762 5463 3030 5527 catholica:
3059 5473 3211 5531 atque
3250 5465 3548 5531 apostolica:
3588 5460 3702 5516 Ec-

2108 5560 2275 5612 clesia:
2316 5558 2453 5611 urbis
2502 5556 2698 5617 Romaz,
2737 5571 2838 5608 una
2874 5570 2989 5607 cum
3037 5566 3211 5608 sancto
3260 5555 3477 5607 concilio
3523 5562 3703 5607 nostra

2108 5650 2641 5705 reverendirsimorum
2672 5647 3353 5717 sacerdotum,~rcgulariter
3380 5646 3481 5698 huc
3524 5645 3700 5698 ttobiso

2108 5760 2224 5799 cum
2256 5744 2556 5798 venientium
2579 5742 2629 5797 in
2651 5740 3039 5809 conﬁrmatione
3061 5742 3407 5812 piissimorum
3429 5740 3700 5795 catholica:
