4018 6184
310 303 403 359 121

1523 299 1897 358 EPISTOLIE.
1930 329 1997 340 —
2026 296 2237 354 EPIST.
2280 296 2321 350 1.

3450 285 3549 339 122

306 416 554 471 Ecclesia
594 414 909 483 dogmqtum,
945 413 1022 465 his
1060 413 1147 483 qui
1197 409 1506 479 cowqualem
1537 411 1682 463 nobis
1713 409 1875 463 sortiti

2000 417 2071 467 τῆς
2097 407 2390 463 Ἐκκλησὶκς
2418 401 2711 475 δογμάτων’
2742 408 2853 460 τοῖς
2902 401 3126 469 ἰσότιμον
3168 399 3284 467 ἡμῖν
3320 397 3553 467 λαχοῦσι

303 517 426 562 sunt
456 508 606 569 ﬁdem
634 504 837 556 Domini
860 514 906 556 et
939 501 1217 557 Saluatoris
1243 502 1400 553 nostri
1424 498 1546 553 Jesu
1577 499 1763 552 Christi
1793 515 1881 567 per

306 601 566 649 lat-acrum
612 593 1028 664 regenerationis,
1074 593 1127 643 in
1176 592 1313 643 omni
1360 590 1470 643 loco
1520 587 1881 642 dominationis

305 690 433 756 ejus,
468 685 555 755 qui
587 685 975 752 peregrinantur
1005 683 1057 733 in
1090 681 1365 734 sanctitate
1398 689 1442 733 et
1462 680 1696 750 justitia,
1728 678 1881 744 spiri-

305 773 491 825 talibus
522 770 769 838 fratribus
817 769 1002 821 nostris
1042 767 1317 837 episcopis,
1351 766 1677 835 presbyteris,
1710 765 1884 816 diaco-

306 866 407 928 nis,
451 862 720 913 abbatibus
762 860 1208 926 monasteriorum,
1255 857 1537 921 monachis,
1580 855 1882 908 continenti-

303 957 420 1020 bus,
470 964 622 1021 atque
672 950 937 1004 catholica:
984 948 1229 1002 Ecclesia
1274 948 1551 1012 universte,
1597 954 1885 1014 sancta’que

304 1042 638 1112 plenitudiui.

375 1131 560 1185 Gratia
586 1129 723 1183 vobis
752 1137 801 1182 et
831 1144 933 1196 pas:
971 1127 1340 1194 multiplicetur
1367 1124 1588 1198 (Ephes.
1613 1124 1672 1192 ιι)
1702 1123 1755 1177 in
1786 1136 1882 1192 ag—

304 1223 513 1275 nitione
543 1231 597 1274 et
626 1219 1003 1274 communione
1033 1219 1200 1273 sancti
1231 1215 1482 1283 Spiritus,
1512 1217 1566 1268 in
1611 1215 1884 1268 lueredita-

301 1325 402 1368 tem
443 1313 881 1379 incorruptibilem
926 1321 974 1364 et
1013 1312 1511 1378 immarcescibilem,
1538 1320 1883 1364 conservatam

305 1404 359 1470 ιι
393 1402 538 1455 Petr.
564 1401 605 1468 ι)
646 1410 771 1454 ante
809 1399 1242 1454 constitutionem
1292 1399 1497 1464 mundi,
1531 1412 1672 1452 nunc
1701 1410 1881 1451 autem

309 1489 711 1544 manifestatam
742 1488 796 1541 in
826 1488 1002 1553 nobis,
1032 1487 1120 1555 qui
1143 1486 1413 1540 credimus
1437 1485 1488 1539 in
1515 1486 1641 1541 Jesu
1669 1485 1883 1540 Christo

312 1580 542 1634 Domino
578 1587 785 1644 nostro,
816 1577 905 1646 qui
934 1578 1113 1631 omnia
1143 1578 1296 1631 nobis
1323 1576 1541 1630 donavit
1565 1591 1682 1645 qua;
1710 1576 1775 1629 ad
1808 1577 1882 1629 vi-

308 1679 418 1723 tam
450 1677 505 1722 et
532 1669 785 1736 pietatem
830 1665 1145 1735 respiciunt,
1177 1680 1274 1733 per
1298 1665 1582 1719 salutarem
1624 1664 1881 1733 prmdica-

1980 498 2154 551 πίστιν
2180 502 2272 550 τοῦ
2298 496 2477 568 κυρίου
2504 496 2640 565 ήμῶν
2660 494 2744 547 καί
2764 498 2989 565 Σωτῆρος
3011 491 3176 547 Ἰησοῦ
3197 495 3443 561 Χριστοῦ,
3466 487 3551 543 διά

1981 589 2193 663 λουτροῦ
2232 589 2611 659 παλιγγενεσίας
2636 626 2651 648 ,
2682 588 2729 639 έν
2756 588 2910 640 παντί
2947 584 3087 651 τόπῳ
3125 592 3215 644 τῆς
3254 580 3555 642 δεσποτείας

1982 683 2136 734 αὑτοῦ
2171 675 2495 753 παροικοῦσιν
2522 678 2572 729 έν
2612 675 2836 732 ὁσιότητι
2872 677 2953 728 καί
2998 673 3288 747 δικαιοσύνῃ
3320 674 3552 744 (ncesse

1984 770 2111 837 aliq.
2155 767 2405 833 videtur),
2437 773 2693 841 πατρικοῖς
2743 766 2879 833 ἡμῶν
2927 763 3177 834 ἀδελφοῖς,
3223 759 3544 826 ἐπισκόποις,

1982 859 2371 936 πρεσϐυτέροις,
2401 855 2656 920 διακόνοις,
2686 856 2967 928 ἡγουμένοις
2998 856 3365 927 μοναστηρίων,
3396 874 3552 923 μονα-

1986 958 2126 1021 χοῖς,
2160 952 2427 1012 ἀσκηταῖς,
2452 950 2701 1001 καίπαντί
2728 953 2798 1015 τῷ
2825 947 3021 999 εὐσεϐεῖ
3044 953 3133 1004 τῆς
3164 945 3424 1003 καθολικῆς
3442 943 3555 996 Ἐκ-

1986 1042 2194 1100 κλησίας
2222 1042 2545 1114 πληρώματι.

2053 1153 2209 1222 Χάρις
2230 1152 2347 1223 ύμῖν
2366 1153 2449 1204 καί
2474 1152 2636 1225 εἰρήνη
2661 1149 2957 1208 πληθυνθείη
2979 1149 3028 1202 έν
3050 1151 3314 1221 έπιγνώσει
3335 1150 3419 1202 καί
3448 1170 3557 1203 κοι-

1983 1241 2133 1311 νωνίᾳ
2161 1245 2245 1292 τοῦ
2272 1242 2513 1310 παναγίου
2544 1236 2850 1306 Πνεῦματος,
2876 1238 2947 1297 εἰς
2968 1238 3291 1311 κληρονομίαν
3313 1235 3555 1309 ἄφθαρτον

1984 1332 2071 1383 καί
2096 1330 2384 1403 ἀμάραντον
2412 1330 2768 1402 τετηρημένην,
2796 1328 2898 1399 πρὸ
2928 1328 3206 1388 καταϐολῆς
3233 1328 3445 1397 κόσμου,
3470 1334 3555 1380 νῦν

1985 1416 2037 1472 δέ
2062 1420 2471 1490 πεφανερωμένην
2504 1420 2573 1477 εἰς
2606 1420 2739 1487 ἡμᾶς
2762 1420 2881 1478 τοὺς
2906 1420 3242 1476 πιστεύοντας
3268 1417 3318 1469 έν
3349 1424 3554 1489 Χριστῷ

1982 1506 2145 1565 Ἰησοῦ
2187 1504 2259 1578 τῷ
2308 1509 2466 1580 κυρίῳ
2508 1508 2647 1574 ἡμῶν
2690 1504 2743 1567 ός
2784 1508 2954 1561 πάντα
2999 1509 3115 1577 ἡμῖν
3167 1504 3466 1579 δεδώρηται.
3498 1505 3563 1560 τά

1983 1598 2110 1669 πρὸς
2139 1602 2265 1659 ζωήν
2292 1600 2376 1649 καί
2402 1597 2678 1660 εὐσέϐειαν,
2709 1595 2791 1650 διά
2815 1603 2903 1649 τοῦ
2934 1601 3186 1669 σωτηρίου
3215 1596 3558 1669 κηρύγματος,

1982 1688 2066 1740 ἶνα
2084 1690 2247 1759 τούτῳ
2272 1690 2633 1764 «poeni-novre;
2664 1690 2761 1753 ἀεί,
2798 1691 2882 1741 καὶ
2910 1685 3340 1757 συμϐιϐαζὸμενοι
3368 1683 3563 1758 δι’όμο·

308 1761 535 1824 tinnem,
566 1768 625 1812 ut
653 1758 708 1813 in
740 1758 843 1811 hoc
881 1766 1257 1824 permanentes
1301 1770 1513 1823 semper
1546 1763 1602 1809 et
1641 1754 1880 1808 instructi

2000 1780 2121 1837 ροίας
2138 1778 2449 1853 εἰλικρινοῦς,
2470 1778 2936 1848 έποικοδομηθῶμεν
2960 1787 3032 1852 τῷ
3058 1780 3263 1849 θεμελίῳ
3283 1787 3380 1834 τῶν
3405 1779 3560 1849 ἀγίων

306 1864 403 1917 per
445 1846 752 1903 concordiae
778 1846 1136 1901 sinceritatem
1167 1845 1651 1915 supermdiﬁcemur
1697 1845 1885 1909 [unda-

305 1951 476 1993 mento
499 1948 805 1994 sanctorum
834 1937 1181 2006 apostolorum
1203 1946 1248 1989 et
1279 1935 1667 2003 prophetarum,
1692 1935 1745 1987 in
1775 1936 1885 2003 ipso

311 2048 512 2086 summo
550 2029 791 2101 angulari
835 2028 1007 2097 lapide
1050 2025 1253 2080 Christo
1298 2025 1438 2095 (Jac.
1466 2025 1537 2094 ι),
1587 2026 1677 2094 qui
1726 2039 1888 2092 super

305 2123 489 2178 omnia
518 2122 662 2176 Deus
682 2120 862 2175 existit
881 2130 934 2172 et
956 2119 1199 2174 Salvator
1224 2127 1527 2174 nostrarum
1556 2118 1878 2183 animarum,

309 2215 363 2267 in
410 2228 522 2282 quo
570 2212 745 2266 omnis
789 2210 1073 2264 aediﬁcatio
1114 2216 1417 2264 constructa
1464 2207 1657 2264 crescit
1697 2208 1750 2261 in
1797 2223 1890 2259 au-

309 2312 594 2372 gmentum
622 2302 740 2369 ejus
771 2315 864 2369 per
888 2301 1321 2355 architectoniam
1353 2299 1582 2369 Spiritus
1628 2299 1680 2352 in
1712 2298 1890 2367 regale

307 2392 677 2448 saetrdotium
724 2402 776 2446 et
829 2390 1084 2459 templum
1134 2398 1409 2457 sanctum,
1450 2390 1679 2458 qualiter
1727 2390 1779 2443 in
1825 2402 1890 2442 eo

308 2483 660 2555 proﬁcientes
686 2496 716 2535 a
745 2481 910 2551 gldria
956 2482 1009 2534 in
1051 2480 1296 2549 gloriam,
1326 2481 1553 2535 virtutes
1594 2479 1884 2532 annuntie-

308 2590 432 2629 mus
462 2574 601 2643 ejus,
636 2571 727 2641 qui
754 2572 822 2626 de
852 2570 1084 2626 tenebris
1116 2584 1215 2625 nos
1247 2572 1456 2625 vocavit
1480 2570 1533 2623 in
1567 2568 1694 2622 illud
1721 2568 1890 2621 admi-

308 2666 481 2719 rabile
512 2664 695 2717 lumen
727 2678 903 2727 suum,
925 2661 1062 2729 apud
1090 2675 1247 2729 quem
1278 2675 1383 2714 non
1405 2669 1487 2714 est
1519 2658 1888 2721 commutatio,

308 2770 414 2810 nec
463 2756 721 2808 momenti
770 2753 1126 2817 obumbratio,
1154 2754 1390 2807 omnium
1419 2760 1595 2806 autem
1626 2752 1889 2804 bonorum

308 2840 575 2912 perfectio
602 2860 614 2894 :
648 2858 717 2896 ex
750 2857 855 2911 quo
900 2841 1209 2907 illuminati,
1257 2852 1498 2894 tenemus
1527 2840 1579 2894 in
1609 2854 1730 2894 eum
1760 2853 1889 2892 con-

311 2935 609 2989 fessionem
641 2934 987 2995 immobilem,
1016 2932 1188 2987 donec
1224 2945 1568 2986 occurramus
1611 2944 1798 2984 omnes
1840 2931 1890 2983 in

313 3028 579 3079 unitatem
610 3024 735 3077 ﬁdei
779 3032 834 3078 et
861 3022 912 3076 iu
943 3023 1270 3091 agnitionem
1301 3021 1437 3090 ejus,
1471 3021 1521 3074 in
1552 3019 1722 3074 virum
1768 3034 1891 3088 per-

312 3116 541 3182 lectum,
568 3115 620 3169 in
650 3128 951 3168 mensuram
978 3114 1147 3167 anatis
1173 3110 1513 3181 plenitudinis
1538 3110 1672 3180 ejus,
1700 3120 1757 3164 ut
1783 3110 1889 3177 jam
1921 3101 1965 3162 C

318 3226 429 3263 nun
449 3212 620 3263 simus
651 3207 852 3276 parvuli
877 3207 1209 3269 ﬂuctuantes,
1226 3215 1277 3259 et
1298 3202 1734 3257 circumferamur
1749 3202 1891 3255 omni

318 3310 484 3352 vento
520 3297 803 3360 doctrinae,
832 3296 885 3349 in
917 3295 1149 3361 nequitia
1197 3292 1495 3357 hominum,
1526 3292 1577 3344 iu
1608 3292 1800 3345 astutia
1828 3290 1893 3345 ad

319 3388 781 3443 machinationem
806 3386 1004 3441 erroris
1034 3384 1231 3438 diaboli
1263 3383 1476 3453 (Ephes.
1508 3379 1608 3451 tv),
1638 3381 1728 3449 qui
1756 3395 1898 3434 sem-

320 3494 420 3546 per
474 3480 692 3547 propria
747 3476 961 3530 festinat
1015 3474 1227 3543 operari
1289 3474 1343 3527 in
1397 3472 1536 3526 ﬁlios
1583 3470 1898 3525 difﬁdentia

282 3610 298 3615 -
320 3567 545 3637 (Ephes.
571 3569 660 3637 ιι).
694 3566 875 3635 Itaque
899 3574 1077 3620 notum
1106 3564 1327 3619 facimus
1358 3562 1530 3629 vobis,
1561 3561 1898 3616 dilectissimi

322 3659 539 3720 lratres,
564 3662 707 3726 quod
733 3666 787 3710 et
810 3671 904 3710 vos
923 3656 1040 3709 sine
1060 3654 1224 3710 dubio
1250 3652 1527 3713 nobiscum
1553 3652 1896 3722 cognoscitis,

322 3750 641 3820 vigilantem
672 3758 726 3803 et
754 3749 888 3802 bene
914 3748 1174 3801 zelantem
1206 3747 1257 3801 in
1292 3747 1454 3799 Deum
1486 3745 1750 3799 habentes
1779 3758 1905 3813 pru-

320 3842 498 3908 prium
541 3836 941 3911 [intvllectum],
972 3838 1221 3904 quoniam
1253 3835 1517 3890 catholica
1553 3836 1643 3889 Dei
1689 3843 1745 3889 et
1771 3848 1903 3902 apo-

325 3931 520 3983 stolica
549 3928 791 3983 Ecclesia
826 3929 877 3981 in
913 3930 1092 3997 quiete
1119 3937 1173 3981 et
1205 3941 1334 3997 pace
1362 3926 1711 3992 consistente,
1740 3924 1903 3979 veluti

325 4022 514 4076 leones
557 4024 832 4088 rugientes
870 4028 924 4073 et
960 4028 1260 4088 quaerentes
1288 4033 1445 4088 quem
1487 4017 1810 4072 devorarent
1850 4014 1905 4086 (I

326 4110 477 4165 Patr.
509 4110 588 4176 v),
623 4109 1045 4163 subintroierunt
1084 4108 1297 4178 quidam
1347 4108 1615 4174 homines,
1657 4107 1747 4177 qui
1776 4107 1907 4161 olim

330 4202 634 4271 prescripti
680 4211 806 4257 sunt
844 4201 895 4255 in
940 4201 1041 4256 hoc
1081 4200 1340 4269 judicium
1391 4200 1676 4269 impietatis
1719 4211 1909 4268 sp0nte

328 4293 633 4362 procedere
682 4290 833 4361 (Jud.
864 4292 943 4361 I),
977 4292 1077 4346 hoc
1123 4300 1238 4356 est,
1286 4290 1601 4346 Theodorus
1646 4290 1908 4360 quondam

329 4386 625 4451 episcopus
666 4383 1071 4447 Pltaranitanus,
1097 4379 1268 4446 Cyrus
1295 4380 1653 4445 Alexandriae,
1687 4380 1909 4447 Sergius

1988 1870 2277 1922 ἀποστόλων
2300 1872 2381 1922 καί
2403 1876 2685 1943 προφητῶν,
2712 1866 2853 1929 ὄντος
2876 1871 3235 1942 ἀκρογωνιαίου
3266 1871 3421 1923 αὐτοῦ
3442 1879 3561 1943 Χρι-

1987 1968 2114 2017 στοῦ
2140 1967 2232 2016 τοῦ
2262 1964 2344 2015 ἐπί
2371 1964 2572 2015 πάντων
2608 1967 2736 2014 Θεοῦ
2759 2001 2773 2023 ,
2804 1964 2887 2014 καί
2924 1970 3153 2034 Σωτῆρος
3182 1968 3280 2015 τῶν
3304 1963 3561 2034 ἡμετέρων

1987 2052 2175 2124 ψυχῶν
2200 2093 2213 2113 ,
2244 2055 2293 2107 ἐν
2386 2059 2535 2107 πᾶσα
2563 2055 2592 2110 ἡ
2623 2050 2853 2122 οἰκοδομή
2892 2053 3396 2123 συναρμολογουμένη
3421 2050 3561 2115 αῦξει

1988 2147 2075 2199 την
2102 2138 2310 2203 αῦξησιν
2342 2142 2492 2195 αὐτοῦ
2529 2149 2592 2214 τῇ
2636 2143 2999 2214 ἀρχιτεκτονίᾳ
3037 2147 3129 2194 τοῦ
3158 2141 3464 2209 Πνεῦματος,
3490 2144 3562 2200 είς

1989 2230 2243 2300 βασίλειον
2290 2227 2564 2305 ἱεράτευμα
2598 2232 2684 2283 καί
2722 2232 2839 2282 ναόν
2865 2229 3003 2300 ἅγιον
3020 2269 3035 2293 ,
3063 2227 3201 2287 ὅπως
3228 2232 3310 2281 καί
3334 2230 3481 2297 ἡμεῖς
3514 2230 3565 2283 έν

1989 2315 2129 2388 αὐτῷ
2153 2319 2522 2395 προκόπτοντες
2542 2359 2556 2382 ,
2586 2318 2688 2371 ἀπὸ
2715 2315 2861 2378 δόξης
2889 2319 2959 2376 εἰς
2986 2314 3126 2379 δόξαν
3161 2317 3251 2375 τάς
3280 2316 3460 2391 ἀρετὰς
3490 2317 3566 2377 ἐξ·

1990 2408 2302 2480 ἀγγέλλωμεν
2329 2407 2478 2459 αὐτοῦ
2510 2403 2599 2459 τοῦ
2619 2408 2672 2458 ὲκ
2692 2406 2908 2464 σκότους
2928 2408 3062 2475 ἡμᾶς
3081 2404 3399 2469 καλέσαντος,
3420 2408 3489 2463 εἰς
3509 2406 3566 2477 τό

1989 2497 2277 2565 θαυμαστόν
2323 2496 2484 2549 αὐτοῦ
2528 2501 2664 2566 φῶς,
2693 2490 2862 2567 παρ’ᾦ
2898 2494 2981 2547 οὐκ
3021 2490 3051 2546 ἴ
3055 2514 3140 2545 στι
3183 2493 3510 2567 παραλλαγὴ,
3535 2492 3565 2551 ἦ

1988 2593 2178 2657 τροπῆς
2210 2586 2563 2653 ἀποσκίασμα,
2592 2584 2791 2637 πάντων
2814 2582 2866 2636 δέ
2888 2589 2986 2636 τῶν
3008 2583 3204 2653 ἀγαθῶν
3229 2583 3258 2638 ἠ
3286 2582 3561 2640 τελείωσις.

1986 2674 2072 2737 Ἐξ
2111 2671 2170 2727 οῦ
2210 2674 2530 2745 φωτισθέντες
2555 2712 2570 2737 ,
2594 2680 2872 2745 κρατοῦμεν
2909 2678 2996 2731 τήν
3027 2674 3095 2731 εἰς
3124 2674 3274 2726 αὐτόν
3302 2671 3569 2744 ὁμολογίίν

1990 2764 2261 2819 ἀσάλευτον
2284 2803 2297 2824 ,
2329 2765 2518 2836 μέχρις
2548 2759 2609 2816 ἀν
2638 2766 3029 2831 καταντήσωμεν
3062 2762 3105 2814 oi
3134 2762 3318 2821 πάντες
3339 2800 3355 2825 ,
3382 2765 3451 2821 εἰς
3476 2768 3567 2821 τήν

1990 2852 2198 2911 ἑνότητα
2243 2860 2334 2911 τῆς
2382 2856 2628 2917 πίστεως,
2658 2855 2742 2906 καί
2784 2860 2874 2911 τῆς
2918 2854 3237 2920 ἐπιγνώσεως
3276 2856 3463 2918 αὐτοῦ,
3497 2857 3568 2914 είς

1992 2939 2152 3016 ἄνδρα
2178 2943 2375 3000 τέλειον,
2397 2945 2466 3001 είς
2486 2944 2667 3016 μέτρον
2694 2943 2878 3003 ἡλικίας
2907 2949 2998 2996 τοῦ
3027 2943 3360 3019 πληρώματος
3381 2946 3563 3011 αὐτοῦ,

1990 3033 2075 3085 ἵνα
2096 3034 2182 3085 καί
2207 3033 2381 3103 μηκέτι
2402 3028 2534 3102 ὦμεν
2561 3036 2741 3095 νήπιοι,
2768 3035 2852 3086 καί
2873 3031 3286 3103 κλῃδονιζόμενοι,
3314 3038 3400 3088 καί
3422 3055 3571 3108 περι-

1995 3122 2271 3196 φερόμενοι,
2295 3126 2448 3177 παντὶ
2477 3124 2643 3196 ἀνέμῳ
2669 3138 2761 3183 τῆς
2791 3120 3116 3183 διδασκαλίας
3138 3162 3153 3189 ,
3196 3124 3244 3177 έν
3282 3132 3344 3198 τῇ
3391 3125 3571 3199 κυϐείᾳ

1996 3221 2095 3267 τῶν
2130 3214 2421 3287 ἀνθρώπων,
2448 3214 2499 3265 έν
2539 3213 2827 3286 πανουργίᾳ
2872 3214 3003 3287 πρός
3047 3213 3140 3274 τάς
3185 3214 3443 3284 μεθοδείας
3475 3225 3568 3275 τῆς

1996 3303 2183 3361 πλάνης
2210 3309 2300 3357 τοῦ
2330 3300 2584 3366 διαϐόλου,
2607 3308 2699 3355 τοῦ
2719 3303 2935 3357 πάντοτε
2964 3306 3028 3357 τά
3059 3306 3221 3359 οἰκεῖα
3253 3303 3570 3368 σπουδάζον·-

1997 3413 2085 3452 τος
2112 3391 2331 3465 ένεργεῖν
2352 3393 2400 3445 έν
2428 3400 2533 3453 τοῖς
2554 3393 2683 3452 υἱοῖς
2708 3402 2801 3452 τῆς
2828 3395 3104 3455 ἀπειθείας.
3135 3398 3446 3469 Γνωρίζομεν
3469 3400 3570 3471 γάρ

1999 3483 2134 3552 ύμῖν,
2165 3485 2419 3555 ἀγαπητοί
2443 3481 2661 3556 ἀδελφοί,
2690 3482 2817 3557 ὅπερ
2846 3488 2926 3538 καί
2951 3487 3095 3555 ὑμεῖς
3119 3488 3340 3561 ἀκριϐῶς
3365 3497 3575 3542 συνεπί-

2002 3574 2190 3627 στασθε
2210 3612 2226 3637 ,
2256 3570 2686 3648 διαγρηγοροῦντα
2713 3568 2843 3628 κατά
2870 3575 2988 3627 Θεὸν
3014 3578 3098 3628 καὶ
3124 3576 3395 3638 εύζήλωτον
3427 3574 3576 3645 ἕλον·

2002 3684 2087 3723 τες
2127 3664 2211 3718 τόν
2244 3662 2369 3718 ἴδιον
2390 3664 2628 3734 λογισμὸν
2653 3704 2667 3727 ,
2704 3663 2784 3719 ὅτε
2811 3672 2901 3724 τῆς
2936 3667 3193 3726 καθολικῆς
3217 3673 3308 3722 τοῦ
3338 3674 3463 3721 Θεοῦ
3489 3673 3574 3721 καί

2004 3754 2342 3815 ἀποστολικῆς
2370 3753 2659 3814 Ἐκκλησίας
2683 3756 3055 3824 ἡσυχαζούσης
3074 3794 3090 3820 ο
3121 3760 3203 3809 καί
3227 3758 3578 3833 εἰρηνευούσης

2005 3844 2144 3904 δίκην
2170 3846 2379 3900 λεόντων
2401 3847 2718 3919 ὠρυομένων,
2744 3848 2827 3899 καί
2853 3843 3139 3909 ζητούντων
3159 3842 3273 3902 τινά
3293 3856 3575 3910 καταπιεῖν,

2005 3935 2387 4013 παρεισέδυσάν
2418 3958 2550 3997 τινες
2574 3934 2848 4012 ἅνθρωποι,
2882 3939 2927 3990 οἱ
2959 3938 3107 3992 πάλαι
3142 3940 3580 4011 προγεγραμμένοι

2007 4029 2077 4086 εἰς
2116 4032 2263 4081 τοῦτο
2301 4026 2360 4080 τὸ
2399 4035 2555 4101 κρῖμα
2589 4035 2681 4086 τῆς
2729 4026 2964 4085 ἀσεϐείας
3006 4026 3247 4085 έκονλσίως
3298 4028 3577 4097 ἐξάγεσθαι,

2006 4117 2263 4178 τουτέστι,
2290 4114 2547 4187 Θεόδωρος
2587 4114 2613 4169 ὁ
2649 4114 2909 4186 γενόμενος
2950 4115 3224 4173 ἐπίσκοπος
3259 4123 3349 4174 τῆς
3389 4118 3579 4189 Φαράν.

2009 4219 2167 4288 κῦρος
2203 4211 2228 4265 ό
2263 4209 2653 4284 ’Δλεξανδρείας,
2685 4211 2883 4282 Σέργιος
2928 4209 2953 4263 ὁ
2995 4211 3581 4275 εωνσταντινουπόλεως,

2010 4306 2092 4358 καί
2121 4305 2165 4356 oi
2195 4304 2379 4356 τούτου
2402 4301 2662 4371 διάδοχοι,
2696 4303 2889 4376 Πύρρος
2912 4304 2997 4355 καί
3021 4302 3231 4365 Παῦλος,
3263 4308 3352 4360 τὴν
3376 4308 3467 4356 τοῦ
3488 4324 3582 4373 με-

2010 4394 2162 4466 γάλου
2192 4388 2318 4447 Θεοῦ
2348 4394 2430 4445 καί
2469 4399 2697 4464 Σωτῆρος
2725 4392 2865 4461 ἡμῶν
2903 4392 3210 4459 οἰκονομίαν,
3238 4392 3307 4451 είς
3334 4391 3582 4467 ατρετικην

330 4474 980 4543 Constantinopolitauus,
1010 4474 1094 4529 vel
1124 4472 1239 4541 ejus
1275 4488 1637 4537 successores,
1675 4471 1899 4542 Pyrrhus

2017 4485 2442 4557 μεταστρέφοντες
2468 4482 2805 4550 καινοτομίαν,
2834 4482 2920 4533 καί
2947 4480 3031 4534 τὸν
3053 4479 3375 4554 ἀγοράσαντα
3404 4481 3586 4540 αύτούς

332 4584 387 4633 et
424 4569 645 4631 Paulus,
674 4569 850 4635 magni
880 4566 972 4620 Dei
1000 4576 1055 4621 et
1089 4566 1385 4621 Salvatoris
1414 4568 1582 4620 nostri
1628 4566 1907 4634 dispensa-

332 4663 540 4713 tionem
566 4659 620 4712 in
651 4657 953 4711 haereticam
983 4658 1268 4711 novitatem
1297 4665 1688 4726 retorquentes,
1714 4667 1768 4711 et
1795 4671 1914 4710 eum

333 4754 428 4821 qui
476 4753 613 4805 emit
662 4765 780 4817 eos,
811 4748 1082 4803 Christum
1137 4749 1421 4802 Dominum
1468 4748 1814 4816 denegantes,
1846 4761 1916 4800 ex

335 4845 447 4897 hoc
488 4841 634 4911 quod
675 4842 726 4894 in
775 4842 973 4909 scripto
1008 4848 1251 4895 asserunt
1296 4839 1513 4895 minime
1552 4855 1673 4894 eum
1724 4840 1920 4894 habere

335 4937 641 4992 secundum
690 4932 917 4988 formam
947 4936 1108 4998 servi,
1141 4933 1224 4986 vel
1270 4932 1560 4986 secundum
1606 4931 1747 4999 quod
1794 4945 1919 4999 pro-

334 5040 465 5098 pter
521 5042 620 5081 nos
665 5025 836 5079 factus
882 5033 965 5080 est
1005 5025 1186 5087 homo,
1231 5023 1559 5078 voluntatem
1602 5032 1695 5077 aut
1737 5037 1922 5090 opera-

338 5124 551 5173 tionem
614 5116 939 5180 naturalem,
989 5114 1083 5169 setl
1125 5114 1244 5168 sine
1292 5114 1586 5168 substantia
1639 5128 1761 5167 eum
1810 5114 1923 5166 sive

336 5217 563 5272 natura,
594 5216 650 5260 et
678 5221 783 5259 non
822 5205 993 5260 solum
1025 5204 1141 5259 sine
1166 5203 1364 5268 anima,
1396 5213 1450 5257 et
1475 5203 1920 5267 irrationabilem,

334 5311 399 5354 et
451 5296 817 5351 insensibilem
866 5294 1159 5349 secundum
1202 5308 1295 5348 eos
1340 5294 1591 5359 existere,
1620 5295 1741 5362 quia
1788 5293 1927 5348 sicut

334 5403 448 5444 nos
501 5386 721 5457 gloriosi
771 5384 1024 5439 Ecclesiae
1070 5383 1257 5438 Patres
1303 5381 1625 5452 docuerunt,
1667 5382 1923 5453 quidquid

331 5482 551 5548 absque
601 5478 874 5531 voluntate
913 5476 1158 5531 consistit
1203 5483 1256 5529 et
1304 5477 1614 5542 operatione
1660 5476 1727 5530 ab
1775 5476 1921 5529 omni

333 5578 501 5626 caret
540 5565 875 5622 substantiali
924 5574 1110 5619 natura
1137 5581 1149 5617 :
1182 5580 1278 5634 pro
1306 5579 1408 5631 qua
1441 5580 1498 5618 re
1530 5566 1704 5632 ipsum
1743 5564 1929 5633 gloria

336 5664 519 5715 Deum
564 5669 620 5714 et
668 5656 950 5712 Dominum
1000 5669 1237 5710 nosuum
1284 5655 1467 5710 Jesum
1515 5654 1782 5711 Christum
1830 5671 1926 5725 per

335 5766 658 5823 utramque,
683 5766 747 5807 ex
777 5750 969 5822 quibus
999 5748 1241 5806 consistit
1273 5748 1475 5805 naturis
1502 5758 1660 5819 atque
1687 5750 1925 5821 apperti-

2017 4574 2266 4633 δεσπότην
2306 4573 2518 4649 Χριστόν
2562 4573 2870 4645 ἀρνούμενοι,
2911 4568 2993 4624 διά
3023 4576 3173 4623 τοῦτο
3211 4570 3365 4640 λέγειν
3401 4571 3587 4629 αὺτούς

2019 4664 2292 4737 ἐγγράφως,
2319 4667 2386 4729 μή
2416 4659 2559 4731 ἔχειν
2586 4660 2759 4723 αὐτὸν,
2785 4660 2915 4715 κατά
2932 4665 3021 4717 τήν
3048 4665 3138 4714 τοῦ
3169 4656 3348 4713 δούλου
3378 4663 3587 4734 μορφήν,

2017 4756 2127 4814 ἤτοι
2154 4756 2274 4808 καθὸ
2304 4751 2366 4808 δι’
2387 4755 2520 4823 ἡμᾶς
2544 4752 2740 4824 γέγονεν
2765 4747 3041 4826 ἅνθρωπος,
3067 4750 3260 4806 θέλησιν
3284 4749 3315 4809 ἦ
3342 4750 3591 4821 ἐνέργειαν

2021 4850 2253 4916 φυσικὴν,
2285 4844 2388 4899 ἀλλ’
2418 4841 2649 4897 ἀνούσιον
2673 4842 2825 4896 αὐτόν
2852 4844 2938 4895 καί
2962 4842 3285 4916 ἀνύπαρκτον
3308 4880 3323 4903 ,
3349 4838 3458 4892 κατ’
3488 4840 3588 4890 aia-

2020 4940 2139 4996 τούς
2160 4933 2439 5010 ύποίρχειν⁶
2464 4933 2612 4995 ἧττον
2635 4935 2734 5009 γὰρ
2764 4935 2923 4987 εἰπεῖν
2948 4930 3163 5003 ἄψυχον
3186 4933 3270 4985 καί
3298 4927 3490 4997 ἄλογον,
3512 4931 3593 4981 καί

2022 5027 2249 5091 ἀνόητον,
2273 5024 2466 5090 ἐπειδὴ,
2498 5027 2657 5084 καθὼς
2684 5025 2819 5089 ἡμᾶς
2836 5023 2881 5076 οί
2907 5016 3155 5096 περίδοξοι
3181 5027 3273 5079 τῆς
3304 5016 3593 5075 Ἐκκλησίας

2025 5120 2239 5191 Πατέρες
2288 5113 2589 5169 διδάσκουσι
2613 5155 2629 5181 ,
2673 5113 2732 5167 τό
2775 5113 2947 5169 πάσης
2987 5108 3194 5183 ἄμοιρον
3231 5108 3472 5178 ὑπάρχον
3510 5106 3593 5158 θε-

2024 5208 2217 5265 λησεως
2238 5208 2321 5259 καί
2348 5205 2618 5277 ἐνεργείας,
2649 5205 2732 5256 καί
2750 5202 2920 5259 πάσης
2945 5197 3125 5273 ἔρημόν
3152 5198 3290 5251 ἐστιν
3316 5193 3595 5254 ούσεὼδους

2026 5299 2293 5369 ὑπάρξεως
2312 5309 2326 5324 ⁸
2383 5294 2494 5348 ὅθεν
2522 5294 2675 5348 αῦτόν
2706 5294 2790 5346 τόν
2816 5299 2906 5349 τῆς
2934 5288 3074 5351 δόξης
3101 5288 3222 5341 Θεὸν
3257 5288 3431 5361 Κύριον
3456 5288 3596 5357 ἡμῶν

2027 5389 2220 5446 Ἰησοῦν
2241 5384 2839 5460 Χριστὸν,καθ’έκοιτέραν
2867 5388 2965 5435 τῶν
2994 5379 3043 5441 ἐξ
3068 5375 3135 5430 ὧν
3158 5381 3241 5430 καί
3270 5378 3316 5429 ἐν
3344 5373 3423 5436 αἷς
3449 5376 3596 5429 συνέο

2030 5499 2183 5537 στηκε
2241 5479 2475 5548 φύσεων,
2511 5477 2598 5529 καί
2646 5480 2743 5527 τῶν
2794 5470 3085 5545 προσόντων
3137 5470 3322 5528 αὐταῖς
3374 5474 3595 5538 φυσικῶν

2033 5569 2315 5639 ἰδιωμάτων
2361 5567 2541 5622 τέλειον
2588 5560 2709 5617 ὄντα
2749 5563 2879 5616 κατά
2925 5564 3092 5615 πάντα
3132 5561 3280 5629 μόνης
3328 5557 3464 5629 δίχα
3508 5567 3600 5617 τῆς

2033 5660 2287 5731 ἁμαρτίας
2315 5657 2575 5729 έκηρυξαν.
2606 5657 2663 5707 Ei
2688 5651 2741 5707 δέ
2768 5652 2947 5707 τέλειον
2975 5654 3107 5706 κατά
3137 5652 3322 5713 πάντα,
3344 5658 3453 5710 πῶς
3473 5650 3595 5718 οὐχί

2036 5751 2119 5805 καί
2146 5749 2192 5802 έν
2218 5747 2411 5805 θελήσει
2439 5751 2500 5820 τῇ
2542 5743 2645 5798 καθ’
2666 5744 2798 5814 ἡμᾶς
2844 5750 3026 5816 φυσικῇ
3055 5746 3137 5800 καί
3176 5743 3427 5815 ἐνεργείᾳ,
3453 5744 3602 5797 Δῆλον
