4006 6182
434 287 535 341 ΙΞῆ

1604 276 1845 335 ΞᾹΝΟἸΊ
1887 268 2167 327 ΜΔΒΤΙΝΙ
2210 271 2410 330 ΡΑΡιΕ
2453 274 2470 327 l

3575 276 3595 328 1
3606 270 3675 326 24

426 410 524 482 γάρ
556 406 636 462 ὅτι
666 406 850 466 ἰδιότης
876 409 1057 477 φυσικὴ
1084 410 1173 462 τῆς
1196 400 1448 467 καθ’ἧμᾶς
1473 401 1647 459 οὖσίας
1679 397 2005 451 καθέστηκεν,

2116 391 2362 446 nentibus
2409 392 2607 448 eisdem
2660 394 2985 448 naturalibus
3033 395 3448 465 proprietatibus
3498 398 3668 465 perle-

430 503 460 557 ἡ
487 499 736 559 ούσιὼδης
762 501 916 557 αὐτῆς
949 497 1167 569 ἐνέργεια
1208 496 1292 545 καί
1326 493 1541 551 θέλησις.
1576 488 1666 552 Ἶις
1695 486 2004 559 ἀναιρουμὲ-

427 608 536 647 νηςν
563 590 645 640 καί
674 589 702 643 ἡ
732 587 881 657 φύσις
907 586 1034 639 αύτὴ
1061 588 1443 657 συναναιρεῖται
1470 581 1694 637 πάντως,
1723 580 1791 637 ὡς
1819 579 1909 629 ουκ
1931 573 2008 630 ἴτε

428 676 759 747 γνωριζομένη
790 672 871 726 διὰ
916 681 1001 730 τῆς
1041 669 1302 731 ούσιωδῶς
1339 670 1825 746 χαρακτηριζούσης
1854 668 2007 726 αὐτὴν

430 771 642 833 φυσικῆς
680 760 947 821 ἰδιότητος.
992 760 1073 814 Διό
1122 764 1208 813 καί
1246 761 1546 834 ἰσαρίθμους
1585 766 1699 817 ταῖς
1733 758 2007 825 ἡνωμέναις

430 855 580 906 αὐτοῦ
612 852 716 904 καθ’
739 844 1027 905 ὑπόστασιν
1050 852 1253 920 φύσεσι,
1282 849 1372 904 δύο
1401 871 1454 905 τε
1483 850 1637 903 αὐτοῦ
1677 850 1898 907 θελήσεις
1920 850 2007 901 καί

431 943 679 1019 ἐνεργείας
714 950 910 1016 φρονεῖν
948 946 1062 1013 ἡμῖν
1097 940 1517 1016 παραδεδώκασιν
1539 939 1736 1015 ,αὔγουν
1767 935 2004 992 οἴκτιστον

428 1037 512 1088 καί
538 1039 745 1092 κτιστὴν
765 1075 778 1093 .
808 1036 940 1087 θείαν
969 1038 1052 1086 καί
1092 1034 1401 1106 ἀνθρωπίνην
1444 1037 1689 1105 συμφυῶς
1715 1028 2004 1098 ήνωμένας,

430 1129 511 1179 καί
541 1132 887 1200 μαρτυροῦσιν
908 1128 950 1179 οἷ
970 1128 1164 1180 τούτων
1185 1127 1321 1197 λόγοι
1353 1133 1416 1198 τῇ
1443 1126 1624 1199 πράξει
1651 1129 1749 1177 τῶν
1779 1123 2005 1192 ὑπομνη-

431 1219 601 1287 μάτων
629 1220 765 1286 ἡμῶν
791 1219 1093 1291 ἔνταγέντες.
1124 1221 1194 1277 ε’ς
1222 1216 1472 1281 ἀπόδειξιν
1506 1226 1597 1275 τῆς
1638 1217 1859 1275 ἀληθείας
1877 1255 1892 1275 ν
1923 1217 2007 1268 καὶ

430 1311 596 1369 πάσης
636 1311 1049 1384 ὑπερλάμποντες
1087 1311 1289 1369 ἡλιακῆς
1331 1312 1547 1368 ἀκτῖνος.
1578 1309 1748 1360 Αύτῶν
1792 1302 1878 1359 οὖν
1907 1313 2008 1360 τῶν

429 1407 594 1455 ταῦτα
616 1398 954 1455 διδασκόντων
976 1403 1110 1470 ἡμᾶς
1134 1400 1289 1471 ἁγίων
1317 1407 1522 1473 Πατρῶν
1544 1402 1633 1456 τὴν
1662 1399 1848 1451 εὐθεῖαν
1872 1393 2005 1461 ὁδόν,

429 1492 585 1564 ἤγουν
614 1497 703 1551 τὴν
725 1492 980 1566 ὀρθόδοξον
1006 1498 1178 1549 πίστιν
1200 1494 1530 1563 ἀπωσάμενοί
1552 1512 1605 1545 τε
1628 1492 1713 1544 καί
1738 1489 2009 1545 ἀπολιπόν-

430 1604 513 1642 τες
545 1583 589 1635 οί
618 1584 849 1655 ῥηθέντες
878 1584 1200 1654 ἀντικείμενοι
1222 1581 1422 1655 ἄιδρις,
1450 1582 1790 1656 ἐπορεύθησαν
1818 1588 1880 1651 τῇ
1910 1576 1967 1634 όδ
1985 1587 2009 1647 ἶ)

430 1680 520 1727 τοῦ
563 1673 786 1743 Βαλαὰμ,
828 1676 917 1727 τοῦ
967 1677 1144 1748 Βοσὸρ,
1185 1676 1421 1729 τουτέστι
1463 1681 1524 1747 τῇ
1565 1674 1873 1744 κακοπιστίᾳ
1911 1676 2009 1724 τῶν

2107 492 2249 538 etum
2275 498 2394 540 esse
2423 484 2476 538 in
2509 488 2775 552 omnibus,
2808 488 3006 556 absque
3038 490 3404 544 tantummodo
3433 502 3675 558 peccato,

2109 576 2481 644 praedicarunt.
2512 577 2569 632 Si
2619 594 2747 649 ergo
2797 581 3090 648 perfectum
3142 581 3193 635 in
3242 584 3512 648 omnibus,
3541 599 3674 649 quo-

2107 668 2267 721 modo
2314 683 2418 723 non
2449 669 2584 723 etin
2616 671 2891 727 voluntate
2933 682 2986 729 et
3028 675 3338 740 Operatione
3380 676 3671 730 secundum

2109 764 2346 812 nostram
2375 761 2654 814 naturam?
2678 760 2891 815 Certum
2921 770 3004 817 est
3027 763 3191 829 enim,
3220 763 3343 833 quia
3376 766 3677 832 preprietas

2109 848 2363 902 naturalis
2388 861 2581 904 nostra:
2605 853 2938 919 substantiae,
2965 856 3211 910 consisrit
3232 856 3534 910 essentialis
3561 856 3679 923 ejus

2108 937 2350 1004 Operatio
2399 948 2453 995 et
2503 942 2785 1009 voluntas;
2829 958 2929 1012 qua
2998 947 3325 1014 proprietate
3382 955 3676 1014 amputata,

2110 1028 2293 1095 utique
2333 1038 2387 1082 et
2431 1028 2542 1099 ipsa
2575 1041 2764 1087 natura
2796 1049 2915 1087 cum
2949 1035 3035 1089 illa
3071 1036 3367 1104 perimitur,
3400 1038 3521 1105 quia
3568 1038 3681 1106 jam

2108 1118 2359 1184 cognosci
2390 1130 2576 1175 natura
2625 1124 2774 1180 nullo
2805 1124 2966 1179 modo
2996 1136 3172 1192 potest
3204 1143 3299 1195 per
3336 1130 3680 1184 essentialem

2111 1206 2472 1276 designantem
2496 1226 2613 1266 eam
2639 1215 2938 1270 naturalem
2966 1218 3362 1285 proprietatem.
3392 1219 3678 1285 Pr0pterea

2110 1305 2164 1352 et
2214 1298 2327 1367 pari
2383 1317 2608 1357 numero
2661 1305 2824 1360 unitis
2874 1308 3292 1363 substantialiter
3346 1308 3394 1363 ei
3447 1309 3681 1376 naturis,

2110 1390 2351 1459 ejusdem
2378 1397 2681 1453 voluntates
2708 1406 2765 1453 et
2791 1401 3133 1468 operationes
3162 1417 3352 1471 sapere
3392 1404 3685 1459 nobisttra-

2111 1481 2380 1547 didernnt,
2407 1486 2509 1542 hoc
2537 1496 2641 1553 est,
2675 1489 2964 1546 increatam
2997 1502 3052 1547 et
3077 1502 3335 1559 creatam,
3365 1495 3597 1549 divinam
3629 1504 3684 1551 et

2114 1573 2421 1638 humanam,
2448 1576 2782 1633 cohaerenter
2808 1580 3006 1643 unitas,
3037 1590 3094 1635 ut
3126 1590 3390 1638 testantur
3412 1584 3570 1639 verba
3595 1599 3688 1638 eo-

2113 1674 2229 1714 rum
2260 1661 2463 1717 actibus
2492 1667 2687 1723 nostris
2718 1667 2768 1721 in
2792 1669 3176 1738 approbatione
3197 1672 3435 1727 veritatis
3463 1672 3685 1740 inserta,

432 1763 713 1840 αίρετικῶν,
744 1767 825 1816 καί
853 1773 913 1836 τῇ
938 1765 1207 1838 αὐτονομίᾳ
1234 1771 1326 1824 τῆς
1352 1763 1544 1822 πλάνης
1574 1760 1740 1817 αύτῶν
1763 1762 2009 1832 ἐξεχύθη·

2114 1760 2169 1805 et
2208 1766 2367 1819 super
2411 1768 2625 1809 omnem
2674 1737 2877 1812 radium
2928 1760 3060 1814 solis
3110 1761 3356 1816 nitentia.
3389 1761 3553 1833 Igitur
3588 1778 3685 1818 eo-

432 1873 549 1915 σαν,
573 1856 653 1907 καί
677 1862 738 1925 τῇ
764 1855 1016 1929 ἀντιλογίᾳ
1052 1863 1143 1915 τῆς
1182 1855 1439 1914 ἀπειθείας
1477 1856 1643 1908 αὐτῶν
1682 1854 2013 1929 ἐσκληρύνθη-

433 1964 551 2001 σαν.
579 1946 795 2018 ἀστέρες
841 1942 977 2005 ὄντες
1021 1945 1290 2004 πλανῆται,
1326 1947 1408 1999 καί
1453 1944 1642 2017 νεφελαι
1676 1940 1902 2017 ἄνυδροι.
1931 1945 2015 1997 καί

435 2030 619 2106 δένδρα
662 2037 994 2111 φθινοπωρινά
1024 2034 1252 2111 ἄκαρπα,
1289 2034 1364 2097 δίς
1411 2036 1729 2090 ἀποθανόντα
1754 2037 1837 2088 καί
1872 2034 2011 2107 ἰκρι-

436 2126 673 2188 coetum,
703 2128 905 2196 κύματα
933 2124 1088 2201 ἄγρια
1114 2128 1374 2186 θαλάσσης
1403 2128 1743 2196 ἀπαφρίῖοντα
1767 2127 1861 2184 τὰς
1891 2123 2012 2177 ἔαυ-

436 2224 537 2270 τῶν
562 2218 824 2288 αἰσχύνας
844 2259 857 2281 ,
888 2216 957 2280 οἷς
990 2219 1014 2274 ὁ
1051 2220 1193 2292 ζόφος
1226 2227 1316 2273 τοῦ
1343 2220 1556 2278 σκότους
1585 2220 1655 2279 εἰς
1683 2221 1837 2271 α’ῶνα
1866 2219 2011 2274 τεττί⁶

436 2324 589 2378 ρηται
628 2312 695 2375 μή
744 2308 1196 2377 μεταϐαλλομένοις
1217 2350 1232 2373 ,
1258 2308 1380 2361 ἀλλά
1417 2306 1532 2380 τῇδε
1559 2308 1780 2367 κάκεῖσε,
1810 2308 1892 2361 τὸν
1916 2328 2012 2376 μο-

435 2392 628 2463 λυσμὸν
668 2402 758 2455 τῆς
809 2398 991 2455 οἰκείας
1041 2397 1310 2472 αἱρέσεως,
1340 2397 1537 2468 ἀφόϐως
1584 2398 2009 2460 ἐξακοντίζουσιν,

436 2485 614 2543 οἵτινες
643 2488 947 2556 μετήλλαξαν
975 2493 1063 2546 τὴν
1091 2488 1320 2547 ἀλήθειαν
1352 2495 1443 2545 τοῦ
1482 2495 1611 2543 Θεοῦ
1640 2489 1690 2542 iv
1712 2496 1784 2556 τῷ
1811 2484 2010 2558 ψεύδει,

437 2576 519 2627 καί
578 2575 939 2634 ἐσεϐάσθησαν
997 2581 1078 2632 καὶ
1139 2580 1440 2653 προέκριναν
1493 2586 1592 2633 τῶν
1655 2578 1873 2632 εὐσεϐῶν
1920 2586 2012 2636 τῆς

438 2663 697 2724 καθολικῆς
751 2666 1041 2728 Ἐκκλησίας
1105 2667 1411 2742 δογμάτων,
1456 2672 1522 2725 τὰ
1592 2677 1693 2724 τῶν
1752 2670 2014 2745 αίρετεκῶν

436 2756 727 2825 ἡπατημένα
772 2760 1147 2835 συγγράμματα
1191 2761 1318 2835 πρὸς
1347 2761 1403 2816 τὸ
1430 2766 1563 2814 πᾶσι
1602 2759 1810 2831 τρόποις
1848 2780 2014 2814 σπουο

435 2847 635 2915 δάζειν,
683 2851 713 2910 ἤ
775 2854 1019 2913 πλανῆσαι
1080 2858 1201 2917 τούς
1271 2860 1692 2934 ἀκεραιοτέρους,
1743 2856 1773 2916 ἦ
1839 2856 2014 2921 διῶξαι

434 2942 553 2999 τούς
580 2942 628 2993 ἐν
657 2945 820 3017 κυρίῳ
848 2946 1239 3021 μονιμωτέρους.
1271 2944 1435 3021 Ὀπερ
1456 2947 1549 3006 ἤδη
1577 2950 1659 3003 καί
1701 2950 1773 3007 εἰς
1799 2948 2012 3009 πολλούς

2117 1841 2358 1895 rumde
2385 1853 2689 1899 sanctorum
2719 1846 2956 1913 Patrum,
2979 1849 3069 1917 qui
3102 1847 3216 1903 lucc
3246 1865 3342 1904 nos
3367 1850 3682 1919 docuerunt,

2116 1936 2314 1982 rectam
2361 1930 2536 1996 viam,
2586 1934 2686 1988 hoc
2732 1928 2855 1999 est,
2898 1936 3250 1991 orthodoxam
3297 1938 3686 1997 confessionem

2114 2019 2360 2085 superius
2386 2019 2515 2074 dicti
2543 2026 2796 2078 contrarii
2829 2028 3071 2081 veritatis
3099 2037 3414 2091 respuentes
3437 2046 3500 2084 ac
3527 2030 3683 2086 dere-

2118 2109 2436 2180 linquentes,
2468 2117 2872 2174 ambulaverunt
2914 2123 2967 2174 in
3010 2122 3144 2176 viam
3181 2123 3392 2178 Balaam
3433 2126 3497 2179 de
3529 2126 3691 2181 Bosor

2117 2200 2204 2271 (Il
2239 2201 2349 2257 Pet.
2377 2206 2456 2275 tt),
2500 2206 2602 2263 hoc
2631 2220 2733 2275 est,
2762 2209 2816 2265 in
2850 2213 3068 2280 perﬁdia
3110 2215 3501 2283 haereticorum,
3537 2228 3591 2273 et
3633 2219 3687 2273 in

2115 2304 2409 2362 spontaneo
2436 2312 2620 2353 eorum
2653 2316 2839 2357 errore
2879 2302 3029 2358 effusi
3072 2315 3226 2371 sunt,
3270 2316 3429 2376 atque
3458 2311 3510 2362 in
3550 2323 3682 2363 con-

2116 2386 2431 2442 tradictione
2474 2389 2845 2446 inobedientia:
2896 2407 3008 2447 suae
3051 2394 3297 2449 obdurati
3340 2410 3485 2460 sunt,
3516 2398 3687 2452 sidera

2115 2479 2382 2534 existentes
2411 2483 2619 2547 erroris,
2645 2493 2691 2536 et
2718 2485 2871 2538 nubes
2901 2486 3008 2540 sine
3030 2502 3186 2555 aqua,
3220 2505 3310 2541 nec
3347 2505 3448 2542 non
3483 2490 3687 2545 arbores

2116 2573 2458 2639 autumnales,
2502 2575 2856 2645 infructuosa,
2893 2576 2968 2630 bis
3011 2588 3248 2640 martum,
3279 2582 3551 2635 eradicata:
3585 2584 3688 2651 [iu-

2115 2669 2224 2714 ctus
2264 2664 2455 2730 feroces
2502 2665 2680 2729 maris,
2722 2676 3013 2735 spumantes
3058 2671 3294 2737 prOprias
3338 2671 3687 2737 confusiones,

2114 2755 2297 2822 quibus
2337 2757 2502 2825 caligo
2544 2759 2865 2812 tenebrarum
2907 2761 2959 2813 iu
3001 2770 3245 2814 «ternum
3284 2773 3575 2816 conservata
3610 2769 3687 2816 est

2114 2845 2320 2898 minime
2349 2847 2701 2912 pauitantibus
2732 2848 2884 2917 (Jud.
2914 2850 2999 2914 ιε,
3037 2850 3144 2919 15),
3173 2852 3265 2906 sed
3311 2853 3409 2905 huc
3457 2852 3687 2922 illucque

2116 2936 2372 2988 maculam
2404 2936 2631 3003 promite
2671 2938 2935 2993 barreseos
2976 2940 3177 3008 absque
3211 2941 3401 2996 timore
3437 2939 3688 3010 jactanti-

432 3037 532 3083 τῶν
567 3032 788 3086 εύσεξῶν
817 3034 1006 3107 ἀνδρῶν
1035 3036 1395 3110 ἐξειργάσαντο
1415 3077 1432 3104 ,
1466 3046 1763 3110 σωματικῶς
1794 3040 2009 3100 τούτους

2117 3028 2212 3083 bus
2235 3043 2249 3081 :
2276 3029 2375 3093 Qui
2394 3041 2828 3084 commutavcrunt
2857 3033 3115 3086 ueritatem
3141 3033 3234 3088 Dei
3264 3035 3317 3087 in
3340 3036 3683 3100 mendacium,

434 3128 879 3193 κακοποιῆσαντες,
914 3126 1084 3186 ἐπειδή
1113 3128 1349 3200 ψυχικῶς
1378 3133 1462 3185 οὐκ
1490 3133 1794 3202 ἑξίσχυσαν,
1825 3139 1888 3205 τῇ
1912 3135 2007 3187 πίεν

432 3234 531 3287 τρᾳ
558 3223 649 3273 τῆς
682 3217 843 3269 αὐτῶν
870 3220 1242 3293 προσραγέντες
1272 3220 1533 3295 ὀρθοδόξου
1561 3226 1788 3283 πίστεως
1809 3263 1824 3287 ,
1854 3221 2012 3294 ἰφόἷς

433 3298 516 3353 διά
557 3303 650 3362 τὰς
692 3304 915 3365 ἀτόπους
958 3308 1124 3361 αὐτῶν
1169 3310 1375 3382 πράξεις
1413 3314 1496 3364 καί
1533 3312 1624 3371 τὰς
1653 3314 2011 3383 ἀτοπωτέρους

433 3397 755 3464 καινοτομίας
783 3398 1207 3470 σπαραττόμενοι.
1242 3403 1328 3455 καί
1361 3403 1428 3456 τά
1454 3404 1753 3477 αἰσθητήρια
1781 3426 2012 3474 μαιμασ·

434 3484 634 3553 σιίμενοι
661 3493 750 3545 τῆς
790 3486 999 3562 καρδίας
1045 3492 1173 3544 κατὰ
1201 3493 1285 3545 τόν
1313 3494 1435 3547 θεῖον
1465 3492 1727 3567 Ἱερεμίαν,
1750 3495 1794 3548 οἱ
1823 3496 1871 3548 ἐν
1908 3517 2009 3565 μα.

433 3576 587 3646 καρίᾳ
730 3580 898 3646 μνήμῃ
948 3582 1349 3652 προηγησάμενοι
1399 3585 1532 3653 ἡμᾶς
1580 3586 1867 3660 ἀρχιερεῖς,
1920 3587 2010 3640 οὐκ

434 3665 721 3718 ἐπαύσαντο
758 3670 1136 3744 μαρτυρόμενοι
1188 3676 1269 3726 καί
1310 3672 1902 3747 παραινοῦντεςάύτοῖς,
1935 3678 2010 3730 ἐν·

433 3753 606 3809 δοῦναι
630 3765 720 3817 τῆς
749 3760 986 3820 τοιαύτης
1016 3765 1181 3818 αὐτῶν
1223 3766 1468 3835 αἱρέσεως
1506 3769 1590 3820 καί
1630 3768 1926 3841 προσελθεῖν
1947 3776 2009 3842 τῇ

434 3847 731 3919 ὑγιαινούσῃ
759 3846 1077 3924 διδασκαλίᾳ,
1104 3857 1297 3919 μήποτε
1319 3855 1523 3929 ὀργισθῇ
1546 3857 1746 3927 Κύριος,
1771 3858 1853 3911 καί
1880 3858 2007 3911 ἀπο-

434 3936 636 3990 λοῦνται
677 3939 874 3999 τελείως
906 3942 957 3994 ἐκ
985 3950 1074 4003 τῆς
1102 3940 1217 3997 ὁδοῦ
1255 3953 1356 3999 τῶν
1382 3944 1597 4011 δικαίων,
1630 3947 1784 4020 ἤγουν
1813 3956 1902 4008 τῆς
1931 3949 2011 4002 εύ-

434 4027 616 4087 σεϐοῦς
636 4036 733 4083 τῶν
754 4030 907 4104 ἀγίων
934 4043 1138 4109 πατρῶν
1165 4034 1445 4113 ὁμολογίας.
1468 4045 1628 4094 Τοῦτο
1658 4037 1710 4093 δέ
1736 4059 2007 4110 προνοητι-

434 4123 529 4178 κῶς
557 4120 614 4172 ού
644 4122 791 4189 μόνον
830 4126 973 4179 αὐτοὶ
1010 4131 1343 4187 πεποιήκασιν
1365 4171 1378 4192 ,
1408 4130 1535 4185 ἀλλά
1564 4135 1649 4185 καὶ
1684 4132 1848 4205 ἕτεροι
1872 4133 2011 4188 πλεῖ·
2044 4192 2051 4199 ,

434 4232 549 4266 στοι
576 4222 673 4268 τῶν
699 4217 768 4275 εἰς
796 4214 1059 4289 διαφόρους
1088 4221 1348 4295 ἐπαρχίας
1372 4225 1755 4295 παροικούντων
1788 4226 2010 4279 εύλαϐῶν

435 4304 754 4369 ἐπισκόπων,
783 4306 813 4364 ἢ
839 4309 1020 4375 μᾶλλον
1047 4312 1224 4377 εἰπεῖν,
1267 4314 1523 4383 ὁλόκληροι
1559 4313 1765 4369 σύνοδοι
1805 4314 1886 4370 διὰ
1910 4324 2008 4371 τῶν

2113 3128 2160 3172 et
2188 3120 2453 3173 coluerunt
2483 3119 2662 3191 (Rom.
2688 3121 2751 3189 t),
2782 3132 2836 3177 et
2859 3135 3266 3193 praeposuerunt
3291 3128 3564 3181 catholica:
3587 3128 3687 3182 Ec.

2111 3207 2289 3263 elesia:
2320 3210 2420 3279 piis
2450 3211 2784 3277 dogmatibus
2816 3214 3188 3270 haereticorum
3219 3217 3522 3272 seductiosa
3552 3232 3686 3272 con-

2110 3300 2328 3369 scripta,
2381 3312 2729 3371 properantes
2773 3306 3021 3362 omnibus
3071 3308 3247 3364 modis
3291 3320 3384 3364 aut
3431 3309 3685 3380 decipere

2110 3390 2483 3460 simpliciores,
2522 3406 2612 3449 aut
2645 3398 2891 3465 persequi
2934 3413 3030 3454 eos
3073 3400 3164 3468 qui
3210 3402 3261 3455 in
3296 3402 3522 3457 Domino
3568 3418 3686 3472 per-

2111 3491 2342 3536 manent.
2375 3482 2509 3550 Quid
2553 3485 2750 3557 [Quod]
2786 3486 2898 3555 jam
2942 3498 2995 3542 et
3029 3489 3081 3543 in
3132 3491 3312 3559 plures
3354 3492 3685 3548 orthodoxos

2110 3575 2255 3631 viros
2284 3582 2488 3647 operati
2529 3590 2673 3645 sunt,
2702 3584 3053 3650 corporaliter
3082 3599 3174 3639 eos
3204 3584 3522 3651 afﬁcientes,
3552 3602 3685 3656 quo-

2112 3669 2253 3722 niam
2293 3670 2523 3724 animam
2571 3681 2787 3741 captare
2835 3689 2942 3728 non
2986 3676 3284 3743 valuerunt,
3317 3678 3370 3731 in
3416 3688 3561 3746 petra
3591 3694 3684 3734 or-

2112 3760 2356 3815 thodoxaa
2389 3761 2508 3815 ﬁdei
2541 3762 2753 3817 illorum
2800 3766 2995 3821 collisi.
3030 3767 3262 3837 Ideoque
3314 3779 3531 3838 propter
3564 3785 3684 3839 pra-

2112 3867 2207 3906 vas
2235 3867 2419 3906 eorum
2451 3853 2880 3923 adinventiones,
2910 3870 2962 3912 et
2987 3862 3228 3925 praviora
3262 3864 3517 3917 novitatis
3543 3879 3685 3918 cont-

2112 3953 2311 4010 menta,
2335 3954 2389 3998 et
2414 3945 2465 3999 in
2489 3946 2743 4001 interiora
2765 3950 2962 4014 cordis,
2989 3950 3135 4018 juxta
3162 3951 3373 4008 beatum
3398 3955 3683 4010 Jeremiam

2113 4031 2326 4105 (larem.
2352 4034 2461 4104 tv),
2505 4037 2807 4091 conturbati
2847 4042 3120 4095 catholica:
3167 4044 3552 4099 recordationis
3590 4059 3688 4101 an-

2112 4133 2407 4179 tecessores
2436 4126 2604 4181 nostri
2645 4129 2950 4197 pontiﬁces,
2984 4145 3088 4185 non
3128 4132 3452 4188 destiterunt
3491 4136 3681 4191 admo-

2113 4232 2301 4278 nentes
2368 4238 2461 4279 eos
2516 4235 2572 4281 et
2630 4236 2996 4283 contestantes
3058 4232 3311 4286 recedere
3356 4246 3388 4284 ιι
3429 4246 3523 4285 sua
3580 4232 3683 4287 hu-

2107 4310 2341 4378 jusmodi
2382 4314 2593 4380 batresi,
2623 4327 2678 4370 et
2720 4332 2902 4371 sanam
2949 4318 3244 4375 doctrinam
3286 4322 3555 4390 amplecti,
3588 4339 3681 4377 ne-

436 4398 620 4449 οίκείων
666 4404 978 4472 γραμμάτων
1030 4406 1115 4458 οὐκ
1158 4406 1370 4467 ἐκείνους
1414 4409 1813 4482 προτρεπόμενοι
1858 4411 2006 4478 μόνον

2111 4406 2312 4470 quando
2341 4407 2597 4460 irascatur
2625 4407 2874 4463 Dominus
2916 4410 3085 4480 (Psal.
3112 4412 3193 4481 tt),
3221 4422 3277 4467 et
3324 4424 3539 4480 pereant
3569 4413 3693 4468 fun-

433 4482 797 4560 διορθώσασθαι
826 4496 915 4549 τὴν
937 4494 1119 4548 οἰκείαν
1145 4496 1358 4568 αἵρεσιν,
1382 4498 1504 4552 ἀλλά
1533 4502 1613 4553 καί
1640 4502 1774 4569 ἡμᾶς
1799 4501 2006 4562 αὐτοὺς,

431 4573 584 4644 ἤγουν
629 4578 716 4629 τόν
760 4580 998 4655 ἡμέτερον
1038 4584 1363 4639 ἀποστολικόν
1410 4588 1611 4661 θρόνον,
1644 4590 2006 4660 ἐπευχόμενοι.

433 4668 518 4718 καί
543 4674 927 4741 παρεγγυῶντες
971 4668 1295 4730 διαναστῆναι
1323 4683 1606 4738 κανονικῶς,
1639 4682 1721 4731 καὶ
1749 4683 1817 4751 μή
1847 4680 2010 4753 μέχρι

432 4757 605 4818 τέλους
634 4764 892 4832 παρεᾶσαι
919 4765 1186 4835 νεμομένην
1208 4765 1255 4817 ἐν
1280 4768 1543 4827 τοσούτοις
1567 4769 1769 4837 χρόνοις
1799 4772 1893 4831 τὰς
1917 4768 2009 4825 τοῦ

432 4851 561 4898 Θεοῦ
590 4847 848 4909 καθολικάς
870 4849 1158 4912 Ἐκκλησίας
1179 4860 1268 4913 τήν
1289 4862 1386 4909 τῶν
1413 4854 1643 4911 ἐναντίων
1671 4863 2006 4931 καινοτομίαν.

429 4930 573 4986 ’Ὀθεν
604 4936 654 4987 ἐκ
681 4936 882 4991 πάντων
916 4938 1105 5009 σχεδὸν
1154 4944 1480 5013 ἀγαπητικῶς
1514 4946 2007 5017 ύπομιμνησκόμενοι

430 5030 528 5076 τῶν
547 5025 835 5100 ἱερέων,ὀύκ
850 5026 1041 5085 ἔκλιναν
1063 5032 1118 5086 τό
1135 5028 1221 5088 οὖς
1238 5036 1399 5089 αὐτῶν
1418 5039 1721 5093 εἰσακοῦσαι
1740 5048 1831 5100 τῆς
1848 5048 2011 5111 φωνῆς

428 5121 529 5168 τῶν
573 5119 998 5191 παρακαλούντων
1041 5124 1247 5187 αύτούς,
1291 5124 1403 5180 οὔτε
1433 5129 1515 5183 τὸν
1542 5130 1736 5199 αὐχένα
1774 5139 1865 5190 τῆς
1893 5152 2013 5205 καρ-

430 5203 541 5265 δίας
576 5208 739 5261 αὐτῶν
781 5211 1031 5279 ἰμαλαξαν
1074 5217 1143 5273 εδς
1187 5217 1245 5269 τὸ
1293 5218 1597 5293 ἐπιστρέψαι
1640 5221 1769 5293 πρὸς
1800 5223 2004 5296 Κύριον.

429 5294 552 5348 ’.ἁλλ’
578 5296 703 5373 ὅπερ
744 5305 862 5372 φησί
904 5307 1023 5377 περὶ
1058 5312 1154 5359 τῶν
1195 5306 1582 5363 ἀπειθούντωνό
1622 5307 1832 5382 κύριος,
1862 5320 2010 5367 τοῦτο

431 5390 507 5439 καί
534 5389 615 5441 ἐπὶ
642 5392 837 5453 τούτοις
870 5396 1147 5466 γεγένηται.
1200 5401 1341 5469 Λέγει
1367 5403 1467 5473 γὰρ
1496 5399 1579 5457 διὰ
1609 5410 1698 5457 τοῦ
1727 5410 2007 5478 προφήτου⁸

426 5474 540 5531 Ὀτι
561 5478 887 5543 ἐξαπέστειλα
914 5488 1046 5559 πρὸς
1077 5487 1270 5547 αὐτούς
1309 5488 1506 5550 πάντας
1528 5494 1647 5553 τούς
1670 5490 1886 5554 δούλους
1910 5516 2009 5565 μου

431 5569 547 5626 τούς
586 5577 843 5642 προφήτας
884 5577 1076 5651 ἡμέρας
1122 5582 1210 5634 καί
1256 5576 1475 5655 ὄρθρου,
1504 5586 1587 5635 καί
1624 5584 1902 5641 ἀπέστειλα
1927 5591 2007 5642 καί

432 5656 519 5710 οὐκ
548 5662 851 5720 εἰσήκιυσάν
873 5687 990 5735 μου,
1024 5671 1107 5723 κκί
1131 5672 1187 5724 οὐ
1214 5672 1485 5745 προσέσχε
1512 5674 1570 5730 τὸ
1600 5668 1687 5735 οὖς
1710 5677 1897 5743 αὐτῶν,
1927 5684 2008 5735 καί

2110 4494 2249 4547 ditus
2275 4494 2345 4548 de
2391 4496 2477 4549 via
2510 4498 2800 4564 justorum.
2837 4502 2935 4554 hoc
2966 4512 3070 4567 est,
3103 4504 3187 4571 pia
3231 4514 3536 4560 sanctorum
3579 4507 3690 4562 Pa-

2112 4592 2249 4636 trttm
2290 4585 2641 4641 confessione.
2675 4588 2783 4642 lloc
2811 4600 2987 4645 autem
3030 4595 3425 4651 consultissime
3456 4613 3561 4650 non
3592 4613 3691 4652 so-

2112 4673 2219 4727 lum
2259 4675 2357 4743 ipsi
2400 4675 2643 4732 effecisse
2683 4690 2993 4748 noscuntur,
3023 4684 3117 4737 sed
3159 4694 3212 4739 et
3238 4686 3329 4740 alii
3380 4686 3560 4755 plures
3590 4687 3685 4743 di-

2110 4779 2289 4819 versns
2318 4768 2619 4834 provincias
2645 4770 2947 4827 habitantes
2971 4776 3397 4831 rcverendissimi
3422 4778 3689 4850 episcopi,

2110 4863 2163 4909 et
2206 4856 2378 4924 majus
2419 4867 2503 4911 est
2548 4858 2751 4925 dicere,
2794 4864 3174 4931 generalitates
3216 4870 3539 4937 synodorum
3591 4885 3695 4938 per

2110 4960 2205 4998 sua
2229 4947 2426 5015 scripta
2453 4962 2560 5003 non
2587 4949 2759 5003 solum
2790 4953 3073 5009 invitantes
3099 4958 3386 5013 emendare
3415 4962 3688 5029 propriam

2112 5039 2377 5104 haeresim,
2407 5042 2500 5095 sed
2530 5050 2585 5095 et
2627 5058 2722 5096 nos
2766 5043 2928 5111 ipsos,
2958 5047 3008 5101 id
3051 5058 3152 5110 est.
3183 5051 3527 5116 apostolicam
3579 5069 3686 5107 no-

2110 5140 2274 5183 stram
2322 5130 2504 5185 sedem
2553 5133 2929 5202 conjurantes,
2982 5147 3035 5193 et
3080 5149 3436 5208 protestantes
3477 5144 3692 5212 erigere

2109 5220 2399 5275 secundum
2433 5223 2732 5292 regularem
2761 5229 3149 5297 auctoritatem,
3185 5242 3239 5286 et
3279 5249 3384 5289 non
3415 5251 3584 5306 usque
3615 5238 3687 5293 ad

2113 5306 2270 5364 ﬁnem
2304 5327 2397 5379 per
2434 5321 2511 5366 tot
2542 5322 2780 5380 tempora
2821 5320 3126 5385 permittere
3163 5325 3555 5380 contrariorum
3589 5344 3691 5382 no-

2111 5405 2330 5460 vitatem
2379 5417 2594 5461 sanctas
2641 5409 2731 5464 Dei
2784 5412 3075 5467 catholicas
3123 5415 3336 5482 depasci
3392 5419 3685 5475 Ecclesias.

2113 5496 2339 5565 Ideoque
2366 5512 2432 5551 ex
2461 5501 2708 5554 omnibus
2756 5516 2890 5568 pene
2937 5505 3305 5562 sacerdotibus
3346 5524 3466 5563 cum
3498 5510 3686 5565 citari-

2112 5598 2219 5644 tate
2261 5591 2545 5657 admoniti,
2588 5609 2691 5648 non
2744 5594 3135 5653 inclinaverunt
3180 5616 3365 5656 aurem
3420 5618 3568 5657 suam
3616 5606 3683 5660 ad

2111 5679 2425 5737 audiendam
2471 5697 2655 5738 vocem
2707 5686 3087 5755 postulantium
3130 5707 3244 5761 eos,
3292 5708 3463 5764 neque
3502 5696 3686 5751 cordis
