4018 6184
235 328 349 384 iis

1494 326 1877 384 EPISTOLE.
1909 361 1977 372 —
2008 333 2222 391 EPIST.
2267 336 2312 394 1.

3411 346 3511 401 ης

232 445 316 496 sui
351 442 618 496 cervicem
650 439 896 506 mitigare
928 437 1233 502 voluerunt,
1264 449 1315 491 ut
1367 451 1818 496 converterentur

1938 450 2230 525 Ξσκλήρυναν
2254 453 2340 507 τὸν
2363 453 2625 526 τράχηλον
2656 454 2819 508 αὑτῶν
2848 456 2981 529 ὑπὲρ
3011 459 3224 533 πέτραν*
3258 460 3338 513 καί
3363 482 3513 515 κατεο

231 534 300 585 ad
340 533 533 585 Deum.
568 528 673 584 Sed
703 531 845 595 quod
878 530 949 580 ait
982 527 1237 581 Dominus
1266 528 1334 582 de
1372 529 1825 598 inubedientiltus,

236 625 343 677 hoc
372 631 428 676 et
473 622 525 673 in
556 620 636 673 eis
681 618 971 687 provenire
1013 629 1217 671 certum
1260 629 1362 673 est.
1395 620 1531 673 Dicit
1560 623 1701 677 enim
1737 638 1831 690 per

239 715 591 782 prophetam:
619 710 742 763 Misi
769 711 838 763 ad
867 726 951 762 eos
979 725 1154 763 omnes
1174 726 1340 765 servos
1370 727 1508 767 meos
1529 715 1827 783 prapltetas,

237 821 332 875 per
362 805 499 856 diem
524 817 837 870 consurgens
868 800 1116 864 diluculo,
1150 809 1198 853 et
1227 802 1495 869 mandavi,
1531 815 1577 856 et
1608 821 1708 857 non
1738 822 1832 858 au-

240 899 447 948 dierunt
471 909 573 956 me,
596 908 686 945 nec
714 892 1081 944 inclinaverunt
1107 908 1280 945 aurem
1302 909 1466 961 suam,
1499 897 1586 948 sed
1616 896 1831 949 indura-

239 996 423 1040 munt
450 986 696 1038 cervicem
726 997 887 1049 super
912 992 1112 1049 petram
1141 981 1355 1051 (lenm.
1386 994 1502 1053 vlt).
1530 985 1693 1050 Quam
1720 989 1831 1043 vilis

241 1093 295 1130 (ε
325 1077 485 1143 facta,
517 1074 670 1125 nimis
700 1073 891 1124 iterans
938 1074 1044 1126 vias
1090 1082 1204 1125 tuas
1252 1072 1465 1140 (larem.
1492 1077 1591 1139 It)?
1625 1077 1833 1133 Addere

244 1177 465 1233 peccata
492 1180 656 1233 super
695 1172 911 1231 peccata
956 1174 1401 1230 properaverunt,
1444 1166 1829 1224 humanitatem

243 1256 543 1313 Salvatoris
571 1266 731 1324 alque
766 1254 1016 1308 deitatem
1059 1255 1177 1321 ejus
1208 1255 1579 1324 blasphemare
1624 1274 1689 1313 ac
1733 1260 1829 1315 de-

247 1366 449 1418 negare
479 1365 575 1418 per
604 1348 974 1415 impiissimum
1011 1358 1218 1417 typum,
1248 1348 1333 1417 qui
1366 1365 1428 1405 es
1477 1351 1708 1420 maligna
1744 1354 1831 1408 in-

246 1442 537 1513 stigatione
586 1441 797 1494 illorum
850 1439 1022 1494 lactus
1069 1448 1153 1494 est
1189 1451 1376 1494 contra
1432 1442 1829 1499 immaculatam

245 1545 489 1589 nostram
508 1531 935 1587 Christianorum
966 1531 1123 1586 ﬁdem
1146 1548 1173 1585 a
1198 1534 1547 1589 serenissimo
1572 1537 1828 1606 principe.

245 1624 570 1679 deﬁnientes
598 1624 651 1676 in
679 1622 867 1677 eodem
900 1632 1043 1691 typo.
1078 1637 1174 1677 nec
1206 1638 1366 1677 unam
1411 1640 1509 1678 nec
1552 1626 1683 1679 duas
1733 1643 1828 1682 vo-

246 1716 489 1769 luntates
531 1724 624 1768 aut
672 1713 1035 1782 operationes,
1067 1714 1168 1766 hoc
1217 1725 1332 1778 est,
1380 1730 1551 1784 neque
1595 1717 1827 1771 divinam

249 1821 429 1875 neque
461 1806 748 1859 humanam
791 1805 1122 1859 voluntatem
1152 1814 1207 1858 et
1235 1806 1598 1873 operationem
1630 1807 1682 1862 in
1718 1811 1832 1878 ipso
1866 1784 1908 1844 Β

247 1899 533 1951 δςιινιιοτο
566 1910 750 1951 nostro
788 1884 1093 1966 quempiam
1139 1898 1361 1952 omnino
1404 1900 1669 1954 conﬁteri.
1712 1901 1833 1956 llaec

248 2000 431 2044 autem
463 1990 917 2059 prazdicaverunt,
951 1999 1008 2043 ut
1041 2005 1147 2044 non
1176 1990 1350 2045 solum
1380 1991 1432 2044 in
1462 1991 1692 2047 humana
1718 1994 1835 2063 ejus

251 2095 464 2148 natura,
497 2082 592 2136 sed
622 2081 784 2135 etiam
820 2081 870 2134 in
903 2089 1129 2151 utraque
1157 2082 1377 2137 omnino
1418 2097 1543 2137 eum
1589 2086 1707 2139 sine
1735 2100 1832 2139 vo-

251 2178 459 2231 luntate
506 2182 563 2229 et
608 2176 922 2243 cpe-ratione
951 2217 966 2242 ,
1001 2173 1103 2228 hoc
1148 2183 1264 2239 est,
1298 2176 1504 2245 absque
1547 2187 1735 2231 natura
1780 2187 1836 2232 et

254 2266 492 2322 essentia
518 2280 643 2321 esse
669 2265 1006 2331 denuntient,
1032 2273 1295 2333 quatenus
1323 2280 1446 2322 cum
1478 2267 1695 2335 perﬁdis
1727 2270 1835 2322 hae—

251 2359 433 2412 reticis
458 2370 515 2412 et
544 2357 876 2410 orthodoxos
911 2356 1095 2411 Patres
1120 2357 1399 2426 abjiciant,
1431 2368 1487 2413 et
1514 2373 1635 2413 cum
1666 2360 1837 2415 scele-

250 2462 497 2501 rosorum
527 2447 763 2500 virorum
793 2446 1036 2510 vocibus,
1079 2446 1181 2500 hoc
1206 2455 1310 2509 est,
1338 2463 1441 2502 una
1477 2448 1755 2505 voluntate
1781 2457 1837 2504 et

248 2539 589 2605 operatione,
622 2526 825 2605 pariter
862 2538 1114 2606 denegari
1165 2539 1364 2594 faciant
1412 2540 1834 2595 Orthodoxorum

248 2628 544 2693 doctrinas,
577 2630 630 2683 id
659 2637 759 2692 est,
793 2627 927 2683 duas
955 2629 1199 2698 ejusdem
1228 2629 1426 2686 Christi
1459 2632 1755 2686 voluntates
1782 2642 1837 2687 et

249 2720 617 2785 operationes,
664 2719 820 2773 sicuti
860 2726 914 2771 et
960 2728 1176 2772 naturas
1222 2719 1396 2773 unitas
1454 2719 1736 2784 inconfuse
1783 2731 1837 2775 et

250 2810 502 2875 indivise,
538 2809 939 2876 promulgantes
969 2808 1175 2873 illicite,
1208 2808 1368 2862 etiam
1402 2808 1519 2863 sine
1546 2810 1835 2877 reprehen-

250 2901 427 2964 sione,
460 2900 548 2954 vel
600 2899 1064 2965 condemnatione,
1108 2901 1405 2955 consistere
1454 2902 1506 2953 in
1554 2903 1665 2956 suis
1708 2918 1836 2956 con-

250 2993 583 3048 fessionibus
630 2993 934 3059 haereticos,
963 2992 1068 3046 hoc
1113 3004 1216 3059 est,
1248 2994 1300 3047 in
1336 2993 1471 3060 ipsa,
1500 3009 1619 3062 quae
1648 2995 1716 3049 ab
1757 2994 1837 3049 eis

250 3087 598 3155 praedicatur,
626 3100 731 3139 una
780 3085 1056 3140 voluntate
1082 3094 1136 3139 et
1171 3085 1505 3153 operatione,
1536 3096 1697 3153 atque
1736 3100 1831 3141 ea-

249 3179 370 3232 dem
412 3179 535 3232 sine
563 3178 804 3247 periculo
833 3177 1080 3231 libertate
1121 3175 1318 3244 perfrui
1364 3192 1482 3243 eos,
1512 3176 1602 3245 qui
1634 3178 1687 3232 in
1731 3178 1831 3232 do-

249 3271 522 3339 gmatibus
545 3269 1028 3338 reprehenduntur,
1064 3269 1370 3334 haereticos,
1401 3284 1521 3324 cum
1552 3271 1633 3325 eis
1660 3273 1749 3339 qui
1782 3273 1832 3326 in

252 3364 490 3417 doctrina
540 3376 710 3429 usque
740 3363 794 3415 in
830 3360 989 3416 ﬁnem
1038 3362 1585 3429 irreprehensihiliter
1614 3363 1835 3418 deluce-

253 3465 426 3517 scunt.
457 3454 666 3509 sanctis
716 3454 959 3509 Patribns
986 3472 998 3507 :
1027 3455 1167 3521 quod
1200 3455 1381 3521 utique
1425 3455 1707 3509 catholicae
1739 3456 1837 3511 Ec-

254 3547 428 3600 clesia:
456 3545 855 3599 sacratissimas
900 3545 1111 3611 regulas
1156 3544 1437 3601 destruere
1484 3555 1690 3600 certum
1731 3555 1835 3613 est,

259 3638 423 3705 magis
452 3646 638 3689 autem
678 3635 841 3688 totius
868 3650 897 3688 a
929 3634 1039 3689 Deo
1085 3635 1361 3703 inspiratae
1407 3635 1669 3689 doctrina:
1715 3648 1840 3689 san-

254 3737 389 3778 ctam
418 3726 887 3794 praedicationem,
910 3741 1026 3792 quae
1050 3725 1354 3779 nullatenus
1378 3727 1570 3781 noxios
1597 3736 1836 3795 excusat,

256 3831 426 3885 neque
475 3818 675 3870 liberat
709 3815 779 3869 de
822 3814 1026 3885 judicio
1076 3817 1357 3882 culpantes
1402 3830 1522 3870 cum
1574 3817 1836 3886 innoxiis,

257 3908 351 3962 hoc
375 3910 523 3962 enim
570 3921 795 3976 pravum
836 3917 891 3962 et
919 3907 1113 3960 divina:
1151 3906 1418 3975 aequitatis
1459 3918 1541 3961 est
1581 3908 1834 3962 alienum.

254 4002 519 4066 Quoniam
548 4009 730 4054 autem
761 4008 816 4054 et
848 4000 975 4053 illud
1007 4015 1127 4053 cum
1161 3999 1369 4052 caeteris
1398 3999 1651 4053 contrarii
1704 4015 1841 4069 pra:-

254 4102 625 4159 sumpserunt,
656 4093 709 4146 in
750 4092 1065 4161 deceptione
1109 4091 1459 4160 simplicium,
1490 4101 1545 4145 et
1593 4091 1840 4159 coepi-ri-

255 4197 496 4236 men'um
544 4196 767 4236 suarum
827 4183 1181 4251 pravitatum,
1230 4182 1283 4235 in
1335 4182 1537 4249 scripto
1584 4182 1843 4237 audacter

255 4274 495 4342 proferre
525 4271 858 4342 impiissimze
884 4286 994 4326 sua:
1023 4272 1276 4327 novitatis
1312 4272 1537 4326 invalida
1563 4272 1834 4343 dogmata,

254 4367 497 4419 dicentes
550 4365 667 4417 haec
711 4377 832 4418 esse
879 4364 1092 4433 pietatis
1135 4364 1412 4433 dogmata,
1444 4378 1565 4433 quas
1609 4363 1842 4418 tradide-

1931 543 2172 619 φρὼησάν
2208 565 2302 611 μου
2332 544 2526 619 σφόδρα
2540 551 2632 599 τοῦ
2663 544 2980 620 δευτερῶσαι
3009 550 3101 608 τάς
3125 548 3276 610 ὁδοὺς
3305 553 3469 606 αὐτῶν
3495 571 3510 587 ⁶

1932 638 2019 688 καί
2044 639 2334 709 προσθεῖναι
2363 636 2618 710 ἀμαρτίας
2640 636 2707 707 ἐφ’
2726 643 2793 707 ἀμ
2803 644 3019 714 αρτίαις.
3044 637 3394 703 Ἐσπουδάσθη
3415 650 3515 722 γὰρ

1931 732 2111 787 αὐτοῖς
2135 730 2267 802 πρὸς
2297 738 2359 803 τῇ
2400 731 2748 804 ἀνθρωπὼητι
2776 739 2867 785 τοῦ
2898 740 3127 806 Σωτῆρος
3146 774 3160 798 ,
3188 738 3273 790 καί
3304 742 3394 794 τήν
3430 742 3517 791 αὑ-

1933 819 2023 876 τοῦ
2067 823 2281 879 θεὸτητα
2338 822 2701 895 βλασφημῆσαι
2762 827 2847 877 καί
2896 826 3136 882 ἀθετῆσαι
3160 866 3176 891 ,
3216 825 3279 881 δι’
3298 829 3518 890 ἀσεϐοῦς

1933 913 2099 966 τύπου
2129 913 2257 964 κατά
2278 913 2504 985 πονηράν
2531 913 2793 982 εἰσήγησιν
2833 914 2998 966 αὑτῶν
3023 918 3348 986 γεγενημένου
3386 922 3517 973 κατά

1933 1007 2024 1060 τῆς
2053 1003 2329 1069 ἀμωμήτου
2354 1002 2492 1072 ήμῶν
2516 1008 2615 1055 τῶν
2642 1010 2957 1075 Χριστιανῶν
2983 1007 3227 1070 πίστεως,
3258 1010 3397 1081 παρά
3423 1014 3519 1064 τοῦ

1932 1090 2264 1158 γαληνοτάτου
2288 1093 2554 1163 βασιλέως,
2581 1091 2610 1147 δ
2617 1097 3005 1169 ιαγορεὺσαντες
3029 1098 3080 1150 έν
3103 1099 3234 1165 αὑτῷ
3252 1096 3324 1169 τῷ
3346 1101 3514 1170 τύπῳ,

1932 1183 2053 1251 μήτε
2078 1183 2197 1249 μίαν
2225 1186 2349 1251 μήτε
2392 1180 2482 1235 δύο
2508 1182 2736 1244 θελήσεις
2761 1182 2790 1241 ἦ
2823 1186 3099 1259 ίνεργείας,
3130 1192 3365 1243 τουτέστι
3391 1196 3515 1262 μήτε

1932 1273 2063 1325 θείαν
2110 1276 2236 1342 μήτε
2273 1274 2581 1347 ἀνθρωπίνην
2624 1274 2822 1330 θέλησιν
2860 1280 2945 1329 καί
2984 1279 3230 1351 ἐνέργειαν
3263 1280 3344 1333 ἐπ’
3358 1284 3515 1337 αὑτοῦ

1933 1367 2025 1414 τοῦ
2054 1372 2281 1435 Σωτῆρος
2305 1366 2443 1436 ήμῶν
2481 1386 2591 1420 τινα
2617 1371 2716 1419 τῶν
2764 1363 2963 1421 πάντων
3004 1367 3274 1440 ὁμολογεῖν.
3331 1370 3517 1425 Ἀλλ’ἰν

1934 1449 2150 1525 ἑκατέρᾳ
2181 1453 2326 1521 φύσει
2354 1453 2525 1508 λοιπὸν
2577 1459 2657 1508 καὶ
2684 1456 2811 1524 οὐχί
2850 1457 2999 1529 μόνον
3022 1466 3083 1530 τῇ
3113 1458 3225 1514 κατ’
3244 1461 3411 1514 αὐτῶν
3434 1463 3522 1514 ἀν-

1933 1543 2241 1615 θρωπὺτητι,
2271 1548 2522 1606 παντοίως
2550 1547 2807 1623 ὑπάρχειν
2836 1551 3006 1615 αὑτὸν,
3039 1551 3327 1612 ἀνεθέλητόν
3355 1575 3409 1608 τε
3439 1557 3520 1609 καί

1934 1634 2255 1707 ἀνενέργητον
2276 1674 2298 1699 ,
2317 1636 2467 1704 ἤγουν
2495 1638 2724 1692 ἀνοὺσιόν
2753 1659 2808 1692 τε
2834 1642 2918 1693 καί
2942 1642 3289 1715 ἀνύπαρκτον,
3312 1645 3392 1697 ἶνα
3416 1653 3519 1705 τοῖς

1935 1725 2219 1792 κακοδόξοις
2250 1730 2517 1801 ατρετικοῖς
2545 1732 2918 1786 συνεκϐάλλωσι
2945 1735 3066 1793 τοὺς
3089 1733 3384 1809 ὀρθοδόξους
3414 1746 3516 1790 Πα-

1934 1818 2081 1890 τέρας
2101 1857 2115 1881 ,
2143 1822 2222 1873 καί
2255 1828 2374 1881 ταῖς
2411 1828 2511 1875 τῶν
2540 1822 2764 1890 βεϐήλων
2806 1822 2999 1898 ἀνδρῶν
3028 1835 3244 1896 φωναῖς,
3273 1828 3428 1897 ἤγουν
3457 1837 3520 1898 τῇ

1932 1913 2024 1978 μιᾷ
2044 1908 2239 1975 θελήσει
2260 1914 2344 1964 καὶ
2366 1912 2584 1986 ἐνεργείᾳ
2601 1915 3021 1986 συνεξαρνηθῆναι
3040 1919 3293 1972 ποιήσωσι
3313 1921 3407 1977 τάς
3421 1926 3521 1973 τῶν

1932 1997 2169 2069 θεολὸγων
2216 1997 2564 2067 διδασκαλίας,
2595 2002 2703 2059 ήτοι
2730 2006 2824 2062 τάς
2869 2002 2961 2058 δύο
2990 2011 3080 2059 τοῦ
3118 2008 3270 2061 αὑτοῦ
3297 2005 3518 2083 Χριστοῦ

1933 2086 2156 2148 θελήσεις
2182 2092 2265 2143 καί
2291 2092 2571 2163 ἐνεργείας,
2606 2094 2781 2168 ὥσπερ
2812 2090 2900 2149 οὖν
2932 2099 3018 2150 καί
3057 2099 3229 2167 φύσεις
3264 2101 3520 2169 ήνωμένας

1933 2176 2249 2247 ἀσυγχύτως
2272 2184 2358 2233 καί
2379 2179 2697 2255 ἀδαιρέτως,
2724 2185 3058 2246 θεσπίσαντες
3084 2191 3410 2261 παρανόμως,
3436 2196 3521 2245 καί

1935 2268 2279 2340 ἀνεγκλήτους,
2307 2269 2461 2342 ἤγουν
2490 2273 2865 2348 ἀκατακρίτους
2903 2277 3163 2349 ὑπάρχειν
3191 2280 3274 2332 έπί
3301 2289 3414 2339 ταῖς
3444 2283 3519 2334 οἰ-

1934 2358 2085 2418 κείαις
2112 2356 2397 2430 ὁμολογίαις
2423 2363 2544 2421 τοὺς
2573 2362 2878 2436 αἰρετικοὺς,
2909 2368 3175 2420 τουτέστιν
3205 2368 3285 2422 ἐπ’
3309 2371 3438 2443 αὑτῇ
3458 2378 3521 2443 τῇ

1934 2450 2317 2523 πρεσϐευομένη
2354 2452 2483 2525 παρ’
2501 2455 2664 2508 αὐτῶν
2701 2462 2792 2527 μιᾷ
2827 2457 3023 2514 θελήσει
3056 2462 3142 2512 καί
3170 2460 3410 2534 ἐνεργείᾳ,
3440 2465 3521 2517 καί

1934 2544 2024 2598 τήν
2054 2542 2208 2600 αὑτήν
2238 2539 2289 2605 ἐξ
2329 2544 2597 2596 ἀνευθύνου
2644 2554 2820 2605 ποινῆς
2852 2544 2992 2615 ἔχειν
3031 2548 3311 2620 ὲλευθερίαν
3336 2553 3455 2611 τοὺς
3477 2554 3524 2606 ἐν

1907 2666 1917 2674 -
1935 2637 2045 2689 τοῖς
2072 2627 2292 2701 δόγμασι
2315 2630 2733 2705 διαϐεϐλημένους
2754 2636 3038 2706 αἰρετικοὺς
3060 2644 3165 2696 τοῖς
3190 2638 3237 2691 ἰν
3265 2640 3515 2713 ἀμέμπτῳ

1936 2719 2236 2795 διδασκαλίᾳ
2284 2721 2683 2793 διαϐεϐοημένοις
2729 2726 2890 2796 ἁγίοις
2933 2729 3217 2801 Πατράσιν·
3262 2729 3385 2807 ὅπερ
3426 2740 3518 2792 τῆς

1936 2808 2191 2868 ωθολικῆς
2237 2810 2535 2872 Ἐκκλησίας
2581 2816 2702 2871 τοὺς
2754 2814 2914 2890 ίεροὺς
2968 2818 3240 2890 ἀνατρέπει
3292 2819 3521 2885 κανόνας,

1935 2898 2122 2969 μᾶλλον
2142 2897 2195 2952 δέ
2224 2899 2398 2960 πάσης
2425 2909 2517 2962 τῆς
2543 2903 2880 2958 θεοπνεύστου
2903 2916 3095 2977 γραφῆς
3126 2913 3215 2966 τήν
3235 2908 3392 2963 ὁσίαν
3418 2911 3524 2966 διά⁹

1935 2990 2092 3052 τάξιν,
2118 2989 2367 3061 μηδαμῶς
2407 2994 2670 3047 ἀθωοῦσαν
2699 2996 2783 3049 τὸν
2813 2995 3031 3067 ἔνοχον,
3062 3000 3187 3068 μήτε
3213 3005 3311 3071 μήν
3337 3002 3526 3065 ὑπεξά·

1936 3098 2130 3149 γουσαν
2169 3081 2265 3133 σὺν
2289 3077 2362 3150 τῷ
2391 3082 2599 3153 ἀναιτίῳ
2634 3084 2719 3137 τὸν
2744 3084 2984 3139 ὑπαίτιον
3011 3090 3269 3163 κρίματος.
3303 3089 3525 3161 ’Δνώμα-

1936 3169 2016 3223 λον
2041 3172 2138 3246 γάρ
2171 3179 2320 3227 τοῦτο
2346 3175 2430 3227 καί
2470 3176 2607 3236 θείας
2646 3173 2971 3238 δικαιοσύνης
3010 3180 3286 3255 ἀλλότριον.
3324 3181 3525 3243 Ἐπιιδή

1934 3259 1987 3314 δέ
2014 3264 2097 3314 καί
2118 3267 2272 3317 τοῦτο
2296 3264 2422 3335 μετά
2438 3272 2538 3318 τῶν
2564 3261 2723 3319 ἄλλων
2749 3268 2795 3320 οἰ
2821 3265 2887 3321 δι’
2905 3269 3129 3329 ἐναντίας
3153 3272 3433 3344 ἐτόλμησαν
3454 3276 3525 3334 εἰς

1936 3347 2111 3424 δέλεαρ
2137 3359 2237 3407 τῶν
2266 3352 2632 3429 ἁπλουστέρων
2658 3358 2745 3409 καὶ
2771 3357 3086 3428 συγκάλυψιν
3114 3366 3213 3414 τῶν
3237 3358 3374 3414 ἰδίων
3403 3365 3525 3416 ἀτο-
3566 3388 3587 3398 -

1936 3444 2205 3511 πημάτων,
2220 3446 2477 3517 ἐγγράφως
2503 3447 2848 3518 ἀποφήνασθαι
2879 3451 2962 3502 καί
2983 3451 3138 3504 εἰπεῖν
3160 3452 3225 3504 τά
3244 3459 3334 3509 τῆς
3362 3455 3525 3508 αἰτῶν

1938 3533 2158 3593 ἀσεϐοῦς
2190 3537 2510 3608 καινοτοῴας
2536 3538 2754 3593 ἀϐέϐαια
2783 3537 3032 3611 δόγματα,
3064 3539 3234 3597 ταῦτα
3261 3552 3352 3603 τῆς
3380 3546 3522 3600 εὐσε-

1941 3623 2083 3684 ϐείγς
2122 3626 2383 3700 ὑπάρχειν
2411 3629 2475 3682 τά
2500 3625 2757 3700 δόγματα,
2800 3629 2833 3684 ἃ
2878 3630 3304 3706 παραδεδώκασιν
3341 3638 3455 3706 ἡμῖν
3480 3637 3527 3691 οἰ

1940 3717 2028 3771 ἀπ’
2043 3718 2219 3791 ἀρχῆς
2247 3720 2502 3776 αὐτόπται
2529 3724 2615 3776 καί
2657 3724 2906 3798 ὑπηρέται
2932 3731 3025 3780 τοῦ
3056 3724 3219 3798 Λόγου
3246 3729 3518 3797 γενόμενοι,

1941 3810 2025 3859 καὶ
2055 3807 2099 3860 οἱ
2132 3809 2338 3872 καθεξῆς
2365 3811 2559 3865 τούτων
2587 3808 2826 3883 διάδοχοι
2852 3814 3179 3871 θεόπνευστοι
3204 3825 3294 3876 τῆς
3319 3816 3525 3877 Ἐκκλη-

1942 3900 2058 3959 σίας
2086 3901 2325 3975 Πατέρες,
2358 3905 2444 3954 καὶ
2472 3902 2523 3955 αἰ
2569 3902 2710 3974 οἶμαι
2747 3907 3082 3975 οἰκουμενικαί
3113 3908 3256 3961 πέντε
3290 3907 3521 3963 σύνοδοι·

1940 3990 2295 4068 προσηκόντως
2342 3995 2486 4063 ἡμεῖς
2525 3993 2849 4065 λογισάμενοι
2891 3996 3098 4069 φοϐερὸν
3136 3998 3397 4069 ὑπάρχειν
3438 4001 3525 4053 καί

1941 4086 2073 4143 θείας
2112 4085 2507 4154 ἀγανακτήσεως
2536 4086 2793 4157 πρόξενον,
2819 4086 2875 4139 τὸ
2913 4092 3079 4141 ταῦτα
3106 4085 3340 4159 παριδεῖν
3372 4088 3524 4142 πολεο

1940 4178 2133 4242 μοῦντα
2160 4178 2251 4232 τήν
2295 4175 2553 4232 καθολικὴν
2594 4174 2913 4238 Ἐκκλησίαν,
2940 4175 3019 4227 ἶνα
3044 4179 3113 4243 μή
3146 4176 3525 4248 κατακριθῶμεν

1944 4265 2012 4325 ὡς
2034 4264 2254 4328 ἀτελεῖς,
2279 4268 2363 4318 καί
2388 4266 2693 4335 ἀγύμναστα
2717 4266 2998 4333 κεκτημένοι
3021 4266 3084 4319 τά
3111 4266 3411 4339 αἰσθητήρια
3435 4275 3527 4328 τῆς

1942 4354 2124 4426 ψυχῆς
2156 4356 2287 4427 πρὸς
2328 4353 2578 4427 διάκρισιν
2628 4353 2777 4409 καλοῦ
2820 4374 2875 4409 τε
2921 4357 2999 4408 καὶ
3044 4361 3229 4418 κακοῦ,
3255 4357 3526 4432 προθύμως

256 4468 377 4511 runt
410 4458 465 4509 lii
498 4454 595 4523 qui
636 4455 705 4509 ab
732 4454 886 4508 initio
924 4456 1292 4523 speculatores
1334 4465 1389 4510 et
1431 4455 1663 4511 ministri
1692 4456 1838 4511 verbi

1949 4454 2124 4528 χάριτι
2164 4458 2291 4506 Θεοῦ
2335 4450 2736 4519 συνιληλὺθαμεν
2770 4455 2818 4503 ἰν
2859 4448 3025 4522 ταύτῃ
3058 4456 3119 4524 τῇ
3147 4456 3244 4505 τῶν
3272 4454 3526 4522 Ῥωμαίων

254 4550 375 4602 ιιειὶ
429 4557 584 4613 sunt,
625 4557 680 4601 et
724 4559 1013 4615 sequentes
1056 4562 1399 4603 successores
1442 4563 1627 4603 eorum
1658 4563 1686 4601 a
1731 4547 1844 4604 Deo

257 4640 507 4710 iuSpirati
568 4639 822 4693 Ecclesia:
878 4637 1099 4704 Patres,
1154 4648 1353 4693 sanctae
1405 4647 1461 4693 et
1514 4638 1845 4693 universales

254 4733 491 4801 quinque
520 4729 737 4798 synodi,
766 4728 1000 4797 ideoque
1028 4728 1429 4783 consultissime
1460 4736 1847 4796 pertractantes

260 4821 503 4877 terribile
543 4835 665 4875 esse
706 4828 762 4874 et
799 4819 1039 4873 divinam
1085 4832 1382 4888 provocans
1424 4817 1845 4887 indignationem

260 4918 370 4969 hac
422 4914 610 4968 omnia
650 4913 950 4981 despicere,
996 4928 1115 4982 qua:
1162 4924 1474 4983 oppugnant
1528 4913 1846 4967 Catholicam

261 5004 590 5068 Ecclesiam,
624 5013 681 5058 ut
711 5020 777 5058 ne
815 5005 1258 5067 condemnemur,
1292 5014 1478 5071 utpote
1506 5002 1847 5072 imperfectos

260 5107 418 5167 atque
449 5096 756 5151 inefﬁcaces
786 5096 1042 5149 habentes
1084 5095 1388 5149 intellectus
1419 5097 1611 5149 anima:
1640 5096 1705 5147 ad
1735 5094 1847 5148 dis-

260 5191 594 5246 cernendum
661 5188 856 5242 malum
903 5196 960 5241 et
1000 5188 1236 5254 bonum,
1270 5188 1498 5255 prompti
1550 5186 1846 5241 secundum

262 5284 485 5352 gratiam
519 5283 611 5340 Dei
643 5282 960 5336 convenisse
1001 5280 1364 5349 dignoscimur
1390 5282 1442 5332 in
1475 5280 1574 5333 hac
1603 5278 1844 5333 Romana

262 5374 723 5430 Christianissima
768 5372 1001 5437 civitate,
1037 5371 1102 5425 ad
1135 5370 1596 5425 conﬁrmationem
1628 5370 1848 5438 quidem

267 5468 631 5535 piissimarum
665 5466 917 5519 Ecclesiae
950 5464 1413 5532 praedicationum,
1440 5464 1849 5518 condemnatio-

267 5576 386 5614 nem
416 5568 598 5613 antem
644 5557 1080 5625 impiissimorum
1115 5555 1364 5609 novitatis
1390 5557 1720 5622 dOgmatum,
1756 5568 1851 5621 per

264 5653 669 5707 similitudinem
700 5652 1044 5706 decessurum
1074 5658 1376 5701 nostrorum
1404 5656 1712 5701 sanctorum
1748 5645 1845 5699 Pa-

266 5754 426 5814 trum,
458 5746 659 5816 quique
690 5758 782 5814 per
827 5742 1089 5799 sinceram
1128 5738 1469 5795 concordiam
1500 5748 1553 5793 et
1598 5736 1653 5791 in
1698 5736 1839 5807 idipo

1947 4545 2265 4617 φιλοχρίστῳ
2288 4543 2449 4604 πόλει,
2476 4543 2605 4614 πρὸς
2635 4542 2909 4612 βεϐαίωσιν
2939 4543 3030 4613 μέν
3057 4548 3157 4596 τῶν
3186 4541 3405 4611 ερσεϐῶν
3432 4551 3525 4602 τῆς

1947 4635 2238 4693 Ἐκκλησίας
2260 4636 2615 4706 κηρυγμάτων,
2634 4636 2889 4707 ἀναίρεσιν
2910 4631 2964 4687 δέ
2985 4634 3083 4688 ⁸ιῖιῖιν
3105 4634 3303 4688 ἀσεϐῶν
3319 4641 3409 4693 τῆς
3431 4655 3523 4687 και·

1948 4729 2184 4795 νοτομίας
2226 4723 2515 4795 διγμάτων,
2562 4728 2774 4795 μιμήσει
2801 4730 2901 4779 τῶν
2929 4725 3358 4798 προηγησαμένων
3392 4725 3525 4792 ἡμᾶς

1948 4820 2102 4891 ἀγίων
2140 4826 2375 4893 Πατρῶν.
2406 4820 2451 4871 οἶ
2478 4838 2609 4878 τινες
2638 4819 2687 4881 έξ
2715 4814 3008 4892 εἰλικρινοῦς
3046 4816 3272 4888 ὁμονοίκς
3318 4820 3403 4871 καί
3436 4823 3533 4874 τῆς

1948 4912 2033 4964 ἐπὶ
2070 4910 2126 4965 τὸ
2160 4911 2279 4965 αὑτὸ
2322 4909 2576 4980 θεοφιλοῦς
2616 4908 2988 4971 συνελεύσεως,
3018 4914 3191 4963 πᾶσαν
3214 4910 3535 4979 κατήργησανι

1949 5003 2166 5075 α”ρεσιν,
2191 5005 2271 5055 καί
2298 5001 2495 5060 πάντας
2536 5002 2892 5075 ἐτροπώσαντο
2920 5001 3037 5059 τοὺς
3064 4998 3365 5073 α’ρετικοὺς,
3391 4995 3531 5048 ἕλευ⁸

1948 5093 2264 5166 θερὼσκντες
2292 5092 2347 5145 ἐκ
2375 5100 2467 5151 τῆς
2507 5090 2695 5148 πλάνης
2735 5091 2899 5143 αὐτῶν
2925 5093 3014 5146 τήν
3041 5086 3300 5142 καθολικὴν
3336 5083 3526 5142 ἐκκληο

1948 5186 2064 5239 σίαν
2087 5198 2101 5213 ⁸
2134 5179 2305 5240 ἐπειδή
2340 5182 2405 5235 τά
2450 5181 2508 5234 ἐκ
2533 5177 2818 5253 συνδρομῆς
2861 5178 3020 5249 ἱερᾶς,
3052 5176 3161 5234 ἦτοι
3186 5181 3533 5243 πνευματικῆς

1949 5275 2182 5345 γινόμενα
2216 5269 2508 5343 συμφωνίας
2553 5270 2708 5340 ἀγίων
2748 5275 2969 5343 Πατρῶν,
3004 5266 3230 5339 ἰσχυράν
3276 5262 3307 5317 ἴ
3309 5285 3398 5334 χει
3440 5267 3528 5318 καί

1950 5367 2356 5435 ἀκαταμάχητον
2372 5366 2503 5418 κατὰ
2520 5370 2618 5416 τῶν
2640 5360 2987 5429 ἀντικειμένων
3008 5362 3096 5415 τήν
3120 5354 3351 5425 δυνάμιν·
3379 5374 3397 5406 ε
3416 5353 3528 5410 ἐπὶ

1950 5457 2205 5517 στόματος
2229 5458 2346 5532 γὰρ,
2379 5460 2522 5529 φησί,
2551 5454 2642 5510 δύο
2671 5454 2701 5513 ἢ
2726 5459 2876 5527 τριῶν
2916 5452 3186 5526 μαρτύρων
3221 5450 3530 5507 σταθήσεται

1952 5555 2055 5604 πᾶν
2069 5550 2227 5621 ῥῆμα,
2243 5567 2260 5599 ε
2280 5552 2380 5602 καὶ·
2394 5567 2411 5597 ε
2423 5552 2489 5602 Τὸ
2504 5548 2752 5619 σπαρτίον
2770 5545 2825 5597 οὑ
2839 5544 3044 5612 ταχέως
3056 5542 3485 5614 ἀπορραγήσεται,
3501 5558 3523 5591 ε

1954 5644 2056 5697 καί*
2075 5661 2093 5693 ε
2120 5641 2349 5714 ’Δδελφὸς
2361 5640 2462 5694 ὑπὸ
2480 5638 2685 5708 ἀδελφοῦ
2704 5637 3056 5712 βοηθοὺμενος,
3072 5636 3138 5694 ὡς
3153 5634 3297 5693 πόλις
3320 5634 3528 5707 ἰσχυρά

1956 5737 2039 5791 καί
2064 5734 2247 5806 ὑψηῗιή·
2265 5752 2283 5785 ι
2326 5734 2507 5802 ἰσχύει
2526 5728 2579 5786 δέ
2610 5730 2788 5805 ὥσπερ
2818 5726 3221 5800 τεθεμιλιωμένον
3249 5723 3529 5796 βασίλειον.
