4018 6184
263 281 370 336 1³39

1475 271 1845 330 EPISTULA].
1880 299 1942 311 -
1987 269 2202 327 EPIST.
2247 270 2288 328 Ι.

3415 269 3514 322 150

258 393 548 444 siderentus
575 388 790 441 invicem
828 387 878 440 in
921 387 1275 456 provocatione
1316 385 1581 438 charitatis
1620 393 1667 437 et
1693 384 1845 436 bono-

1955 381 2158 443 a-xorr’m,
2179 382 2265 432 καί
2294 377 2372 452 ἴδη
2393 384 2479 438 τήν
2505 380 2753 452 ρομξαίαν
2780 379 3058 453 ἐρχομένην
3087 382 3170 434 ἐπὶ
3200 387 3280 438 τήν
3304 391 3412 452 γῆν.
3437 387 3519 438 καί

258 496 381 530 rum
421 492 649 546 Operam,
707 491 809 526 non
864 476 1146 527 deserentes
1196 474 1546 526 collectionem
1592 482 1843 534 nostram,

257 571 394 621 sicut
424 579 498 620 est
525 565 908 618 consuetudinis
931 566 1254 632 quibusdam,
1296 564 1384 617 sed
1407 561 1767 624 consolamini,
1801 571 1847 613 et

261 667 406 709 tanto
429 657 613 724 magis,
657 666 852 724 quanto
885 655 1154 708 viderimus
1178 654 1674 722 apprOpinqunntem
1713 651 1846 703 diem

265 745 460 816 (llebr.
499 747 578 813 ε).
615 745 930 798 Voluntarie
983 746 1126 797 enim
1169 742 1510 811 peccantibus
1549 741 1701 796 nobis
1726 751 1848 811 post

260 849 538 908 acceptam
590 839 832 891 notitiam
877 838 1152 901 veritatis,
1197 836 1306 904 jam
1359 850 1467 888 non
1522 834 1846 902 relinquitur

264 931 441 983 hostia
469 944 564 998 pro
597 929 827 997 peccatis
853 944 868 992 ;
904 927 1152 981 terribilis
1174 937 1349 979 autem
1381 925 1624 994 quaedam
1653 937 1848 992 exspe-

261 1023 430 1075 ctatio
453 1021 661 1090 indicii,
690 1031 746 1074 et
792 1021 928 1088 ignis
957 1019 1249 1082 aemulatio,
1301 1033 1418 1085 qua:
1468 1025 1845 1082 consumptum

261 1121 347 1164 est
374 1111 734 1167 adversarios.
767 1110 980 1164 Scimus
1010 1109 1150 1162 enim
1180 1108 1447 1160 dicentem
1477 1125 1488 1158 :
1514 1106 1648 1160 Mihi
1676 1107 1814 1158 vindi
1834 1134 1846 1146 -

261 1209 422 1261 ctam,
458 1209 507 1252 et
551 1215 644 1267 ego
675 1198 980 1262 retribuam,
1010 1197 1131 1248 dicit
1162 1194 1410 1248 Dominus
1439 1193 1617 1264 (Deut.
1650 1193 1842 1260 xxx").

264 1288 499 1354 Propter
531 1287 674 1355 quod
706 1286 1064 1354 praemuniens
1091 1300 1187 1338 nos
1220 1285 1492 1352 prtecepit,
1524 1285 1708 1337 dicens
1736 1299 1749 1336 :
1780 1282 1846 1335 Et

263 1386 342 1440 tu,
379 1377 489 1429 Fili
518 1377 755 1442 hominis,
801 1377 1003 1442 loquere
1040 1375 1108 1428 ad
1138 1376 1272 1441 ﬁlias
1313 1374 1487 1442 papuli
1511 1374 1605 1438 tui,
1637 1382 1684 1426 et
1714 1373 1847 1426 dices

263 1470 332 1520 ad
361 1484 447 1520 eos
474 1482 491 1519 :
519 1466 685 1520 Terra
728 1483 880 1535 super
906 1482 1058 1534 quam
1097 1465 1332 1517 inductus
1362 1465 1513 1532 fuerit
1538 1464 1762 1532 gladius,
1802 1474 1847 1517 et

265 1559 447 1610 tulerit
475 1557 692 1626 populus
721 1566 868 1610 terra:
913 1558 1074 1609 virum
1102 1571 1261 1608 unum
1305 1556 1366 1608 de
1395 1556 1676 1608 novissimis
1717 1557 1844 1617 suis.

264 1656 311 1699 et
339 1647 667 1698 constituerit
695 1661 811 1698 eum
837 1662 991 1712 super
1020 1661 1072 1698 se
1099 1647 1486 1713 speculatorem,
1516 1654 1563 1698 et
1605 1647 1690 1698 ille
1720 1647 1850 1698 vide-

1949 470 2184 523 σαλπίσει
2213 477 2272 541 τῇ
2303 471 2560 539 σάλπιγγι,
2593 473 2674 522 καί
2713 479 2933 538 σημανεῖ
2953 479 3023 538 τῷ
3078 480 3174 542 αῷ,
3203 479 3282 524 καί
3309 474 3520 528 ἀκούσει

1946 559 1972 613 6
1997 562 2224 619 ἀκούσας
2253 569 2342 619 τῆς
2371 569 2532 631 φωνῆς
2557 571 2646 619 τῆς
2675 561 2987 632 σάλπιγγος,
3017 564 3100 613 καὶ
3128 567 3195 632 μή
3222 564 3516 631 φυλάξηται.

1946 657 2029 707 καί
2052 655 2227 727 ἐπέλθῃ
2256 656 2286 710 ἡ
2309 656 2542 728 ῥομφαία,
2573 655 2805 723 καί,λάϐη
2829 657 3000 718 αὐτὸν,
3024 656 3080 708 τὸ
3100 654 3220 727 αἷμα
3258 660 3412 712 αὐτοῦ
3437 661 3520 712 ἐπὶ

1943 751 2034 802 τῆς
2057 745 2265 815 κεφαλῆς
2296 746 2451 798 αὐτοῦ
2480 743 2651 809 ἔσται,
2683 743 2760 798 ὅτι
2791 753 2880 804 τὴς
2907 755 3066 816 φωνῆς
3108 756 3198 806 τῆς
3245 750 3519 820 σάλπιγγος

1947 833 2194 893 ἀκούσας,
2219 834 2303 885 οὐκ
2330 833 2620 903 ἐφυλάξατο·
2653 835 2710 886 τὸ
2741 830 2866 903 αἷμα
2892 836 3044 888 αὐτοῦ
3068 837 3144 888 ἐπ’
3165 839 3316 890 αὐτόν
3347 837 3513 893 ἔσται.

1948 925 2036 974 Καὶ
2063 919 2211 982 οὗτος
2240 922 2316 977 ὅτι
2344 925 2629 994 ἐφυλάξατο,
2653 929 2742 982 τήν
2773 924 2950 993 ψυχήν
2974 925 3126 981 αὐτοῦ
3157 930 3390 990 ἐξείλατο.
3425 934 3513 983 Καὶ

1948 1015 1972 1068 ό
2007 1017 2198 1073 σκοπὸς
2243 1017 2323 1068 ἐάν
2351 1015 2432 1088 ἴδῃ
2471 1024 2559 1074 τόν
2603 1019 2848 1090 ῥομφαίαν
2891 1021 3189 1090 ἐρχομένην,
3221 1023 3306 1072 καί
3331 1026 3399 1088 μή
3425 1043 3521 1078 ση-

1946 1113 2098 1177 μαίνῃ
2125 1115 2186 1179 τῇ
2211 1109 2470 1178 σάλπιγγι,
2501 1113 2582 1161 καὶ
2608 1109 2632 1162 6
2657 1110 2774 1169 λαός
2801 1116 2872 1180 μή
2896 1111 3170 1177 φυλάξηται
3192 1147 3206 1170 ,
3236 1113 3319 1162 καί
3344 1108 3462 1180 ἔλθη
3489 1112 3519 1166 ἠ

1947 1195 2169 1265 ῥομφαία
2193 1235 2208 1256 ,
2236 1201 2318 1250 καί
2341 1198 2469 1269 λάϐῃ
2501 1197 2552 1260 ἐξ
2580 1201 2746 1252 αὐτῶν
2775 1200 2953 1269 ψυχήν
2977 1239 2992 1264 ,
3027 1202 3152 1253 αὐτή
3179 1199 3262 1254 διὰ
3289 1207 3377 1259 τήν
3406 1203 3518 1255 ἀνο-

1946 1287 2067 1352 μίαν
2107 1287 2275 1356 ἐλήφθη
2301 1327 2315 1349 ,
2344 1293 2422 1341 καί
2449 1291 2505 1342 τὸ
2534 1287 2658 1358 αἷμα
2702 1292 2753 1342 ἐκ
2781 1299 2871 1350 τῆς
2901 1293 3081 1364 χειρός
3106 1298 3196 1345 τοῦ
3221 1299 3413 1345 σκοποῦ
3441 1295 3522 1345 ὲκ-

1949 1375 2167 1433 ζητήσω.
2196 1393 2213 1425 s
2248 1378 2328 1429 Διὸ
2353 1381 2707 1452 μαρτυρόμεθα
2735 1387 2890 1435 πᾶσιν
2924 1383 2970 1433 ἐν
2998 1391 3060 1454 τῇ
3089 1387 3305 1455 σήμερον
3336 1385 3517 1458 ἡμέρᾳ,

1949 1466 2113 1525 καθὼς
2142 1489 2288 1535 φησιν
2313 1467 2336 1520 ό
2363 1475 2605 1540 μακάριος
2635 1475 2825 1529 Παῦλος
2844 1514 2855 1530 ,
2882 1469 2959 1525 ὅτι
2999 1494 3028 1524 κ
3064 1475 3206 1546 θαροί
3240 1475 3389 1543 ἐσμεν
3419 1476 3521 1530 ἀπὸ

1949 1560 2040 1606 τοῦ
2082 1557 2290 1625 αἳματος
2332 1559 2530 1611 πάντων
2556 1559 2714 1627 ύμῶν.
2765 1562 2834 1612 Ού
2871 1561 2967 1633 γὰρ
3000 1563 3398 1632 ὑπεστειλάμεθα
3425 1570 3518 1617 τοῦ

1949 1649 2018 1714 μή
2047 1646 2333 1716 ἀναγγεῖλαι
2359 1651 2492 1699 πᾶσι
2515 1654 2604 1706 τήν
2635 1649 3006 1713 παραδοθεῖσαν
3029 1654 3146 1720 ἡμῖν
3173 1656 3223 1706 ἐκ
3242 1661 3338 1706 τῶν
3370 1655 3522 1724 ἁγίων

263 1737 334 1788 rit
364 1736 602 1806 gladium
647 1737 924 1788 venientem
963 1751 1118 1805 super
1139 1744 1346 1799 terram,
1382 1744 1427 1788 et
1466 1735 1697 1787 cecinerit
1728 1736 1844 1788 buc-

1955 1740 2158 1806 ΙἸατρῶν
2187 1753 2239 1787 τε
2267 1738 2350 1787 καὶ
2379 1735 2601 1789 συνόδων
2626 1737 2877 1810 ὀρθοδοξον
2907 1739 3184 1810 ὁμολογίαν,
3204 1741 3284 1795 διά
3311 1751 3409 1796 τῶν
3431 1747 3522 1814 ἀρ-

264 1827 403 1890 cina,
455 1836 503 1877 et
527 1826 906 1878 annttntiaverit
947 1826 1134 1893 populo
1157 1840 1176 1876 :
1196 1825 1408 1876 audiens
1433 1834 1598 1876 autem
1627 1826 1850 1894 quisquis

265 1915 360 1966 ille
396 1922 470 1966 est
499 1914 720 1964 sonitum
749 1913 998 1980 buccinae,
1032 1928 1130 1964 non
1164 1929 1216 1965 se
1248 1911 1603 1980 observaverit,
1637 1915 1850 1966 venerit-

265 2019 365 2072 que
387 2003 621 2072 gladius,
651 2012 696 2054 et
744 2003 919 2054 tulerit
951 2018 1086 2064 cum,
1119 2002 1328 2070 sanguis
1357 2002 1496 2056 illius
1525 2019 1678 2069 super
1699 2014 1850 2073 caput

269 2093 431 2160 ipsius
455 2092 574 2153 erit,
603 2091 721 2156 quia
752 2106 932 2143 sonum
963 2090 1185 2142 buccina:
1209 2091 1424 2154 audivit,
1456 2101 1502 2142 et
1539 2108 1639 2143 non
1668 2108 1720 2144 se
1757 2091 1850 2143 ob-

267 2182 527 2244 serent-it;
556 2181 764 2248 sanguis
791 2183 900 2249 ejus
930 2181 980 2232 in
1012 2181 1121 2249 ipso
1147 2183 1260 2233 erit.
1297 2181 1358 2234 Si
1397 2191 1569 2233 autem
1611 2197 1664 2234 se
1691 2192 1853 2234 custo-

272 2274 449 2338 dierit,
475 2274 703 2324 animam
724 2287 873 2324 suam
902 2271 1136 2325 salvabit.
1168 2272 1314 2336 Quod
1341 2272 1382 2325 si
1408 2275 1695 2336 speculator
1718 2273 1853 2325 vide-

269 2367 334 2415 rit
376 2363 619 2434 gladium
668 2362 968 2427 venientem,
1021 2373 1065 2414 et
1099 2379 1198 2414 non
1231 2363 1508 2414 insonuerit
1540 2361 1772 2427 buccina,
1805 2371 1851 2414 et

272 2453 499 2520 papulas
532 2469 632 2505 non
663 2469 716 2504 se
735 2453 1055 2515 custodierit,
1084 2452 1368 2518 veneritque
1392 2451 1615 2519 gladius,
1645 2459 1690 2502 et
1719 2450 1850 2502 tule-

269 2546 335 2595 rit
382 2546 448 2595 de
489 2544 563 2596 eis
594 2543 842 2604 animam,
884 2541 970 2592 ille
999 2542 1052 2592 in
1101 2539 1369 2607 iniquitate
1417 2555 1509 2591 sua
1550 2547 1727 2607 captus
1758 2546 1846 2601 est,

269 2638 577 2707 sanguinem
609 2645 780 2687 autem
812 2638 920 2702 ejus
952 2633 1013 2685 de
1059 2648 1213 2683 manu
1241 2632 1570 2700 speculatoris
1599 2631 1852 2697 requiram

273 2729 494 2800 (Such.
533 2725 756 2794 sunt).
787 2722 1012 2790 Pr0pter
1039 2723 1178 2790 quod
1211 2721 1559 2775 testiﬁcantur
1605 2722 1852 2774 omnibus

273 2822 325 2872 in
362 2818 692 2870 hodiernum
721 2815 886 2878 diem,
911 2814 1050 2865 sicut
1078 2812 1245 2879 inquit
1269 2811 1454 2864 beatus
1484 2809 1699 2873 Paulus,
1737 2810 1852 2876 quia

272 2909 462 2965 mundi
514 2923 703 2962 sumus
756 2921 784 2960 a
837 2904 1096 2975 sanguine
1154 2905 1390 2957 omnium
1448 2913 1681 2957 vestrum
1712 2902 1848 2971 (Act.

274 3003 388 3067 xx).
436 2999 556 3053 Non
609 2999 755 3052 enim
804 2996 1166 3049 subtraximus
1225 3009 1326 3049 nos
1383 3010 1488 3048 non
1535 2995 1852 3047 annuutiare

1951 1825 2072 1882 τίως
2103 1823 2223 1897 παρ’
2243 1826 2377 1891 ήμῶν
2401 1824 2668 1886 συνοδικῶς
2709 1832 3092 1900 πεπραγμένων⁸
3119 1834 3402 1906 Προσέχετε
3434 1829 3521 1886 οὖν

1951 1914 2150 1974 ἑαυτοῖς
2191 1918 2274 1967 καί
2302 1919 2449 1968 παντί
2491 1923 2562 1984 τῷ
2589 1920 2821 1987 ποιμνίῳ,
2852 1921 2902 1971 ἐν
3006 1922 3137 1988 ἡμᾶς
3163 1924 3221 1974 τὸ
3249 1930 3442 1993 Πνεῦμα
3465 1926 3521 1977 τὸ

1953 2003 2096 2074 ἅγιον
2131 2001 2267 2057 ἔθετο
2307 2003 2608 2065 ἐπισκόπους
2650 2009 2930 2075 ποιμαίνειν
2970 2015 3058 2066 τήν
3097 2009 3388 2067 Ἐκκλησίαν
3428 2021 3518 2065 τοῦ

1952 2100 2102 2154 Θεοῦ,
2126 2095 2183 2151 ἣν
2209 2100 2599 2168 περιεποιήσατο
2621 2095 2702 2150 διά
2729 2105 2820 2152 τοῦ
2848 2098 2975 2152 ἰδίου
2997 2101 3224 2168 αἵματος,
3247 2102 3327 2155 ἵνα
3348 2102 3522 2172 μηδείς

1952 2185 2091 2254 ὑμᾶς
2117 2183 2189 2242 εἴη
2225 2184 2250 2238 6
2279 2186 2604 2257 συλαγωγῶν,
2639 2187 2668 2245 ή
2697 2189 3152 2261 παραλογιζόμενος
3179 2193 3227 2244 ἐν
3260 2194 3519 2247 πιθανολοο

1951 2274 2039 2344 γίᾳ
2077 2271 2158 2325 διά
2192 2281 2282 2331 τῆς
2320 2274 2604 2344 φιλοσοφίας
2650 2280 2732 2328 καὶ
2779 2287 2916 2338 κενῆς
2960 2281 3177 2338 ἀπάτης.
3222 2279 3424 2339 Ἐκειδή
3466 2284 3522 2337 τὸ

1953 2367 2150 2433 Πνεῦμα
2179 2363 2404 2432 ἀρρήτως
2427 2364 2575 2434 λέγει·
2597 2360 2712 2417 Ὀτι
2733 2365 2779 2416 ἔν
2808 2363 3054 2434 ἐσχάτοις
3079 2376 3267 2442 καιροῖς
3295 2370 3522 2428 ἀποστή-

1953 2450 2130 2503 σονταί
2148 2471 2276 2509 τινες
2300 2461 2387 2510 τῆς
2413 2454 2652 2518 πίστεως,
2673 2457 3015 2528 προσέχοντες
3038 2462 3288 2529 πνεύμασι
3312 2460 3519 2525 πλάνης,

1953 2541 2035 2590 καί
2078 2537 2422 2598 διδασκαλίαις
2467 2539 2766 2610 δαιμονίων,
2803 2546 2853 2597 ἐν
2900 2546 3163 2619 ὑποκρίσει
3209 2548 3521 2620 ψευδολόγων

1953 2631 2452 2698 κεκαυτηρίασμένων
2488 2638 2576 2689 τήν
2612 2632 2739 2688 ἰδίαν
2767 2636 3074 2694 συνείδησιν.
3117 2649 3407 2714 Γρηγορεῖτε
3437 2639 3523 2696 οὖν

1953 2723 2038 2772 καὶ
2066 2722 2426 2790 προσεύχεσθε
2460 2724 2541 2777 ἵνα
2587 2735 2654 2791 μή
2696 2728 2938 2785 εἰσέλθητε
2976 2731 3043 2788 είς
3079 2736 3384 2802 πειρασμὸν,
3419 2732 3470 2786 ὃν
3492 2738 3522 2792 ή

1953 2807 2199 2882 προδοσία
2224 2818 2312 2867 τῆς
2337 2813 2530 2879 γνώμης
2561 2814 2825 2885 ἐργάζεται
2844 2856 2858 2878 ,
2882 2823 2996 2874 τοῖς
3033 2822 3101 2885 μή
3132 2821 3430 2874 πιστεύουσι
3458 2830 3521 2892 τῇ

1953 2900 2174 2973 ἀληθείᾳ,
2197 2901 2302 2952 ἀλλ’
2318 2901 2596 2956 εύδοκοῦσιν
2618 2905 2665 2955 έν
2689 2912 2751 2978 τῇ
2777 2903 2965 2977 ἀδικίᾳ,
2990 2909 3091 2958 ἀνθ’
3113 2905 3177 2959 ὧν
3206 2915 3295 2965 τήν
3323 2912 3523 2979 ἀγάπην

1954 3001 2044 3051 τῆς
2074 2993 2300 3054 ἀληθείας
2327 2994 2412 3045 οὐκ
2435 2991 2678 3057 ἐδέξαντο,
2710 2997 2778 3052 εἰς
2801 2995 2856 3048 τὸ
2884 2997 3098 3052 σωθῆναι
3118 2999 3322 3057 αὐτούς.
3350 2998 3404 3051 Ὀ
3423 3003 3522 3074 γάρ

274 3092 528 3144 omnibus
559 3103 680 3157 qua:
715 3087 906 3139 tradita
940 3097 1022 3140 est
1048 3086 1202 3138 nobis
1241 3101 1268 3137 a
1297 3085 1497 3140 sanetis
1527 3084 1771 3139 Patriltus
1798 3093 1851 3139 et

1956 3086 2096 3149 Θεὸς,
2128 3083 2443 3158 ἀπείραστός
2472 3085 2585 3136 έστι
2609 3090 2790 3146 κακῶν,
2817 3087 3042 3157 πειράζει
3064 3083 3115 3137 δέ
3144 3082 3298 3144 αὓτός
3325 3087 3519 3141 ούὸενα.

275 3181 527 3250 synodis,
561 3176 921 3231 orthodoxam
954 3174 1343 3232 confessionem
1377 3192 1470 3244 per
1511 3191 1573 3230 ea
1605 3192 1722 3245 quae
1754 3192 1851 3228 nu-

278 3285 372 3340 per
393 3270 537 3338 apud
562 3283 664 3322 nos
708 3269 1041 3338 synodaliter
1069 3278 1216 3336 gesta
1249 3275 1392 3319 sunt.
1449 3267 1724 3331 Attendite,
1749 3266 1852 3319 ita-

279 3375 377 3429 que
393 3360 534 3413 t-‘olns
572 3368 621 3411 et
662 3360 802 3410 omni
831 3359 993 3428 gregi,
1023 3360 1076 3411 in
1117 3373 1213 3426 qua
1261 3373 1346 3410 vos
1395 3356 1622 3423 Spiritus
1648 3369 1853 3409 sanctus

281 3451 541 3504 constituit
570 3450 839 3518 episcapos
864 3465 1032 3518 regere
1062 3447 1340 3500 Ecclesiam
1369 3445 1479 3512 Dei,
1501 3463 1653 3515 quam
1681 3447 1854 3515 aequi--

283 3546 390 3596 sitit
419 3543 638 3611 proprio
668 3541 918 3609 sanguine
940 3540 1154 3612 (Ibid.),
1187 3548 1243 3592 ut
1286 3554 1390 3593 non
1421 3541 1489 3592 sit
1519 3541 1604 3606 qui
1639 3553 1730 3591 vos
1757 3539 1852 3592 de—

283 3636 439 3701 cipiat
463 3643 556 3685 aut
602 3631 827 3685 seducat
856 3631 907 3683 in
951 3631 1240 3683 subtilitate
1283 3628 1545 3683 sermonis
1575 3645 1663 3695 per
1691 3627 1856 3695 philo-

282 3725 519 3790 sophiam
543 3731 592 3775 et
621 3723 824 3774 inanem
851 3720 1117 3790 fallaciam
1146 3719 1368 3788 (Coloss.
1402 3722 1481 3787 ιι).
1509 3719 1854 3786 Apertissime

283 3817 419 3868 enim
450 3814 691 3881 Spiritus
724 3820 941 3867 sanctus
970 3828 1062 3881 per
1091 3813 1401 3879 Apostolum
1431 3811 1598 3865 dicit:
1631 3813 1764 3875 Quia
1804 3814 1856 3864 in

281 3904 568 3956 novissimis
613 3903 922 3970 temporibus
968 3903 1200 3954 recedent
1229 3902 1434 3967 quidam
1469 3920 1499 3954 a
1525 3903 1645 3968 ﬁde.
1677 3913 1846 3955 atten-

280 3997 448 4048 dentes
471 3995 737 4060 spiritibus
764 3993 1114 4047 seductoribus
1135 4003 1180 4046 et
1206 3994 1445 4045 doctrinis
1462 3994 1853 4053 daemoniorum.

278 4087 328 4138 in
359 4087 624 4155 hypocrisi
653 4085 1176 4153 mendaciloquorum,
1203 4084 1535 4136 canteriatam
1565 4084 1856 4138 habentium

277 4191 426 4226 suam
455 4174 823 4227 conscientiam
852 4171 905 4244 (I
936 4172 1072 4227 Tim.
1102 4166 1202 4240 H7).
1235 4173 1457 4238 Pr0pter
1485 4173 1623 4240 quod
1655 4173 1858 4241 vigilate

277 4276 323 4317 et
348 4275 514 4328 orate,
551 4273 609 4316 ut
638 4279 739 4316 non
766 4265 960 4316 intretis
989 4265 1040 4315 in
1079 4264 1402 4316 tentationem
1423 4261 1634 4331 (Matth.
1667 4262 1812 4332 xm)
1841 4280 1853 4315 :

284 4369 406 4421 qua:
457 4353 662 4406 mentis
708 4353 1054 4421 transgressio
1097 4361 1349 4420 operatur
1397 4353 1450 4406 in
1492 4352 1574 4405 bis
1620 4353 1708 4419 qui
1755 4369 1856 4406 non

280 4442 618 4494 crediderunt
682 4443 879 4494 ueritati
916 4484 932 4509 ,

285 4529 366 4600 (ll
404 4531 596 4585 Thess.
645 4533 748 4598 ιι),
792 4545 857 4586 eo
909 4530 1047 4600 quod
1087 4531 1402 4586 cbaritatetn
1452 4533 1696 4585 veritatis
1748 4545 1853 4584 non

286 4633 668 4696 perceperunt,
715 4633 770 4676 ut
798 4624 929 4677 salvi
980 4624 1184 4678 ﬁerent.
1230 4623 1366 4677 Deus
1405 4625 1540 4678 enim
1588 4627 1861 4678 intentator

287 4717 541 4768 malorum
571 4725 665 4779 est,
701 4715 808 4782 ipse
849 4723 1018 4768 autem
1067 4715 1315 4767 neminem
1356 4724 1535 4767 tentat.
1571 4715 1861 4784 Unusquis-

287 4821 377 4864 que
405 4820 526 4856 vero
579 4812 801 4856 tentatur
829 4819 862 4855 a
891 4806 1300 4871 concupiscentia
1348 4819 1441 4857 sua
1490 4805 1776 4858 abstractus
1815 4814 1862 4859 et

288 4895 512 4946 illectus.
558 4891 758 4945 Deinde
785 4895 1194 4961 concupiscentia
1219 4911 1334 4947 cum
1377 4898 1684 4964 conceperit,
1729 4898 1864 4964 parit

291 4994 592 5051 peccatum;
636 4992 895 5050 peccatum
923 4999 1061 5047 vero,
1105 5001 1220 5036 cum
1248 4996 1656 5037 consummatum
1685 4986 1860 5054 fuerit,

293 5085 503 5140 generat
532 5083 744 5124 mortem
772 5072 910 5140 (Jac.
934 5071 994 5140 ι).
1028 5073 1203 5126 Nolite
1235 5073 1411 5142 itaque
1439 5088 1640 5140 errare,
1676 5075 1865 5127 fratres

295 5165 393 5216 mei
424 5161 785 5225 dileCtissimi,
827 5163 1076 5214 doctrinis
1125 5165 1278 5216 variis
1308 5174 1353 5217 et
1398 5166 1649 5217 extraneis
1679 5164 1862 5232 (llebr.

297 5253 412 5318 xm)
444 5251 801 5304 circumducti
828 5266 842 5303 :
867 5259 912 5303 et
951 5252 1064 5304 licet
1114 5268 1226 5314 nos,
1275 5263 1360 5305 aut
1401 5253 1615 5322 angelus
1647 5255 1710 5306 de
1743 5255 1864 5307 ctelo

296 5343 715 5413 evangelizaverit
738 5342 875 5393 vobis
905 5341 1050 5410 (Gal.
1075 5352 1139 5412 ι),
1173 5350 1363 5410 praeter
1390 5343 1533 5412 quod
1565 5343 1866 5410 accepimus

298 5448 397 5489 tam
430 5453 459 5488 a
489 5435 692 5489 sanctis
734 5436 992 5500 apostolis
1017 5446 1070 5488 et
1111 5435 1474 5502 probabilibus
1514 5437 1775 5499 Patribus,
1815 5446 1869 5490 et

299 5523 687 5578 universalibus
715 5523 946 5590 quinque
983 5523 1226 5593 synodis,
1259 5527 1541 5577 anathema
1572 5527 1660 5580 sit.
1700 5526 1865 5592 Igitur

297 5615 430 5668 sicut
459 5613 832 5683 praediximus,
880 5621 932 5666 et
977 5627 1114 5666 nunc
1146 5615 1334 5667 iterum
1375 5614 1600 5668 dicimus
1629 5635 1639 5666 :
1674 5616 1734 5667 Si
1760 5617 1870 5682 quis

297 5709 431 5760 vobis
486 5705 903 5774 euangelizaverit
957 5717 1140 5773 pra'ter
1192 5707 1244 5758 id
1299 5707 1435 5774 quod
1465 5708 1748 5776 accepimus
1806 5723 1868 5762 ex

1951 3170 2198 3232 Ἐκαστος
2239 3173 2290 3227 δέ
2346 3175 2644 3248 πειρλζεται
2681 3175 2780 3225 ύπὸ
2812 3180 2902 3232 τῆς
2933 3174 3062 3232 ἰδίας
3103 3176 3366 3243 ἐπιθυμίας
3394 3176 3526 3238 ἐξελο

1954 3261 2158 3332 κόμενος
2193 3268 2278 3317 καὶ
2318 3262 2679 3334 δελεαζόμενος.
2712 3259 2833 3318 Εἶτα
2862 3265 2890 3320 ἡ
2922 3264 3152 3330 ἐπιθυμία
3182 3265 3520 3326 συλλαϐοῦσα,

1952 3355 2106 3406 τίκτει
2143 3351 2422 3426 ἁμαρτίαν“
2455 3355 2484 3408 ri
2525 3351 2576 3405 δέ
2617 3351 2844 3424 ἁμαρτία
2884 3352 3278 3406 ἀποτελεσθεῖσα
3313 3356 3526 3406 ἀποκύει

1955 3443 2186 3494 θάνατον.
2213 3448 2288 3498 Mn'
2313 3436 2400 3493 οὖν
2427 3441 2704 3503 πλανᾶσθε,
2731 3440 2929 3512 ἀδελφοί
2953 3461 3045 3508 μου
3074 3442 3348 3510 ἀγαπητοί,
3378 3439 3522 3495 διδα-

1957 3537 2086 3598 χαῖς
2112 3531 2357 3588 ποικίλαις
2383 3534 2463 3584 καὶ
2483 3532 2639 3593 ξέναις
2673 3531 3060 3605 περιφερόμενοι·
3103 3532 3226 3585 ἀλλά
3251 3531 3334 3585 ἐὰν
3356 3534 3524 3601 ἡμεῖς,

1954 3621 1983 3679 iri
2011 3619 2217 3695 ἅγγελος
2249 3623 2298 3684 έξ
2322 3625 2529 3694 οὺρανοῦ
2557 3624 2941 3695 εὐαγγελίσηται
2971 3623 3090 3692 ύμῖν
3120 3621 3284 3698 παρ’ὁ
3308 3625 3524 3699 παρελά-

1958 3712 2106 3782 ϐομεν
2124 3710 2176 3766 ἔκ
2188 3732 2242 3767 τε
2259 3720 2358 3767 τῶν
2375 3712 2527 3784 ἁγίων
2539 3714 2832 3766 ἀποστολων
2847 3717 2927 3767 καὶ
2941 3721 3036 3767 τῶν
3049 3715 3284 3789 ἐγκρίτων
3298 3723 3524 3788 Πατρῶν,

1955 3804 2038 3854 καὶ
2062 3808 2158 3854 τῶν
2183 3806 2536 3871 οἱκουμενικῶν
2559 3806 2705 3856 πέντε
2737 3800 2980 3866 συνόδων,
3012 3805 3236 3872 ἀνάθεμα
3271 3803 3426 3867 ἔστω,
3453 3808 3522 3865 ὡς

1955 3896 2344 3964 προειρήκαμεν.
2382 3895 2478 3945 Καί
2505 3892 2648 3946 πάλιν
2678 3892 2900 3964 λέγομεν⁹
2935 3891 2995 3945 Εἴ
3012 3915 3087 3952 τις
3107 3896 3238 3964 ἡμᾶς
3272 3896 3528 3964 εὐαγγελίο

1956 3985 2103 4043 ζηται
2122 3979 2284 4054 παρ’ό
2305 3983 2648 4055 παρελάϐομεν
2669 3983 2720 4044 ἐξ
2744 3984 2925 4043 αὐτῶν,
2948 3983 3168 4050 ἀνάθεμα
3199 3982 3230 4035 ἕ
3232 4005 3358 4036 στω.
3380 3980 3526 4054 ’Δρτι

1954 4073 2052 4141 γάρ
2075 4071 2364 4143 ἀνθρώπους
2390 4072 2657 4140 πείθωμεν,
2680 4070 2709 4127 ἣ
2731 4071 2813 4124 τὸν
2835 4071 2983 4132 Θεὸν,
3014 4070 3042 4126 ἦ
3071 4076 3314 4138 ζητοῦμεν
3342 4071 3525 4142 ἀνθρώο

1957 4178 2070 4217 ποις
2099 4160 2352 4233 ἀρίσκειν;
2376 4159 2420 4210 si
2443 4156 2516 4211 ἔτι
2536 4159 2814 4232 ἀνθρώποις
2831 4157 3226 4229 ήρεσκον,φησὶν
3251 4156 3526 4231 ὁμακάριος

1956 4254 2166 4320 Παῦλος,
2183 4259 2408 4326 Χριστοῦ
2429 4252 2600 4312 δοῦλος
2626 4255 2714 4305 οὐκ
2738 4248 2795 4305 ἀν
2812 4254 2962 4323 ήμην.
2987 4264 3070 4312 Ὠς
3096 4248 3183 4306 οὖν
3211 4257 3525 4327 πι-ρεὶάϐετε

1957 4345 2041 4396 τὸν
2060 4345 2272 4416 Χριστὸν
2294 4344 2344 4395 ix
2361 4350 2456 4397 τῶν
2485 4343 2830 4419 χριστοφόρων
2859 4343 3070 4419 ἀνδρῶν,
3103 4344 3264 4405 οὕτως
3290 4348 3359 4405 εἰς
3380 4349 3530 4400 αὐτὸν

1015 4442 1102 4494 sed
1176 4452 1536 4496 consenserunt
1605 4441 1853 4510 iniquitati

1960 4437 2349 4500 πιστεύετε,τήν
2375 4436 2525 4493 καλήν
2552 4439 2973 4508 παρακαταθήκην
2995 4438 3162 4508 μέχρι
3184 4437 3356 4498 τέλους
3382 4438 3532 4509 φυλά-

1961 4534 2094 4594 ξατε.
2119 4530 2198 4583 διά
2221 4532 2499 4601 Πνεύματος
2519 4528 2662 4599 ἁγίου
2684 4535 2771 4582 τοῦ
2795 4531 3097 4588 ἐνοικοῦντος
3123 4531 3172 4581 έν
3201 4531 3337 4599 ύμῖν,
3362 4529 3532 4589 ἐπειδή

1963 4620 1987 4674 6
2016 4623 2219 4692 στερεός
2251 4619 2470 4690 θεμέλιος
2496 4625 2585 4671 τοῦ
2628 4625 2755 4672 Θεοῦ
2785 4618 2996 4674 ἔστηκεν
3024 4615 3166 4686 ἔχων
3194 4623 3281 4675 τήν
3311 4616 3532 4690 σφαγίδα

1961 4713 2168 4768 ταύτην
2199 4708 2360 4782 Ἐγνω
2387 4712 2564 4780 κύριος
2590 4712 2709 4767 τοὺς
2745 4705 2891 4766 ὄντας
2926 4713 3116 4770 αὑτοῦ,
3151 4711 3230 4760 καὶ
3260 4709 3533 4764 ἀποστήτω

1962 4805 2062 4857 ἀπὸ
2104 4800 2300 4860 ἀδικίας
2341 4807 2444 4861 πᾶς
2484 4800 2509 4854 6
2547 4799 2798 4867 ὀνομάζων
2825 4798 2881 4852 τὸ
2909 4794 3066 4866 ὄνομα
3095 4800 3296 4869 Κυρίου.
3331 4798 3529 4869 Διόπερ,

1963 4891 2177 4960 ἀδελφοὶ,
2191 4894 2281 4949 τὰς
2303 4890 2546 4958 βεϐήλους
2563 4889 2914 4961 ἐκτρεπόμενοι
2932 4889 3275 4956 καινοφωνίας,
3290 4884 3536 4953 μηδαμῶς

1964 4989 2063 5037 τῶν
2090 4982 2191 5034 ἀπὸ
2227 4988 2320 5052 γῆς
2354 4980 2670 5049 φωνούντων,
2695 4980 2781 5030 καὶ
2809 4978 2900 5029 οῦκ
2931 4977 3031 5028 ἀπὸ
3073 4974 3328 5042 στόματος
3353 4976 3533 5044 ιιυρίου

1964 5074 2264 5134 λαλούντων,
2308 5068 2646 5143 προσδέξησθε
2687 5070 2819 5121 κατά
2865 5076 2955 5125 τῆς
2981 5069 3222 5124 -πίστεως
3259 5066 3472 5127 τύπους,
3503 5064 3533 5122 ἦ

1966 5164 2142 5234 νόμους
2161 5201 2175 5226 ,
2205 5161 2234 5219 ή
2275 5159 2428 5230 ὅρους
2447 5197 2461 5221 ,
2490 5157 2520 5216 ή
2549 5159 2768 5215 έκθέσεις
2797 5157 3036 5215 ἀτόπους,
3059 5157 3380 5222 γινώσκοντες
3405 5192 3419 5217 ,
3455 5152 3534 5206 ὅτι

1968 5254 2129 5323 μέλλει
2154 5259 2320 5306 ταῦτα
2345 5256 2510 5303 πάντα
2539 5252 2702 5311 ζητεῖν
2733 5251 2816 5299 καί
2836 5247 3014 5321 κρίνειν
3037 5246 3192 5303 αὐτὸς
3221 5243 3246 5297 6
3271 5251 3359 5302 τῆς
3389 5242 3536 5308 δόξης

1968 5342 2109 5399 Θεός¹
2136 5343 2221 5394 καὶ
2244 5337 2324 5393 ὅτι
2348 5336 2507 5396 οὐδεὶς
2526 5338 2819 5406 ἀνθρώπων,
2848 5334 2910 5387 ὧν
2931 5335 3050 5386 ὡσεί
3073 5333 3263 5403 χόρτος
3283 5333 3333 5386 ai
3357 5335 3537 5403 ἡμέραι

1970 5431 2151 5490 αὐτῶν,
2192 5429 2321 5500 ύπέρ
2353 5429 2490 5496 ήμῶν
2517 5426 2845 5498 ἐσταυρώθη,
2873 5421 2989 5477 οὔτε
3028 5423 3097 5481 εἰς
3125 5422 3182 5475 τό
3211 5419 3366 5494 ὄνομά
3403 5443 3537 5482 τινος

1972 5518 2134 5569 αὐτῶν
2164 5515 2552 5582 ἐϐαπτίσθημεν,
2582 5511 2702 5565 ἀλλά
2728 5516 2814 5563 τοῦ
2842 5509 3218 5578 σταυρωθέντος
3238 5509 3368 5581 ὑπὲρ
3401 5510 3540 5577 ήμῶν

1973 5609 2056 5660 ἐπὶ
2085 5609 2282 5660 Ποντίου
2314 5603 2545 5664 Πιλάτου,
2587 5600 2803 5670 μάλιστα
2843 5605 3014 5667 σαφῶς
3045 5605 3422 5658 κατανοοῦντες,
3459 5595 3541 5650 ὅτι

1976 5705 2054 5755 καί
2082 5698 2145 5753 δι’
2165 5699 2354 5751 ἑαυτῶν
2378 5698 2440 5748 τά
2469 5697 2624 5746 οἰκεῖα
2644 5691 2872 5761 δόγματα
2896 5691 3231 5747 καταλύουσιν
3254 5692 3298 5744 οἶ
3319 5689 3381 5744 δι’
3403 5692 3541 5743 iactv-
