4018 6184
468 310 559 365 ιδι

1657 292 1897 361 S.\NCT|
1938 289 2215 346 MARTlNl
2256 288 2454 344 PAR-li
2496 289 2515 342 ι

3600 286 3705 340 132

459 431 594 488 τίας.
624 425 766 497 Λέγει
804 424 902 497 γάρ
931 420 956 475 ὁ
986 422 1178 494 κύριος·
1208 423 1357 471 Πᾶσα
1384 414 1615 485 βασιλεία
1660 410 1730 483 ἔφ’
1749 412 1903 468 αὑτῆς
1933 428 2027 478 με·

2155 404 2273 473 psis,
2302 404 2573 456 anathema
2601 403 2685 455 sit.
2712 400 2869 455 Modo
2891 414 3061 454 autem
3091 400 3379 454 hominibus
3405 401 3704 463 suademus,

462 520 702 591 ρισθεῖσα
720 555 735 577 ,
769 517 827 567 οὑ
870 514 1182 569 σταθήσεται
1206 547 1222 572 ,
1257 510 1339 561 καί
1366 511 1469 565 πᾶς
1499 504 1613 577 ὄρος
1640 506 1724 556 καί
1747 502 1899 571 νόμος
1919 542 1933 561 ,
1967 497 2037 569 ἐφ’

463 603 650 662 έαυτοῦ
681 606 931 677 μερισθεὶς
957 643 970 661 ,
998 604 1053 655 οὑ
1082 602 1412 657 σταθήσεται·
1438 599 1522 650 καί
1550 597 1592 649 εἰ
1621 594 1646 648 ὁ
1675 592 1835 651 τύπος
1860 591 2040 644 316d}.-

461 695 535 748 λει
560 698 643 749 τόν
671 696 828 745 τύπον
847 700 893 753 ¹¹,
920 693 949 747 ἡ
979 692 1065 757 μέν
1085 690 1430 758 λέγουσαμίαν
1448 684 1610 755 ἔχειν,
1633 684 1659 737 ὁ
1684 682 1735 737 δέ
1764 682 1918 750 λέγων
1940 701 2041 769 μυεῖ

464 780 637 850 δεμίαν
683 778 833 850 ἔχειν
870 779 956 831 τόν
998 780 1173 849 Κύριον
1210 777 1425 839 θέλησιν,
1470 773 1499 831 ἢ
1535 774 1807 843 ἐνέργειαν,
1839 766 1942 841 ἄρα
1970 769 2026 837 ἐφ

462 868 653 923 έαυτῶν
679 869 914 939 ἐμερίσθη
944 870 1136 921 τούτων
1164 866 1431 940 ἑκάτεροι,
1458 870 1567 921 πῶς
1597 857 1685 915 οὖν
1729 861 2042 916 σταθήσεται

462 969 560 1015 τῶν
584 961 807 1014 ἐναντίων
830 961 859 1016 ἡ
879 959 1098 1032 αἵρεσις,
1123 958 1205 1026 ὑφ’
1226 958 1411 1014 ἑαυτῆς
1432 954 1812 1025 καταργηθεῖσα
1838 949 2038 1021 μᾶλλον,

462 1051 492 1109 ἦ
520 1050 792 1127 παρ’ἠμῶν
820 1052 886 1108 ὡς
910 1050 1057 1108 ἕωλος
1085 1053 1167 1101 καί
1187 1048 1461 1108 ἀϐέϐαιος;
1490 1050 1566 1101 Μὴ
1591 1044 1754 1096 τοίνυν
1780 1059 2042 1112 παρερχο-

461 1142 585 1214 μένη
616 1143 737 1212 σκιᾷ
780 1140 956 1208 μᾶλλον
982 1137 1035 1192 δὲ
1064 1137 1275 1207 λυομένη
1307 1137 1460 1206 φθορᾷ
1486 1138 1577 1191 τὴν
1605 1136 1677 1191 εἰς
1716 1131 1929 1203 Χριστόν
1959 1130 2043 1183 τόν

465 1232 586 1284 Θεὸν
618 1227 873 1303 ὀρθόδοξον
895 1230 1034 1298 ὑμῶν
1056 1228 1228 1281 πίστιν
1248 1224 1639 1292 ἀπεμπολήσητε
1661 1260 1675 1283 ,
1701 1221 2043 1289 θαυμάζοντες

469 1322 536 1373 τά
579 1318 835 1393 πρόσωπα
873 1317 1107 1387 ὠφελείας
1143 1317 1323 1387 χάριν,
1355 1310 1527 1367 ἐπειδὴ
1567 1312 1633 1368 ὡς
1671 1306 1807 1366 ἄνθος
1849 1308 2041 1380 χόρτου

466 1407 839 1482 παρελεύσεται
858 1422 873 1437 ⁸
903 1408 1153 1462 ἀνέστειλε
1181 1408 1279 1477 γάρ
1305 1404 1330 1459 ὁ
1357 1405 1490 1463 ήλιος
1514 1405 1608 1456 σὺν
1630 1408 1701 1469 τῷ
1724 1403 1945 1453 καύσωνι
1967 1401 2047 1451 καί

465 1495 668 1571 έξήρανε
696 1501 781 1552 τὸν
812 1498 1023 1570 χόρτον,
1060 1498 1226 1550 καὶτὸ
1261 1493 1403 1553 ἄνθος
1438 1495 1597 1547 αὑτοῦ
1629 1492 1880 1554 ἐξέπεσεν,
1908 1491 1990 1542 καί
2016 1490 2045 1546 ἡ

467 1589 740 1661 εὐπρέπεια
774 1595 864 1642 τοῦ
908 1591 1191 1661 προσώπου
1233 1587 1384 1639 αὑτοῦ
1428 1582 1678 1636 ἀπώλετο.
1712 1580 1886 1637 Οὕτως
1912 1581 1993 1631 καὶ
2021 1576 2046 1632 ὁ

468 1674 711 1735 πλούσιος
740 1675 788 1727 έν
815 1682 925 1733 ταῖς
945 1676 1171 1747 πορείαις
1193 1674 1347 1725 αὑτοῦ
1368 1670 1764 1739 μαρανθήσεται,
1788 1668 1866 1719 ἶνα
1892 1671 1959 1734 μή
1986 1673 2048 1739 τῇ

2139 512 2204 546 an
2230 494 2334 548 Deo
2361 494 2589 563 (Ibid)?
2630 502 2719 546 aut
2748 495 3037 561 quaerimus
3066 494 3354 546 hominibus
3380 494 3621 561 placere?
3645 494 3706 549 Si

2140 588 2306 637 adhuc
2352 587 2636 637 hominibus
2693 586 2987 651 placerem,
3037 584 3206 651 inquit
3245 585 3431 637 beatus
3486 584 3704 651 Paulus,

2141 676 2332 729 Christi
2364 692 2535 729 servus
2576 692 2679 728 non
2720 692 2877 729 essem
2909 673 2991 745 (ΙΙ
3023 674 3159 727 Tim.
3190 678 3251 743 l).
3281 675 3431 730 Sicut
3458 690 3588 743 ergo
3616 690 3710 729 ac-

2140 767 2357 833 cepistis
2390 764 2661 819 Christum
2710 779 2739 817 a
2796 767 2995 819 sanctis
3043 765 3501 832 prardicatoribus,
3535 765 3612 819 sic
3656 764 3711 819 in

2140 870 2261 910 eum
2292 857 2514 917 credite,
2543 856 2737 909 bonum
2782 854 3081 921 depositum
3114 870 3281 923 usque
3322 855 3374 909 in
3423 857 3582 910 linem
3616 870 3715 911 cu-

2141 945 2333 998 stodite
2359 960 2450 1012 per
2475 944 2727 1011 Spiritum
2772 954 3041 1008 sanctum,
3090 947 3179 1012 qui
3213 948 3417 999 habitat
3445 947 3497 999 in
3530 948 3711 1011 vobis,

2143 1034 2391 1101 quoniam
2421 1037 2631 1089 tinuum
2680 1035 3079 1091 fundamentum
3117 1038 3205 1091 Dei
3245 1046 3371 1102 stat,
3405 1038 3607 1092 habens
3633 1039 3712 1090 si-

2142 1126 2423 1193 gnaculum
2457 1126 2555 1179 hoc
2582 1144 2595 1179 :
2622 1126 2778 1179 Novit
2808 1127 3051 1181 Dominus
3077 1129 3163 1196 qui
3185 1137 3300 1181 sunt
3331 1128 3443 1197 ejus
3462 1126 3547 1197 (II
3574 1126 3709 1179 Tim.

2146 1216 2205 1287 ιι)
2232 1234 2247 1280 ;
2279 1226 2333 1269 et
2361 1218 2597 1271 discedat
2621 1218 2689 1271 ab
2736 1219 3014 1287 iniquitate
3043 1219 3217 1272 omnis
3243 1220 3332 1285 qui
3378 1220 3588 1272 introeat
3617 1233 3716 1271 no—

2145 1322 2264 1361 men
2284 1308 2514 1362 Domini.
2544 1309 2849 1378 Propterea,
2879 1314 3091 1376 fratres,
3117 1310 3370 1377 profanas
3398 1325 3586 1363 vocum
3617 1325 3710 1363 no-

2147 1396 2336 1449 vitates
2390 1398 2673 1459 evitantes,
2723 1400 3027 1454 nullatenus
3072 1415 3165 1454 eos
3196 1401 3282 1467 qui
3310 1398 3378 1452 de
3423 1408 3564 1451 terra
3605 1399 3715 1452 cla-

2148 1498 2315 1551 mant,
2344 1496 2399 1540 et
2431 1503 2535 1541 non
2581 1503 2646 1543 ex
2692 1505 2787 1543 ore
2829 1490 3034 1544 Domini
3066 1492 3375 1558 loquuntur,
3409 1490 3713 1555 suscipiatis

2149 1576 2407 1630 adversus
2451 1577 2608 1631 (idem
2660 1590 2834 1648 typos,
2889 1590 2983 1632 aut
3029 1582 3193 1648 leges,
3243 1581 3324 1632 vel
3353 1578 3714 1644 deﬁnitiones,

2150 1674 2242 1719 aut
2289 1668 2657 1733 expositiones
2715 1669 2994 1723 haereticos
3042 1680 3421 1737 agnoscentes,
3466 1670 3715 1740 quoniam

467 1765 641 1835 ἀγάπῃ
669 1770 757 1817 τοῦ
785 1764 980 1831 κόσμου
1010 1762 1453 1836 προσπασχόντων
1480 1760 1638 1826 ἡμῶν,
1671 1757 1794 1828 ῥηθῇ
1815 1759 1897 1809 καί
1928 1756 2047 1827 περὶ

2158 1759 2269 1808 haec
2307 1756 2484 1807 omnia
2518 1756 2867 1823 requisiturus
2908 1768 2961 1811 et
2984 1758 3316 1825 judicaturus
3362 1767 3442 1812 est
3470 1760 3582 1827 ipse
3606 1759 3718 1827 glo-

469 1855 628 1921 ἡμῶν,
658 1869 677 1902 ι
706 1851 1001 1922 Ἠγάπησαν
1025 1855 1125 1922 γὰρ
1146 1857 1233 1907 τήν
1265 1848 1413 1912 δόξαν
1441 1855 1538 1901 τῶν
1560 1847 1831 1921 ἀνθρώπων
1857 1844 2043 1912 μᾶλλον

468 1943 597 2015 ὑπὲρ
614 1946 701 1999 τήν
720 1939 866 2003 δόξαν
881 1948 971 1994 τοῦ
993 1941 1145 2009 μόνου
1161 1944 1311 2004 Θεοῦ,
1349 1955 1369 1988 ε
1400 1939 1485 1990 ναί
1503 1935 1839 2003 ὑποπέσωμεν
1863 1934 2044 2000 αἰωνίῳ

468 2034 695 2105 κρίματι.
739 2031 964 2101 Φοϐερὸν,
997 2028 1217 2100 ἀδελφοί,
1246 2029 1304 2083 τὸ
1330 2028 1570 2097 ἐμπεσεῖν
1599 2028 1669 2084 εἰς
1700 2031 1889 2093 χεῖρας
1914 2028 2042 2077 Θεοῦ

469 2130 674 2189 ζῶντος,
706 2131 797 2180 τοῦ
826 2125 1224 2196 ἀποφαινομένου
1266 2124 1348 2176 καὶ
1388 2121 1631 2193 λέγοντος’
1656 2116 1746 2177 ⁸ος
1773 2117 2047 2190 ἀρνήσεταέ

467 2235 529 2284 με
558 2218 644 2269 καί
672 2217 792 2273 τούς
822 2216 973 2284 ὶμοὺς
1000 2214 1177 2283 λόγους
1199 2210 1482 2280 έξαπροσθεν
1507 2216 1605 2264 τῶν
1634 2208 1928 2283 ἀνθρώπων,
1953 2208 2045 2277 ἀρ-

472 2311 693 2375 νησομαι
722 2307 859 2376 κάγώ
892 2306 1044 2358 αὑτὸν
1074 2302 1362 2375 ἔμπροσθεν
1391 2306 1481 2356 τοῦ
1524 2300 1717 2372 Πατρός
1746 2317 1842 2369 μου
1870 2303 1961 2352 τοῦ
1995 2297 2047 2351 ἐν

472 2406 579 2457 τοῖς
600 2400 847 2471 οὐρανοῖς.
871 2393 1305 2452 ’Δποκαλύπτεται
1325 2395 1425 2466 γάρ
1448 2394 1572 2466 ὀργή
1593 2397 1717 2445 Θεοῦ
1739 2387 1825 2443 ἀπ’
1837 2390 2045 2471 ούρανοῦ

468 2489 552 2541 έπί
580 2493 752 2541 πᾶσαν
782 2487 1015 2541 ἀσέϐειαν
1041 2488 1123 2538 καί
1152 2483 1347 2539 ἀδικίαν
1371 2485 1662 2554 ἀνθρώπων,
1690 2488 1789 2534 τῶν
1814 2486 1904 2538 τήν
1927 2480 2049 2538 ἀλή-

471 2579 605 2630 θειαν
624 2578 674 2631 έν
699 2575 856 2648 ἀδίκῳ
887 2577 1253 2647 πολεμούντων,
1274 2574 1303 2632 ἦ
1326 2571 1659 2648 προῗιδὸντων
1681 2573 1894 2645 αἱρέσει.
1917 2572 2049 2625 Διότι

468 2670 527 2724 τὸ
554 2669 777 2741 γνωστὸν
805 2674 895 2722 τοῦ
923 2674 1079 2723 Θεοῦ.
1112 2666 1323 2740 φανερὸν
1368 2667 1564 2737 γέγονεν
1607 2666 1800 2723 αὐτοῖς.
1840 2661 1898 2717 ’0
1925 2664 2050 2723 Θεὸς

470 2762 570 2832 γὰρ
598 2761 763 2819 αὐτοῖς
791 2761 1063 2835 ἐφανέρωσε
1104 2756 1188 2812 δια
1210 2777 1264 2811 τε
1294 2763 1393 2812 τῶν
1421 2756 1573 2826 ἁγίων
1604 2754 1899 2809 ἀποστόλων
1919 2792 1934 2817 ,
1965 2756 2051 2807 καί

470 2857 765 2923 προφητῶν,
793 2853 879 2904 καί
906 2848 1217 2903 διδασκάλων
1235 2888 1249 2911 ,
1284 2850 1370 2901 καί
1393 2854 1491 2899 τῶν
1516 2848 1867 2917 οἰκουμενικῶν
1895 2846 2045 2899 πέντε

474 2936 717 2999 συνόδων,
743 2934 809 2990 ὧν
832 2939 898 2992 τά
924 2935 1151 3006 δόγματα
1184 2936 1330 3007 νόμος
1352 2943 1443 2995 τῆς
1467 2935 1723 2993 καθολικῆς
1743 2932 2047 2993 Ἐκκλησίας

474 3024 801 3101 ὑπάρχουσι.
853 3028 941 3082 καί
993 3025 1130 3096 ὅμως
1171 3024 1363 3081 τούτων
1414 3025 1683 3089 ἀπάντων,
1721 3029 1811 3083 τὴν
1866 3026 2051 3078 οἰκείαν

2147 1844 2243 1896 rite
2297 1843 2575 1911 Dominus,
2632 1855 2687 1901 et
2727 1847 2847 1917 quia
2906 1849 3085 1902 nullus
3136 1848 3439 1911 hominum,
3491 1864 3716 1917 quorum

2145 1934 2281 1987 sicut
2312 1934 2492 1989 fenum
2521 1935 2637 1991 dies
2673 1938 2912 2002 illorum,
2964 1953 3061 2006 pro
3099 1939 3252 1992 nobis
3284 1938 3572 1992 cruciﬁxus
3610 1949 3714 2002 est,

2147 2040 2320 2092 neque
2345 2026 2398 2079 in
2429 2029 2642 2082 nomine
2676 2029 2987 2099 cujusquam
3018 2046 3202 2085 eorum
3239 2031 3482 2099 haptizati
3511 2044 3719 2095 sumus,

2147 2114 2240 2169 sed
2270 2114 2323 2171 in
2371 2127 2598 2172 mortem
2626 2117 2825 2173 Christi
2860 2120 2953 2174 Dei
2996 2136 3091 2189 per
3121 2123 3385 2175 lavacrum
3431 2135 3724 2188 regenera-

2149 2205 2308 2261 tionis
2338 2208 2576 2262 renowti
2621 2209 3010 2278 dignoscimur,
3050 2212 3138 2280 qui
3185 2211 3469 2265 cruciﬁxus
3515 2220 3596 2265 est
3626 2226 3725 2279 pro

2148 2296 2305 2351 nobis
2333 2299 2433 2352 sub
2460 2299 2650 2353 Pontio
2678 2300 2848 2355 Pilato
2873 2319 2886 2355 :
2920 2304 3152 2355 maxime
3178 2302 3514 2370 apertissime
3543 2303 3725 2356 θοιιεί-

2151 2386 2405 2444 derautes
2444 2392 2698 2458 quoniam
2738 2402 2793 2448 et
2825 2408 2917 2459 per
2946 2408 3006 2448 se
3052 2408 3143 2447 sua
3172 2394 3414 2462 dogmata
3444 2394 3728 2449 destruunt

2148 2481 2425 2535 contrarii.
2456 2482 2592 2537 Dicit
2636 2485 2780 2539 enim
2816 2485 3106 2539 Dominus:
3138 2485 3298 2544 Omne
3326 2502 3538 2555 regnum
3576 2487 3628 2539 in
3670 2501 3731 2539 se

2149 2571 2367 2625 diuisum
2396 2588 2499 2625 non
2526 2574 2675 2626 stabit
2700 2574 2919 2643 (Matth.
2954 2580 3075 2645 xu),
3122 2586 3176 2630 et
3220 2576 3393 2629 omnis
3434 2576 3724 2642 sententia,

2150 2661 2261 2727 les,
2284 2663 2566 2719 adversum
2594 2678 2653 2719 se
2683 2666 2873 2734 divisa,
2927 2682 3032 2720 non
3063 2667 3253 2731 stabit;
3283 2678 3334 2720 et
3359 2666 3403 2719 si
3438 2675 3593 2736 typus
3633 2666 3732 2721 de-

2151 2752 2314 2805 struit
2350 2755 2633 2820 ectltesim,
2666 2756 2760 2809 sed
2800 2766 2853 2809 et
2876 2756 3110 2809 ecthesis
3134 2756 3357 2809 destruit
3389 2766 3569 2825 typum
3596 2773 3610 2820 ;
3638 2755 3729 2809 illa

2154 2841 2369 2909 quidem
2417 2842 2603 2897 dicens
2657 2860 2815 2897 unam
2847 2846 3065 2911 habere,
3138 2846 3226 2900 hic
3263 2856 3438 2900 autem
3478 2861 3732 2901 asserens

2152 2947 2255 2987 non
2288 2947 2448 2988 unam
2483 2936 2680 2991 habere
2722 2936 3003 2991 Dominum
3037 2948 3275 2991 nostrum
3314 2938 3641 2993 voluntatem
3673 2948 3734 2992 et

2153 3026 2522 3094 operationem
2557 3045 2569 3079 :
2602 3042 2731 3098 ergo
2761 3028 2813 3081 in
2861 3044 2919 3082 se
2959 3028 3188 3081 divisum
3219 3037 3302 3082 est
3342 3037 3639 3098 utrumque,
3672 3037 3734 3083 et

474 3119 770 3193 προέκριναν
789 3118 1126 3185 καινοτομίαν.
1154 3115 1335 3177 Μηδεὶς
1357 3111 1443 3170 οὖν
1462 3120 1595 3185 ὑμᾶς
1616 3116 1917 3179 ἐξαπατάτω
1938 3136 2049 3169 και·

2165 3118 2434 3186 quomodo
2460 3119 2622 3173 stabit
2653 3118 3079 3172 adversariorum
3120 3118 3361 3182 haaresis,
3393 3121 3556 3187 magis
3584 3134 3613 3171 a
3644 3133 3736 3173 se-

473 3213 576 3266 νοῖς
598 3206 782 3276 λόγοις.
810 3208 901 3260 Διά
926 3212 1091 3260 ταῦτα
1116 3208 1217 3277 γάρ
1245 3204 1458 3279 ἔρχεται
1488 3206 1518 3263 ἠ
1549 3207 1671 3278 ὀργή
1698 3210 1787 3260 τοῦ
1812 3211 1941 3260 Θεοῦ
1970 3204 2053 3259 έπί

473 3299 596 3355 τοὺς
641 3298 781 3355 υἱούς
810 3304 901 3355 τῆς
944 3298 1219 3355 ἀπειθείας*
1251 3302 1319 3366 μή
1362 3291 1447 3350 οὖν
1482 3300 1673 3369 γίνεσθε
1724 3300 2051 3369 συμμέτοχοι

476 3394 575 3441 τῶν
606 3384 870 3457 δογμάτων
900 3388 1081 3449 αὑτῶν,
1113 3391 1234 3456 μήτε
1262 3394 1538 3442 κοινωνεῖτε
1568 3396 1674 3447 τοῖς
1703 3388 1861 3459 λόγοις
1889 3391 2054 3443 αὑτῶν

476 3483 585 3534 τοῖς
626 3478 891 3549 ἀνάρποις.
937 3477 1137 3529 Mille»
1167 3474 1221 3530 δέ
1251 3480 1332 3531 καί
1358 3477 1615 3547 έλέγχετε,
1642 3476 1815 3537 ἐπειδὴ
1844 3478 2055 3539 σύνοδος

478 3567 785 3620 ἀθετοὺντων
811 3566 913 3620 είσί
931 3605 945 3629 ,
971 3569 1053 3621 καὶ
1085 3566 1324 3621 ἐνέτειναν
1351 3573 1437 3625 την
1460 3572 1696 3639 γλῶσσαν
1724 3570 1891 3624 αὐτῶν
1934 3572 2056 3623 ὡσεί

478 3653 652 3720 τόξον,
684 3651 867 3723 ψεῦδος
897 3658 981 3708 καὶ
1020 3657 1078 3709 οὑ
1104 3659 1277 3716 πίστις
1319 3658 1596 3727 ἐνίσχυσεν
1634 3660 1705 3717 είς
1739 3660 1940 3720 αὑτούς,
1975 3656 2058 3713 ὅτι

480 3744 532 3798 έκ
561 3751 718 3799 κακῶν
746 3749 820 3805 εἰς
844 3748 974 3799 κακά
1002 3746 1291 3811 έξήλθοσαν,
1311 3750 1396 3800 καί
1422 3749 1508 3819 έμέ
1537 3749 1621 3801 οὑκ
1651 3746 1903 3819 ἔγνωσαν,
1936 3750 2058 3819 φησί

480 3835 676 3910 κύριος.
720 3834 969 3893 ’Λλήθειαν
1014 3838 1115 3909 γάρ
1164 3837 1223 3890 οὑ
1265 3841 1335 3905 μὴ
1380 3838 1676 3900 λαλήσωσι,
1715 3839 1994 3909 μεμάθηκεν
2026 3841 2057 3897 ἦ

479 3924 690 3995 γλῶσσα
718 3926 882 3980 αὐτῶν
909 3925 1076 3979 λαλεῖν
1120 3924 1304 3996 ψευδῆ,
1335 3926 1614 3991 ἠσέϐησαν,
1644 3929 1727 3982 καί
1754 3929 1812 3981 οὑ
1838 3926 2057 3983 διέλιπον

481 4018 569 4067 τοῦ
611 4013 939 4088 έπιστρέψαι,
966 4017 1051 4068 καί
1094 4017 1180 4069 οὑκ
1215 4017 1457 4075 ἠθέλησαν
1491 4023 1582 4071 τοῦ
1608 4016 1785 4072 εἰδέναι
1824 4020 2058 4091 με,λέγει

483 4104 679 4175 κύριος.
719 4113 868 4163 Στῆτε
896 4100 979 4158 οὗν
1005 4106 1170 4173 ὑμεῖς,
1199 4108 1484 4178 ἀγαπητοί,
1517 4108 1600 4163 ἐπὶ
1637 4116 1749 4168 ταῖς
1791 4107 1945 4173 ὁδοῖς,
1976 4114 2061 4163 καί

481 4190 610 4249 ἴδετε
647 4198 728 4248 καὶ
766 4196 1057 4269 ἐρωτήσατε
1097 4197 1308 4270 τρίϐους
1338 4200 1515 4270 κυρίου
1543 4203 1749 4261 αἱωνίας
1773 4241 1787 4263 ,
1816 4203 1902 4253 καί
1931 4200 2061 4256 ἴδετε

485 4284 607 4334 ποία
634 4283 769 4335 έστίν
794 4284 823 4339 ἦ
846 4281 958 4341 ὁδὸς
993 4284 1022 4340 ἦ
1058 4285 1217 4354 ἀγαθή
1245 4292 1342 4339 τῶν
1368 4286 1522 4356 ἀγίων
1547 4295 1772 4360 Πατρῶν,
1797 4292 1881 4343 καί
1910 4288 2059 4359 βαδί-

486 4391 611 4425 σατε
636 4370 685 4425 έν
712 4374 862 4446 αὑτῇο
894 4378 979 4427 καί
1005 4375 1247 4448 εὑρήσετε
1270 4378 1505 4449 ἁγνισμὸν
1526 4386 1638 4438 ταῖς
1668 4379 1864 4449 ψυχαῖς
1895 4381 2055 4445 ὑμῶν,

2157 3208 2380 3276 metipsa
2410 3208 2638 3263 invalida
2678 3219 2731 3262 et
2783 3209 2957 3262 inanis
2996 3211 3250 3272 existens,
3284 3222 3442 3277 quam
3491 3223 3519 3260 a
3572 3208 3735 3263 nobis

2160 3299 2475 3352 destructa?
2514 3299 2652 3367 Ergo
2699 3298 2845 3352 nullo
2897 3298 3056 3351 modo
3101 3312 3193 3365 per
3222 3298 3578 3351 transitoriam
3614 3313 3737 3350 um-

2157 3385 2331 3453 bram,
2357 3388 2530 3455 pntius
2565 3398 2741 3441 autem
2780 3388 3132 3455 corruptelam
3164 3387 3497 3453 dissolutam,
3526 3386 3729 3441 Christi

2159 3477 2254 3531 Dei
2282 3489 2513 3532 vestram
2561 3478 2917 3532 orthodoxam
2951 3479 3105 3532 ﬁdem
3150 3478 3425 3543 amittatis,
3473 3478 3733 3532 mirantes

2158 3579 2418 3633 personas
2467 3576 2703 3633 quastus
2746 3582 2943 3633 causa,
2994 3569 3242 3636 quoniam
3300 3568 3436 3620 sicut
3475 3566 3576 3620 ﬂos
3625 3566 3739 3621 feni

2158 3659 2397 3711 transiet.
2430 3654 2660 3710 Exortus
2692 3668 2763 3710 est
2784 3659 2915 3711 enim
2956 3660 3035 3711 sol
3062 3674 3179 3711 cum
3208 3660 3415 3719 ardore,
3448 3671 3494 3711 et
3525 3661 3744 3727 are/(cit

2157 3745 2354 3813 fenum,
2381 3756 2427 3800 et
2456 3749 2556 3815 [los
2594 3752 2704 3818 ejus
2732 3748 2943 3812 decidit,
2976 3759 3021 3802 et
3063 3751 3214 3802 decor
3240 3750 3405 3802 vultus
3436 3746 3544 3820 ejus
3570 3753 3735 3817 depe-

2157 3835 2242 3886 riit
2273 3851 2291 3887 :
2314 3837 2384 3887 ita
2414 3845 2461 3889 et
2501 3837 2637 3890 dives
2666 3837 2717 3889 in
2746 3838 3006 3892 itineribus
3052 3842 3158 3893 suis
3186 3842 3450 3894 marcescit
3482 3839 3622 3911 (Jac.
3656 3841 3740 3910 I);

2160 3933 2213 3976 ut
2264 3939 2330 3979 ne
2375 3938 2471 3993 pro
2519 3926 2803 3980 dilectione
2846 3929 3023 3982 mundi
3072 3931 3520 3997 compatientihus
3568 3933 3731 3988 nobis

2159 4013 2361 4067 dicatur
2399 4014 2555 4068 etiam
2611 4016 2679 4070 de
2729 4018 2882 4071 nobis
2914 4034 2928 4070 :
2963 4017 3260 4073 Dilexerunt
3299 4022 3517 4091 gloriam
3561 4023 3735 4075 homi-

2160 4118 2281 4154 num
2312 4104 2472 4171 magis
2515 4119 2667 4171 quam
2716 4105 2935 4174 gloriam
2978 4110 3137 4161 solius
3169 4108 3264 4162 Dei
3293 4108 3477 4177 (Jean.
3502 4110 3635 4179 xu);
3682 4121 3739 4167 et

2160 4194 2531 4265 subiaceamus
2553 4207 2753 4251 aeterno
2772 4182 3005 4266 judicio:
3035 4199 3371 4253 Horrendum
3394 4212 3484 4264 est,
3516 4202 3732 4269 fratres,

2158 4284 2382 4338 incidere
2424 4286 2477 4338 in
2526 4303 2707 4340 manus
2740 4285 2835 4340 Dei
2872 4290 3087 4343 viventis
3131 4289 3286 4361 (ileb.
3317 4290 3391 4359 x),
3428 4293 3517 4359 qui
3561 4301 3741 4359 prote-

2162 4384 2352 4439 statur,
2383 4376 2569 4431 dicens
2599 4393 2613 4429 :
2643 4379 2939 4446 Quicunque
2977 4396 3056 4433 me
3081 4381 3334 4450 negaverit
3364 4390 3408 4433 et
3446 4383 3594 4434 t'erba
3623 4396 3739 4433 mea

486 4462 589 4515 ἀλλ’
612 4464 654 4516 εί
680 4466 763 4516 καί
790 4466 1029 4534 πάσχετε
1061 4464 1143 4519 διά
1181 4471 1419 4541 Χριστὶν,
1449 4471 1685 4542 μακάριοί
1713 4473 1847 4525 έστε.
1878 4474 1976 4526 Τὸν
2003 4471 2052 4527 δὲ

2164 4480 2336 4519 coram
2362 4464 2670 4530 hominibus,
2694 4468 2889 4536 negabo
2918 4478 2965 4521 et
2995 4483 3087 4537 ego
3107 4483 3221 4521 eum
3248 4484 3419 4521 coram
3450 4466 3603 4522 Patre
3629 4487 3740 4523 meo

490 4552 640 4623 φόϐον
686 4554 847 4607 αὑτῶν
873 4560 940 4623 μή
962 4556 1231 4623 φοϐηθῆτε,
1258 4558 1384 4627 μηδέ
1435 4560 1753 4628 ταραχθῆτε.
1786 4562 1967 4635 Κύριον
2006 4560 2060 4616 δὲ

490 4642 574 4695 τὸν
600 4641 721 4694 Θεὸν
748 4640 989 4712 ἀγιάτατε
1019 4649 1067 4696 έν
1090 4652 1203 4704 ταῖς
1231 4644 1457 4718 καρδίαις
1498 4648 1661 4716 ὑμῶν.
1705 4648 1868 4703 Αὐτοῦ
1896 4651 2062 4721 λέγον·

495 4752 604 4795 τος,
628 4730 969 4788 έπακούσατε·
999 4739 1074 4792 Μή
1102 4736 1343 4806 φοϐηθῆτε
1369 4736 1467 4789 ἀπὸ
1481 4744 1578 4791 τῶν
1603 4738 1987 4793 ἀποκτεινόντων
2008 4739 2063 4793 τὸ

493 4832 664 4895 σῶμα,
689 4830 778 4883 τὴν
799 4823 854 4879 δέ
880 4825 1059 4896 ψυχήν
1083 4831 1152 4896 μή
1178 4825 1461 4895 δυναμένων
1479 4830 1799 4884 ἀποκτεῖναι·
1824 4831 2063 4901 φοϐηθῆτε

494 4914 678 4985 μᾶλλον
724 4916 806 4969 τὸν
845 4913 1114 4985 δυνάμενον
1155 4921 1238 4972 καί
1282 4918 1462 4988 ψυχήν
1507 4922 1589 4975 καί
1635 4926 1786 4989 σῶμα
1822 4922 1870 4973 έν
1897 4924 2066 4992 γεέννῃ

494 5010 762 5063 ἀπολέσαι.
808 5012 948 5079 Ουχί
990 5008 1079 5063 δύο
1122 5014 1361 5085 στρουθία
1400 5014 1656 5088 ἀσσαρίου
1682 5012 1954 5073 πωλεῖταις
1987 5016 2068 5068 καί

494 5096 544 5152 ἓν
570 5096 619 5161 έξ
646 5100 810 5153 αὑτῶν
844 5101 901 5152 οὑ
933 5107 1163 5154 πεσεῖται
1207 5102 1290 5153 ἐπὶ
1328 5106 1417 5159 τὴν
1459 5108 1550 5173 γῆν
1592 5098 1710 5154 ἄνευ
1745 5107 1836 5155 τοῦ
1878 5106 2070 5173 Πατρός

499 5194 667 5260 ὑμῶν;
698 5190 838 5259 ὑμῶν
865 5187 918 5243 δέ
942 5192 1023 5243 καί
1042 5191 1091 5244 αί
1114 5192 1296 5263 τρίχες
1322 5200 1412 5251 τῆς
1440 5193 1646 5263 κεφαλῆς
1674 5197 1840 5246 πᾶσαι
1860 5194 2070 5267 ἠριθμη-

498 5280 639 5348 μέναι
669 5282 787 5333 εἰσί·
830 5286 898 5348 μὴ
932 5275 1023 5334 οὖν
1062 5281 1303 5351 φοϐηθῆτε
1347 5284 1553 5343 αὐτούς,
1581 5281 1771 5334 πολλῶν
1797 5282 2073 5353 στρουθίων

497 5368 751 5443 διαφέρετε
779 5373 945 5441 ὑμεῖς.
975 5370 1356 5439 ’Δναλοσιίσασθε
1384 5375 1479 5446 γάρ
1501 5413 1517 5437 ,
1548 5372 1765 5437 ἀδελφοί,
1794 5374 1877 5425 τὸν
1902 5374 2072 5425 τοιαύο

501 5481 591 5517 την
612 5462 1021 5531 ὑπομεμενηκότα
1048 5464 1149 5516 ὑπὸ
1171 5470 1268 5519 τῶν
1294 5462 1606 5537 ἁμαρτωλῶν
1631 5470 1701 5521 είς
1727 5464 1905 5516 έαυτόν
1932 5464 2045 5514 ἀντι

505 5550 669 5621 λογίαν
689 5591 703 5613 ,
735 5554 813 5605 ἵνα
841 5558 911 5621 μή
937 5554 1171 5611 ἐκκακῆτε
1212 5562 1327 5613 ταῖς
1356 5553 1563 5622 ψυχαῖς
1602 5554 1741 5623 ὑμῶν
1770 5553 2071 5620 ἐκλυόμενοι*

505 5638 649 5693 οὔπω
678 5644 863 5713 μέχρις
892 5643 1103 5711 αἵματος
1129 5647 1513 5699 ἀντικατέστητε
1549 5648 1675 5717 πρός
1706 5650 1793 5701 τὴν
1828 5644 2077 5721 ἁμαρτίαν

2164 4560 2250 4625 qui
2278 4558 2330 4609 in
2359 4558 2496 4611 acetis
2518 4568 2590 4611 est
2618 4557 2732 4626 (Ma
2755 4560 2828 4611 tIt.
2862 4559 2941 4627 x).
2973 4558 3246 4613 Revetatur
3272 4561 3407 4613 enim
3442 4561 3521 4612 ira
3551 4560 3645 4614 Dei
3675 4563 3742 4615 de

2164 4647 2287 4699 εωιο
2313 4664 2464 4715 super
2487 4664 2683 4701 omnem
2709 4651 3012 4718 impietatem
3054 4661 3097 4703 et
3118 4651 3419 4718 injustitiam
3450 4650 3738 4717 hominum,

2165 4736 2252 4804 qui
2281 4737 2537 4789 veritatem
2583 4752 2677 4804 per
2720 4739 2958 4792 illicitam
3010 4739 3253 4793 haeresim
3298 4750 3603 4808 expugnant
3650 4751 3745 4794 aut

2167 4824 2450 4895 denegauit,
2481 4828 2601 4893 quia
2630 4829 2767 4895 quod
2798 4838 2974 4881 notum
3018 4839 3089 4882 est
3122 4830 3237 4894 Dei,
3293 4830 3615 4898 manifestum
3664 4831 3747 4899 fu-

2169 4924 2304 4969 ctum
2335 4931 2404 4971 est
2434 4918 2487 4971 in
2513 4918 2639 4971 illis.
2665 4917 2801 4971 Deus
2826 4920 2961 4972 enim
2990 4921 3093 4973 illis
3126 4921 3465 4987 manifestavit
3497 4921 3672 4989 (liam.
3703 4920 3746 4990 I)

2173 5024 2266 5077 per
2290 5020 2504 5065 sanctos
2546 5012 2834 5080 apostolos,
2876 5022 2930 5065 et
2962 5011 3265 5080 prophetas,
3298 5020 3351 5066 et
3380 5013 3648 5077 doctores,
3690 5022 3752 5067 et

2177 5100 2507 5153 universales
2552 5102 2786 5170 quinque
2831 5102 3083 5172 synodos,
3117 5116 3342 5167 quorum
3383 5102 3627 5169 dogmata
3660 5104 3748 5156 lex

2172 5190 2448 5242 catholica:
2480 5190 2729 5244 Ecclesiae
2770 5192 3033 5247 existunt:
3064 5201 3118 5245 et
3164 5202 3337 5245 tamen
3385 5191 3467 5245 his
3498 5191 3750 5246 omnibus

2175 5283 2439 5350 propriam
2489 5284 2775 5337 novitatem
2827 5293 3271 5350 praeposuerunt:
3303 5281 3467 5335 Nemo
3503 5298 3623 5352 ergo
3662 5298 3755 5338 vos

2174 5374 2381 5426 seducat
2421 5375 2658 5428 inanibus
2704 5376 2865 5428 verbis
2904 5374 3119 5444 (Ephes.
3156 5376 3231 5442 ν).
3285 5375 3566 5441 Propterea
3604 5375 3755 5429 enim

2175 5466 2317 5519 venit
2356 5465 2431 5520 ira
2462 5466 2549 5520 Dei
2580 5481 2743 5534 super
2775 5467 2911 5519 lilios
2954 5466 3284 5519 dillidentite.
3319 5465 3487 5520 Nolite
3520 5480 3648 5533 ergo
3672 5465 3759 5519 ef-

2180 5555 2259 5607 lici
2289 5556 2697 5624 comparticipes
2731 5556 3037 5624 dogmatum
3070 5571 3275 5617 eortun,
3310 5570 3475 5623 neque
3504 5568 3758 5608 commu-

2181 5649 2368 5701 uieetis
2396 5648 2738 5703 inlructuosis
2771 5650 2943 5702 verbis
2988 5649 3196 5702 illorum
3226 5667 3236 5699 :
3267 5648 3431 5717 magis
3469 5655 3651 5703 autem
3701 5655 3766 5704 et

575 5765 597 5791 α
628 5758 781 5813 D.cst
802 5760 1032 5830 aliquid;
1068 5760 1343 5830 legendum
1382 5780 1393 5813 :
1423 5766 1499 5817 καὶ
1528 5765 1570 5816 εί
1600 5763 1625 5815 o'
1655 5764 1815 5821 τύπος
1838 5761 2052 5817 ἕκξάλλει

2157 5784 2180 5814 ν
2212 5759 2435 5829 ἕκδεσιν,
2460 5764 2543 5815 καί
2574 5762 2603 5818 ἡ
2624 5758 2817 5821 ἴκδεσις
2844 5763 2928 5817 τὸν
2953 5762 3135 5817 τύπον.
3170 5759 3321 5814 Εωτ.
