4018 6184
292 287 402 343 I33

1552 284 1929 343 EPISTOLE.
1955 316 2027 331 -—
2056 283 2277 342 EPIST.
2318 282 2359 335 Ι.

3456 286 3559 341 134

285 401 624 471 κάει-ευίιρ,
654 398 912 467 quoniam
940 402 1114 451 cretus
1139 393 1600 460 praevttricatorum
1638 406 1785 463 sunt,
1828 406 1882 450 et

1997 397 2336 469 Ξιγωνιζόμενοι
2359 407 2375 425 ’
2406 395 2723 467 πεπείσμεθα
2763 392 2815 449 δὲ
2860 398 2980 466 περί
3004 397 3167 465 ὑμῶν,
3195 397 3468 468 ἀγαπητοί,
3497 407 3560 457 τά

282 492 655 549 extenderunt
694 490 925 557 linguam
973 501 1127 541 suam
1173 485 1321 555 quasi
1366 500 1549 538 arcum
1591 486 1873 550 mendacii.

284 599 343 640 et
369 600 478 639 non
514 582 773 637 veritatis.
812 579 1149 648 Completum
1176 588 1258 633 est
1287 578 1339 631 in
1370 578 1469 641 eis,
1500 579 1620 643 quia
1649 579 1712 630 ile
1739 578 1878 630 malo

286 677 361 727 ad
404 677 595 728 malum
621 672 811 743 egressi
860 680 998 733 sunt.
1032 680 1079 723 et
1120 685 1199 722 me
1229 685 1330 722 non
1369 677 1730 739 cognoverunt,
1760 666 1884 719 dicit

294 766 571 819 Dominus.
631 761 908 816 Veritatem
949 760 1084 814 enim
1132 775 1236 812 non
1269 760 1565 828 loquentur,
1603 757 1885 810 docuerunt

288 867 461 909 autem
493 856 725 923 linguam
753 869 900 906 suam
926 851 1066 921 loqui
1106 849 1466 912 mendacium;
1497 859 1554 901 ut
1581 849 1736 917 impie
1762 862 1884 918 age-

286 960 424 1012 rent,
461 949 843 1006 laboraverunt.
872 954 919 997 et
948 952 1224 998 rennerunt
1261 943 1389 994 scire
1417 958 1518 1006 me,
1553 941 1677 993 dicit
1703 937 1886 993 Domi-

288 1055 390 1090 nus
418 1036 639 1103 (Jerem.
671 1033 771 1104 Ix).
816 1033 963 1088 State
1003 1046 1131 1100 ergo
1161 1046 1278 1097 vos,
1329 1029 1686 1093 dilectissimi,
1735 1044 1886 1094 super

286 1125 424 1189 uias,
467 1134 513 1177 et
541 1125 706 1176 videte
732 1131 780 1175 et
821 1123 1130 1190 interrogate
1175 1120 1239 1172 de
1285 1119 1477 1172 semitis
1511 1118 1713 1171 Domini
1745 1119 1885 1170 unti-

286 1218 432 1285 quis,
467 1225 521 1267 et
552 1214 739 1267 videte
767 1227 881 1282 qua:
908 1221 980 1265 est
1027 1212 1111 1263 via
1141 1210 1273 1263 bona
1304 1219 1611 1265 sanctorum
1644 1208 1883 1272 Patrum,

288 1315 340 1359 et
360 1303 629 1356 ambulate
666 1304 719 1355 in
748 1318 830 1365 ea,
864 1310 911 1354 et
943 1300 1209 1353 invenietis
1246 1300 1469 1368 requiem
1504 1298 1774 1351 animabus
1798 1313 1883 1351 ve-

286 1396 413 1447 stris
440 1391 661 1461 (Jerem.
691 1391 788 1457 vI).
821 1389 926 1444 Sed
954 1399 1000 1443 et
1026 1387 1070 1441 si
1091 1367 1326 1457 patimini
1354 1396 1566 1454 propter
1597 1367 1882 1450 Christum,

289 1485 429 1537 beati
459 1482 641 1545 eritis;
685 1490 873 1533 metum
900 1488 1071 1531 autem
1102 1492 1275 1530 eorum
1310 1492 1372 1530 ne
1400 1476 1696 1541 timueritis,
1729 1491 1888 1543 neque

289 1569 694 1624 conturbemini.
739 1567 1016 1642 Dominum
1062 1572 1235 1617 autem
1283 1562 1446 1617 Deum
1477 1565 1793 1632 sancti/ic-tte
1834 1565 1887 1616 in

288 1660 541 1715 cordibus
584 1659 762 1714 vestris
808 1654 859 1726 (ι
909 1655 1051 1708 Petr.
1096 1654 1204 1724 ιιι),
1268 1654 1384 1722 ipso
1432 1653 1643 1708 dicente
1670 1668 1682 1706 :
1712 1653 1888 1706 Nolite

290 1754 477 1805 timere
504 1766 589 1805 eos
634 1748 726 1819 qui
767 1762 952 1817 corpus
997 1746 1259 1812 occidunt,
1303 1735 1528 1796 animam
1575 1755 1747 1797 autem
1784 1758 1886 1796 non

1986 489 2258 556 κρείσσονα
2285 488 2368 538 καί
2396 484 2619 554 ἐχόμενα
2639 488 2913 559 σωτηρίας,
2938 484 3016 540 ὅτι
3044 486 3158 541 οὔτε
3186 490 3414 553 θάνατος,
3440 491 3559 547 οῦτε

1986 581 2118 641 ζωὴ,
2149 575 2263 630 ο”τε
2308 573 2542 646 ἄγγελοι,
2575 573 2692 630 οῦτε
2739 577 2927 648 ἀρχαί.
2968 576 3083 632 οὔτε
3126 581 3395 640 ἐνεστῶτα,
3440 580 3558 636 οὔτε

1985 667 2240 736 μέλλοντα,
2268 664 2382 720 οὔτε
2410 664 2667 735 δυνάμεις,
2701 664 2817 721 οὔτε
2848 668 3055 737 ὕψωμα,
3098 667 3213 724 οὔτε
3245 673 3417 739 βάθος,
3441 670 3559 728 οῦτε

1985 777 2063 814 τις
2086 757 2249 814 κτίσις
2286 756 2431 829 ἑτέρα
2459 753 2731 812 δυνήσεται
2756 756 2891 824 ὑμᾶς
2922 760 3147 831 χωρίσαι
3169 760 3270 812 ἀπὸ
3297 769 3389 820 τῆς
3425 761 3560 834 ἀγοί·
3629 746 3643 757 .

1985 865 2087 904 πης
2115 851 2205 897 τοῦ
2233 846 2412 917 κυρίου
2442 847 2584 915 ἡμῶν
2610 844 2777 901 Ἰησοῦ
2805 852 3048 913 Χριστοῦ,
3080 850 3164 899 καί
3189 857 3279 908 τῆς
3307 853 3376 909 είς
3417 854 3565 906 αὐτόν

1988 935 2248 1011 ὁρθοδόξου
2302 939 2539 996 πίστεως.
2590 942 2665 995 Μή
2710 932 2797 991 οὖν
2825 939 3139 995 ἀποϐαλλητε
3176 946 3265 999 τήν
3301 942 3566 1012 όμο).ογάν

1986 1026 2126 1095 ὑμῶν
2143 1067 2157 1084 ,
2190 1029 2301 1086 ἥτις
2332 1024 2454 1096 ἔχει
2480 1026 2698 1099 μεγᾶλην
2726 1028 3159 1097 μισθαποδοσίαν·
3183 1033 3437 1101 ὑπομονῆς
3463 1038 3562 1107 γὰρ

1988 1113 2179 1184 ἔχομεν
2220 1118 2359 1186 χρεί.
2378 1138 2425 1177 ν,
2451 1118 2581 1189 πρὸς
2609 1116 2702 1175 τὰς
2746 1118 3039 1191 προσϐολὰς
3075 1126 3172 1173 τῶν
3202 1120 3452 1185 ἐναντίων,
3482 1125 3567 1177 ἵνα

1986 1211 2078 1262 τήν
2121 1208 2292 1260 πίστιν
2320 1206 2385 1258 ab:
2415 1208 2564 1281 ραίαν
2603 1208 2766 1279 μέχρι
2796 1208 2970 1268 τέλους
3007 1229 3345 1282 τηρησαντες,
3373 1212 3568 1267 ἁπολά-

1990 1296 2155 1366 ϐωμεν
2194 1300 2287 1356 τὰς
2328 1298 2627 1369 ἐπαγγελίας
2651 1334 2664 1359 ,
2713 1298 2774 1358 ἃς
2822 1299 3150 1369 ἐπηγγείλατο
3193 1308 3300 1360 τοῖς
3346 1305 3569 1372 νομίμως

1987 1390 2225 1443 ἀθλοῦσιν
2262 1389 2288 1442 ό
2313 1391 2525 1461 Κύριος.
2567 1387 2683 1444 "Eri.
2719 1394 2819 1465 γὰρ
2861 1394 3035 1465 μικρὸν
3074 1390 3211 1459 ὅσον,
3241 1393 3264 1446 ό
3292 1394 3571 1469 ἐρχόμενος
3646 1382 3651 1385 ι

1988 1481 2111 1543 ἥξει,
2143 1484 2227 1534 καί
2252 1483 2309 1533 οὺ
2338 1487 2557 1557 χρονιεῖ.
2588 1479 2712 1534 Ἰδοὺ
2744 1483 2840 1557 γὰρ
2872 1481 2897 1536 ὁ
2932 1489 3102 1559 κριτὴς
3139 1487 3239 1558 πρὸ
3266 1492 3362 1538 τῶν
3402 1488 3565 1561 θυρῶν

1988 1571 2169 1627 ἕστηκε
2219 1573 2338 1629 τοὺς
2373 1576 2649 1641 στεφάνους
2698 1571 2882 1642 ἱλαρῶς
2924 1574 3335 1648 προτεινόμενος,
3363 1583 3470 1635 τοῖς
3503 1574 3571 1631 δι’

1989 1662 2141 1714 αὐτόν
2178 1660 2533 1730 ὐποίιένο·.σιν.
2578 1658 2699 1714 ’ἁλλ’
2722 1662 2808 1713 ἐὰν
2839 1661 3204 1718 ὑποστειληταί
3246 1684 3348 1726 τις,
3383 1668 3570 1733 φησίν,

1989 1751 2076 1802 οὐκ
2100 1748 2294 1803 εὐδοκεῖ
2321 1752 2350 1807 η
2381 1749 2533 1819 (buxo
2552 1770 2649 1821 μου
2672 1751 2720 1802 ἐν
2750 1751 2909 1821 αὐτῷ,
2935 1752 3166 1805 ἐκπίπτει
3186 1753 3281 1827 γὰρ
3301 1760 3390 1812 τῆς
3415 1756 3574 1825 ἔπαγ-

291 1853 514 1913 ροεεειηι
566 1841 828 1905 occidere;
873 1838 961 1893 sed
1001 1838 1173 1908 potius
1213 1853 1324 1890 eum
1370 1836 1541 1889 timete
1552 1837 1678 1917 ’qui
1724 1845 1885 1905 potest

1997 1838 2221 1910 γελίας,ό
2244 1844 2332 1897 τὴν
2361 1841 2429 1899 εἰς
2452 1840 2599 1892 αὐτόν
2627 1839 2905 1908 ὁμολογίαν,
2933 1838 2997 1893 δι’
3020 1841 3307 1900 ὑποστολῆς
3338 1844 3574 1916 ἐξαρνού-

290 1935 525 1985 auimam
574 1940 621 1983 et
666 1944 853 1998 corpus
883 1927 1091 1993 perdere
1137 1927 1188 1977 in
1215 1926 1521 1996 gehennam.
1564 1924 1751 1978 Nonne
1779 1925 1885 1976 duo

295 2039 531 2090 passeres
561 2037 674 2074 asse
696 2026 932 2082 veneunt,
974 2026 1020 2069 et
1062 2032 1194 2068 unus
1217 2030 1277 2068 ea:
1304 2015 1406 2069 illis
1432 2030 1535 2068 non
1557 2013 1706 2067 cadet
1735 2027 1890 2081 super

296 2126 489 2170 terram
516 2113 629 2165 sine
664 2108 820 2163 Patre
848 2106 1048 2160 vestro?
1080 2103 1245 2157 Vestri
1266 2114 1433 2157 autem
1463 2114 1512 2158 et
1541 2102 1719 2170 capilli
1751 2103 1892 2172 capio

297 2206 367 2258 tis
387 2216 565 2257 omnes
594 2196 849 2252 numerati
875 2205 1011 2250 sunt.
1049 2192 1228 2248 Nolite
1253 2208 1373 2263 ergo
1402 2194 1580 2247 timere
1608 2208 1717 2259 cos,
1748 2194 1886 2245 mul~

296 2294 362 2348 tis
389 2290 687 2363 passeribus
712 2288 947 2342 meliores
984 2286 1106 2340 estis
1134 2301 1222 2338 vos
1253 2283 1468 2352 (Matth.
1502 2286 1588 2351 ι).
1614 2283 1888 2338 Remente-

291 2384 488 2438 ramini
516 2396 661 2450 ergo,
686 2383 899 2446 fratres,
918 2392 1030 2430 eum
1056 2376 1141 2443 qui
1169 2376 1320 2429 talem
1346 2374 1583 2429 sustinuit
1603 2391 1634 2426 a
1657 2387 1889 2443 peccato-

296 2472 445 2525 ribus
470 2472 719 2523 adversus
746 2466 1071 2535 semetipsum
1098 2464 1576 2528 contradictionem,
1607 2473 1661 2516 ut
1684 2479 1745 2516 ne
1763 2464 1889 2532 [ati-

297 2565 517 2636 gensiui,
546 2561 738 2616 animis
770 2560 950 2614 uestris
977 2558 1288 2626 deﬁcientes,
1311 2558 1536 2610 nondum
1565 2557 1699 2611 enim
1732 2571 1891 2625 usque

297 2660 366 2710 ad
419 2656 731 2724 sanguinem
788 2650 1094 2706 certavimus
1142 2650 1384 2704 adversus
1438 2658 1703 2717 peccatum
1741 2663 1896 2717 repu-

296 2761 521 2825 gnantes
571 2747 764 2819 (Hebr.
808 2744 932 2815 xu).
983 2742 1318 2797 Conﬁdimus
1356 2750 1532 2795 autem
1589 2740 1659 2795 de
1713 2739 1895 2805 voltis,

298 2842 503 2899 fratres
545 2836 873 2897 charissimi,
904 2834 1127 2889 meliora
1167 2841 1222 2888 et
1249 2831 1505 2886 viciniora
1553 2830 1734 2894 saluti,
1772 2829 1898 2897 quia

299 2946 463 2999 usque
488 2944 653 2991 mors,
680 2940 842 2994 neque
867 2925 993 2989 vita,
1020 2939 1183 2991 neque
1210 2921 1402 2996 angeli,
1448 2935 1607 2989 neque
1636 2920 1899 2990 principa-

302 3032 406 3085 tus,
434 3033 599 3084 neque
629 3013 900 3075 instantia,
937 3027 1098 3077 neque
1126 3012 1320 3081 futura,
1354 3025 1515 3079 neque
1545 3008 1899 3079 fortitudines,

302 3126 466 3176 neque
493 3108 741 3171 altitudo,
771 3123 805 3159 n
834 3120 932 3176 que
956 3103 1293 3173 profundum,
1327 3117 1488 3170 neque
1508 3110 1745 3154 creatura
1773 3102 1898 3165 alia,

1989 1952 2158 2004 μενος.
2191 1929 2362 2003 Ἠμεῖς
2394 1930 2447 1985 δι
2474 1933 2562 1984 οὐκ
2584 1933 2733 2000 ἐσμέν
2760 1932 3045 2004 ’ἀποστολῆς
3068 1935 3136 1993 είς
3158 1934 3423 1987 ἀπώλειαν
3451 1934 3575 1989 ἀλλὰ

1988 2024 2244 2084 πίστεως,
2276 2027 2350 2081 εἰς
2384 2023 2708 2093 περιποίησιν
2751 2023 2956 2092 ψυχῆς.
2990 2026 3080 2076 Δια
3117 2029 3268 2078 τοῦτο
3295 2023 3570 2080 ἀναλάϐετε

1988 2121 2077 2174 τὴν
2107 2115 2381 2169 πανοπλίαν
2408 2120 2499 2168 τοῦ
2529 2119 2660 2168 Θεοῦ
2678 2155 2692 2177 ,
2720 2115 2801 2166 ἵνα
2830 2111 3070 2172 δυνηθῆτε
3112 2116 3402 2175 ἀντιστῆναι
3426 2118 3475 2170 ἐν
3509 2127 3573 2192 τῇ

1991 2209 2157 2281 ἡμέρᾳ
2186 2214 2248 2281 τῇ
2285 2210 2480 2280 πονηρᾷ
2516 2205 2644 2259 κατὰ
2688 2206 2878 2265 παντὸς
2916 2207 3168 2279 αἱρετικοῦ
3199 2206 3381 2281 ἀνδρὸς
3410 2229 3463 2263 τε
3494 2210 3578 2263 καί

1992 2296 2261 2369 δόγματος,
2293 2300 2377 2350 καί
2423 2295 2697 2351 ἐνδύσασθε
2728 2299 2813 2351 τόν
2853 2299 3055 2370 θώρακα
3083 2305 3174 2356 τῆς
3211 2295 3529 2358 δικαιοσύνης
3554 2340 3572 2364 ,

1993 2389 2364 2461 ὑποδησάμενοι
2392 2391 2512 2448 τοὺς
2539 2386 2702 2448 πόδας
2724 2427 2739 2452 ,
2773 2389 2822 2443 ἐν
2856 2389 3123 2463 ἑτοιμασίᾳ
3157 2394 3247 2442 τοῦ
3285 2389 3573 2461 εὐαγγελίου

1993 2487 2086 2539 τῆς
2129 2481 2344 2552 εἰρήνης,
2372 2479 2457 2531 ini
2485 2485 2644 2532 πᾶσιν
2683 2478 3018 2538 ἀναλαϐόντες
3053 2479 3139 2532 τὸν
3174 2478 3343 2551 θυρεόν
3374 2488 3464 2538 τῆς
3488 2480 3576 2534 πίο

1998 2589 2183 2631 στεως,
2228 2571 2278 2621 ἐν
2304 2565 2343 2641 ᾧ
2373 2567 2647 2626 δυνήσεσθε
2677 2566 2844 2623 πάντα
2874 2570 2938 2623 τὰ
2966 2568 3085 2638 βέλη
3125 2574 3214 2623 τοῦ
3260 2565 3487 2643 πονηροῦ
3514 2569 3579 2623 τὰ

1994 2661 2340 2734 πεπυρωμένα
2361 2660 2567 2724 σϐέσαι,
2590 2662 2675 2713 καί
2699 2665 2789 2717 τήν
2808 2660 3189 2734 περικεφαλαίαν
3206 2666 3299 2714 τοῦ
3325 2661 3580 2735 σωτηρίου

1998 2747 2239 2813 δέξασθε,
2272 2752 2353 2803 καί
2376 2753 2469 2806 τήν
2500 2750 2771 2818 μάχαιραν
2799 2755 2886 2803 τοῦ
2914 2750 3222 2819 πνεύματος,
3250 2746 3281 2803 ὅ
3308 2750 3419 2803 ἔστι
3442 2748 3581 2821 ῥῆμα

1997 2847 2146 2907 Θεοῦ,
2170 2839 2253 2895 διὰ
2278 2843 2451 2900 πάσης
2480 2848 2782 2913 προσευχῆς
2810 2842 2889 2893 καὶ
2916 2837 3135 2898 δεήσεως
3159 2839 3475 2910 ἐρῥιζωμίνοι
3500 2844 3584 2892 καί

1998 2933 2428 3003 τεθεμελιωμένοι,
2454 2932 2535 2986 ἶνα
2579 2932 2637 2985 τὸ
2681 2930 2802 2984 αὐτὸ
2848 2927 2952 3000 μεθ’
2972 2930 3112 3000 ἡμῶν
3158 2929 3328 2998 λέγητε
3368 2930 3579 2992 πάντες,

1999 3028 2087 3079 καί
2119 3030 2187 3097 μή
2217 3023 2293 3083 εῗη
2321 3027 2370 3078 ἓν
2411 3028 2533 3094 ὑμῖν
2562 3026 2842 3093 σχίσματα
2863 3066 2876 3085 ,
2910 3019 3202 3089 διαιροῦντα
3246 3021 3303 3074 τό
3330 3020 3473 3073 καλὸν
3499 3023 3585 3073 καί

2000 3111 2168 3191 ἄρτιον
2191 3122 2343 3185 σῶμα
2368 3122 2459 3173 τῆς
2487 3112 2807 3175 ἐκκλησίας,
2833 3113 2903 3170 είς
2927 3109 3210 3179 ἀνομαλους
3238 3113 3576 3179 καινοτομίας.

307 3203 569 3273 magistro
590 3201 829 3270 gentium
852 3198 1103 3259 docente,
1135 3195 1321 3264 poterit
1342 3208 1428 3247 vos
1448 3207 1693 3259 separare
1718 3207 1751 3246 a
1774 3192 1894 3245 cha-

2001 3202 2118 3258 Ἠτε
2143 3202 2197 3258 δέ
2224 3204 2618 3275 κατηρτισμένοι
2647 3202 2694 3254 ἐν
2717 3210 2790 3273 τῷ
2811 3202 2952 3275 αὐτῷ
2971 3199 3044 3254 νοῒ
3071 3203 3155 3254 καί
3173 3209 3233 3271 τῇ
3259 3203 3386 3273 αὐτῇ
3407 3202 3579 3275 γνώμη

304 3296 458 3347 ritate
481 3289 695 3344 Domini
737 3288 897 3341 nostri
922 3284 1048 3339 Jesu
1092 3283 1281 3339 Christi
1309 3283 1490 3354 (Rom.
1519 3282 1659 3351 VIII),
1690 3293 1744 3337 et
1780 3297 1897 3352 qum

309 3384 359 3437 in
388 3384 506 3451 ipso
538 3391 644 3443 est,
687 3386 836 3432 recta
886 3378 1027 3432 ficte.
1058 3374 1233 3428 Nolite
1280 3375 1449 3441 itaque
1486 3374 1715 3427 amittere
1742 3373 1896 3441 confi-

311 3474 538 3527 dentiam
567 3480 809 3532 vestram,
840 3483 952 3535 qua:
975 3481 1217 3537 magnam
1237 3464 1388 3519 habet
1413 3464 1898 3519 remunerationem.

310 3564 574 3619 Patientia
618 3562 754 3615 enim
780 3559 921 3613 vobis
952 3557 1241 3612 necessaria
1290 3563 1363 3609 est
1393 3554 1578 3624 (Hebr.
1602 3555 1660 3623 ε)
1683 3553 1749 3608 ad
1790 3554 1905 3607 col-

314 3657 636 3711 luctationes
684 3649 1148 3715 adversariorum,
1179 3656 1444 3715 quatenus
1476 3645 1637 3700 tidem
1676 3646 1903 3701 inteme-

320 3755 488 3801 ratam
513 3757 686 3813 usque
716 3742 767 3796 in
799 3739 958 3793 linem
989 3746 1393 3801 conservantes,
1424 3736 1899 3803 repromissiOneIn

313 3836 696 3905 percipiamus,
728 3844 888 3898 quam
919 3828 1226 3897 repromisit
1255 3827 1338 3881 his
1368 3826 1456 3896 qui
1486 3825 1724 3897 legitime
1775 3839 1902 3880 cer-

312 3938 425 3982 tare
453 3926 846 3994 deproperant.
874 3920 1065 3974 Adhuc
1094 3919 1241 3973 enim
1263 3916 1530 3971 modicum
1555 3916 1898 3985 quantulum,

308 4018 395 4087 qui
426 4024 693 4070 venturus
717 4021 803 4068 est
828 4010 1030 4074 veniet,
1076 4018 1131 4064 et
1157 4021 1266 4062 non
1292 4006 1546 4061 tardabit.
1582 4005 1722 4061 Ecce
1760 4005 1902 4059 enim

303 4108 474 4176 judex
494 4116 627 4159 ante
654 4105 878 4173 ianuam
898 4100 1125 4166 assistit,
1155 4111 1387 4153 coronas
1415 4096 1658 4151 hilariter
1684 4094 1903 4163 promit-

313 4208 435 4254 tens
467 4196 553 4250 Itis
583 4196 676 4263 qui
707 4208 806 4263 pro
848 4206 916 4247 eo
944 4191 1284 4261 passionibus
1312 4187 1718 4242 submittuntur.
1753 4185 1904 4252 Quod

308 4291 349 4343 si
377 4286 701 4342 subtraxerit
729 4300 783 4338 se
801 4284 936 4353 quis,
962 4297 1064 4336 non
1084 4280 1306 4352 placebit
1324 4281 1513 4333 animm
1542 4293 1666 4333 mete
1690 4276 1901 4349 (Ibid),

310 4380 406 4435 scd
436 4377 604 4433 cadet
642 4377 713 4431 de
747 4375 1104 4445 promissione
1147 4383 1367 4442 propter
1395 4372 1754 4441 negationem.
1790 4370 1905 4425 Nos

311 4479 482 4523 autem
531 4482 639 4519 non
692 4480 866 4519 sumus
910 4463 1270 4518 subtractionis
1313 4462 1367 4514 in
1408 4460 1767 4531 perditionem,
1815 4459 1904 4513 sed

312 4562 435 4629 ﬁdei
466 4560 522 4613 in
550 4557 940 4628 acquisitionem
975 4556 1163 4609 anime
1190 4553 1352 4624 (Reb.
1386 4561 1462 4620 χ).
1509 4553 1734 4621 Propter
1761 4552 1902 4622 quod
1926 4557 1986 4617 Δι)

311 4653 567 4707 assumite
609 4665 757 4702 arma
791 4647 905 4713 Dei,
940 4654 997 4701 ut
1043 4647 1248 4712 possitis
1286 4646 1527 4699 resistere
1572 4644 1627 4698 in
1659 4644 1741 4698 die
1766 4643 1903 4697 malo

314 4746 580 4800 adversus
621 4755 838 4796 omnem
880 4740 1191 4793 hmreticum
1222 4737 1395 4815 virum
1440 4744 1497 4791 et
1537 4736 1808 4804 dogmata,
1857 4743 1905 4787 et

315 4838 513 4891 induite
543 4850 632 4889 vos
659 4835 871 4887 loricam
899 4832 1143 4903 justitite,
1184 4829 1399 4884 calceati
1440 4827 1592 4897 pedes
1620 4830 1674 4881 in
1701 4842 1905 4898 pra’pa-

316 4929 520 4981 ratione
552 4923 823 4994 Evangelii
869 4923 1038 4992 pacis,
1067 4922 1120 4976 in
1162 4920 1398 4975 omnibus
1442 4928 1755 4972 assumentes
1799 4932 1910 4971 scu-

319 5029 431 5072 tum
482 5018 633 5087 ﬁdei,
681 5016 733 5069 in
780 5031 882 5085 quo
942 5013 1148 5079 possitis
1189 5012 1361 5066 omnia
1382 5011 1569 5081 jacula
1614 5009 1909 5076 nequissimi

321 5111 483 5180 ignisa
524 5108 849 5178 extinguere
874 5122 893 5161 :
916 5117 962 5159 et
1000 5106 1201 5175 galeam
1236 5104 1421 5158 salutis
1450 5103 1688 5173 accipite,
1720 5111 1767 5156 et
1797 5101 1912 5170 gla-

321 5204 466 5255 dium
493 5201 737 5270 spiritus,
768 5200 905 5268 quod
948 5206 1022 5252 est
1061 5198 1267 5252 verbum
1295 5196 1411 5262 Dei,
1443 5212 1534 5267 per
1558 5211 1759 5249 omnem
1791 5210 1907 5248 ora-

322 5297 514 5347 tionem
562 5301 611 5345 et
650 5289 1063 5352 obsecrationem,
1116 5288 1337 5341 radicati
1365 5296 1414 5339 et
1445 5285 1653 5355 fundati
1689 5281 1905 5355 (Ephes.

320 5388 414 5455 rt),
444 5394 501 5439 ut
528 5384 759 5453 idipsum
783 5382 1045 5435 nobiscum
1074 5380 1255 5432 dicatis
1281 5394 1478 5443 omnes,
1511 5385 1560 5431 et
1597 5393 1699 5430 non
1731 5376 1833 5428 sint
1857 5374 1912 5428 in

2001 3295 2238 3360 βεϐαίως,
2262 3296 2343 3348 ἶνα
2370 3291 2433 3348 δι’
2452 3295 2610 3353 αὐτῆς
2638 3294 2731 3352 τὰς
2754 3290 2899 3351 ὁδοὺς
2928 3293 3064 3364 ἡμῶν
3090 3292 3493 3365 ὀρθοτομοῦντες,
3512 3295 3585 3352 εἰς

2001 3388 2153 3442 αὐτὸν
2194 3386 2399 3446 ἀκλινῶς
2427 3389 2824 3455 καταντήσωμεν
2856 3386 2942 3439 τόν
2993 3384 3355 3453 πιστευόμενον
3386 3385 3583 3458 κύριον,

2003 3481 2132 3553 πρὸς
2158 3477 2209 3533 όν
2239 3478 2670 3553 προσερχόμενοι,
2704 3479 2832 3531 λίθον
2855 3482 3039 3542 ζῶντα,
3068 3478 3167 3531 ὑπό
3196 3478 3468 3552 ἀνθρώπων
3493 3480 3584 3548 μίν

2002 3572 2531 3644 ἀποδεδοκιμασμένον
2570 3570 2654 3627 διὰ
2696 3580 2789 3632 τῆς
2838 3572 3005 3626 αὐτῶν
3044 3570 3267 3629 ἀσεϐοῦς
3308 3571 3584 3644 αἱρέσεως,

2003 3665 2146 3739 παρὰ
2162 3662 2216 3718 δέ
2232 3669 2359 3717 Θενιῦ
2382 3662 2608 3716 ἐκλεκτόν
2630 3659 2851 3731 ἔντιμον,
2872 3660 3056 3729 μᾶλλον
3077 3658 3130 3713 δὲ
3152 3660 3271 3713 Θεὸν
3293 3660 3422 3713 κατὰ
3437 3660 3593 3731 φύσιν

2003 3753 2316 3825 ὑπάρχοντα
2359 3747 2452 3805 κᾶν
2482 3753 2525 3804 εἰ
2565 3752 2735 3823 γέγονε
2779 3751 2909 3825 σὰρξ
2957 3748 3017 3804 δι’
3042 3752 3197 3820 ἡμᾶς’
3229 3751 3315 3802 καί
3350 3750 3491 3803 αὐτοί
3519 3753 3594 3808 ὡς

2002 3842 2129 3896 λίθοι
2156 3846 2340 3906 ζῶντες
2369 3839 2728 3911 οἰκοδομεῖσθε.
2760 3837 2894 3899 οἶκος
2923 3840 3282 3910 πνευματικός,
3314 3840 3588 3911 ἶεράτευμα

2006 3934 2182 4005 ἅγιον,
2223 3935 2476 4005 ἀνενέγκαι
2515 3931 2854 4002 πνευματικὰς
2894 3931 3076 3989 θυσίας
3120 3925 3290 4000 αὐτῷ,
3319 3931 3389 3989 εἰς
3427 3928 3587 3997 όσμην

2006 4023 2240 4085 εὐωδίας.
2261 4027 2353 4077 Καί
2370 4026 2435 4078 τὰ
2464 4028 2570 4087 νῦν,
2594 4020 2815 4092 ἀδελφοί,
2839 4018 3209 4092 παρατιθέμεθα
3236 4019 3430 4076 πάντας
3454 4018 3588 4089 ὑμᾶς

2005 4125 2078 4189 τῷ
2105 4118 2264 4190 κυρίῳ
2293 4119 2373 4169 καί
2396 4111 2468 4184 τῷ
2502 4112 2644 4186 Λόγῳ
2668 4119 2759 4171 τῆς
2782 4111 3000 4181 χάριτος
3020 4110 3197 4174 αὑτοῦ,
3226 4115 3299 4178 τῷ
3336 4104 3589 4178 δυναμένῳ

2007 4206 2267 4261 τελειῶσαι
2295 4208 2379 4258 καὶ
2408 4202 2583 4258 δοῦναι
2610 4207 2701 4260 τὴν
2728 4199 3022 4272 ὁλοκληρίαν
3042 4200 3092 4251 έν
3123 4205 3237 4257 τοῖς
3265 4198 3589 4268 ἡγιασμένοις

2006 4302 2184 4352 πᾶσιν.
2215 4297 2376 4355 Αὐτός
2404 4292 2457 4348 δέ
2488 4292 2513 4347 ὁ
2538 4293 2660 4352 Θεὸς
2696 4298 2786 4350 τῆς
2823 4290 3074 4359 ὑπομονῆς
3102 4292 3191 4342 καί
3215 4295 3304 4348 τῆς
3332 4287 3590 4362 παρακλή-

2007 4408 2158 4452 σεως,
2179 4384 2282 4459 δῴη
2305 4389 2444 4455 ὑμῖν,
2468 4386 2524 4440 τό
2551 4384 2678 4438 αὐτὸ
2706 4388 2899 4455 ςρονεῖν
2926 4382 2975 4435 ἐν
3001 4380 3244 4442 ἀλληλοις,
3267 4380 3354 4433 καί
3377 4380 3424 4431 ἐν
3451 4381 3593 4449 αὐτῷ

2008 4484 2220 4535 πάντοτε
2250 4482 2335 4533 καί
2358 4480 2408 4532 ἐν
2437 4482 2619 4539 πᾶσιν,
2648 4477 2730 4529 ἵνα
2755 4471 3072 4545 ὁμοθυμαδὸν
3101 4472 3151 4525 ἐν
3181 4472 3253 4527 ἐνί
3273 4474 3487 4540 στόματι.
3506 4473 3592 4523 καί

2008 4577 2100 4643 μιᾷ
2138 4569 2319 4645 καρδίᾳ
2346 4567 2629 4640 δοξάζωμεν
2657 4568 2827 4630 αὐτόν,
2861 4567 2909 4620 ἓν
2952 4564 3153 4637 ὁμονοίᾳ
3199 4572 3291 4623 τῆς
3327 4560 3591 4636 όρθοδόξου

2009 4667 2233 4722 πίστεως
2258 4703 2274 4727 ,
2303 4663 2387 4716 τόν
2413 4658 2680 4729 δυνάμενον
2710 4659 2946 4735 στηρίξαι
2972 4656 3109 4727 ὑμᾶς
3137 4655 3269 4709 κατά
3294 4654 3353 4709 τὸ
3382 4651 3590 4724 εὐαγγέ-

2009 4752 2108 4806 λιον
2133 4753 2289 4807 αὐτοῦ
2315 4751 2448 4806 κατὰ
2474 4746 2789 4817 ἀποκάλυψιν
2811 4746 3120 4817 μυστηρίου,
3146 4743 3350 4819 χρόνοις
3379 4742 3593 4797 αἰωνίοις

2012 4844 2348 4915 σεσιγημένου
2367 4881 2382 4907 ,
2415 4841 2778 4913 φανερωθέντος
2804 4834 2857 4890 δὲ
2899 4833 2982 4890 διά
3009 4854 3063 4888 τε
3092 4840 3190 4888 τῶν
3210 4837 3413 4904 γραφῶν
3440 4827 3594 4899 ἁγίων

2008 4940 2094 4992 καί
2118 4943 2373 5008 πατρικῶν
2396 4975 2412 4999 ,
2433 4934 2545 4993 ἤτοι
2586 4927 2933 4985 θεοπνεύστων
2959 4924 3312 4985 διδασκαλιῶν,
3340 4918 3454 4974 κατ’
3475 4920 3589 4971 έπε-

2009 5034 2165 5100 ταγὴν
2192 5033 2283 5083 τοῦ
2311 5030 2508 5081 αἰωνίου
2536 5029 2665 5080 Θεοῦ
2700 5023 2768 5083 είς
2797 5021 3024 5076 ὑπακοήν
3050 5019 3274 5073 πίστεως
3302 5014 3371 5070 είς
3397 5011 3594 5067 πάντας

2010 5123 2143 5191 ἡμᾶς
2172 5118 2554 5193 γνωρισθέντος.
2595 5113 2745 5181 Μόνῳ
2774 5116 2911 5181 σοφῷ
2937 5112 3046 5175 Θεῷ
3074 5105 3237 5177 Κυρίῳ
3266 5103 3402 5169 ἡμῶν
3430 5103 3594 5154 Ἰησοῦ

2015 5185 2236 5285 Ἰέριστῶ,
2270 5185 2375 5279 μεθ’
2396 5204 2454 5260 οὗ
2477 5212 2548 5274 τῷ
2579 5204 2732 5274 ηατρί
2760 5202 2856 5255 σὺν
2895 5203 2968 5269 τῷ
2996 5194 3123 5266 ἁγίῳ
3157 5191 3408 5258 Πνεῦματε
3452 5185 3594 5252 δόξα,

2017 5308 2161 5373 τιμὴ,
2196 5304 2373 5375 κράτος
2402 5302 2471 5358 εἶς
2499 5300 2617 5356 τοὺς
2648 5300 2826 5352 αἰῶνας
2850 5296 2949 5345 τῶν
2968 5288 3177 5341 αἰώνων.
3210 5280 3380 5353 ’Δμήν.

322 5436 461 5531 vo'bis
490 5436 771 5531 schismata
802 5469 856 5538 (1
882 5470 1005 5525 Cor.
1037 5472 1097 5539 ιγ,
1127 5470 1417 5523 dividentis
1442 5466 1641 5521 bonum
1673 5474 1727 5520 et
1752 5468 2018 5535 integrum
2049 5475 2249 5532 corpus
2272 5455 2529 5514 Ecclesiae
2562 5454 2613 5509 in
2650 5460 2919 5505 tortuosos
2950 5443 3247 5539 novitates;
3274 5436 3390 5539 sitis
3415 5443 3595 5490 autem

326 5568 548 5633 perfecti
578 5576 634 5621 et
666 5562 855 5632 integri
878 5564 930 5617 in
959 5562 1146 5617 eodem
1175 5576 1355 5625 sensu,
1392 5569 1446 5615 et
1484 5558 1536 5613 in
1573 5558 1760 5613 eadem
1792 5556 2016 5612 scientia
2046 5549 2264 5615 ﬁrmati,
2290 5560 2346 5604 ut
2372 5563 2465 5617 per
2494 5559 2611 5601 eam
2642 5542 2756 5595 vias
2789 5546 3001 5592 nostras
3022 5534 3337 5603 dirigentes.
3365 5530 3418 5633 Ῐξι
3448 5542 3600 5582 eum‘

324 5670 447 5717 dem
478 5657 846 5716 inﬂexibititer
869 5667 1235 5720 occurramus,
1259 5655 1347 5722 qui
1377 5668 1406 5706 a
1437 5652 1594 5707 nobis
1613 5651 1849 5705 creditur
1881 5649 1894 5703 Ι

1997 5649 2139 5701 tinus
2167 5663 2178 5698 :
2211 5646 2278 5698 ad
2304 5656 2452 5712 quem
2493 5637 2789 5692 accedentes
2819 5630 3045 5700 lapidem
3072 5628 3260 5688 vivum,
3292 5624 3355 5678 ab
3378 5622 3603 5675 homini-.

325 5759 415 5811 tns
444 5753 654 5825 quidem
704 5750 1032 5821 reprobalum
1084 5763 1180 5818 pro
1208 5712 1396 5806 eorum
1426 5745 1590 5816 impia
1621 5741 1837 5809 hmresi,
1876 5757 1908 5796 a
1934 5738 2043 5795 Deo
2064 5745 2236 5793 autem
2282 5734 2495 5789 electum
2515 5738 2562 5783 et
2588 5722 3007 5793 honoriﬁcatum,
3031 5717 3200 5788 magis
3219 5724 3401 5773 autem
3426 5712 3594 5769 Deum
