4018 6184
275 306 379 363 15⁸1

1494 297 1873 355 EPiSTOL/E.
1900 325 1968 339 -
1996 300 2205 355 EPIST.
2260 299 2342 353 ill.

3437 301 3535 353 1'58

277 426 420 474 mmo
449 434 544 487 pro
576 416 809 470 euntibus
835 429 948 482 qua
974 412 1200 465 retribuit
1234 410 1398 463 mihi?
1423 410 1643 464 Calicem
1672 412 1861 464 καικίας
1895 416 1942 474 Α
1971 411 2086 475 bus,
2138 428 2242 465 uno
2295 426 2389 465 ore
2439 425 2646 479 unoque
2691 411 2881 479 spiritu
2930 411 3422 475 condemnavimus,
3483 421 3543 464 ut

272 514 343 566 ris
366 511 640 575 accipiam,
664 518 707 558 et
732 522 917 559 nomen
946 504 1149 555 Domini
1172 503 1434 557 invocabo.
1465 504 1694 556 Tantum
1719 504 1860 559 enim

273 619 301 655 θ
327 602 484 655 nobis
509 599 764 665 exigitur,
791 604 1047 662 quantum
1074 608 1355 661 possumus
1385 594 1671 647 famulatus
1696 594 1863 647 nostri

275 690 542 759 obsequio
571 686 942 742 commodare.
976 683 1216 752 Cumque
1247 694 1437 737 cuncta
1467 700 1584 751 qua:
1616 686 1770 737 nobis
1800 684 1862 736 ad

273 778 660 835 confortandos
710 775 1062 830 fraternitatis
1115 783 1312 828 vestra:
1368 776 1572 827 animos
1623 783 1868 841 poterant

278 870 611 932 ministrari,
655 869 913 937 largiente
955 879 1198 934 superna:
1246 864 1537 933 Majestatis
1583 864 1864 917 clementia

275 961 431 1016 vobis
453 961 560 1014 sint
589 962 774 1028 procul
805 958 968 1011 dubio
1000 955 1357 1020 manifestata,
1387 964 1551 1011 restat
1574 964 1627 1008 ut
1657 955 1724 1009 de
1751 955 1869 1007 aliis

274 1066 393 1117 qua:
426 1066 521 1104 nos
556 1065 649 1117 per
669 1064 765 1102 sua
786 1050 979 1116 scripta
1007 1046 1289 1110 consuluit,
1322 1045 1644 1100 fraternitati
1675 1053 1868 1098 vestrae

274 1138 669 1208 signiﬁcemus.

347 1232 631 1286 Credimus
663 1229 863 1284 etenim
910 1228 973 1283 ad
1004 1242 1097 1282 vos
1129 1228 1447 1294 pervenisse
1492 1227 1762 1294 quomodo
1816 1227 1868 1279 in

277 1322 692 1376 conturbatione
720 1331 879 1375 rectae
912 1319 1055 1384 fidei,
1080 1328 1133 1373 et
1160 1318 1438 1373 catholicae
1466 1318 1719 1372 Ecclesia:
1746 1332 1871 1370 con-

277 1413 613 1475 culcatione,
648 1421 773 1464 ante
814 1410 911 1464 bos
938 1424 1108 1463 annos
1135 1408 1252 1477 plus
1282 1408 1455 1463 minus
1485 1408 1807 1475 quindecim,
1842 1423 1869 1458 a

280 1504 473 1571 Sergio
504 1500 642 1555 falso
674 1501 926 1569 episcopo
952 1500 1563 1566 Constantinortolitano,
1590 1500 1641 1553 in
1674 1499 1872 1553 auxilio

281 1591 515 1645 habente
546 1601 669 1643 tunc
719 1591 1072 1657 imperantem
1108 1589 1432 1654 Heraclium,
1465 1587 1791 1643 exsecranda
1821 1597 1874 1641 et

280 1682 649 1735 abominanda
682 1681 911 1735 haeresis
952 1678 1254 1750 pullulavit,
1289 1680 1785 1748 Apollinaristarum
1819 1689 1874 1733 et

1964 510 2351 569 cognoscentes
2380 500 2608 554 universi
2639 514 2874 554 errorem
2906 502 2993 568 qui
3027 500 3078 554 in
3108 501 3540 567 eisxcontinetur,

1965 605 2146 643 eorum
2183 592 2469 658 pollutione
2500 592 2801 646 nullatenus
2829 594 3182 646 maculentur.
3223 592 3371 647 Unde
3403 609 3540 660 prte-

1971 680 2198 734 vidimus
2239 683 2504 736 volumina
2532 692 2799 752 gestorum
2831 685 3160 754 synodalium
3192 686 3242 738 in
3295 686 3544 753 praesenti

1968 773 2116 824 vobis
2145 772 2390 839 dirigere,
2420 788 2517 825 una
2547 788 2666 826 cum
2693 775 2927 843 encyclia
2968 786 3168 828 nostra.
3208 775 3285 827 Ex
3318 789 3543 845 quorum

1968 864 2106 917 serie
2134 866 2311 917 omnia
2359 866 2622 918 subtiliter
2655 866 2879 933 potestis
2909 866 3187 920 addiscere
3213 877 3265 919 et
3298 866 3544 920 tenebras

1971 953 2181 1006 illorum
2213 954 2512 1019 nobiscum,
2548 964 2605 1006 ut
2632 955 2723 1007 lilii
2756 955 2910 1020 tutis,
2946 956 3302 1024 exstinguere.
3344 956 3547 1010 Idcirco

1970 1047 2181 1100 studeat
2208 1045 2514 1101 fraternitas
2544 1057 2633 1101 tua
2675 1050 2924 1103 omnibus
2969 1050 3151 1103 eadem
3185 1051 3543 1117 innotescere,

1972 1148 2033 1194 ub
2071 1150 2173 1193 tam
2219 1140 2628 1195 abominandam
2672 1141 2914 1195 lueresim
2945 1141 3219 1195 nobiscum
3258 1157 3547 1197 exsecren-

1974 1239 2077 1294 tur,
2112 1245 2377 1299 quamque
2404 1245 2513 1285 suae
2556 1232 2745 1285 salutis
2788 1239 3123 1286 sacramenta
3154 1232 3430 1287 addiscere
3460 1249 3551 1286 vat

1975 1321 2138 1385 leant,
2185 1331 2348 1391 atque
2396 1322 2638 1392 synodali
2671 1323 3026 1377 conventione
3054 1325 3288 1378 omnium
3329 1323 3549 1378 fratrum

1974 1422 2025 1465 et
2053 1412 2492 1480 coepiscoporum
2524 1423 2825 1466 nostrorum
2859 1413 3083 1480 partium
3109 1413 3316 1466 illarum
3343 1412 3550 1481 effecta,

1974 1502 2263 1557 secundum
2311 1513 2546 1556 tenorem
2574 1504 2827 1571 encyclize
2859 1519 2886 1557 a
2920 1506 3073 1558 nobis
3098 1505 3315 1558 directa:
3353 1505 3549 1573 scripta

1977 1607 2077 1645 una
2099 1607 2218 1647 cum
2239 1593 2712 1660 subscriptionibus
2737 1595 2928 1647 vestris
2948 1593 3214 1648 nobismet
3235 1594 3549 1649 destinando

1976 1681 2368 1745 Concelebrent,
2402 1680 2781 1736 conﬁrmantes
2828 1691 2987 1749 atque
3031 1684 3431 1737 consentientes
3477 1684 3553 1738 eis

278 1772 723 1834 Sererianorum,
780 1770 1302 1839 Eutychianistarum
1351 1779 1510 1838 atque
1558 1770 1872 1822 Manichceo-

1980 1791 2095 1843 qute
2128 1790 2222 1844 pro
2248 1775 2549 1829 orthodoxa
2583 1776 2684 1830 fide
2711 1786 2763 1830 et
2793 1776 3155 1831 destructione
3186 1777 3551 1832 haereticorum

281 1878 400 1915 rum
441 1877 683 1916 errorem
716 1876 984 1916 reuovans
1018 1879 1030 1912 :
1061 1876 1217 1928 quam
1256 1875 1535 1915 successor
1579 1862 1693 1928 ejus
1739 1860 1869 1929 Pyr-

280 1956 433 2019 rhus,
471 1954 723 2021 idemque
755 1954 1058 2021 episcopus,
1093 1953 1179 2019 qui
1211 1951 1514 2006 ambitionis
1553 1951 1689 2005 fastu
1729 1951 1872 2004 Con-

282 2046 818 2113 stantinopolitanatn
856 2043 1037 2097 sedem
1066 2044 1312 2111 arripuit,
1348 2043 1399 2096 in
1442 2042 1675 2096 deterius
1705 2042 1870 2094 auxit.

286 2136 390 2190 l’ro
422 2150 522 2205 qua
570 2151 629 2188 re
670 2136 866 2203 smpius
896 2134 1185 2202 apostolica
1229 2135 1383 2188 sedes
1412 2134 1869 2202 persuasionibus,

284 2227 770 2281 contestationibus
801 2236 959 2292 atque
992 2226 1445 2293 increpationibus
1479 2225 1744 2292 plurimis,
1780 2224 1872 2278 ad-

288 2321 492 2375 monuit
521 2334 639 2387 eos,
669 2327 931 2386 quatenus
955 2318 1021 2371 ab
1042 2318 1301 2386 ejusmodi
1326 2331 1512 2371 errare
1540 2317 1870 2382 recederent,

287 2422 339 2464 et
368 2410 432 2463 ad
464 2409 644 2462 lumen
678 2410 907 2476 pietatis,
941 2422 1006 2462 ex
1053 2422 1157 2475 quo
1188 2408 1317 2475 lapsi
1359 2419 1501 2471 sunt,
1552 2416 1872 2461 remearent.

290 2502 351 2553 Et
379 2515 487 2552 non
514 2500 689 2551 solum
720 2498 820 2551 hoc
848 2497 1022 2552 facere
1052 2498 1353 2553 nullatenus
1376 2498 1680 2562 voluerunt,
1703 2499 1796 2552 sed
1824 2508 1878 2553 et

290 2608 427 2646 nunc
458 2606 746 2645 successor
774 2593 889 2659 ejus
929 2592 1144 2655 Paulus,
1175 2601 1464 2646 temerator
1493 2591 1635 2658 tidei,
1667 2593 1876 2659 episco-

294 2700 387 2752 pus
420 2682 1073 2752 Constantinopolitanus,
1119 2683 1259 2737 aliud
1298 2684 1519 2752 nequius
1561 2684 1881 2752 excogitavit

287 2780 339 2830 in
372 2776 749 2844 prmjudicium
778 2775 1052 2829 catholicae
1084 2776 1203 2830 fidei
1243 2790 1536 2841 conamen,
1570 2776 1721 2843 quasi
1761 2790 1880 2842 qua:

286 2884 314 2920 a
347 2866 727 2921 decessoribus
777 2866 889 2918 Suis
946 2867 1192 2919 Iimretice
1240 2866 1484 2933 exposita
1536 2865 1753 2919 fuerunt
1788 2865 1882 2918 de-

287 2971 533 3026 structas,
557 2968 611 3013 et
638 2958 964 3025 imperialcm
1000 2968 1203 3028 typum,
1251 2959 1511 3026 sacrilego
1540 2973 1691 3021 ausu,
1720 2958 1881 3011 totius

294 3051 511 3116 plenum
566 3048 823 3117 perfiJim,
872 3063 899 3099 a
949 3046 1369 3101 clementissimo
1416 3046 1655 3116 principe
1698 3056 1882 3100 nostro

1977 1867 2210 1920 vesaniae
2242 1880 2412 1934 nuper
2440 1877 2640 1919 exortae
2669 1881 2696 1919 a
2725 1867 2876 1919 nobis
2925 1874 3126 1919 statuta
3157 1876 3300 1919 sunt.
3336 1868 3397 1919 Et
3421 1876 3444 1903 ι
3469 1867 3552 1922 Si-

1974 1956 2249 2025 gebertum
2296 1957 2846 2025 praecellentissimum
2896 1954 3059 2008 filium
3104 1966 3342 2009 nostrum
3372 1971 3552 2025 regem

1978 2048 2320 2111 Francorum,
2350 2064 2446 2117 pro
2472 2062 2581 2102 sua:
2611 2048 3030 2102 Christianitatis
3075 2048 3310 2101 remedio
3340 2051 3555 2103 consul-

1978 2141 2182 2193 tissime
2228 2140 2453 2193 admone
2501 2148 2658 2207 atque
2705 2153 2964 2206 precare,
3021 2137 3247 2206 dirigere
3296 2139 3448 2190 nobis
3489 2153 3554 2192 ex

1976 2245 2199 2299 corpore
2229 2230 2447 2282 fratrum
2482 2238 2782 2282 nostrorum
2830 2229 3204 2282 dilectissimos
3256 2229 3556 2297 episcopus,

1976 2322 2063 2390 qui
2111 2321 2257 2375 sedis
2304 2321 2611 2388 apostolica:
2665 2319 2960 2386 legatione,
3001 2318 3176 2371 divina
3229 2320 3557 2372 concedente

1981 2411 2371 2481 propitiatione,
2406 2410 2551 2480 fungi
2586 2410 2833 2477 debeant,
2858 2420 2907 2464 et
2940 2425 3056 2478 qua:
3088 2411 3139 2462 in
3163 2421 3344 2463 nostro
3372 2412 3550 2463 conci-

1979 2504 2050 2556 lio
2078 2511 2287 2571 peracta
2316 2512 2456 2566 sunt,
2490 2501 2514 2539 δ
2546 2517 2665 2555 cum
2712 2502 2793 2555 his
2832 2502 3173 2572 synodalibus
3205 2503 3445 2570 apicibus
3474 2518 3559 2555 ve-

1980 2594 2105 2648 stris
2133 2635 2149 2661 ,
2197 2594 2262 2645 ad
2302 2594 2773 2648 clementissimum
2829 2594 3119 2662 principem
3162 2604 3401 2648 nnStrum
3445 2595 3560 2647 sine

1981 2685 2140 2740 dubio
2162 2694 2454 2753 asportare,
2481 2695 2535 2738 ut
2560 2692 2859 2738 nostrorum
2885 2685 3121 2739 laborum
3151 2685 3415 2753 particeps
3435 2684 3561 2738 elle-

1980 2788 2118 2842 ctus,
2154 2776 2412 2831 mercedis
2443 2776 2710 2829 cumulum
2743 2775 2961 2843 adipisci
2995 2776 3187 2840 valeat,
3218 2784 3271 2828 et
3297 2775 3379 2827 sui
3412 2776 3561 2843 regni

1983 2876 2338 2937 protectorem
2387 2868 2623 2921 inveniat
2652 2882 2798 2929 cum,
2827 2866 2976 2933 cujus
3020 2879 3176 2919 causa
3218 2865 3443 2933 ﬂagitari
3469 2866 3560 2918 di-

1983 2966 2276 3034 gnoscitur.
2313 2963 2423 3016 Hoc
2450 2976 2679 3029 namque
2711 2968 2768 3014 et
2811 2960 2861 3012 in
2894 2958 3008 3026 ejus
3038 2958 3261 3026 cpistola
3292 2957 3548 3012 exhortari

1985 3069 2104 3107 eum
2135 3052 2500 3121 cognovimus.
2537 3050 2807 3117 Reliquias
2832 3063 2960 3102 vero
2989 3057 3316 3111 sanctorum,
3348 3049 3415 3102 de
3445 3050 3565 3115 quia:

292 3139 409 3193 lieri
460 3140 747 3206 persuasit,
799 3140 849 3192 in
902 3154 1005 3207 quo
1056 3140 1441 3207 promulgatum
1484 3148 1567 3193 est
1609 3148 1667 3194 ut
1694 3154 1879 3194 omnes
1909 3151 1955 3213 ρ
1986 3146 2081 3198 bus
2121 3144 2459 3211 prtesentium
2509 3142 2645 3194 lator
2696 3154 2790 3193 nos
2834 3138 3129 3206 admonuit,
3161 3139 3270 3192 dari
3309 3138 3555 3208 praecepi-

293 3231 473 3299 populi
518 3229 805 3284 Christiani
850 3232 1069 3285 credere
1114 3232 1443 3286 dibuissent.
1500 3232 1729 3302 Ideoque
1788 3249 1875 3287 ne-

291 3336 447 3375 cesse
483 3320 790 3385 habuimus,
838 3336 904 3374 ne
934 3337 1027 3389 pro
1052 3322 1276 3390 quadam
1326 3322 1640 3392 negligentia
1671 3332 1722 3377 et
1767 3324 1879 3376 ani-

293 3424 504 3461 marum
534 3410 857 3463 detrimento
880 3425 998 3480 qua:
1028 3410 1176 3464 nobis
1206 3412 1503 3464 commissae
1534 3420 1677 3475 sunt,
1710 3412 1881 3478 culpae

298 3510 447 3551 reatu
502 3498 900 3566 astringamur,
947 3511 1141 3554 coetum
1192 3503 1487 3570 generalem
1549 3501 1767 3554 fratrum
1827 3512 1878 3555 et

298 3591 673 3657 coepiseorunt
703 3601 1006 3643 nostrorum
1040 3592 1090 3643 in
1120 3590 1217 3643 hac
1243 3590 1479 3643 Romana
1512 3591 1722 3644 civitate
1751 3606 1880 3644 con-

298 3693 542 3744 gregare.
582 3678 636 3729 In
666 3692 889 3745 querum
935 3680 1211 3745 praesentia
1257 3688 1669 3732 memoratorum
1716 3679 1881 3733 haere-

303 3769 525 3819 ticorum
549 3769 818 3821 scelerosa
842 3769 1139 3838 conscripta
1163 3771 1461 3824 examinata
1484 3780 1640 3837 atque
1661 3768 1887 3823 denuda-

303 3866 351 3908 ta
382 3866 525 3923 sunt,
542 3858 907 3927 etapostolico
929 3873 1204 3925 mucrone,
1226 3859 1549 3928 Petrumque
1564 3858 1887 3914 deﬁnitioni-

371 3998 407 4061 δν
438 3989 764 4061 Sigebertum
806 4006 993 4059 regem,
1037 3991 1322 4061 Dagoberti
1354 4006 1544 4057 nempe
1578 3991 1763 4055 lilium,
1801 3990 1887 4058 qui

303 4060 353 4112 in
386 4060 663 4130 Austrasia
711 4063 985 4127 regnabat.
1038 4060 1129 4114 ιέι
1162 4064 1313 4115 Actis
1354 4076 1512 4130 porro
1558 4061 1688 4114 Vitae
1719 4061 1889 4113 sancti

304 4128 485 4197 Eligii,
516 4130 611 4185 lib.
645 4145 684 4192 I,
719 4144 837 4197 cap.
870 4132 960 4194 ‘55,
1002 4131 1166 4193 liquet
1206 4128 1389 4184 eadem
1430 4140 1576 4199 gesta
1618 4131 1891 4199 synodalia

301 4200 368 4251 ad
390 4199 720 4251 Clodoveum
743 4214 954 4269 quoque
979 4216 1155 4270 regem
1182 4201 1447 4270 Sigeberti
1471 4201 1685 4254 fratrem
1710 4201 1894 4265 missa,

308 4310 1359 4334 ..___________________

1982 3252 2120 3291 mus.
2155 3236 2282 3289 Nam
2306 3235 2516 3289 codices
2540 3234 2648 3304 jam
2678 3234 2930 3289 exinaniti
2953 3244 3075 3287 sunt
3098 3249 3123 3286 a
3155 3243 3331 3287 nostra
3360 3233 3555 3287 biblio-

1983 3329 2155 3393 theca,
2195 3336 2250 3382 et
2290 3326 2427 3380 unde
2464 3327 2511 3379 ei
2547 3326 2675 3379 dare
2711 3326 3011 3377 nullatenus
3052 3324 3359 3389 habuimus;
3407 3332 3555 3376 tran-

1982 3422 2217 3474 scribere
2257 3428 2431 3471 autem
2480 3431 2580 3469 non
2635 3417 2825 3485 potuit,
2866 3415 3113 3483 quoniam
3154 3414 3464 3467 festinanter
3490 3415 3558 3469 de

1986 3514 2083 3566 hac
2112 3511 2321 3565 civitate
2351 3509 2552 3577 regredi
2590 3506 2911 3575 properavit.
2947 3507 3034 3559 llis
3066 3507 3220 3574 igitur
3250 3504 3557 3575 praelibatis,

1985 3618 2102 3669 quae
2135 3615 2163 3653 a
2192 3600 2343 3654 nobis
2369 3614 2459 3666 per
2490 3598 2767 3666 epistolam
2792 3597 2939 3651 vobis
2960 3597 3155 3666 scripta
3178 3606 3323 3661 sunt,
3347 3594 3555 3649 ellectui

1988 3693 2277 3761 mancipari
2326 3690 2708 3744 fraternitatem
2752 3696 2979 3743 vestram
3021 3687 3315 3740 hortamur.
3344 3685 3482 3738 Deus
3515 3696 3562 3738 te

1989 3787 2307 3841 incolumem
2336 3782 2623 3846 custodiat,
2659 3780 3001 3834 dilectissime
3030 3779 3209 3833 frater.

1992 3985 2078 4054 qui
2112 3984 2163 4038 in
2193 3981 2433 4054 Neustria
2461 3989 2513 4054 et
2536 3975 2863 4054 Burguudia,
2879 3976 2978 4029 hoc
3001 3984 3102 4041 est,
3128 3974 3179 4026 in
3203 3973 3367 4026 altera
3397 3973 3562 4024 Fran-

1995 4046 2093 4109 cici
2120 4053 2268 4121 regni
2302 4063 2466 4117 parte,
2502 4049 2812 4121 imperabat.
2846 4046 2918 4099 lo.

2068 4124 2093 4161 δ
2135 4112 2276 4177 Edit.
2303 4112 2465 4175 Rom.
2500 4137 2511 4172 :
2546 4112 2660 4171 cum
2701 4117 2815 4168 aliis
2859 4114 3185 4183 synodalibus
3222 4112 3448 4181 apicibus
3475 4128 3563 4162 no-

1996 4195 2132 4247 stris.

1366 4311 2685 4335 *Μ

1298 4421 2203 4553 EPISTULA
2297 4417 2531 4562 III,

1215 4619 1320 4677 AD
1364 4613 1894 4678 CONSTANTEM
1942 4607 2526 4671 IMPERATOREM
2563 4613 2610 4663 ³.

357 4741 638 4803 Nuntiat
672 4736 1239 4799 Monothelt’torttm
1265 4735 1538 4795 heresim
1573 4734 1638 4793 in
1670 4731 1967 4801 concilio,
1996 4726 2174 4803 cujus
2197 4733 2336 4784 acta
2373 4722 2770 4792 transmittit,
2806 4721 3175 4785 damnatam,
3208 4719 3529 4798 ipsumque

1209 4814 1289 4874 ad
1316 4812 1575 4872 eamdem
1602 4810 1877 4869 hceresim
1907 4804 2317 4866 damnandam
2352 4803 2671 4863 hortatur.

382 5011 608 5083 Δεσπὸτῃ
631 5007 978 5075 εὖσεϐεστάτῳ
995 5008 1078 5059 καὶ
1098 5003 1415 5076 ’γαληνοτάτῳ
1430 5008 1589 5072 νικιτῇ
1612 4998 1877 5072 προπαιού·

2070 4990 2293 5044 Domino
2321 4987 2559 5058 piissimo
2586 4995 2643 5041 et
2668 4986 3011 5040 serenissimo
3052 4982 3236 5038 victori
3269 4982 3569 5049 triumpha-

316 5128 399 5176 χῳ
421 5106 515 5168 υἱῷ
538 5106 801 5169 ἀγαπῶντι
828 5098 910 5151 τὸν
938 5097 1058 5150 Θεὸν
1081 5100 1165 5149 καὶ
1193 5097 1369 5170 Κύριον
1390 5096 1527 5164 ἡμῶν
1546 5087 1747 5149 Ἰησοῦν
1772 5100 1891 5162 Χρι-

316 5196 430 5247 ττὸυδ
464 5190 816 5253 timo-ravio?)
848 5185 1383 5257 ΔύγοὺστῳΜαρτῖνος
1412 5185 1688 5241 ἐπίσκοπος
1715 5179 1892 5241 δοῦλος

314 5292 410 5338 τῶν
439 5282 631 5337 aestu»
652 5278 740 5333 τοῦ
764 5285 889 5334 Θεοῦ
936 5282 1018 5333 καὶ
1040 5283 1187 5332 πᾶσα
1213 5280 1242 5335 ή
1265 5275 1495 5339 σύνοδος,
1522 5277 1550 5332 ή
1572 5276 1621 5327 ἐν
1651 5276 1811 5344 ταύτῃ
1834 5281 1894 5346 τῇ

314 5376 453 5427 πόλει
481 5372 647 5446 Ῥώμῃ
677 5375 1012 5440 συναχθεῖσα.

385 5511 409 5537 ³
445 5502 539 5555 lla
581 5500 824 5554 undecim
876 5507 1159 5565 sequentes
1219 5497 1354 5550 beati
1398 5497 1611 5550 Martini
1646 5498 1881 5564 epistola

315 5572 504 5627 Ome
535 5578 749 5623 exstant
771 5571 823 5622 in
851 5579 1058 5622 vetusto
1088 5568 1437 5635 Manuscripto
1474 5566 1662 5621 Graeco
1690 5568 1887 5624 Codice

316 5642 529 5697 concilii
557 5642 624 5692 ab
645 5639 836 5693 eodem
866 5638 1117 5705 pontiﬁce
1156 5639 1333 5689 Romae
1366 5638 1417 5690 in
1453 5636 1713 5689 Laterano
1741 5640 1886 5691 cele-

321 5714 456 5767 brati
478 5720 664 5765 centra
691 5710 933 5762 lueresim
964 5706 1450 5762 Monothelitarum.
1472 5706 1578 5762 Nos
1596 5722 1685 5762 eas
1702 5722 1731 5763 e
1751 5708 1883 5763 Cod.

608 5803 875 5859 Parnoc.
926 5798 1305 5859 LXXXVII.

1999 5083 2120 5145 tori,
2147 5080 2253 5135 tilio
2277 5080 2513 5149 diligenti
2539 5080 2704 5131 Deum
2733 5086 2789 5132 et
2817 5075 3095 5130 Dominum
3120 5081 3355 5126 nostrum
3387 5071 3566 5127 Jesum

1999 5172 2289 5236 Christum,
2316 5169 2663 5224 Constantino
2687 5164 3003 5238 [Constanti]
3029 5166 3287 5231 Augusto,
3315 5162 3570 5215 Martinus

2000 5266 2277 5333 episcopus
2299 5277 2486 5317 servus
2510 5274 2782 5315 servorum
2818 5259 2931 5322 Dei,
2960 5265 3011 5309 et
3056 5253 3297 5306 universa
3327 5252 3567 5316 synodus

2002 5354 2054 5408 in
2086 5355 2185 5408 hac
2214 5353 2345 5407 urbe
2377 5353 2542 5405 Roma
2566 5358 2905 5419 congregata.

1998 5484 2299 5539 Barberintn
2341 5481 2583 5537 biblioth.
2642 5479 2830 5540 Roma,
2885 5475 2951 5528 ad
2982 5488 3079 5528 nos
3105 5476 3276 5528 emin.
3313 5474 3371 5529 S.
3395 5474 3468 5544 Β.
3506 5475 3570 5530 Ε.

1996 5556 2144 5609 card.
2176 5554 2442 5608 Francisei
2486 5548 2754 5604 Barberini
2808 5545 2981 5599 studio
3035 5554 3193 5611 atque
3238 5544 3566 5600 humanitate

1999 5625 2327 5691 transmisso,
2361 5622 2652 5689 descriptas
2682 5617 2775 5672 tibi
2799 5628 2940 5671 nunc
2971 5616 3309 5673 exhibemus.

3068 5790 3108 5848 ὃ
