4018 6184
400 289 504 347 1³9

1609 279 1852 337 SANCTI
1892 276 2172 334 MARTlNl
2217 276 2415 333 ΡΛΡᾹΞ
2449 275 2470 330 l

3546 277 3652 334 MO

465 400 681 459 Caelesti
711 398 1021 455 seculorum
1051 394 1157 466 regi
1188 393 1397 449 Christo
1428 394 1535 447 Deo
1574 394 1663 463 qui
1715 408 1808 461 per
1835 408 1964 446 car-
1995 394 2011 449 ἐ

2137 398 2222 463 Τῷ
2253 390 2538 465 ἐπουρανίῳ
2569 387 2771 458 βασιλεῖ
2815 394 2914 441 τῶν
2961 388 3150 442 αἰώνων
3198 395 3405 464 Χριστῷ
3450 397 3524 459 τῷ
3544 399 3656 461 Θεῷ

399 510 523 549 nem
550 508 709 549 unam
742 506 859 546 cum
893 501 1070 543 mente
1117 489 1428 549 animatam,
1471 494 1523 539 et
1554 484 1652 553 ipsi
1684 484 1974 537 secundum

403 582 734 654 hypostasim
785 580 1007 641 unitam,
1042 578 1092 629 in
1125 578 1280 630 terris
1306 576 1569 644 apparuit,
1601 575 1735 643 magi
1768 585 1977 628 terrena

403 688 627 730 munera
658 679 899 741 prompte
930 668 1254 733 obtulerunt,
1304 683 1407 721 non
1459 667 1625 733 magis
1654 680 1772 735 quae
1800 665 1976 719 divina

404 766 571 835 gloria
602 762 770 832 ipsius
796 761 949 830 digna
981 768 1161 814 essent
1188 758 1293 828 (est
1338 758 1479 812 enim
1529 755 1980 824 incomparabilis)

404 869 563 923 quam
586 865 706 920 qute
732 858 1033 919 promptam
1054 864 1241 904 eorum
1262 851 1587 902 voluntatem
1618 846 1978 906 declararent;

406 944 500 996 illa
526 940 669 995 enim
699 939 908 994 inﬁnita
958 948 1063 1004 est,
1119 940 1234 993 lucc
1260 937 1581 1006 singularem
1614 937 1722 991 Deo
1747 952 1982 991 amorem

408 1032 644 1088 exhibet.
676 1030 837 1086 Vobis
865 1040 1067 1097 autem,
1113 1028 1478 1095 serenissime,
1506 1029 1594 1096 qui
1622 1029 1673 1083 in
1723 1038 1859 1083 terra
1891 1044 1986 1097 per

410 1125 580 1191 ipsum
614 1122 847 1193 regnatis
887 1130 943 1177 et
984 1121 1048 1176 ad
1097 1136 1218 1175 eum
1276 1122 1598 1190 properatis,
1647 1136 1766 1175 cum
1821 1122 1986 1174 multa

410 1214 657 1271 libertate
712 1213 945 1284 pretiosa
979 1222 1005 1251 α
1035 1213 1312 1268 οιῑθιίηιιιε
1358 1213 1517 1277 dona,
1559 1212 1648 1281 qui
1681 1226 1868 1267 omnes
1897 1227 1990 1280 per

412 1310 639 1379 gratiam
671 1308 978 1364 sacerdotes
1004 1309 1121 1376 ejus
1152 1309 1466 1369 existimus;
1517 1307 1767 1361 salutaria
1800 1321 1991 1374 nempe

414 1412 719 1455 sanctorum
753 1400 969 1453 Patrum
1023 1410 1077 1453 et
1126 1398 1455 1469 synodorum
1490 1398 1773 1466 prmconia,
1807 1398 1871 1451 ad
1899 1412 1990 1451 ve-

417 1506 529 1545 ram
571 1491 930 1545 ostensionem
992 1490 1213 1544 interna)
1263 1502 1385 1556 erga
1416 1488 1585 1558 ipsum
1619 1487 1901 1541 Dominum
1932 1499 1995 1538 ac

421 1582 585 1634 Deum
617 1589 853 1634 nostrum
880 1579 1170 1643 charitatis,
1227 1589 1283 1633 et
1325 1592 1453 1649 erga
1504 1592 1619 1642 vos,
1674 1577 1761 1646 qui
1796 1578 1993 1632 sinceri

419 1672 535 1742 ejus
560 1674 687 1727 estis
716 1672 965 1726 ministri.
1004 1673 1066 1725 [Ct
1084 1672 1331 1739 quoniam
1362 1688 1511 1724 omne
1531 1673 1708 1723 datum
1730 1671 1993 1740 Optimum,

2076 483 2160 539 διά
2186 486 2377 558 σαρκὸς
2405 484 2482 537 ἐπ’
2521 490 2614 553 γῆς
2640 482 2840 553 φανέντι
2863 488 2953 541 τῆς
2980 487 3165 554 νοερῶς
3200 479 3546 551 ἐψυχωμίνης
3573 485 3657 537 καί

2076 575 2335 632 ένωθείσης
2366 574 2501 642 αὐτῷ
2528 572 2634 624 καθ’
2651 571 2961 637 ὑπόστασιν,
2991 573 3058 625 τά
3086 572 3188 625 ἀπὸ
3216 579 3311 641 γῆς
3354 570 3496 647 δῶρα
3522 594 3656 647 προ-

2077 666 2246 733 θύμως
2276 666 2321 717 οἱ
2353 665 2508 736 μάγοι
2556 666 2900 735 προσήγαγον,
2933 658 2991 715 οὓ
3015 662 3199 743 μάλλον
3228 671 3320 721 τῆς
3348 663 3499 717 αὑτοῦ
3521 664 3662 725 θείας

2079 753 2200 811 ὅντα
2224 754 2370 818 δόξης
2400 756 2581 817 ἐπάξια
2618 754 2949 826 (ἀσύγκριτος
2982 753 3127 828 γὰρ),
3160 751 3189 810 ἦ
3214 762 3305 813 m’c
3342 755 3509 808 αὐτῶν
3536 776 3661 831 προ-

2081 851 2267 918 θυμίας
2296 845 2563 904 δηλωτικὰ.
2592 856 2639 897 ‘tl
2677 848 2766 915 μὲν
2794 846 2890 917 γάρ
2918 846 3053 898 ίστιν
3081 845 3356 916 ἀόριστος,
3398 847 3429 903 ἦ
3469 844 3519 898 δὲ
3548 843 3662 899 δια-

2083 936 2325 1014 φερόντως
2346 936 2586 1006 φιλόθεος.
2610 943 2749 1004 Ὑμῖν
2770 932 2845 997 δέ,
2874 934 3228 1002 γαληνότατοι,
3248 943 3354 994 τοῖς
3378 934 3461 988 ἐπὶ
3481 944 3575 1005 γῆς
3596 934 3647 989 δι

2084 1030 2234 1082 αὑτοῦ
2257 1027 2610 1097 βασιλεύουσι,
2640 1028 2721 1079 καί
2754 1026 2885 1095 πρὸς
2913 1025 3065 1077 αὑτὸν
3090 1024 3426 1095 ἐπειγομένοις
3453 1023 3537 1078 διά
3564 1032 3666 1080 τῶν

2086 1121 2295 1195 ἀρετῶν,
2344 1120 2410 1171 τά
2454 1118 2506 1179 ἐξ
2552 1116 2761 1186 ούρανοῦ
2800 1117 2884 1167 καὶ
2913 1116 2983 1173 εἰς
3013 1116 3255 1187 οὐρανούς
3300 1116 3670 1183 ἀνακομίζοντα

2087 1212 2203 1269 τοὺς
2232 1208 2541 1279 δεχομένους
2565 1211 2660 1262 σύν
2708 1208 2974 1282 παρρησίᾳ
3002 1207 3156 1278 πολλῇ
3182 1209 3505 1281 προσάγομεν
3526 1212 3669 1276 τίμια

2090 1300 2231 1376 δῶρα
2267 1302 2453 1361 πάντες
2496 1302 2661 1372 ἡμεῖς,
2695 1299 2738 1353 οἱ
2764 1299 2919 1352 αὑτοῦ
2966 1299 3093 1351 κατὰ
3132 1296 3292 1370 χάριν
3335 1299 3672 1371 ὑπάρχοντες

2093 1396 2267 1469 ἱερεῖς,
2310 1395 2546 1449 τουτέστι
2573 1395 2638 1447 τά
2663 1396 2891 1465 σωτήρια
2927 1398 3023 1445 τῶν
3063 1389 3215 1460 ἀγίων
3262 1397 3471 1459 πατρῶν
3504 1410 3561 1444 τε
3588 1392 3675 1443 καί

2094 1483 2314 1539 συνόδων
2335 1489 2640 1558 κηρύγματα
2660 1486 2791 1556 πρὸς
2812 1481 3016 1545 ἔνδειξιν
3039 1481 3190 1537 ἀληθῆ
3213 1488 3305 1540 τῆς
3327 1482 3397 1539 εὶς
3413 1481 3572 1534 αὑτὸν
3584 1482 3672 1533 τόν

2098 1577 2269 1645 Κύριον
2296 1575 2455 1643 ἡμῶν,
2504 1574 2589 1626 καί
2614 1574 2756 1634 Θεὸν,
2790 1574 2875 1624 καί
2903 1571 3038 1640 ὑμᾶς
3068 1572 3190 1628 τοὺς
3230 1572 3392 1624 αὑτοῦ
3434 1571 3672 1640 γνησίους

2097 1667 2433 1739 θεράποντας,
2484 1664 2765 1720 ἐνδιαθέτου
2812 1671 3068 1737 στοργῆς,
3123 1661 3293 1721 ἐπειδὴ
3336 1670 3484 1718 πᾶσα
3533 1663 3673 1723 δόσις

419 1773 465 1816 et
494 1778 641 1815 omne
669 1763 855 1815 donum
880 1763 1156 1829 perfectum
1186 1762 1455 1814 desursum
1507 1771 1598 1824 est,
1634 1762 1936 1813 descendens
1966 1775 1998 1811 a

2112 1757 2259 1825 ἀγαθὴ
2302 1757 2392 1813 καί
2411 1760 2515 1810 πᾶν
2541 1753 2751 1827 δώρημα
2779 1754 2993 1816 τέλειον,
3026 1752 3210 1807 ἄνωθέν
3240 1754 3351 1808 ἐστι
3375 1754 3678 1808 καταϐαῖνον

425 1852 585 1905 Patre
610 1853 859 1905 luminum
908 1850 1047 1921 (Jac.
1100 1867 1138 1917 ι,
1192 1850 1306 1919 l7),
1359 1860 1602 1919 tanquam
1659 1851 1995 1919 splendidum

427 1960 615 1997 aurum
647 1944 977 2012 possidemus
1007 1942 1211 1995 ﬁrmam
1244 1943 1293 1996 in
1350 1956 1469 1996 eum
1501 1951 1556 1995 et
1583 1941 1995 1996 sincerissimam

427 2034 854 2099 confessionem;
889 2035 1207 2103 theologiam
1239 2049 1390 2099 vero,
1426 2035 1546 2088 thus
1578 2050 1763 2103 purum
1814 2043 1868 2087 et
1890 2032 1999 2086 exi-

429 2128 590 2181 mium
641 2136 695 2181 et
741 2123 926 2193 Optimi
960 2125 1180 2189 odoris;
1230 2127 1501 2194 myrrham
1553 2124 1999 2179 conservatricem

428 2218 713 2280 bonorum,
743 2226 798 2271 et
846 2216 1235 2269 contrariorum
1277 2215 1628 2282 expultricem
1680 2214 1997 2269 doctrinam.

435 2306 556 2361 llaec
600 2306 744 2361 enim
800 2305 1065 2360 stabiliter
1112 2305 1373 2359 custodita
1417 2313 1575 2359 erunt
1598 2304 1782 2359 dicioni
1814 2316 2004 2361 vestrae

430 2412 630 2451 corona
656 2396 891 2462 decoris,
919 2406 973 2451 et
996 2395 1237 2450 diadema
1269 2395 1451 2463 gloriae
1495 2396 1549 2449 in
1580 2410 1740 2449 manu
1770 2395 2003 2452 Domini.

436 2488 567 2542 Nam
598 2488 746 2557 regni
777 2496 1146 2541 ornamentum
1178 2494 1262 2541 est
1284 2485 1517 2541 veritatis
1545 2486 1796 2555 cognitio,
1829 2490 2004 2558 splen-

428 2580 548 2634 dida
578 2589 633 2635 et
661 2578 1136 2643 iuimarcescibilis,
1193 2591 1415 2645 qureque
1471 2578 1738 2633 invenitur
1784 2579 1866 2633 bis
1914 2579 2006 2648 qui

433 2684 550 2724 eam
577 2678 820 2738 quaerunt
852 2686 867 2724 ι
900 2669 1150 2738 quoniam
1184 2668 1297 2721 haec
1322 2668 1511 2737 dignos
1551 2684 1609 2722 se
1632 2669 1823 2723 circuit
1851 2684 2009 2739 qure-

432 2775 579 2825 rens,
610 2758 748 2813 etiis
769 2772 836 2813 .se
858 2758 1111 2821 os:endit,
1161 2758 1250 2827 qui
1276 2772 1394 2812 eam
1439 2773 1544 2812 non
1594 2767 1818 2814 tentant.
1865 2762 2007 2827 Qua-

432 2863 656 2919 propter
687 2850 858 2913 vobis,
892 2848 1090 2915 optime
1113 2849 1425 2917 imperator,
1462 2859 1519 2904 ut
1550 2849 1831 2903 Dominum
1857 2865 2006 2919 qua:-

434 2941 679 2997 rentibus
700 2940 752 2995 in
781 2940 1120 3010 simplicitate
1149 2941 1348 3007 cordis,
1381 2949 1436 2996 et
1479 2943 1531 2996 in
1560 2944 1752 2998 mentis
1775 2943 2011 2999 bonitate

438 3033 507 3087 de
530 3046 594 3087 eo
622 3032 820 3087 sentire
868 3033 1297 3101 properantibus,
1333 3031 1632 3088 studuimus
1658 3032 1773 3103 ejus
1795 3050 2010 3088 annun-

2097 1846 2199 1898 ἀπὸ
2231 1849 2317 1899 τοῦ
2345 1844 2541 1915 Πατρός
2572 1851 2671 1898 τῶν
2692 1846 2887 1914 φώτων,
2924 1844 3125 1915 χρυσόν
3167 1844 3343 1918 ὥσπερ
3382 1843 3561 1917 διαυγῆ
3590 1865 3674 1896 κε-

2099 1936 2516 2003 κτημένους,τὴν
2562 1933 2779 2005 στερρἀ
2808 1937 2880 1994 εἰς
2923 1936 3075 1987 αὐτόν
3119 1937 3202 1987 καί
3255 1936 3683 2009 εἰλικρινεστάτην

2100 2023 2385 2095 ὁμολογίαν·
2410 2024 2610 2077 λίϐανον
2639 2021 2691 2077 δέ
2728 2024 2943 2098 καθαρόν
2986 2027 3071 2077 καί
3114 2025 3343 2099 ὑπερφυῆ
3396 2028 3477 2077 καί
3513 2024 3679 2083 εὐώδη

2100 2114 2363 2185 θεολογίαν,
2406 2115 2491 2168 καί
2532 2115 2759 2187 σμύρναν
2806 2118 2898 2172 τήν
2934 2114 3228 2186 φυλοκτικὴν
3271 2122 3370 2168 τῶν
3407 2114 3568 2169 καλῶν
3594 2118 3681 2169 καί

2102 2208 2396 2265 ἀπωστικὴν
2414 2215 2512 2263 τῶν
2532 2208 2761 2262 ἐναντίων
2785 2206 3127 2263 διδασκαλίαν.
3142 2205 3382 2265 Ἔσονται
3398 2213 3460 2284 γά
3466 2232 3495 2286 ρ
3515 2219 3685 2268 ταῦτα

2104 2300 2323 2369 παγίως,
2372 2306 2446 2371 τῷ
2488 2299 2724 2374 ὑμετέρῳ
2772 2301 3153 2371 συντηρούμενα
3200 2302 3394 2373 κράτει,
3442 2305 3687 2375 στέςιανος

2104 2390 2340 2456 κάλλους,
2390 2394 2472 2447 καί
2500 2388 2720 2461 διάδημα
2750 2389 2917 2455 δόξης,
2966 2392 3015 2444 έν
3042 2395 3181 2465 χειρί
3228 2397 3439 2468 Κυρίου.
3478 2397 3687 2468 Κόσμος

2106 2482 2202 2555 γάρ
2226 2480 2485 2553 βασιλείας
2516 2482 2674 2545 ἐστίν,
2701 2483 2731 2539 ἡ
2757 2490 2847 2541 τῆς
2873 2481 3103 2541 ἀληθείας
3133 2483 3424 2555 ἐπίγνωσις,
3472 2484 3689 2562 λαμπρά

2054 2620 2055 2625 η
2108 2578 2190 2628 καί
2230 2576 2517 2650 ἀμάραντος
2544 2570 2698 2637 οὖσα,
2747 2577 2833 2630 καί
2861 2576 3187 2650 εὑρισκομένη
3224 2584 3332 2637 τοῖς
3361 2579 3690 2642 ἐπιζητοῦσιν

2109 2669 2263 2726 αὐτὴν
2286 2707 2302 2733 ,
2354 2666 2436 2723 ὅτι
2462 2669 2583 2728 τοὺς
2622 2669 2791 2732 ἀξίους
2834 2669 2959 2726 αύτή
2998 2670 3327 2740 περιέρχεται
3356 2673 3578 2733 ζητοῦσα
3605 2674 3693 2728 καί

2110 2759 2430 2830 ἐμφανίζεται
2456 2765 2567 2818 τοῖς
2596 2764 2665 2828 μή
2691 2759 3022 2833 πειράζουσιν
3051 2760 3228 2827 αὑτήν.
3259 2756 3329 2812 Οὑ
3359 2761 3518 2830 χάριν
3544 2762 3689 2834 ὑμῖν,

2112 2850 2349 2925 κράτιστε
2376 2852 2647 2923 βασιλέων,
2690 2853 2757 2910 ὡς
2786 2852 2833 2903 ἐν
2857 2850 3100 2909 ἁπλότητι
3140 2850 3353 2926 καρδίας
3391 2854 3693 2917 ἐπιζητοῦσι

2111 2947 2193 2999 τᾶν
2220 2946 2412 3018 Κύριον,
2444 2947 2529 2998 καί
2549 2945 2598 2997 ἐν
2627 2942 2898 3012 ἀγαθότητι
2926 2940 3146 3003 διανοίας
3169 2943 3231 2998 τά
3251 2947 3365 3021 περὶ
3389 2946 3542 2999 αὑτοῦ
3570 2966 3695 3021 φρο-

2110 3044 2209 3091 νεῖν
2237 3037 2594 3109 ἐπειγομένοις,
2628 3035 2927 3109 ἐξαγγέλλειν
2958 3037 3115 3089 αὑτοῦ
3144 3036 3202 3090 τὸ
3229 3040 3474 3111 σωτήριον
3501 3039 3695 3093 ἕσπον-

436 3122 573 3178 tiare
614 3123 847 3177 salutare
890 3122 989 3177 hac
1036 3122 1313 3179 relationis
1370 3130 1568 3179 nostra:
1624 3124 2007 3181 mediocritate.

2114 3126 2359 3195 δάσαμεν,
2412 3125 2495 3181 διὰ
2518 3124 2673 3183 τῆσδε
2717 3134 2807 3186 τῆς
2832 3126 3043 3199 μετρίας
3082 3126 3220 3194 ἡμῶν
3250 3128 3520 3200 ἀναφορᾶς.
3552 3137 3698 3201 Ἦμῖν

440 3214 607 3270 Nobis
633 3214 773 3269 enim
824 3227 918 3282 per
973 3216 1137 3267 Amos
1175 3213 1489 3283 prophetam
1517 3213 1584 3268 de
1607 3229 1666 3269 se
1696 3216 2010 3272 annuntiare

441 3304 723 3376 pracepit,
770 3302 957 3358 dicens
1000 3319 1013 3355 :
1057 3302 1366 3357 Sacerdotes
1413 3304 1608 3369 audite,
1658 3314 1705 3358 et
1759 3306 2013 3374 testiﬁca-

441 3396 566 3449 ηιίηὶ
618 3394 793 3447 domui
845 3392 1036 3457 Israel,
1092 3393 1215 3447 dicit
1246 3392 1497 3449 Dominus
1529 3393 1666 3448 Deus
1697 3398 2013 3465 omnipotens

443 3485 639 3551 (Anus.
674 3480 775 3551 tu).
810 3481 1111 3537 Edocemus
1142 3483 1300 3552 igitur
1329 3483 1471 3552 pium
1497 3495 1729 3538 vestrum
1762 3499 1824 3539 ac
1869 3501 2017 3541 sere-

447 3589 574 3628 num
603 3574 909 3642 imperium,
942 3573 1083 3642 quod
1114 3573 1165 3627 in
1216 3574 1315 3628 hac
1362 3574 1451 3629 Dei
1483 3584 1695 3630 amante
1720 3585 1773 3631 et
1794 3576 2018 3632 cultrice

450 3672 623 3719 vestra
656 3665 786 3718 urbe
820 3663 987 3717 Roma
1017 3664 1402 3719 convenientes
1426 3680 1525 3720 nos
1552 3680 1759 3729 omnes,
1817 3668 1906 3737 qui
1951 3668 2018 3721 ad

450 3753 912 3808 mansuetudinem
954 3762 1191 3808 vestram
1240 3754 1599 3824 confugimus,
1631 3769 1697 3809 ex
1729 3758 2019 3824 apostolica

455 3855 510 3901 et
538 3846 801 3916 spirituali
829 3846 1175 3901 unanimitate
1191 3854 1245 3902 et
1261 3860 1550 3913 consensu,
1570 3848 1619 3901 in
1638 3848 1822 3901 eadem
1844 3857 2023 3904 mente

452 3945 506 3992 et
532 3935 716 3991 eadem
741 3937 1026 4000 sententia,
1060 3936 1200 4004 piam
1249 3936 1560 3991 orthodoxa:
1611 3936 2026 3993 ﬁdeidclinitio-

457 4041 579 4081 nem
636 4026 1092 4090 conﬁrmavimus,
1150 4036 1204 4081 et
1256 4036 1613 4096 congruenter
1638 4027 2027 4083 inlirtnavimus

457 4118 915 4173 inconvenientem
945 4117 1314 4172 haereticorum
1364 4131 1691 4184 sermonem,
1734 4120 1822 4187 qui
1854 4134 2027 4185 quon-

456 4209 578 4262 dam
606 4208 802 4277 quique
831 4221 971 4260 nunc
1015 4206 1350 4275 propriorum
1381 4221 1633 4261 sensuum
1680 4211 1938 4278 pravitate
1968 4226 2029 4264 se

463 4315 493 4353 a
524 4300 751 4354 veritate
779 4308 1111 4365 separarunt,
1145 4298 1254 4365 qui,
1289 4300 1427 4351 intra
1474 4299 1680 4367 seipsos
1729 4315 1833 4353 non
1886 4312 2031 4355 recte

469 4391 791 4455 ratiocinati,
823 4391 1071 4444 dixerunt
1101 4406 1203 4444 non
1238 4390 1435 4445 habere
1469 4393 1519 4444 in
1554 4392 1897 4448 humanitatis
1920 4408 2030 4446 sua:

2110 3220 2211 3292 γάρ
2236 3217 2629 3293 παρακελεύεται
2654 3213 2912 3285 διά’Λμώς
2931 3221 3023 3271 τοῦ
3052 3220 3336 3292 προφήτου,
3374 3219 3441 3271 τά
3464 3222 3579 3295 περὶ
3603 3221 3701 3276 αὑ-

2114 3314 2204 3363 τοῦ
2232 3305 2555 3378 διαγγέλλειν,
2595 3305 2815 3377 φάσκων·
2850 3312 3019 3377 Ἱερεῐς
3060 3308 3336 3370 ἀκούσατε,
3366 3310 3451 3361 καί
3481 3310 3699 3385 ἐπιμαρο

2115 3398 2305 3473 τύρατε
2350 3407 2422 3471 τῷ
2447 3397 2564 3470 οἴκῳ
2592 3399 2801 3475 Ἰσραήλ,
2838 3399 2965 3472 λέγει
3011 3400 3183 3473 Κύριος
3229 3398 3401 3458 όΘεός
3446 3397 3471 3454 ὁ
3509 3421 3701 3455 παντο-

2118 3496 2337 3569 κράτωρ.
2368 3491 2746 3563 Ἐκδιδάσκομεν
2786 3487 2874 3545 οὖν
2918 3494 2976 3547 τό
3016 3493 3225 3551 εὐσεϐές
3266 3492 3406 3563 ὑμῶν
3434 3495 3518 3547 καί
3543 3494 3702 3562 γαλή-

2119 3610 2215 3642 νιον
2235 3590 2437 3664 κράτ;ς,
2468 3586 2546 3642 ότι
2568 3587 2701 3641 κατά
2724 3584 2868 3643 τήνδε
2895 3591 2995 3653 τήν⁸
3014 3586 3340 3657 φιλόχριστον
3363 3588 3444 3639 καί
3469 3584 3704 3645 δουλικὴν

2124 3682 2263 3746 ὑμῶν
2291 3682 2389 3730 τῶν
2418 3676 2669 3744 Ῥωμαίων
2701 3674 2839 3729 πόλιν
2863 3673 2946 3727 ἐπὶ
2978 3675 3032 3727 τό
3056 3674 3181 3728 αὑτό
3216 3673 3533 3734 συνελθόντες
3556 3675 3705 3743 ἡμεῖς

2123 3766 2342 3825 ἅπαντες
2354 3766 2398 3818 οί
2417 3772 2506 3824 τῆς
2522 3773 2616 3824 σῆς
2633 3766 2751 3839 tam
2760 3764 2937 3822 ότητος
2949 3761 3264 3837 πρόσφυγες,
3281 3765 3330 3827 ἐξ
3341 3763 3703 3825 ἀποστολικῆς,

2122 3859 2272 3927 ἤγουν
2283 3864 2596 3926 πτευματιῆς
2610 3854 2776 3925 ὁμοψυ
2784 3856 2905 3925 χίας
2923 3874 2972 3907 τε
2991 3856 3071 3908 καί
3092 3856 3396 3925 συμφωνίας,
3416 3853 3462 3906 ἐν
3477 3860 3547 3923 τῷ
3566 3853 3706 3924 αὖτῷ

2125 3947 2194 4000 νοέ
2218 3951 2375 4017 καίτῇ
2397 3951 2519 4019 αἰτῇ
2539 3948 2728 4017 γνώμῃ,
2760 3946 2842 3999 τὸν
2869 3944 3047 4002 εὐσεϐῆ
3080 3952 3167 4003 τῆς
3190 3943 3452 4018 όρθοδόξου
3478 3948 3707 4004 πίστεως

2129 4035 2402 4095 συνοδικῶς
2424 4037 2751 4107 ἓκυρὼσαμεν
2776 4033 2915 4109 ὅρον,
2933 4036 3337 4110 ἀπεκυρώσαμεν
3358 4034 3409 4090 δέ
3432 4036 3710 4106 προσηκόν-

2128 4147 2228 4186 τως
2247 4127 2327 4180 τόν
2348 4132 2444 4179 τῶν
2474 4126 2524 4177 αἱ
2528 4131 2734 4199 ρετικῶν
2767 4124 3058 4196 ἀσύμϐατον
3082 4124 3242 4196 λόγον,
3267 4132 3421 4179 τῶντε
3440 4126 3595 4180 πάλαι
3622 4128 3712 4180 καὶ

2129 4224 2227 4271 τῶν
2246 4222 2329 4268 νῦν
2350 4215 2636 4272 σκολιότητι
2660 4222 2758 4269 τῶν
2778 4217 2967 4269 οἰκείων
2980 4215 3232 4288 λογισμῶν
3248 4217 3349 4269 ἀπὸ
3369 4225 3457 4275 τῆς
3476 4216 3708 4276 ἀληθείας

2132 4306 2341 4363 ἑαυτούς
2372 4303 2733 4376 χωρισάντων,
2781 4305 2828 4357 οἶ
2856 4325 2986 4366 τινες
3017 4301 3155 4360 εἶπον
3181 4307 3230 4358 ἓν
3258 4306 3460 4365 ἑαυτοῖς
3503 4306 3713 4377 λογισά-

2134 4416 2268 4465 μενοι
2295 4397 2383 4447 ούκ
2412 4396 2590 4468 ὀρθῶς,
2617 4401 2686 4465 μή
2714 4393 2856 4465 ἔχειν
2886 4395 3082 4453 θέλησιν
3108 4394 3137 4455 ἧ
3167 4398 3413 4472 ἐνέργειαν
3438 4404 3646 4467 φυσικήν
3664 4400 3713 4451 ἐν

466 4494 652 4538 natura
670 4483 995 4537 voluntatem
1018 4495 1107 4537 aut
1125 4488 1485 4552 Operationem
1514 4489 1830 4553 naturalem,
1859 4487 2011 4557 ipsun

2134 4493 2196 4557 τῇ
2222 4486 2366 4553 φύσει
2390 4493 2481 4544 τῆς
2501 4481 2609 4537 κατ’
2632 4485 2778 4539 αὐτόν
2800 4485 3177 4558 ἀνθρωπότητος
3208 4486 3358 4539 αὐτόν
3387 4488 3468 4540 τὸν
3496 4484 3557 4540 δι’
3579 4489 3715 4556 ἡμᾶς

464 4574 553 4644 qui
580 4583 794 4644 promer
826 4589 922 4628 nos
966 4574 1284 4629 humanatus
1307 4585 1405 4639 est,
1444 4577 1759 4643 Dominum;
1794 4582 1885 4633 sed
1918 4582 2034 4636 sine

466 4667 741 4720 voluntate
767 4665 937 4731 ipsum
968 4664 1216 4731 existere,
1244 4680 1304 4718 ac
1336 4668 1451 4719 sine
1490 4671 1826 4737 operatione,
1861 4670 2036 4723 intan-

472 4756 789 4826 gibilemque
817 4766 870 4811 et
918 4756 1203 4810 inaniment
1233 4770 1379 4822 esse;
1412 4768 1466 4812 et
1510 4760 1751 4827 quidem,
1784 4776 1903 4815 cum
1937 4761 2035 4815 Pa-

478 4860 617 4902 trum
660 4846 923 4913 doctrina,
970 4856 1157 4902 testem
1187 4846 1422 4902 veritatis
1466 4851 1735 4917 propriam
1781 4850 2038 4904 habentes

477 4946 742 5002 naturam,
775 4937 841 4992 ad
870 4936 1286 5005 redarguendam
1330 4952 1469 5003 eam,
1518 4954 1633 5007 quae
1659 4938 1725 4992 de
1754 4939 1855 4993 hoc
1881 4942 1945 4993 ab
1974 4939 2038 4994 iis

473 5029 876 5098 dogmatizatur,
908 5027 1310 5092 absurditatem,
1356 5044 1475 5081 cum
1509 5029 1859 5082 substantiam
1889 5045 2039 5085 suam

477 5126 685 5180 videant
714 5125 780 5178 ab
806 5124 921 5191 ipso
952 5122 1200 5177 Creatore
1230 5121 1497 5176 voluntate
1529 5122 1807 5191 praeditam
1841 5132 1894 5176 et
1914 5136 2040 5191 ope-

478 5217 723 5271 ratoriatu
754 5214 941 5269 factam
971 5229 1106 5279 esse,
1137 5213 1403 5282 quomodo
1454 5214 1607 5282 igitur
1642 5229 1670 5266 a
1718 5229 1778 5267 se
1822 5213 2044 5267 labrica-

484 5321 611 5373 tam,
643 5316 698 5362 et
726 5306 933 5375 propria
990 5305 1350 5358 incarnatione
1390 5314 1720 5373 assumptum
1753 5319 1782 5357 a
1813 5305 2043 5358 natura'i

488 5399 757 5453 voluntate
795 5405 849 5451 et
871 5397 1175 5466 operatione
1203 5395 1488 5461 deminuit,
1543 5412 1647 5449 non
1682 5410 1807 5449 vere
1852 5396 2051 5449 faciens

489 5488 798 5543 substantia;
837 5497 1031 5540 nostra:
1062 5486 1114 5539 in
1166 5499 1226 5539 se
1266 5486 1447 5549 tidem,
1497 5485 1590 5539 sed
1644 5485 1955 5554 imaginarie
2000 5497 2053 5539 et

482 5580 741 5635 fallaciter
762 5580 862 5647 dis;
882 5578 1211 5633 eosationcm
1241 5579 1534 5632 secundum
1563 5577 1682 5632 illos
1716 5588 2050 5647 perpetratis,

2136 4578 2585 4654 ἑνανθρωτήσαντα
2615 4579 2809 4653 Κύριον·
2844 4578 2942 4631 ἀλλ’
2963 4578 3249 4635 ἀνεθέλητον
3276 4579 3533 4649 ὑπάρχειν
3565 4581 3717 4634 αὑτὸν

2138 4673 2219 4723 καὶ
2245 4670 2591 4740 άνενέργητον,
2630 4667 2848 4723 ἆναπτόν
2876 4688 2928 4722 τε
2957 4672 3036 4722 καί
3064 4666 3296 4739 ἄψυχον,
3327 4674 3409 4722 καί
3431 4692 3509 4723 τοι
3533 4672 3631 4724 σὺν
3654 4679 3715 4742 τῇ

2139 4770 2357 4837 πατρικῇ
2391 4760 2706 4833 διδασκαλίᾳ,
2756 4764 2997 4836 μάρτυρα
3026 4770 3117 4821 τῆς
3152 4763 3381 4822 ἀληθείας
3419 4768 3507 4820 τὴν
3538 4765 3718 4817 οἰκείαν

2142 4853 2349 4925 ἔχοντες
2387 4856 2561 4925 φύσιν,
2600 4856 2669 4913 εἷς
2698 4852 2912 4923 ἔλεγχον
2951 4862 3040 4914 τῆς
3069 4858 3187 4929 περὶ
3209 4856 3391 4909 τούτου
3416 4853 3719 4927 δογματιζο-

2142 4948 2288 5016 μένης
2317 4946 2486 5005 αὐτοῖς
2535 4946 2770 5006 ἀτοπίας.
2814 4945 3073 5004 θελητικῂν
3106 4948 3317 5022 ἐρῶντες
3360 4950 3438 5001 καί
3469 4947 3721 5022 ἐνεργητι-

2144 5040 2234 5091 κήν
2259 5040 2349 5092 τήν
2377 5034 2570 5087 ἑαυτῶν
2601 5035 2778 5087 οὐσίαν
2808 5032 2896 5086 ὑπ’
2917 5035 3070 5088 αὑτοῦ
3094 5036 3355 5105 γενομένην
3382 5042 3475 5090 τοῦ
3505 5038 3723 5089 κτίσαν-

2142 5147 2249 5186 τος.
2278 5133 2384 5185 Πῶς
2404 5121 2488 5178 οὖν
2513 5129 2601 5182 τήν
2631 5124 2760 5178 οὕτω
2791 5121 3248 5196 δημιουργηθεῑσαν
3275 5123 3530 5181 ὑπἀὐτοῦ
3556 5145 3694 5198 προσ
3713 5155 3725 5164 -

2144 5219 2409 5290 ληφθεῖσαν
2455 5226 2515 5289 τῇ
2544 5220 2705 5290 οἰκείᾳ
2750 5219 3004 5290 σαρκώσει
3044 5219 3175 5270 κατά
3203 5221 3412 5286 φυσικήν
3438 5218 3725 5286 ἀπεμείωσε

2147 5309 2343 5365 θέλησιν
2372 5308 2456 5361 καί
2477 5307 2744 5378 ἐνέργειαν,
2777 5307 2833 5359 οὑ
2858 5309 3243 5371 πιστωσάμενος
3271 5307 3461 5367 ἀληθῶς
3484 5310 3533 5361 ἐν
3560 5308 3729 5378 ἐαυτῷ

2155 5404 2244 5457 τήν
2266 5399 2512 5471 ἡμετέραν
2538 5395 2733 5456 ουσίαν,
2756 5398 2877 5451 ἀλλά
2898 5400 3152 5469 φαντάσγς
3173 5399 3440 5459 ἀπατηλῶς
3468 5398 3582 5454 κατ’
3605 5400 3729 5452 ἐκεί·

2156 5507 2270 5547 νους
2296 5494 2384 5545 τήν
2423 5490 2724 5556 οἰκονομίαν,
2746 5486 2801 5539 -οἳ
2840 5486 2921 5541 διά
2958 5494 3107 5543 τοῦτο
3135 5490 3219 5541 καὶ
3240 5493 3356 5558 μίαν
3385 5497 3474 5549 τῆς
3503 5488 3730 5549 θεότητος

2160 5583 2315 5635 αὑτοῦ
2358 5583 2555 5640 καὶτῆς
2586 5580 2965 5655 ἀνθρωπότητος
2987 5581 3248 5655 ὑπάρχειν
3289 5580 3616 5653 ἐδογμάτισαν
3653 5581 3738 5638 θί-

567 5730 593 5758 '
616 5721 669 5774 lo
702 5720 883 5774 (ἐκεεο
906 5734 932 5772 a
958 5718 1109 5772 ’ditur
1144 5736 1153 5770 :
1188 5718 1310 5783 Qua:
1331 5718 1391 5771 de
1421 5716 1541 5772 caelo
1568 5726 1706 5786 sunt,
1731 5724 1774 5769 et
1793 5716 1859 5770 ad
1882 5717 2030 5773 (celos
2058 5718 2345 5786 perducunt
2380 5729 2460 5767 ros
2490 5713 2574 5781 qui
2604 5713 2709 5766 ha'c
2738 5714 3040 5780 susripiun'.
3073 5712 3239 5767 llsno.
