4018 6184
283 306 382 364 Nl

1508 309 1878 367 EPISTOLIE.
1920 342 1988 355 -—
2018 315 2227 374 EPIST.
2261 317 2344 374 Ill.

3446 336 3546 389 Mi

278 425 431 481 λησεν
462 426 545 479 καί
568 423 835 493 έλργειαν.
856 419 1035 496 ἐφ“οί’ς
1053 423 1105 476 έκ
1122 422 1324 477 πάντων
1346 421 1538 493 σχεδὸν
1558 431 1656 479 τῶν
1678 425 1873 498 ἑτέραις

1980 427 2066 495 qui
2088 430 2155 482 ob
2186 428 2285 483 hoc
2312 443 2465 484 unam
2494 429 2780 488 divinitatis
2827 434 2942 504 ejus
2995 446 3152 507 atque
3202 439 3546 499 humanitatis

280 516 385 567 έπα
387 534 419 587 ρ
423 519 572 584 χίαις
582 514 961 587 παροικούντων
975 512 1206 586 θεοφιλῶν
1219 515 1528 581 ἐπισκόπων,
1542 518 1730 569 καὶτῶν
1740 516 1868 570 κατά

281 606 481 661 ταύτην
503 602 781 677 ἱδρυμένων
808 608 898 662 τήν
922 604 1276 678 πρεσϐυτέραν
1303 603 1491 674 Ῥώμην
1528 605 1873 660 ἀποστολικῶν

282 699 578 771 ἆφχιερέων
601 698 930 767 ἀγαπητικιῖκ
945 696 1434 767 ύπομιμνησκόμενοι
1455 699 1539 750 καὶ
1558 696 1876 766 νουθετούμε-

280 808 359 843 vet
391 796 483 848 τῆς
510 789 753 847 τοιαύτης
777 788 943 842 αὐτῶν
957 784 1271 847 έπιϐλαϐοὗς
1291 788 1624 858 ἀποσχέσθαι
1646 807 1875 841 καινοτο-

282 880 425 945 μίας,
449 880 521 937 εἰς
548 875 822 953 διόρθωσιν
961 878 1048 930 οὒκ
1076 874 1238 935 ἧλθσν⁶
1264 878 1349 931 ἰπὶ
1376 876 1430 931 δέ
1449 879 1508 932 τὸ
1525 885 1702 952 χεῖρον
1721 880 1876 953 προέ-

282 966 469 1036 ῑοψα-ν,
494 967 783 1027 συνελόντες
810 975 872 1041 τῇ
897 966 1010 1023 κατ’
1031 968 1180 1023 αύτόν
1203 969 1482 1043 ἀνθρωπίνῃ
1496 1008 1511 1032 ,
1534 972 1616 1025 καί
1634 974 1725 1028 τήν
1748 970 1880 1024 θείαν

280 1058 443 1110 αὐτοῦ
464 1058 663 1114 θέλησιν
689 1060 774 1111 καί
800 1058 1064 1131 ἐνέργειαν*
1088 1054 1172 1112 οἷα
1190 1056 1436 1129 μηδαμῶς
1456 1057 1705 1130 μηδεμίαν
1731 1058 1763 1113 έ¹
1764 1081 1879 1130 χειν

281 1149 435 1203 αὐτὸν
461 1149 511 1201 έν
540 1148 758 1223 ἑκατέρᾳ
783 1156 883 1204 τῶν
918 1145 985 1201 ὧν
1020 1152 1107 1204 καὶ
1135 1150 1187 1203 ἓν
1217 1146 1295 1209 αἷς
1324 1150 1463 1204 ἐστιν
1503 1152 1882 1223 ἀποφηνάμενοι

279 1243 488 1311 φύσεων
509 1241 707 1298 θέλησιν
730 1244 813 1295 καί
832 1241 1100 1316 ένέργειαν,
1133 1238 1244 1296 ἄλλ’
1265 1243 1552 1303 ἀνεθέλητον
1586 1240 1708 1297 εἶναι
1734 1245 1884 1315 φύσει

278 1338 365 1387 καί
380 1335 727 1406 ἀνενέργητον,
753 1332 880 1410 ὅπερ
905 1336 1105 1388 πάντων
1125 1355 1178 1389 τε
1200 1339 1287 1390 καί
1302 1343 1481 1390 πασῶν
1503 1343 1599 1391 τῶν
1616 1336 1771 1407 ἁγίων
1788 1358 1883 1390 πα·

282 1433 425 1501 τρῶν
453 1428 537 1479 καί
562 1432 662 1480 τῶν
690 1426 1046 1495 οἰκουμενικῶν
1069 1427 1214 1481 πέντε
1232 1424 1452 1481 συνὸδων
1472 1426 1743 1499 ἀνατρέπει
1760 1428 1881 1495 τοὺς

279 1518 597 1589 ὅρους,ωά
606 1519 774 1573 πάντα
784 1518 1063 1574 τέλειοντὸν
1074 1522 1213 1575 αὐτὸ.
1232 1520 1281 1573 έν
1291 1521 1598 1582 θεότητι,καί
1610 1521 1787 1577 τέλειον
1798 1522 1883 1575 τὸν

281 1610 440 1663 αὐτὸν
465 1609 514 1661 έν
534 1609 880 1679 ἀνθρωπότητι
898 1611 1241 1683 κηρυξάντων,
1264 1610 1419 1676 μόνης
1444 1609 1574 1681 δίχα
1594 1619 1684 1671 τῆς
1708 1611 1880 1686 ἀμαρ-

279 1703 427 1761 τίας·
456 1703 515 1755 ού
546 1704 646 1776 γάρ
676 1699 729 1756 έν
771 1702 999 1777 ἁμαρτίᾳ
1025 1704 1081 1758 τὸ
1107 1702 1292 1765 έντελές
1320 1702 1498 1778 ὁρᾶται
1534 1712 1625 1765 τῆς
1654 1706 1876 1777 φύσεως,

1975 517 2299 597 voluntatem
2352 527 2407 573 et
2467 522 2830 590 operationem
2886 538 3006 582 esse
3069 528 3546 597 dogmatizarunt?

1973 596 2304 676 Quapropter
2332 610 2400 664 ab
2425 612 2673 667 omnibus
2723 615 2832 669 fere
2872 616 3095 671 aliarum
3143 596 3539 687 provinciarum

1981 697 2093 751 Deo
2123 698 2444 755 amabilibus
2470 701 2760 773 episcopis,
2812 714 2867 760 et
2908 706 2978 761 ab
3006 712 3313 778 apostolicis
3337 717 3548 782 pontifi-

1981 790 2131 844 cibus
2157 791 2208 843 in
2233 788 2332 846 hac
2357 793 2571 850 seniore
2602 795 2771 851 Roma
2815 801 3139 869 constitutis,
3184 803 3235 857 in
3265 804 3548 862 dilectione

1980 880 2288 946 admonitis,
2319 891 2375 937 ut
2397 883 2465 938 ab
2492 883 2755 954 ejusmodi
2777 887 3064 945 damnabili
3118 894 3354 949 novitate
3377 897 3548 950 absti-

1982 980 2193 1035 nerent,
2223 973 2289 1026 ad
2320 978 2710 1032 correctionem
2736 994 2844 1034 non
2871 991 3149 1046 venerunt,
3182 985 3276 1039 sed
3320 988 3373 1040 in
3403 988 3550 1043 dete—

1982 1064 2093 1118 rius
2126 1067 2390 1135 progressi
2417 1076 2560 1134 sunt,
2588 1069 2819 1124 divinam
2840 1071 2955 1141 ejus
2986 1075 3317 1131 voluntatem
3342 1087 3397 1133 et
3420 1094 3549 1148 ope-

1981 1151 2241 1208 rationem
2270 1155 2322 1209 in
2348 1156 2635 1211 humanam
2663 1162 3064 1227 contrahentes,
3119 1179 3182 1218 ac
3213 1167 3374 1220 veluti
3400 1181 3548 1223 asse-

1982 1254 2161 1299 rentes
2191 1245 2391 1301 nullam
2424 1247 2531 1302 ullo
2561 1249 2720 1305 modo
2752 1265 2873 1306 eum
2923 1251 2975 1306 in
3004 1263 3225 1324 utraque
3249 1271 3451 1324 earum,
3482 1277 3546 1314 ex

1980 1335 2169 1404 quibus
2217 1346 2272 1392 et
2325 1340 2377 1393 in
2426 1339 2620 1409 quibus
2649 1351 2730 1396 est
2771 1352 3105 1410 naturarum,
3150 1348 3472 1404 voluntatem
3499 1363 3549 1405 et

1981 1429 2349 1496 Operationem
2378 1431 2595 1498 habere,
2626 1435 2720 1489 sed
2762 1435 2965 1504 absque
3007 1439 3277 1495 voluntate
3306 1453 3547 1497 naturam

1981 1532 2125 1584 esse,
2160 1529 2214 1573 et
2242 1519 2444 1590 absque
2472 1526 2783 1591 operatione
2810 1543 2825 1579 :
2853 1527 2993 1596 quod
3019 1530 3254 1584 omnium
3288 1542 3397 1587 tum
3425 1548 3551 1588 san-

1980 1622 2191 1666 ctorum
2223 1611 2463 1682 Patrum,
2497 1625 2605 1670 tum
2638 1620 3094 1675 uacumenicorum
3113 1624 3343 1693 quinque
3372 1628 3550 1679 conci-

1979 1703 2170 1758 liorum
2195 1705 2535 1762 deﬁnitiones
2560 1710 2768 1775 evertit,
2794 1726 2911 1779 quae
2941 1726 3035 1780 per
3054 1714 3233 1768 omnia
3255 1716 3548 1784 perfectum

282 1792 415 1844 ἀλλά
442 1793 501 1846 τὸ
532 1794 752 1864 ἐμπαθές
797 1801 889 1854 τῆς
915 1796 1055 1864 ἡμῶν
1081 1795 1467 1866 ἐπιγινώσκεται
1505 1795 1871 1869 παραϐάσεως·

1980 1795 2227 1849 eumdem
2286 1796 2337 1849 in
2390 1796 2682 1865 divinitate,
2713 1809 2767 1853 et
2794 1799 2847 1855 in
2886 1801 3213 1859 humanitate
3254 1805 3546 1872 perfectum

280 1888 326 1937 εἰ
350 1883 407 1939 δέ
437 1886 621 1940 τέλειον
649 1888 781 1941 κατά
808 1890 999 1952 πάντα,
1046 1884 1269 1945 δηλονότι
1311 1890 1397 1941 καί
1419 1889 1546 1942 κατά
1574 1888 1765 1945 θέλησιν
1791 1891 1874 1942 καὶ

282 1977 562 2049 ἕνέργειαν,
592 1977 768 2050 ὥσπερ
796 1979 878 2031 καὶ
903 1975 1051 2048 φύσιν
1074 1973 1304 2049 ἂναρχὸν
1332 1997 1387 2033 τε
1415 1980 1501 2031 καὶ
1525 1974 1763 2033 ἅκτιστον
1791 1980 1877 2033 καί

281 2069 419 2121 κατά
448 2068 759 2141 ἀνθρωπίνην
788 2067 982 2124 θέλησιν
1008 2070 1091 2120 καί
1120 2069 1389 2141 ἰνέργειαν,
1418 2068 1593 2141 ὥσπερ
1620 2071 1703 2122 καί
1724 2070 1875 2139 φύσιν

281 2158 536 2229 ἧργμένην
558 2177 611 2211 τε
641 2158 727 2210 καί
752 2161 959 2214 κτιστήν
983 2157 1231 2212 τελείωσιν
1255 2156 1281 2211 ὁ
1316 2158 1467 2218 «ora;
1483 2174 1497 2188 '
1544 2161 1629 2213 τὸν
1653 2160 1752 2234 γάρ
1780 2181 1874 2214 κα·

281 2251 353 2303 τά
377 2270 429 2301 τι
453 2255 590 2316 μεῖον
614 2255 661 2309 ³,
681 2247 851 2302 ἀθετεῖ
877 2244 1139 2319 προδήλως
1157 2247 1243 2302 τὸν
1263 2255 1354 2302 τοῦ
1385 2248 1572 2303 τελείου
1594 2248 1737 2320 λόγου
1766 2250 1875 2304 ένο-

282 2342 474 2416 ρτὶσθαι
493 2337 739 2409 μηδαμῶς
762 2338 907 2392 αὑτὸν
930 2346 1236 2414 συγχωρῶν,
1261 2338 1343 2394 διά
1357 2345 1444 2396 τήν
1461 2347 1551 2394 τοῦ
1575 2343 1705 2395 κατά
1725 2342 1875 2414 φύσιν

281 2435 628 2504 προσήκοντος
658 2428 877 2500 ἔλλειψιν
895 2472 907 2491 ,
934 2430 992 2488 ἣν
1020 2431 1068 2483 οί
1098 2428 1163 2485 δι’
1182 2430 1428 2494 ἐναντίας,
1458 2434 1617 2502 φαμὲν
1640 2431 1724 2497 δὲ,
1754 2430 1876 2487 Θεό-

283 2523 453 2597 δωρος
478 2522 505 2578 ὅ
529 2532 621 2583 τῆς
646 2522 810 2597 Φαράν
838 2522 1117 2583 έπίσκοπος
1140 2526 1377 2597 γεγονώς,
1410 2527 1493 2579 καί
1522 2526 1681 2599 Κύρος
1706 2524 1732 2579 ὁ
1753 2525 1877 2580 Ἀλε·

282 2613 567 2690 ξανδρείας,
591 2615 789 2689 Σέργιος
817 2612 843 2668 ὃ
872 2622 963 2674 τῆς
988 2612 1280 2684 βασιλίδος,
1312 2617 1394 2667 καί
1420 2615 1463 2668 οί
1483 2616 1671 2670 τούτου
1704 2614 1876 2672 διάδο-

285 2730 402 2779 χοι,
422 2707 616 2779 Πύρρος
631 2710 715 2761 καί
734 2705 942 2770 Παῦλος,
962 2705 1011 2758 έν
1029 2707 1207 2780 πρώτῃ
1223 2725 1278 2760 τε
1301 2708 1388 2760 καί
1408 2703 1621 2780 δευτέρᾳ
1642 2708 1875 2771 συντάξει

283 2806 387 2855 τῶν
433 2800 630 2853 οἰκείων
676 2796 975 2868 δογμάτων,
1030 2798 1088 2851 ού
1124 2797 1268 2867 μόνον
1305 2796 1602 2869 ἐνήργησαν,
1644 2798 1767 2853 άλλά
1794 2801 1877 2853 καί

284 2888 641 2953 έσπούδασαν,
670 2894 761 2947 τήν
795 2891 885 2959 μέν
910 2886 970 2943 δι’
1000 2889 1240 2948 ἐκθέσεως
1270 2889 1440 2948 αὐτοῖς
1464 2890 1767 2963 κυρωθῆναι,
1788 2894 1878 2949 τήν

282 2980 339 3037 δέ
375 2980 460 3037 διά
484 2982 653 3037 τύπου
682 2980 1038 3054 βιϐαιωθῆναι,
1087 2981 1219 3034 κατὰ
1245 2986 1337 3039 τῆς
1371 2983 1613 3041 πίστιως’
1641 2980 1879 3055 ὑφαρπά-

284 3096 471 3136 σαντες
510 3076 762 3144 ἀθεμίτως
803 3072 894 3132 τάς
919 3079 1010 3132 τῆς
1037 3071 1288 3142 ὑμετέρας
1326 3070 1661 3141 γαληνότητος
1686 3074 1875 3138 ἀκοάς,

1980 1884 2420 1954 praedicaverunt,
2440 1894 2641 1941 tantum
2659 1888 2863 1958 absque
2882 1902 3121 1959 peccato.
3139 1894 3267 1947 Nam
3288 1895 3339 1948 in
3361 1911 3549 1965 pecca-

1979 1984 2033 2030 to
2062 1984 2264 2029 natura:
2281 1977 2537 2044 perfectio
2567 1992 2672 2033 non
2693 1976 3035 2049 cbnspicitur,
3057 1983 3151 2037 sed
3172 1983 3353 2038 vitium
3378 2001 3546 2056 agno-

1976 2068 2140 2122 scitur
2166 2077 2360 2122 nostraa
2398 2070 2856 2139 transgressionis.
2886 2070 3037 2138 Quod
3080 2073 3126 2127 si
3152 2075 3420 2144 perlectus
3438 2091 3544 2146 est,

1977 2157 2223 2212 videlicet
2269 2157 2531 2226 perfectus
2586 2160 2876 2215 secundum
2926 2162 3158 2218 divinam
3218 2167 3543 2222 voluntatem

1976 2260 2030 2305 et
2081 2251 2471 2321 operationem,
2504 2252 2950 2319 quemadmodum
3001 2265 3057 2310 et
3105 2257 3252 2326 juxta
3306 2271 3547 2315 naturam

1978 2340 2224 2409 principii
2268 2349 2543 2409 expertem
2596 2349 2756 2411 atque
2796 2342 3116 2411 increatam,
3147 2354 3201 2399 et
3248 2349 3541 2403 secundum

1979 2428 2265 2484 humanam
2314 2445 2525 2500 quoque
2574 2440 2684 2485 tum
2737 2433 3091 2501 voluntatem,
3126 2445 3233 2491 tum
3276 2440 3546 2507 operatio-

1979 2535 2139 2586 nem,
2185 2530 2242 2576 ιη
2289 2531 2342 2576 et
2370 2522 2682 2589 secundum
2729 2534 2970 2579 naturam
3021 2537 3278 2595 creatam,
3332 2538 3387 2583 et
3431 2545 3549 2599 qua:

1982 2610 2299 2680 principium
2333 2612 2536 2666 habuit.
2587 2613 2687 2680 Qui
2718 2629 2849 2670 vero
2880 2616 2931 2670 in
2982 2618 3159 2688 aliquo
3200 2634 3323 2675 eum
3375 2621 3551 2676 immi-

1980 2702 2116 2765 nuit,
2145 2701 2428 2756 manifeste
2455 2708 2649 2758 evertit
2681 2705 2904 2773 perfecti
2936 2708 3220 2774 rationem,
3251 2726 3368 2764 eam
3414 2727 3547 2766 con-

1978 2790 2109 2861 spici
2142 2792 2287 2846 nullo
2328 2794 2485 2846 modo
2519 2794 2831 2861 permittens
2877 2805 3092 2865 propter
3120 2797 3235 2866 ejus
3265 2800 3406 2867 quod
3457 2816 3549 2854 na-

1982 2893 2116 2937 turze
2147 2884 2404 2937 convenit
2433 2883 2698 2938 defectum
2732 2903 2743 2937 :
2776 2899 2931 2953 quem
2959 2886 3273 2953 adversarii,
3304 2889 3548 2944 Theodo-

1981 2989 2097 3041 rus,
2126 2975 2401 3040 videlicet,
2452 2974 2541 3045 qui
2573 2975 2780 3030 Pharan
2809 2976 3085 3047 episcopus
3115 2979 3230 3045 fuit,
3284 2992 3337 3035 et
3374 2981 3547 3053 Cyrus

1981 3067 2069 3134 qui
2096 3068 2454 3133 Alexandria»,
2501 3070 2722 3138 Sergius
2762 3071 2851 3137 qui
2884 3072 3045 3140 regia:
3073 3070 3239 3137 urbis,
3273 3087 3334 3127 ac
3363 3087 3547 3129 eorum

288 3170 463 3241 ὥσπερ
484 3160 574 3220 οὖν
591 3167 677 3219 καί
702 3167 769 3219 τά
788 3169 881 3219 τοῦ
902 3166 951 3219 έν
973 3167 1193 3238 μακαρίᾳ
1213 3164 1346 3239 ἁπλῇ
1461 3168 1630 3239 μνήμη
1658 3167 1874 3222 πάππου

1982 3173 2326 3214 successores
2362 3160 2599 3230 Pyrrhus
2627 3170 2679 3214 et
2708 3160 2926 3228 Paulus,
2957 3162 3010 3215 in
3045 3162 3208 3232 prima
3236 3172 3290 3218 et
3315 3165 3545 3219 secunda

286 3268 377 3320 τῆς
402 3264 548 3329 ὑμῶν
576 3257 907 3331 ἡμερότητος,
932 3258 1013 3312 ἵνα
1031 3256 1116 3311 τὸν
1135 3256 1322 3312 ἑαυτῶν
1344 3258 1644 3332 πανούργως
1673 3257 1877 3331 έτέρους

283 3348 714 3424 προστρίψωνται
758 3353 961 3417 μῶμςν,
1008 3349 1092 3401 καὶ
1122 3344 1302 3407 διπλᾶς
1338 3348 1392 3401 ίκ
1437 3348 1614 3421 χειρὸς
1661 3352 1871 3423 Κυρίου,

285 3443 469 3495 τούτου
494 3441 675 3512 χάριν.
700 3435 937 3502 δέξωνται
963 3441 1053 3497 τὰς
1082 3438 1275 3493 ἑαυτῶν
1302 3438 1580 3515 ἁμαρτίας,
1607 3440 1793 3494 ταυτὸν
1821 3439 1875 3496 δέ

278 3531 462 3603 λέγειν,
494 3532 587 3590 τάς
622 3530 755 3604 ὑπέρ
796 3530 961 3584 αὐτῶν
1000 3528 1196 3589 δικαίας
1240 3529 1484 3594 ἐκτίσεις,
1531 3533 1600 3591 ὡς
1638 3533 1782 3587 αύτοί
1820 3552 1874 3588 τε

284 3624 766 3695 παρανομήσαντες,
797 3620 846 3684 ίξ
870 3617 936 3673 ὧν
962 3622 1051 3674 οὐκ
1082 3621 1246 3692 ὀλίγος
1274 3622 1511 3696 τάραχος
1540 3624 1590 3676 ἰν
1610 3626 1875 3685 τοσούτοις

284 3714 498 3787 χρόνοις
540 3712 755 3779 συνέχει
796 3715 883 3768 τὴν
919 3711 1199 3780 σύμπασαν
1237 3718 1349 3782 γῆν·
1378 3708 1459 3766 οἷα
1502 3715 1572 3781 μή
1606 3712 1755 3780 μόνον
1778 3718 1877 3765 τῶν

285 3806 510 3858 εὐσείῶ
550 3800 1013 3871 σκανδαλιζομένων
1046 3800 1195 3866 λαῶν,
1242 3801 1346 3854 ἀλλ’
1388 3799 1483 3859 ἤδη
1524 3821 1624 3856 που
1667 3804 1879 3856 καὶτῶν

284 3896 443 3949 ἀθέων
470 3892 752 3966 βαρϐάρων
773 3892 830 3945 τὸ
859 3892 986 3961 μέγα
1011 3897 1105 3949 τῆς
1132 3891 1272 3962 ἡμῶν
1312 3889 1581 3963 ὁμολογίας
1608 3888 1878 3962 διακωμω-

284 3988 509 4043 δούπων
528 3990 833 4061 μυστήριον,
851 3993 923 4057 τῷ
945 3990 1013 4054 μή
1038 3989 1126 4043 τὴν
1147 3988 1349 4063 πρώτην
1369 3987 1513 4057 μόνον
1536 3991 1619 4042 καί
1633 3991 1881 4064 κυριωτά-

284 4101 379 4137 την
416 4080 519 4133 ὑπὸ
562 4084 663 4132 τῶν
691 4077 920 4131 ἐναντίων
963 4076 1255 4133 ἀθετηθῆναι
1296 4078 1487 4142 πίστιν,
1534 4079 1659 4133 ἀλλά
1686 4082 1768 4132 καὶ
1791 4084 1879 4137 τήν

285 4172 442 4229 αὐτῆς
480 4167 834 4225 ὶπινοηθεῖσαν
879 4168 1057 4220 θᾶττον
1085 4165 1173 4219 ὑπ’
1215 4168 1379 4221 αὐτῶν
1420 4172 1792 4242 καταργηθῆναι
1815 4177 1877 4245 τῇ

286 4271 380 4323 τῆς
399 4261 701 4334 καινοτέρας
728 4260 1028 4331 ἀντεισφορᾷ
1058 4261 1304 4320 κακίστης
1329 4259 1595 4334 αἱρέσεως,
1642 4264 1712 4323 ὡς
1751 4260 1878 4333 μηδὲ

287 4356 551 4426 γινώσκειν
572 4350 603 4405 ἒ
604 4372 654 4407 τι
671 4350 844 4404 λοιπὸν
866 4351 1096 4414 ἐκείνους,
1112 4353 1162 4404 τί
1175 4352 1233 4405 τὸ
1253 4351 1615 4421 πιστευόμενὸν
1634 4353 1770 4406 ἔστιν
1790 4355 1879 4406 αὐ-

286 4452 421 4509 τοῖς,
450 4441 481 4501 ἢ
519 4439 870 4511 δοξαζόμενον,
904 4441 953 4503 ἐξ
978 4436 1246 4495 ἀνενδότου
1286 4447 1387 4497 τῶν
1418 4444 1609 4496 οἰκείων
1635 4462 1879 4516 περιτρο-

1978 3252 2370 3320 conscriptione
2412 3251 2719 3318 dogmatum
2748 3266 2966 3307 suorum
3002 3270 3105 3307 non
3147 3256 3320 3309 solum
3351 3272 3545 3325 posue-

1980 3349 2123 3408 runt,
2168 3342 2261 3396 scd
2291 3343 2450 3397 etiam
2493 3343 2829 3411 studuerunt,
2876 3352 2936 3397 ut
2961 3343 3063 3398 sibi
3095 3344 3180 3398 illa
3215 3362 3309 3413 per
3336 3349 3550 3416 exposi-

1979 3434 2173 3487 tionem
2196 3432 2532 3505 [ectltesim],
2576 3433 2691 3488 haec
2722 3450 2815 3503 per
2836 3433 3118 3489 formulam
3153 3438 3385 3509 [typum]
3412 3454 3542 3493 con-

1981 3522 2303 3586 firmaretur,
2331 3522 2490 3592 idque
2521 3533 2706 3579 contra
2734 3524 2889 3579 fidem
2924 3542 2935 3578 :
2964 3525 3167 3582 nefarie
3196 3529 3549 3596 subrepentes

1977 3621 2167 3667 vestrae
2196 3612 2502 3667 serenitatis
2531 3614 2770 3681 auribus,
2819 3623 2873 3667 ut
2901 3624 2956 3669 et
2983 3623 3138 3669 antea
3171 3618 3391 3672 auribus
3425 3620 3547 3673 bea-

1981 3713 2046 3758 ta:
2076 3704 2348 3758 memoriae
2387 3705 2471 3757 avi
2512 3704 2943 3759 mansuetudinis
2984 3717 3194 3772 vestrm,
3248 3716 3307 3761 ut
3338 3710 3546 3778 culpant

1978 3808 2130 3849 suam
2161 3795 2354 3850 callide
2385 3794 2504 3849 aliis
2532 3806 2896 3865 aspergerent,
2945 3797 3116 3865 deque
3146 3814 3305 3852 manu
3336 3800 3547 3854 Domini

1980 3883 2118 3937 hanc
2164 3885 2232 3939 ob
2282 3900 2499 3940 causam
2542 3886 2773 3954 duplicia
2826 3899 3044 3955 peccata
3082 3904 3177 3944 sua
3229 3892 3549 3959 reciperent,

1976 3975 2169 4044 justas,
2203 3977 2469 4042 videlicet,
2520 3993 2615 4048 pro
2648 3980 2711 4033 iis
2740 3994 2946 4048 pinnas,
3000 3989 3182 4048 utpote
3212 3984 3299 4050 qui
3328 3999 3387 4036 ea
3419 3999 3548 4051 pec-

1980 4070 2242 4135 caverint,
2296 4085 2361 4123 ex
2390 4070 2580 4137 quibus
2614 4086 2716 4123 non
2746 4071 2934 4138 exigua
2980 4072 3308 4138 perturbatio
3358 4075 3539 4125 tandin

1983 4162 2291 4212 universam
2324 4169 2522 4213 terram
2547 4170 2730 4223 vexat;
2764 4159 2904 4226 quod
2933 4175 3035 4213 non
3066 4161 3236 4213 solum
3268 4161 3336 4229 pit
3367 4166 3545 4231 pupuli

1982 4252 2450 4315 scandalizentur,
2503 4250 2597 4305 sed
2644 4249 2792 4319 impii
2837 4251 2999 4306 etiam
3050 4251 3258 4306 barbari
3305 4258 3549 4322 magnum

1982 4342 2339 4395 confessionis
2373 4350 2569 4394 nostrae
2599 4342 2908 4411 mysterium
2941 4341 3241 4408 traducant,
3288 4345 3411 4413 quia
3444 4362 3549 4400 non

1983 4435 2155 4487 solum
2188 4432 2355 4501 prima
2387 4447 2450 4484 ac
2482 4431 2757 4499 potissima
2807 4432 2933 4487 fides
2962 4434 3029 4486 ab
3058 4433 3376 4490 adversariis
3403 4436 3549 4492 labe-

289 4543 409 4593 πῆς.
442 4530 514 4586 Οὔ
548 4532 709 4605 χάριν
736 4532 789 4584 ἔκ
815 4529 1018 4587 πάντων
1039 4529 1227 4598 σχεδὸν
1249 4538 1349 4586 τῶν
1373 4533 1595 4586 εὐσεϐῶν
1621 4534 1792 4609 ἱερέων
1820 4554 1875 4588 τε

1986 4521 2229 4590 factetur,
2258 4522 2351 4577 sed
2373 4538 2435 4577 ea
2457 4521 2637 4588 etiam,
2667 4536 2826 4591 quam
2854 4522 3244 4593 excogitarnnt,
3274 4526 3454 4583 statim
3481 4529 3550 4584 ab

286 4628 375 4677 mi
389 4626 524 4678 λαῶν
543 4626 638 4682 τάς
653 4624 911 4682 ἐκϐοήσας
933 4620 1044 4676 κατ’
1057 4625 1228 4678 αὐτῶν
1246 4620 1451 4683 δικαίως
1472 4622 1497 4677 ὁ
1517 4624 1880 4683 ’Δποστολικός

288 4715 572 4786 δεχόμενος
596 4716 787 4787 θρόνος,
819 4715 1162 4784 ένευχομένων
1192 4716 1340 4768 αὐτὸν
1361 4718 1444 4769 καί
1474 4712 1881 4788 διαμαρτυρομέ-

291 4830 383 4861 νων
508 4809 674 4879 χρι
690 4806 864 4865 τέλους
886 4805 1047 4865 οὕτως
1068 4806 1156 4858 ὑπ’
1170 4807 1339 4859 αὐτῶν
1353 4803 1734 4859 κινδυνεύουσαν
1746 4826 1849 4878 παρ
1859 4834 1878 4846 ο

292 4897 411 4954 ιδείν
456 4903 547 4956 τήν
580 4897 831 4953 καθολικὴν
869 4895 1184 4953 Ἐκκλησίαν·
1226 4893 1352 4951 ἀλλά
1387 4893 1716 4954 διαναστῆναι
1752 4918 1881 4974 προ-

292 4991 481 5061 eam,
506 4992 595 5043 καί
622 4989 1031 5061 περισώσασθαι,
1048 4985 1111 5041 δι’
1130 4988 1367 5061 ἀκριϐοῦς
1389 4995 1487 5041 τῶν
1513 4996 1770 5061 πατρικῶν
1798 4994 1881 5043 καί

290 5078 573 5134 συνοδικῶν
602 5077 735 5153 ὅρων
760 5078 1143 5151 παραφυλακῆς,
1181 5082 1271 5135 τὴν
1310 5079 1574 5150 ἀμώμητον
1606 5080 1744 5148 ἡμῶν
1781 5086 1881 5132 τῶν

290 5177 615 5245 Χριστιανῶν
641 5173 837 5223 πίστιν·
868 5173 1063 5227 πάντας
1087 5170 1218 5238 ἡμᾶς
1248 5167 1552 5245 ίεραρχικῶς
1585 5169 1877 5223 συνεκάλεσε

292 5262 421 5335 πρὸς
450 5261 510 5315 τὸ
538 5258 666 5336 παρ’
694 5261 832 5328 ἡμῶν
861 5256 1065 5312 ἅπαντα
1104 5256 1445 5327 ψηλαφηθῆναί
1466 5278 1518 5311 τε
1545 5261 1627 5311 καὶ
1657 5259 1879 5330 κριθῆναι

294 5357 585 5413 ιανοννικῶς,
631 5346 717 5401 διὰ
754 5349 982 5421 πράξεως
1022 5347 1396 5416 ὑπομνημάτων
1434 5354 1533 5401 τῶν
1569 5350 1797 5402 ἐναντίων
1817 5351 1881 5404 τά

290 5439 544 5513 δόγματα’
584 5442 706 5514 περὶ
734 5436 801 5493 ὧν
842 5444 925 5493 καὶ
973 5442 1130 5494 εἰπεῖν
1152 5439 1526 5508 ἀπετόλμησαν,
1569 5444 1642 5500 εἰς
1680 5442 1881 5500 ἀπάτην

295 5541 389 5588 τῶν
421 5534 815 5608 ἀκεραιοτέρων,
867 5537 1030 5585 ταῦτα
1072 5538 1163 5591 τῆς
1210 5531 1470 5590 εὐσεϐείας
1510 5531 1770 5607 ὑπάρχων
1817 5534 1881 5589 τὰ

292 5622 551 5695 δόγματα,
593 5624 628 5678 ἃ
655 5621 1070 5695 παραδεδώκασιν
1103 5624 1150 5675 οἱ
1192 5624 1278 5676 ἀπ’
1299 5624 1473 5696 ἀρχῆς
1505 5624 1755 5678 αὐτόπται
1797 5629 1883 5679 καὶ

295 5714 537 5789 ὑπηρέται
582 5720 674 5767 τοῦ
722 5713 864 5783 λόγου
899 5713 1186 5783 γενόμενοι,
1234 5717 1314 5765 καί
1357 5714 1402 5764 οἷ
1449 5714 1654 5775 καθεξῆς
1692 5717 1882 5768 τούτων

300 5805 511 5869 μαθηταί
539 5807 623 5857 καί
654 5800 891 5871 διάδοχοι
920 5804 1238 5856 Osann-mret
1286 5810 1371 5861 τῆς
1408 5804 1659 5863 καθολικῆς
1681 5804 1875 5863 Ἰξκγληη

1985 4615 2051 4671 iis
2080 4624 2388 4679 evacuetur,
2430 4615 2675 4683 Opposita
2704 4628 2835 4668 nova
2867 4615 3113 4683 pessima:
3141 4616 3406 4673 haereseos
3436 4634 3552 4688 pra-

1983 4707 2167 4773 vitate,
2201 4718 2255 4760 ut
2284 4706 2351 4760 de
2381 4715 2576 4760 caetero
2606 4720 2674 4760 ne
2703 4705 2777 4759 illi
2808 4705 3023 4773 quidem
3056 4706 3378 4777 intelligant,
3419 4711 3544 4779 quid

1983 4802 2049 4855 ab
2092 4800 2195 4855 illis
2225 4799 2475 4855 credatur
2505 4809 2593 4853 aut
2639 4799 2995 4865 existimetur,
3052 4810 3269 4869 propter
3308 4802 3548 4857 obstina-

1985 4902 2088 4946 tam
2138 4892 2473 4961 propriarum
2520 4891 2830 4959 opinionum
2882 4892 3239 4946 eversionem.
3291 4891 3547 4959 Quocirca

1981 4983 2219 5038 omnium
2254 4980 2367 5037 fere
2396 4983 2608 5051 piorum
2638 4981 2979 5036 sacerdotum
3006 4989 3060 5036 et
3083 4981 3394 5049 populorum
3419 4996 3542 5035 con.

1981 5081 2061 5127 tra
2111 5088 2206 5127 eos
2234 5074 2496 5127 clamores
2525 5072 2818 5139 apostolica
2857 5071 3014 5126 sedes
3061 5072 3351 5140 accipiens,
3384 5085 3537 5125 oran-

1983 5164 2112 5219 tium
2141 5173 2299 5233 atque
2326 5162 2730 5228 obtestantium,
2782 5178 2849 5217 ne
2886 5178 3052 5231 usque
3084 5164 3138 5217 in
3170 5164 3327 5216 linem
3357 5165 3535 5217 catlto.

1982 5254 2139 5309 licam
2169 5253 2463 5309 Ecclesiam
2488 5255 2555 5309 ab
2579 5254 2709 5323 ipsis
2737 5254 2789 5307 in
2822 5254 3113 5322 periculum
3143 5252 3421 5307 adductam
3454 5270 3542 5308 ne.

1981 5347 2264 5415 gligamus,
2293 5347 2384 5401 sed
2433 5360 2782 5415 exsurgamus
2812 5346 3030 5409 acriter,
3060 5355 3112 5397 et
3154 5346 3546 5402 immaculatam

1979 5434 2337 5490 Christianam
2369 5435 2528 5489 [idem
2570 5434 2813 5503 diligenti
2846 5446 3186 5501 paternarum
3232 5446 3288 5489 et
3328 5437 3549 5506 synodi-

1980 5542 2161 5580 carnm
2207 5525 2545 5579 traditionum
2576 5525 2956 5577 observatione”
3000 5539 3398 5591 conservemus,
3449 5542 3549 5583 nos

1982 5632 2167 5672 omnes
2215 5618 2529 5671 sacerdotali
2588 5616 2781 5669 ordine
2835 5615 3166 5682 convocavit,
3202 5625 3260 5669 ιιι
3306 5631 3334 5668 a
3394 5618 3549 5672 nobis

1982 5711 2162 5765 omnia
2204 5709 2632 5761 adversariorum
2676 5708 2925 5777 dogmata
2956 5718 3271 5769 traeicntur,
3303 5717 3357 5762 et
3386 5723 3549 5762 cono—

1983 5805 2099 5859 nicc
2128 5817 2221 5869 per
2248 5801 2751 5857 commentariorum
2778 5810 2890 5855 acta
2918 5800 3247 5872 judicentur,
3267 5800 3333 5857 de
3355 5801 3546 5873 quibus
