4018 6184
446 319 546 374 ita
1637 302 1877 358 SANCTI
1918 300 2198 357 MARTl-Nl
2241 299 2438 357 eam
2478 300 2494 352 I
3602 307 3702 360 ηδ

446 427 778 496 opinionibus
806 426 916 479 suis
943 423 1006 478 ad
1037 420 1388 486 simpliciores
1435 415 1695 471 fallendos
1741 417 1852 469 ausi
1885 425 2007 468 sunt
2038 455 2045 472 ι

2151 419 2227 474 ia;
2255 414 2564 475 διδάσκαλοι,
2596 415 2779 469 ταυτὸν
2821 414 2870 468 δὲ
2902 416 3081 487 λέγειν,
3112 418 3163 470 αἱ
3187 417 3322 490 ἅγιαι
3366 422 3444 473 καί
3474 420 3709 492 οίκευμε-

448 520 648 584 ιιιοειέ,
683 517 793 569 hate
823 515 1027 581 pietatis
1070 525 1187 563 esse
1217 508 1486 574 dogmata,
1529 520 1646 574 qua:
1675 504 2018 558 tradiderunt

448 609 537 675 qui
568 611 634 662 ab
665 607 814 661 initio
848 605 942 672 ipsi
985 602 1251 663 viderunt,
1302 609 1356 653 et
1401 597 1626 652 ministri
1663 595 1873 650 fuerunt
1905 610 2018 650 sero

451 699 645 762 monis,
697 697 891 765 quique
919 693 1171 758 deinceps
1201 705 1386 743 eorum
1429 687 1674 756 discipuli
1707 695 1762 742 et
1801 701 2018 740 succes-

450 802 599 842 sores
641 786 808 848 fuere,
856 783 1133 837 catholicze
1177 781 1430 835 Ecclesia:
1472 779 1728 833 divinitus
1769 779 2015 847 inspirati

451 879 715 936 doctores,
747 873 796 925 id
827 882 930 934 est,
963 881 1159 924 sanctze
1184 879 1239 924 et
1283 869 1629 923 uacumenicaa
1661 868 1894 936 quinque
1937 883 2023 936 sy-

455 966 597 1020 nodi.
632 965 709 1019 Ad
741 963 983 1018 veritatis
1015 962 1175 1031 igitur
1204 960 1590 1024 ostensionem,
1627 969 1681 1014 et
1709 959 2024 1014 denudatio-

453 1074 574 1112 nem
621 1057 901 1110 calumniae
949 1055 1418 1115 adversariorum,
1471 1050 1760 1104 absurdam
1813 1051 2024 1104 illorum

457 1148 774 1213 doctrinam,
819 1155 872 1199 et
903 1147 1040 1214 piam
1067 1153 1372 1198 sanctorum
1418 1143 1638 1196 Patrum
1672 1140 2027 1210 synodorttm-

2117 515 2247 566 νικαί
2278 515 2424 566 πέντε
2458 509 2681 566 σύνοδοι·
2711 509 2788 565 διὸ
2813 511 2940 584 πρὸς
2978 509 3234 576 ἀπόδειξιν
3259 522 3351 572 τῆς
3373 515 3608 575 ἀληθείας
3631 521 3714 571 καί

2119 605 2478 674 ἀπογύμνωτιν
2508 611 2597 661 τῆς
2638 609 2737 656 τῶν
2758 604 2992 658 ἐναντίων
3039 609 3395 674 συκοφαντίας,
3428 608 3494 660 τὰ
3515 608 3709 664 τούτων

2121 695 2292 752 ἄτοπα
2329 697 2580 766 δόγματα,
2624 700 2710 749 καί
2732 698 2797 752 τὰ
2828 703 2925 750 τῶν
2965 696 3120 767 ἁγίων
3144 706 3352 774 Πατρῶν
3377 721 3432 754 τε
3454 705 3540 754 καί
3565 704 3710 758 συνό-

2123 785 2222 840 δων
2260 787 2447 843 εὐσεϐῆ
2479 789 2774 860 κηρύγματα
2804 783 2936 840 κατᾶ
2959 785 3226 846 διαστολὴν
3271 791 3506 864 εύκρινῶς
3541 813 3713 863 παρα·

2123 877 2332 944 Θέμενοι,
2357 880 2437 930 καί
2459 875 2705 946 μηδεμίαν
2728 874 2996 949 εὑράμενοι
3022 880 3214 932 τούτων
3241 881 3371 951 πρὸς
3401 882 3560 936 ἐκεῖνα
3582 905 3714 952 συγ-

2125 971 2339 1039 γένειαν,
2384 970 2558 1040 ὥσπερ
2612 967 2726 1022 οὐδὲ
2765 967 2977 1028 σκότους
3025 971 3281 1030 παντελῶς
3319 974 3445 1047 πρός
3493 975 3552 1027 τὸ
3591 982 3714 1044 φῶς·

2127 1062 2192 1113 τὰ
2237 1061 2350 1128 μέν,
2388 1061 2454 1116 ὡς
2497 1057 2714 1130 ἔφαμεν,
2768 1059 3035 1127 ὁριστικῶς
3076 1061 3423 1134 ἔκυρὼσαμεν,
3461 1063 3612 1135 ἤγουν
3655 1067 3721 1118 τὰ

2127 1151 2351 1222 σωτήρια
2383 1155 2480 1200 τῶν
2507 1146 2660 1217 ἁγίων
2683 1155 2887 1221 Πατρῶν
2931 1169 2982 1202 τε
3015 1152 3094 1201 καί
3127 1148 3347 1203 συνόδων
3369 1152 3717 1219 θεσπίσματα·

457 1255 560 1306 que
602 1237 1059 1308 praedicationem,
1091 1237 1311 1289 adtersa
1339 1232 1572 1287 dilucide
1605 1233 1742 1286 inter
1780 1246 1839 1284 se
1885 1246 2031 1286 com-

460 1339 726 1396 parantes,
763 1343 860 1380 nec
890 1327 1078 1380 horum
1109 1325 1173 1377 ad
1207 1324 1294 1378 illa
1326 1324 1483 1376 ullam
1511 1321 1940 1376 convenientiam
1979 1328 2034 1374 et

457 1420 829 1488 cognationem
862 1419 1222 1482 invenientes,
1271 1413 1723 1483 quemadmodum
1757 1427 1855 1466 nec
1891 1420 2034 1466 lene-

460 1512 568 1562 ltris
610 1525 826 1578 prorsus
857 1509 922 1563 ad
955 1510 1149 1572 lucem,
1183 1509 1317 1571 lure,
1347 1514 1405 1558 ut
1435 1505 1686 1568 diximus,
1718 1505 2035 1558 deﬁnientes

459 1601 801 1667 sancivitnus,
855 1599 1106 1654 salutaria
1142 1611 1333 1666 nempe
1376 1609 1680 1650 sanctorum
1719 1596 1932 1649 Patrum
1984 1604 2038 1649 et

459 1691 782 1760 synodorum
815 1690 1029 1744 decreta
1066 1706 1078 1742 :
1114 1689 1201 1743 illa
1238 1704 1362 1742 vero
1386 1702 1595 1750 omnes,
1632 1697 1687 1740 ιιι
1712 1689 1815 1756 piis
1846 1687 2039 1744 deﬁni-

2131 1238 2192 1290 τα
2218 1234 2268 1288 δε
2302 1237 2578 1307 συμφώνως
2625 1239 2980 1308 κατεκρίναμεν
3011 1237 3230 1298 ἅπαντες
3253 1278 3268 1304 ,
3301 1242 3362 1298 ὡς
3397 1242 3591 1294 ἐναντία
3624 1251 3725 1297 τῶν

2133 1328 2349 1382 εὐσεϐῶν
2397 1326 2527 1401 ὅρων
2557 1328 2869 1400 ὑπάρχοντα
2908 1333 2993 1381 καί
3039 1329 3275 1397 πολέμια,
3326 1334 3408 1384 καί
3445 1333 3630 1390 αύτούς
3669 1357 3723 1388 τε

2135 1423 2254 1480 τούς
2285 1420 2568 1491 αἶρετικοὺς
2596 1419 2747 1492 ἤγουν
2775 1422 2895 1479 τούς
2927 1422 3216 1496 εἰρημένους
3259 1418 3447 1494 ἄνδρες
3478 1427 3606 1491 μετὰ
3633 1433 3726 1482 τῆς

2135 1513 2416 1583 ἐξηγήσεως
2463 1512 2650 1573 αὐτῶν,
2685 1513 2767 1564 καί
2792 1512 2932 1585 παρὰ
2953 1509 3174 1580 διδαχῆς
3202 1515 3462 1582 γενομένης
3492 1513 3728 1572 ἐκθέσεως

2141 1608 2222 1657 καί
2256 1611 2348 1657 τοῦ
2389 1604 2615 1675 ρηῠέντος
2649 1604 2816 1657 τύπου
2839 1606 2922 1656 καί
2951 1603 3152 1657 πάντων
3179 1611 3278 1656 τῶν
3299 1603 3430 1680 ὑπὲρ
3452 1605 3612 1658 αὐτῶν
3635 1624 3726 1658 πε-

2143 1696 2438 1769 πραγμένων
2481 1695 2659 1752 αὑτοῖς
2707 1693 3081 1764 γεγραμμένων,
3127 1693 3210 1746 ἶνα
3256 1697 3344 1750 τὴν
3384 1692 3632 1766 ὑμετέραν
3681 1694 3732 1744 ἐν

461 1782 690 1834 tionibus
740 1782 1006 1834 contraria
1055 1790 1108 1833 et
1155 1780 1385 1843 inimica,
1436 1795 1537 1832 una
1570 1795 1700 1832 voce
1753 1779 2028 1832 damnavi-

2151 1792 2298 1839 πᾶσιν
2328 1784 2623 1843 ἀκηλίδωτον
2653 1781 3025 1853 διαφυλάξωμεν
3055 1783 3153 1836 ὑπό
3177 1789 3276 1836 τῶν
3299 1783 3528 1836 ἐναντίων
3549 1783 3734 1855 ἐγγρά-

463 1888 600 1940 mtts,
645 1874 896 1942 ipsosque
941 1873 1100 1926 etiam
1151 1871 1454 1936 ltmreticos,
1509 1872 1792 1940 praedictos
1840 1887 2039 1939 nempe

469 1963 731 2028 homines,
763 1977 865 2016 una
911 1975 1033 2016 cum
1068 1961 1302 2030 ipsorum
1346 1962 1678 2030 expositione
1723 1970 1776 2016 et
1824 1963 2038 2045 préelata

463 2055 707 2119 firmnla,
751 2064 864 2106 orta
906 2068 968 2106 ex
1013 2054 1347 2122 suggestione
1393 2062 1447 2107 et
1496 2067 1659 2121 pravo
1687 2068 1872 2106 eorum
1923 2053 2023 2104 do-

464 2155 662 2214 gmate,
697 2159 927 2214 cumque
956 2146 1225 2210 omnibus,
1261 2160 1380 2214 qua:
1413 2159 1508 2213 pro
1541 2144 1605 2199 iis
1651 2155 1765 2198 acta
1814 2144 2039 2213 scripta-

465 2251 569 2300 que
613 2245 755 2298 sunt,
787 2245 843 2287 ut
874 2244 1104 2288 vestram
1145 2235 1196 2288 itt
1239 2236 1488 2289 erunibus
1534 2237 1648 2288 sine
1681 2234 1784 2288 ulla
1831 2235 2036 2288 macula

470 2326 674 2379 felicem
699 2324 1167 2380 conversationem
1193 2335 1455 2388 tueamur,
1473 2340 1589 2394 qua:
1613 2315 2040 2379 adversariorum

467 2416 683 2483 scriptis
707 2424 977 2484 gravatur.
1011 2415 1066 2468 ln
1095 2431 1254 2483 quam
1278 2416 1388 2467 ausi
1413 2422 1538 2468 sunt
1565 2414 1826 2485 religiosis
1851 2415 2042 2470 Africa:

466 2507 733 2574 episcopis
765 2507 966 2574 dicere,
1000 2508 1319 2572 scribentes,
1370 2508 1510 2576 quod
1556 2518 1734 2562 mente
1785 2508 2040 2563 consilio-

467 2610 574 2663 que
606 2596 752 2664 regio
788 2611 907 2651 ve:e
937 2597 1174 2663 excitati,
1210 2607 1558 2652 memoratam
1588 2599 1725 2668 piam
1760 2600 2044 2654 formulam

469 2689 820 2754 exposuistis,
877 2691 1270 2760 prmcipientem
1326 2691 1393 2746 de
1448 2691 1610 2746 nimia
1668 2694 2044 2749 observatione

478 2781 690 2846 paulurn
725 2781 839 2835 sine
883 2781 1080 2835 damno
1113 2783 1406 2838 remittere.
1463 2785 1588 2838 llrec
1615 2795 1790 2838 autem
1819 2787 2050 2852 scripse-

476 2881 597 2924 runt
624 2873 820 2926 sanctis
853 2871 1097 2926 Patrihus
1123 2873 1271 2927 nullo
1303 2874 1461 2928 modo
1492 2875 1880 2940 auscultantes,
1909 2877 2049 2944 qttod

477 2961 528 3014 in
561 2961 624 3014 iis
665 2977 782 3029 qua:
813 2962 875 3015 ad
909 2961 1076 3017 Deum
1106 2963 1393 3032 pertinent,
1447 2964 1607 3033 inque
1636 2963 1831 3018 divinis
1857 2965 2050 3032 praedi-

482 3052 795 3116 cationibus,
839 3053 892 3107 id
919 3053 1276 3123 quodparum
1309 3055 1482 3119 abest,
1535 3055 1852 3123 paulumque
1884 3063 2049 3108 muta-

2142 1898 2243 1948 φως
2270 1877 2618 1952 βαρυνομένην.
2651 1873 2764 1928 Καθ’
2789 1871 2842 1933 ἧς
2871 1876 2956 1926 καί
2974 1873 3131 1941 λέγειν
3169 1873 3453 1942 ἐτόλμησαν
3477 1881 3582 1932 τοῖς
3604 1875 3736 1928 κατᾶ

2143 1974 2232 2024 τήν
2255 1972 2480 2041 ’Λφριήν
2512 1965 2777 2019 εᾷλαϐέσιν
2807 1965 3121 2026 ἐπισκόποις,
3153 1965 3550 2032 ἐπιστέλλοντες,
3579 1966 3734 2037 βασι-

2144 2059 2264 2131 λικῷ
2292 2061 2416 2133 πρὸς
2442 2060 2667 2115 ἀληθειαν
2695 2059 2970 2132 ςρονηματί
3014 2078 3066 2110 τε
3095 2061 3176 2110 καὶ
3201 2057 3509 2128 βουλεύματι
3556 2056 3739 2114 διανα-

2145 2155 2352 2211 στάντες
2390 2154 2472 2205 τόν
2497 2152 2745 2227 ε’ρημένον
2787 2151 2970 2207 εὐσεϐῆ
3007 2154 3167 2203 τύπον
3197 2151 3446 2214 έξέθεσθε,
3478 2159 3568 2210 τῆς
3605 2148 3742 2222 ἄγαν

2147 2243 2402 2316 ἁκριῗείας
2436 2242 2667 2300 ἀϐλαϐῶς
2695 2240 2921 2295 ἐνδοῦναι
2941 2241 3120 2315 μικρὸν
3147 2239 3524 2314 διαγορεύοντα.
3559 2248 3742 2298 Ταῦτα

2146 2332 2198 2388 δὲ
2229 2337 2624 2405 γεγραφήκασιν,
2671 2329 2745 2385 οἶα
2771 2330 3014 2402 μηδαμῶς
3053 2337 3150 2384 τῶν
3175 2331 3328 2400 ἁγίων
3366 2338 3570 2400 Πατρῶν
3611 2331 3743 2384 ἔπα-

2149 2423 2446 2482 κούσαντες,
2495 2425 2561 2481 ὡς
2607 2422 2662 2473 ού
2704 2421 2880 2493 μικρὸν
2919 2421 2978 2473 τὸ
3019 2422 3163 2490 παρὰ
3202 2420 3374 2491 μικρὸν
3421 2420 3591 2478 ἐντοῖς
3623 2423 3746 2495 περί

2149 2517 2276 2565 Θεοῦ
2303 2514 2384 2564 καί
2427 2512 2559 2562 θείου
2600 2511 2835 2584 ὑπάρχει
2878 2512 3214 2580 κηρύγμασιν.
3252 2506 3373 2561 Ἀλλ’
3394 2506 3654 2562 ἔσπευσαν
3688 2510 3744 2561 ἐν

2149 2603 2315 2672 τούτῳ
2356 2598 2415 2657 δή
2455 2600 2677 2666 μάλιστα
2706 2606 2794 2654 την
2832 2600 3030 2657 οἰκείαν.
3065 2599 3131 2652 ὡς
3162 2595 3378 2670 ε”ρηται,
3411 2604 3482 2667 τῷ
3513 2597 3745 2668 ὑμετέρῳ

2152 2693 2321 2766 κράτει
2350 2689 2764 2766 προστρίψασθαι
2796 2689 2981 2744 tum.
3021 2689 3070 2740 ἐν
3096 2683 3166 2757 τῷ
3195 2689 3338 2761 παρά
3366 2693 3453 2744 τήν
3484 2687 3750 2760 ἀκρίϐειαν

2155 2782 2303 2854 ἔχειν
2327 2784 2477 2840 αὐτῆς
2509 2782 2591 2834 τὸν
2618 2779 2776 2834 τύπον
2807 2782 3190 2854 μαρτύρασάι.
3229 2782 3311 2831 καί
3350 2775 3529 2837 ἄλλους
3561 2779 3748 2850 ἐγγρα-

2155 2897 2255 2944 φως
2299 2881 2690 2944 κατασημανεῖν·
2743 2869 2808 2924 ὦν
2847 2877 2936 2929 τήν
2967 2872 3048 2922 ἐπί
3093 2871 3293 2928 τούτοις
3339 2871 3512 2928 αὐτοῖς
3545 2871 3629 2921 καὶ
3659 2874 3751 2926 την

2157 2965 2354 3036 αἳρεσιν
2382 2965 2548 3016 αὑτῶν
2593 2969 2854 3021 κανονικῶς
2902 2962 3279 3033 κατεκρίναμεν’
3327 2965 3601 3029 πανταχοῦ
3635 2969 3752 3020 τοῖς

2165 3059 2292 3108 πᾶσι
2334 3055 2415 3105 καί
2444 3054 2544 3123 πρὸ
2577 3053 2772 3105 πάντων
2806 3059 2866 3122 τῇ
2909 3052 3130 3122 ὑμετέρα
3179 3051 3518 3119 θεοστηρίκτω
3559 3050 3753 3121 γαλήνη

480 3155 588 3197 ιιιιη
621 3154 721 3209 est,
769 3160 872 3198 non
918 3159 1136 3213 parvum
1168 3154 1342 3199 tamen
1377 3155 1459 3199 est
1489 3144 1811 3200 ducendum.
1856 3147 1959 3201 Sed
2003 3148 2045 3200 in

2161 3144 2496 3217 γνωρίσαντες
2523 3141 2607 3196 διὰ
2634 3149 2732 3196 τῶν
2755 3139 3028 3200 συνοδικῶς
3055 3142 3168 3212 ἡμῖν
3200 3141 3327 3215 ὑπέρ
3354 3149 3444 3198 τῆς
3484 3139 3752 3211 ὀρθοδὸξου

481 3251 547 3289 eo
579 3235 662 3289 vel
695 3236 925 3289 maxime
970 3245 1161 3290 vestrae
1212 3238 1462 3305 potestati
1511 3236 1711 3303 labem,
1756 3248 1812 3292 ut
1857 3240 2054 3294 dictum

485 3335 590 3392 est,
620 3326 831 3380 inurere
865 3337 1216 3394 properarunt
1250 3327 1300 3382 in
1330 3342 1395 3382 eo
1422 3327 1563 3396 quod
1593 3328 1733 3380 illam
1764 3326 2048 3382 formulam

481 3428 678 3486 praater
707 3429 950 3475 exaCIatn
974 3419 1234 3472 rationem
1267 3433 1386 3472 esse
1403 3419 1587 3473 testati
1617 3428 1759 3482 sunt,
1786 3431 1840 3473 et
1857 3420 2056 3488 scripto

478 3511 595 3564 aliis
617 3509 1002 3579 significarunt.
1036 3511 1270 3578 Quorum
1303 3511 1352 3565 in
1389 3513 1471 3566 his
1504 3511 1789 3582 nequitiam
1817 3522 1873 3568 et
1909 3515 2046 3567 frau-

477 3601 600 3653 dem
647 3609 976 3667 aversantes,
1003 3591 1122 3654 cum
1164 3601 1247 3655 his
1295 3601 1424 3670 ipsis
1473 3614 1527 3656 et
1577 3617 1761 3657 eorum
1808 3602 2053 3658 haeresim

481 3691 735 3744 canonice
763 3689 1158 3759 damnavimus,
1199 3692 1393 3761 ubique
1422 3692 1673 3748 omnibus
1702 3700 1758 3746 et
1785 3703 1908 3746 ante
1936 3710 2056 3746 om-

480 3796 574 3835 ncs
621 3793 811 3836 vestrm
845 3783 1099 3838 divinitus
1141 3784 1394 3838 stabilita:
1442 3784 1718 3838 serenitati
1765 3794 1947 3840 notum
1979 3785 2059 3839 fa-

480 3875 684 3928 cientes
717 3890 809 3940 per
839 3888 900 3928 ea
932 3889 1049 3942 qum
1080 3873 1336 3944 synodico
1369 3889 1398 3926 a
1432 3874 1584 3928 nobis
1628 3889 1723 3944 pro
1752 3873 2050 3928 orthodoxa

481 3963 582 4019 fide
621 3964 670 4017 in
719 3965 966 4033 praesenti
998 3975 1112 4018 acta
1161 3973 1301 4029 sunt,
1350 3966 1489 4034 quod
1539 3966 1673 4021 duas
1714 3966 1953 4036 ejusdem
2002 3979 2057 4023 et

480 4058 632 4111 unius
663 4054 859 4112 Clll‘iSii
897 4057 986 4112 Dei
1021 4058 1238 4112 edicunt
1285 4058 1514 4128 theologi
1550 4069 1763 4112 naturas
1789 4059 1903 4114 sive
1932 4061 2056 4114 sult-

477 4151 701 4203 stantias
749 4150 1015 4217 confiteri,
1065 4151 1358 4205 secundum
1397 4152 1726 4222 hyposmsitn
1774 4154 1948 4206 unitas
1982 4154 2059 4206 itt-

478 4239 703 4295 confuse
733 4254 784 4295 et
818 4242 1043 4296 indivise
1074 4261 1084 4294 :
1120 4252 1174 4297 et
1203 4244 1337 4297 duas
1363 4244 1514 4312 juxta
1542 4254 1786 4298 naturam
1819 4245 2060 4298 volunta-

483 4340 584 4396 tes,
616 4331 854 4400 duasque
881 4332 1029 4400 juxta
1077 4345 1318 4386 naturam
1350 4336 1714 4402 operationes,
1748 4334 1978 4387 divinam
2007 4346 2061 4388 et

483 4423 794 4484 humanam,
836 4421 1128 4476 ittereatim
1175 4432 1228 4477 et
1254 4433 1486 4477 creatam
1525 4424 1812 4492 conjuncte
1862 4425 2057 4484 unitas.

2161 3241 2380 3294 πίστεως
2405 3236 2488 3288 ἐπί
2514 3231 2605 3287 τοῦ
2635 3233 2881 3308 παρόντος
2909 3233 3242 3302 πραχθέντων
3271 3233 3335 3290 ὡς
3367 3230 3456 3285 δύο
3478 3238 3568 3286 τοῦ
3596 3234 3752 3286 αὑτοῦ

2161 3331 2242 3380 καί
2271 3327 2374 3386 ἐνὸς
2418 3331 2642 3398 Χριστοῦ
2672 3330 2760 3379 τοῦ
2790 3329 2918 3377 Θεοῦ
2949 3325 3288 3396 κηρύττουσιν
3327 3330 3372 3376 οἱ
3400 3323 3617 3395 Θεαλὸγοι
3656 3327 3755 3384 τας

2160 3421 2352 3491 φύσεις,
2385 3418 2539 3490 ἤγουν
2568 3417 2748 3475 οὐσίας
2779 3414 3067 3486 ὁμολογεῖν,
3100 3413 3210 3467 καθ’
3241 3415 3525 3468 ὑπόστασιν
3555 3417 3750 3485 ἡνωμέ-

2159 3531 2246 3569 νας
2276 3506 2600 3582 ἀσυγχύτως
2628 3510 2710 3560 καί
2740 3505 3057 3578 ἀδιαιρέτως,
3107 3507 3186 3558 καί
3212 3503 3299 3558 δύο
3324 3507 3415 3564 τὰς
3442 3505 3573 3559 κατά
3602 3507 3755 3576 φύσιν

2159 3602 2377 3661 ὑελνίσεις
2401 3597 2588 3653 καὶδύο
2606 3601 2701 3659 τὰς
2715 3599 2844 3651 κατὰ
2864 3595 3012 3667 φύσιν
3034 3598 3303 3671 ἐνεργείας,
3318 3597 3450 3650 Θείαν
3470 3597 3755 3670 καίάνθρω-

2160 3698 2325 3758 πίνην,
2342 3692 2516 3748 ἄκτιστ
2526 3716 2576 3746 ον
2598 3696 2678 3745 καί
2692 3695 2917 3755 κτιστήν,
2936 3696 3176 3762 συμφυῶς
3189 3690 3460 3756 ἡνωμένας,
3475 3693 3546 3748 εἰς
3560 3691 3756 3743 πίστω-

2161 3807 2240 3840 σιν
2260 3785 2412 3842 ἀληθῆ
2449 3789 2562 3848 τοῦ,
2593 3785 2715 3836 Θεὸν
2748 3783 2897 3852 φύσει
2919 3781 3098 3836 τέλειον
3132 3782 3214 3832 καί
3233 3776 3494 3852 ἄνθρωπον
3513 3779 3758 3850 φύσειτέ-

2163 3878 2286 3931 λειον
2309 3877 2390 3930 τὸν
2412 3874 2560 3928 αὑτὸν
2578 3873 2755 3948 κυρίως
2772 3869 3052 3947 ὑπάρχειν,
3072 3873 3153 3925 καί
3174 3871 3258 3924 ἕνα
3280 3871 3496 3944 Χριστὸν
3514 3873 3599 3922 καί
3620 3871 3752 3934 Υίᾲν,

2164 3971 2247 4021 καὶ
2277 3965 2354 4021 ὃτι
2379 3968 2565 4025 παντες
2601 3967 2644 4018 οἱ
2665 3965 2907 4040 αίρετικοί
2938 3971 3041 4022 τοῖς
3071 3961 3234 4033 ἁγίοις
3254 3961 3569 4035 ἀντιρρόπως
3596 3961 3755 4020 ἰόντες

2162 4057 2440 4130 ΙΙατράσιν,
2463 4058 2506 4108 οἳ
2528 4076 2579 4108 τε
2604 4063 2664 4128 τῇ
2687 4051 2950 4127 συγχύσει
2971 4055 3054 4107 καί
3078 4060 3138 4125 τῇ
3160 4049 3405 4124 διαιρέσει
3434 4058 3530 4104 τῶν
3558 4054 3756 4104 οἰκείων

2162 4149 2422 4221 δογμάτων
2448 4149 2855 4221 καταγθαρέντες,
2885 4150 3002 4216 μίαν
3021 4145 3216 4201 Θέλησιν
3251 4147 3334 4198 καί
3355 4147 3473 4214 μίαν
3502 4144 3754 4216 ἐνέργειαν

2161 4241 2240 4294 ἐπ’
2253 4242 2404 4294 αὑτοῦ
2419 4238 2685 4299 δυσσεξῶς
2707 4237 3052 4308 ὡμολόγησαν·
3071 4237 3116 4289 οἱ
3136 4237 3247 4305 μέν,
3265 4237 3346 4287 ’ἱνα
3365 4233 3446 4288 διὰ
3467 4243 3608 4293 κενῆς
3632 4257 3755 4305 φαν-

2164 4336 2370 4397 τασίας,
2391 4335 2430 4386 οἱ
2454 4331 2506 4386 δὲ
2535 4335 2614 4384 ἵνα
2644 4327 2728 4384 διὰ
2745 4330 2923 4400 ψυχῆς
2942 4327 3252 4401 ὁμωνυμίας,
3269 4328 3327 4380 τὸ
3344 4327 3472 4398 μέγα
3489 4326 3756 4384 τῆςῈναν-

2164 4428 2469 4501 Θρωπησεως
2489 4431 2577 4479 τοῦ
2596 4430 2816 4499 Χριστοῦ
2839 4424 3117 4495 μυστήριον
3131 4427 3393 4494 προπετῶς
3412 4420 3752 4478 ἀθετήσωσιν.

485 4511 549 4564 ad
579 4525 755 4566 veram
793 4514 1281 4577 continuationem,
1325 4515 1464 4584 quod
1499 4514 1639 4568 Deus
1670 4525 1854 4567 natura
1890 4530 1968 4581 pet
1987 4514 2045 4567 fe-

2166 4515 2307 4572 "095-1
2337 4520 2498 4586 ἡμεῖς,
2523 4517 2566 4568 οἱ
2596 4524 2686 4574 τῆς
2712 4516 2960 4591 ὑμετέρας
2998 4511 3292 4587 πρόσφυγες
3336 4512 3617 4573 εὐσεϐείας,
3665 4512 3755 4568 ἵνα

485 4611 623 4666 ctus,
656 4613 711 4656 et
742 4602 903 4657 homo
932 4614 1117 4658 natura
1149 4604 1331 4657 itidem
1360 4605 1645 4672 perfectus,
1671 4605 1811 4658 idem
1849 4606 2062 4672 proprie

485 4701 587 4758 est,
613 4701 666 4746 et
696 4709 832 4746 unus
862 4695 1105 4748 Christus
1142 4710 1204 4747 ac
1234 4695 1408 4760 lilius;
1453 4695 1700 4764 quodque
1729 4710 1915 4749 omnes
1940 4709 2063 4750 San-

483 4787 582 4839 ctis
633 4787 874 4840 l'atribtts
918 4797 1290 4840 comratnntes
1340 4787 1601 4853 haeretici,
1650 4787 1844 4856 quique
1875 4787 2063 4842 conia

484 4879 657 4943 sione,
704 4879 900 4946 quique
928 4879 1188 4932 divisione
1223 4880 1450 4947 propriis
1490 4879 1828 4948 dogmatibus
1872 4879 2064 4948 depta-

484 4971 592 5024 vati
631 4979 776 5035 sunt,
826 4971 991 5038 impie
1037 4985 1192 5022 unam
1245 4971 1390 5024 ineo
1433 4971 1757 5025 voluntatem
1803 4981 1857 5024 et
1901 4987 2058 5025 unatn

483 5063 848 5129 operationem
871 5069 994 5114 sunt
1014 5061 1266 5125 Confessi,
1293 5061 1379 5115 alii
1401 5061 1614 5130 quidem
1641 5068 1699 5114 ut
1723 5075 1814 5128 per
1848 5061 2058 5115 inanem

481 5155 735 5218 speciem,
767 5153 856 5206 alii
902 5167 1029 5206 vero
1063 5160 1120 5205 ttt
1151 5169 1243 5220 per
1283 5152 1475 5206 nudant
1509 5155 1782 5205 nominum
1813 5151 2062 5206 similitu-

482 5247 682 5308 dinem,
729 5245 842 5298 sive
875 5261 967 5310 per
1010 5260 1192 5312 pttraut
1225 5243 1648 5314 ambiguitatem,
1695 5259 1944 5314 magnum
1980 5243 2063 5298 ln-

482 5335 806 5388 i-arnationis
826 5336 1022 5390 Christi
1047 5337 1357 5407 mysterium
1384 5335 1669 5390 temerarie
1688 5336 2057 5403 reprobarent.

486 5423 634 5478 Unde
665 5441 761 5479 nos
785 5429 848 5478 ad
879 5428 1128 5494 pietatem
1161 5434 1392 5480 vestram
1425 5423 1814 5494 confugientes,
1840 5433 1898 5478 ut
1918 5433 2061 5478 utro-

487 5534 705 5588 rumque
731 5527 838 5571 ttttn
864 5529 1206 5592 paternorum
1233 5521 1544 5589 piorumque
1565 5519 1932 5585 decretorum,
1951 5527 2062 5574 tum

489 5606 764 5678 impiorum
798 5611 1069 5664 hominum
1119 5626 1180 5664 ac
1228 5611 1534 5680 dogmatqu
1582 5609 1936 5664 dtll'crentiam
1974 5623 2064 5664 ve-

2165 4615 2250 4665 την
2289 4608 2561 4679 ἑκατέρων,
2585 4607 2820 4662 τουτέστι
2866 4612 2962 4659 τῶν
3007 4612 3096 4662 τῆς
3138 4603 3400 4662 εὐσεϐείας
3429 4609 3633 4678 πατρῶν
3671 4605 3753 4657 καί

2169 4699 2295 4775 ὅρων
2319 4702 2402 4752 καί
2431 4706 2528 4753 τῶν
2552 4698 2751 4752 ἀσεϐῶν
2797 4695 2989 4772 ἀνδρῶν
3030 4698 3114 4748 καί
3135 4693 3394 4767 δογμάτων
3420 4689 3492 4762 τῷ
3518 4693 3753 4765 ὑμετέρῳ

2166 4794 2342 4867 κράτει
2379 4797 2468 4849 τὸν
2507 4789 2749 4865 διαφορὰν
2792 4791 3031 4862 εὑκρινῶς
3060 4790 3496 4861 παραστήσωμεν,
3529 4785 3660 4838 αύτά
3689 4786 3753 4838 τὰ

2165 4892 2283 4956 παρ’
2296 4885 2432 4951 ἡμῶν
2453 4879 2725 4939 συνοδικῶς
2743 4880 3056 4949 πραχθέντα,
3073 4879 3202 4948 μετά
3218 4883 3305 4936 τῆς
3321 4877 3510 4930 τούτων
3523 4874 3652 4947 πρὸς
3666 4881 3754 4933 τήν

2169 4971 2346 5025 emam
2375 4975 2534 5042 φωνην
2565 4971 2825 5045 ἑρμηνείας
2852 4968 3252 5037 ἀποστείλαμεν,
3283 4965 3502 5035 δεόμενοι
3539 4968 3622 5019 καί
3650 4987 3754 5019 πα·

2167 5062 2526 5136 ρακαλοῦντες,
2542 5062 2752 5119 τούτους
2776 5067 3003 5116 επιεικῶς
3025 5061 3255 5128 ἐντυχεῖν
3276 5059 3514 5120 ἀξιοῦσαν
3538 5061 3624 5114 τήν
3647 5057 3754 5110 Θεό-

2170 5173 2321 5222 σοφον
2367 5156 2507 5222 ὑμῶν
2553 5151 2887 5223 γαληνὸτητα¹
2941 5149 3109 5217 νόμοις
3167 5149 3255 5216 μέν
3313 5147 3575 5206 εὑσεξείας
3627 5147 3747 5206 τοὺς

2169 5241 2460 5314 εἰρημένους
2486 5240 2766 5313 αίρετικούς
2796 5239 2924 5308 μετὰ
2951 5245 3038 5295 τῆς
3065 5240 3232 5290 αίυτῶν
3253 5237 3522 5309 αἱρέσεως,
3545 5235 3752 5290 καταδι·

2171 5329 2346 5387 κοίσοιι·
2392 5332 2555 5402 λόγοις
2597 5328 2650 5383 δὲ
2691 5329 3007 5390 θεοσεϐείας,
3059 5327 3208 5396 μὸιην
3251 5328 3346 5381 σύν
3375 5327 3496 5396 ἡμῖν
3522 5333 3753 5400 κυρῶσαι

2165 5435 2269 5485 τοῖς
2299 5426 2623 5494 ἐλαχίστοις,
2667 5429 2756 5481 τήν
2779 5429 2877 5477 τῶν
2913 5421 3065 5492 ἁγίων
3091 5426 3296 5496 Πατρῶν
3320 5439 3372 5473 τε
3412 5421 3495 5472 καί
3525 5417 3750 5472 συνόδων

2168 5515 2422 5592 ὀροόδοξον
2449 5515 2729 5588 ὁμολογίαν·
2761 5517 2834 5575 είς
2861 5514 3110 5568 σύστασιν
3130 5515 3220 5583 μὲν
3242 5519 3332 5571 τῆς
3353 5510 3617 5570 καθολικῆς
3641 5510 3754 5563 Ἐκ·-

2169 5610 2410 5675 κλησίας,
2455 5607 2727 5678 ἀσφάλειαν
2765 5603 2817 5658 δέ
2876 5612 2966 5663 τῆς
3012 5604 3346 5676 φιλοχρίστου
3385 5605 3470 5656 καί
3516 5600 3755 5661 δουλικῆς

554 5733 578 5759 ι
621 5723 760 5793 Lege
787 5722 870 5779 διὰ
897 5724 1068 5792 φίλης,
1102 5719 1160 5778 ιιι
1197 5731 1340 5780 recte
1369 5724 1422 5778 in
1465 5724 1652 5780 Latino
1672 5762 1687 5790 ,
1739 5739 1827 5788 per
1855 5722 2070 5780 nudam.
2100 5721 2272 5776 limo.
