4018 6184
433 437 537 497 147

1614 406 1856 469 SANCTI
1896 397 2180 459 MABTINI
2221 394 2424 453 PAPz’E
2464 394 2484 450 Ι

3583 375 3688 433 ηε»

422 544 595 609 modo
622 544 901 604 manifeste
943 536 1239 611 prtedicans
1268 550 1283 589 :
1316 530 1662 588 Multitudinis
1692 535 1860 579 autem
1888 535 1993 574 cre-
2021 515 2036 571 λ

2136 511 2231 566 ὗτω
2270 506 2543 581 διαρῥήδην
2589 505 2931 579 κηρύττουσα’
2978 504 3077 555 τοῦ
3108 496 3162 554 δί
3201 498 3421 557 πλήθους
3469 501 3570 550 τῶν
3605 518 3693 552 πα·

2243 601 2251 611 .
2438 597 2463 611 φ
2544 598 2557 611 ε
2714 592 2756 611 ομ
2908 596 2919 611 v
2975 593 2987 608 ο
3038 589 3049 611 ι
3159 592 3169 607 π
3361 589 3443 611 --με
3491 583 3693 611 sedula---

436 646 665 699 dentium
693 646 799 693 erat
825 652 909 688 cor
939 647 1099 687 unum
1129 638 1173 683 et
1204 629 1378 681 anima
1408 641 1534 679 una.
1586 621 1652 673 Et
1689 620 1869 672 virtute
1897 630 2007 666 ma-

438 752 538 804 gna
566 730 842 785 reddebant
866 723 1087 791 apostoli
1114 718 1455 775 testimonium
1481 708 1863 769 resurrectionis
1884 706 2010 758 .lesu

440 795 628 878 Elin-isti
660 816 865 871 Domini
891 814 1076 878 nostri,
1097 821 1143 865 et
1167 809 1332 880 gratia
1355 821 1542 876 magna
1566 810 1673 857 erat
1700 801 1751 852 in
1780 795 2009 850 omnibus

439 914 543 967 illis
570 912 705 978 (Act.
739 907 837 975 tv).
883 904 1035 961 Unde
1058 902 1140 956 his
1172 901 1321 969 ipsis,
1357 897 1407 951 id
1432 906 1534 958 est,
1580 893 1683 947 fide
1706 905 1766 945 ac
1790 890 2003 948 virtute,

443 1006 711 1058 vinculum
744 995 1020 1053 charitatis
1050 1008 1144 1046 vos
1169 1005 1402 1058 quoque,
1449 987 1660 1049 fratres,
1696 981 1893 1036 habere
1922 991 2013 1031 co-

443 1099 783 1161 gnoscentes,
814 1095 869 1142 et
893 1099 1019 1155 erga
1044 1095 1163 1149 nos,
1192 1086 1249 1135 et
1274 1079 1337 1133 ad
1370 1077 1795 1139 invicem,atque
1824 1068 1888 1121 ad
1918 1066 2013 1120 bo-

445 1160 633 1237 norum
666 1181 865 1235 fontem
912 1176 1197 1231 Dominum
1245 1180 1482 1225 nostrum
1526 1181 1587 1220 ac
1630 1162 1798 1218 Deum
1828 1160 2014 1215 Jesum

445 1271 715 1329 Christum
786 1280 1012 1335 quaeque
1075 1270 1330 1333 praeterea
1387 1254 1742 1313 confessionis
1796 1250 2017 1318 conjun-

446 1362 642 1425 ctione,
672 1359 811 1413 ultro
840 1358 1080 1423 citroque
1113 1351 1263 1423 quasi
1297 1344 1690 1409 transferendo,
1739 1340 1891 1396 facile
1922 1353 2018 1392 no-

449 1452 531 1509 bis
578 1451 1034 1515 subministratur,
1090 1446 1155 1499 ad
1201 1441 1617 1498 declarationem
1669 1436 1897 1504 piorum.
1928 1428 2017 1497 qui

450 1544 504 1598 in
533 1542 801 1597 mentibus
842 1538 1038 1593 nostris
1070 1544 1211 1599 sunt,
1261 1545 1547 1593 sensuum;
1602 1540 1697 1580 vos
1736 1522 1924 1578 merito
1951 1520 2019 1572 de

451 1632 658 1688 sincero
686 1630 847 1684 corde
875 1624 1265 1694 amplectimur,
1319 1635 1438 1675 cum
1482 1616 1731 1677 maxime,
1773 1623 2019 1679 tauquam

455 1734 718 1789 perennes
746 1720 1011 1780 lucernas,
1057 1711 1413 1769 confessionis
1456 1718 1647 1762 vestrae
1687 1704 2021 1759 characteres

457 1811 609 1865 nobis
648 1806 1042 1877 expresseritis,
1097 1803 1209 1857 sive
1237 1800 1356 1854 huic
1402 1795 1706 1865 apostolica:
1734 1792 1869 1855 sedi,
1929 1804 2021 1857 per

2106 601 2384 658 στευόντων
2434 597 2491 656 ἧν
2530 598 2561 654 ἡ
2610 592 2794 666 καρδία
2835 596 2921 646 καί
2960 593 2991 648 ἡ
3022 589 3173 659 ψυχή
3217 589 3333 659 μία,
3360 589 3447 640 καί
3487 583 3696 656 δυνάμει

2107 691 2307 764 μεγάλη
2338 687 2609 744 ἀπεδίδουν
2635 687 2680 739 οἱ
2706 682 2979 740 ἀπόστολοι
2997 683 3055 738 τὸ
3078 682 3355 756 μαρτύριον
3381 684 3473 734 τοῦ
3513 681 3699 752 κυρίου

2105 780 2270 842 Ἰησοῦ
2297 791 2391 841 τῆς
2428 777 2780 836 ἀναστάσεως.
2820 777 2979 851 Χάρις
3004 793 3057 829 τι
3088 770 3278 843 μεγάλη
3313 767 3371 828 ἦν
3399 770 3481 823 ἐπὶ
3505 771 3702 829 πάντας

2108 878 2315 935 αὺτούς.
2344 872 2489 927 Ὀθεν
2511 872 2707 929 τούτοις
2731 870 2922 929 αὐτοῖς,
2953 864 3191 920 τουτέστι
3217 860 3389 915 πίστει
3417 863 3497 914 καί
3518 862 3698 936 ἀρετῇ,

2111 973 2197 1026 τὸν
2220 970 2496 1041 σύνδεσμοι
2512 976 2603 1029 τῆς
2622 968 2824 1039 ἀγάπης
2843 965 2929 1017 καί
2951 962 3113 1033 ύμᾶς,
3134 957 3352 1029 ἀδελφοί,
3375 957 3703 1027 κεκτημένους

2111 1066 2438 1135 γινώσκοντες
2467 1061 2595 1132 πρὸς
2624 1061 2758 1129 ἡμᾶς
2783 1077 2837 1112 τε
2863 1057 2946 1110 καί
2970 1053 3207 1112 ἀλλήλους
3249 1052 3331 1104 καί
3356 1054 3447 1108 τὴν
3476 1051 3706 1122 πηγαίαν

2112 1159 2213 1206 τῶν
2229 1152 2427 1222 ἀγαθῶν
2452 1153 2614 1204 αἰτίαν
2642 1149 2728 1202 τὸν
2758 1146 2931 1217 Κύριον
2956 1145 3093 1215 ἡμῶν
3112 1143 3197 1195 καί
3224 1140 3346 1195 Θεὸν
3366 1139 3557 1197 Ἰησοῦν
3581 1149 3711 1210 Χρι-

2115 1242 2259 1308 στόν,
2284 1240 2316 1295 ἕ
2317 1264 2367 1296 τι
2386 1239 2440 1296 δί
2454 1241 2586 1314 πρὸς
2614 1238 2829 1295 τούτους
2840 1234 2990 1289 πάλιν
3001 1240 3073 1303 τῷ
3084 1237 3320 1303 συγγενεῖ
3333 1238 3423 1289 τῆς
3437 1228 3710 1300 ὁμολογίας

2115 1332 2339 1406 πορθμοῦ
2362 1329 2498 1387 δίκην
2520 1328 2737 1387 εὐκόλως
2756 1328 2871 1396 ἡμῖν
2897 1321 3369 1398 ἐξυπηρετονμένοις
3391 1321 3461 1380 εἰς
3488 1325 3577 1379 τὸν
3601 1326 3709 1374 τῶν

2116 1420 2245 1472 κατά
2268 1417 2451 1488 ψυχήν
2478 1416 2697 1471 εὐσεϐῶν
2724 1413 2985 1485 νοημάτων
3011 1411 3307 1484 φανέρωσιν,
3339 1409 3543 1469 εἰκότως
3568 1409 3712 1478 ὑμᾶς

2118 1506 2391 1581 ἒγγαρδίως
2430 1508 2781 1580 γνησιέστιρον
2817 1502 3173 1571 ἀσπαζόμεθα’
3220 1501 3438 1572 μάλιστα
3480 1502 3713 1574 καθάπερ

2118 1598 2425 1671 λαμπτῆρας
2446 1599 2691 1665 ἀειφανεῐς
2709 1595 2831 1654 τούς
2862 1598 3201 1664 χαρακτῆρας
3220 1596 3311 1650 τῆς
3332 1589 3580 1659 ὑμετέρας
3595 1588 3713 1659 ὁμοε-

2119 1690 2285 1761 λογίας
2312 1689 2720 1760 ένσημηναμένων
2738 1687 2881 1755 ἡμῖν,
2915 1684 3073 1755 ἤγουν
3109 1689 3183 1753 τῷ
3202 1681 3312 1737 καθ’
3334 1682 3467 1753 ἡμᾶς
3489 1683 3717 1736 ἀποστο-

2121 1783 2239 1852 λικῷ
2260 1783 2412 1856 θρόνῳ
2432 1779 2515 1836 διὰ
2528 1787 2626 1834 τῶν
2639 1780 2891 1851 ἡμετέρων
2908 1774 3182 1830 συνοδικῶν
3196 1776 3529 1849 γραμμάτων,
3550 1772 3640 1835 οῦς
3660 1774 3719 1828 ἐν

458 1863 743 1969 synodales
772 1896 977 1949 litteras
1016 1863 1241 1954 vestras,
1293 1902 1425 1957 quos
1442 1863 1478 1923 is
1527 1887 1579 1939 in
1611 1883 1764 1938 nobis
1794 1880 2023 1950 Spiritus

2136 1874 2244 1945 ὑμῖν
2268 1873 2521 1949 ἐμόρφωσε
2548 1872 2607 1924 τό
2647 1875 2847 1939 Πνεῦμα
2884 1868 2942 1921 τὸ
2980 1865 3120 1938 ἅγιον
3160 1863 3247 1920 διά
3269 1872 3358 1920 τοῦ
3385 1866 3593 1941 ῥήτορος
3620 1872 3718 1927 τῆς

2200 1963 2217 1969 Α
2250 1962 2264 1969 μ
2511 1959 2528 1969 ι
2615 1960 2625 1969 ι
2748 1965 2756 1969 .
2783 1959 2795 1969 ο
2972 1955 2982 1969 Ι
3085 1955 3104 1969 ς
3125 1955 3135 1969 1
3295 1959 3318 1969 ο
3458 1951 3534 1969 ιον
3656 1962 3665 1969 Α
3700 1949 3718 1968 δ

458 1999 677 2046 sanctus
704 1987 1006 2042 informavit
1034 1999 1128 2053 per
1151 1981 1403 2038 Ecclesiae
1425 1978 1701 2034 catholicae
1728 1984 2027 2039 oratorem,

461 2084 749 2154 gloriosum
781 2094 975 2145 nempe
1007 2075 1394 2145 Augustinum;
1428 2072 1729 2139 quibusque
1773 2082 1896 2121 cum
1939 2080 2032 2119 vos

464 2173 747 2242 patrissare
772 2168 1217 2237 compererimus,
1250 2174 1303 2218 et
1344 2162 1649 2216 universum
1682 2160 1734 2213 in
1758 2157 1907 2212 vobis
1933 2156 2031 2208 do-

463 2266 626 2319 ctoris
654 2265 818 2319 decus
847 2261 900 2315 in
942 2259 1134 2313 vestris
1180 2256 1429 2326 piissimis
1473 2251 1805 2321 dogmatibus
1844 2248 2035 2303 eﬂ’erre

466 2364 624 2422 atque
651 2352 969 2419 exprimere,
1016 2345 1317 2400 necessario
1364 2342 1448 2396 his
1477 2339 1616 2395 beati
1648 2338 1893 2393 Jeremim
1919 2352 2035 2391 ver-

471 2446 552 2499 bis
580 2458 674 2497 vos
702 2457 887 2496 omnes
910 2438 1275 2494 coliaudamus
1308 2453 1321 2487 :
1359 2432 1671 2487 Recordzztus
1710 2446 1821 2483 sum
1846 2428 2038 2482 miseri-

473 2537 660 2588 cordiw
680 2530 1031 2587 adolescentia:
1054 2538 1174 2589 tute,
1201 2535 1249 2581 et
1275 2523 1561 2579 dilectionis
1587 2521 1908 2592 perfectionis
1936 2528 2038 2573 tua!

471 2624 682 2688 (Jerem.
728 2639 788 2683 ιι.
826 2622 981 2690 juxta
1024 2617 1219 2685 LXX).
1270 2613 1697 2669 Adolescentiam
1742 2611 2035 2679 appellans,

475 2712 854 2768 misericordiae
882 2710 1136 2778 vigorem,
1193 2704 1309 2759 sive
1362 2704 1481 2757 fidei
1528 2702 1789 2766 radicem,
1832 2698 2035 2753 sicutia

471 2813 655 2858 sancto
684 2803 844 2858 Paulo
865 2802 1061 2855 dictum
1085 2808 1161 2852 est
1199 2815 1210 2850 :
1239 2796 1457 2851 Credere
1486 2797 1619 2847 en'm
1641 2793 1858 2863 primum
1888 2808 2038 2861 opor-

472 2904 539 2948 tet
568 2894 881 2947 accedentem
910 2891 977 2943 ad
1024 2888 1206 2951 Deum,
1236 2889 1372 2955 quod
1402 2894 1493 2952 est,
1518 2894 1566 2938 et
1605 2882 1943 2953 quwrentibus
1986 2898 2038 2934 se

470 2985 743 3039 retributor
788 2981 969 3053 (Hebr.
999 2978 1093 3049 ιι).
1130 2975 1437 3033 Dilectionis
1478 2986 1608 3028 vero
1629 2971 2035 3042 perfectionem,

474 3077 832 3145 impletionem
864 3071 1249 3126 mandatorum.
1278 3067 1416 3121 Nam
1436 3066 1523 3135 qui
1546 3065 1714 3133 diligit
1744 3078 1840 3128 me,
1872 3062 2039 3128 inquit

474 3168 749 3229 Dominus,
777 3163 1019 3216 mandata
1043 3176 1153 3213 mea
1185 3157 1398 3211 servabit
1426 3153 1601 3226 (Joan.
1631 3152 1721 3223 xv)
1749 3170 1762 3219 ;
1796 3162 1849 3207 et
1879 3168 1892 3204 :
1929 3151 2038 3221 Ego

2131 1962 2387 2021 καθολικῆς
2405 1959 2710 2019 Ἐκκλησίας⁹
2734 1955 3071 2027 Δύγουστίνου
3085 1955 3212 2025 λέγω
3233 1959 3321 2007 τοῦ
3334 1973 3396 2007 πε
3401 1951 3616 2025 ριδόξου.
3642 1949 3720 2006 Ae.-

2135 2053 2201 2109 ὧν
2219 2056 2576 2129 πατρώζοντας
2587 2051 2723 2120 ύμᾶς
2740 2049 2997 2121 ε-ἶιράμενοι
3013 2048 3098 2099 καί
3118 2042 3225 2098 ὅλον
3240 2043 3502 2116 ἔφ’ἒαυτῶν
3520 2044 3603 2098 τόν
3622 2050 3721 2099 τοῦ

2133 2146 2434 2203 διδασκάλου
2475 2146 2665 2215 κόσμον
2702 2144 2756 2197 ἓν
2773 2151 2879 2202 τοῖς
2902 2139 3167 2196 εῦσεϐέσιν
3194 2138 3335 2209 ὑμῶν
3362 2138 3723 2211 ἐπικομιζομ-

2132 2261 2249 2301 νους
2277 2261 2332 2294 τε
2363 2242 2445 2294 καί
2474 2239 2949 2313 χαρακτηρίζοντας
2988 2231 3257 2305 δόγμασιν,
3296 2234 3573 2302 ἀναγκαίως
3600 2241 3725 2295 τοῖς

2132 2336 2221 2384 τοῦ
2243 2330 2493 2402 μακαρίου
2506 2328 2743 2399 'lspsuiou
2757 2327 2975 2401 ῥήμασι,
2998 2328 3192 2386 πάντας
3218 2325 3357 2397 ὑμᾶς
3375 2326 3723 2399 ἀνευφημοῦν-

2134 2440 2217 2479 τες
2242 2419 2466 2491 λέγομεν,
2498 2417 2775 2487 Ἐμνήσθην
2820 2418 2985 2477 ἰλέους
3020 2415 3253 2476 νεότητός
3296 2436 3387 2471 σου
3409 2419 3491 2469 καί
3515 2408 3723 2489 ἀγάπης·

2135 2512 2437 2571 τελειώσεώς
2478 2525 2593 2565 σου⁶
2626 2510 2836 2567 νεότητα
2853 2509 3005 2579 λέγων
3035 2507 3202 2567 ἐλέους
3242 2512 3329 2565 την
3356 2508 3531 2579 ἀκμήν,
3560 2507 3725 2580 ἤγουν

2137 2607 2225 2659 τήν
2245 2601 2389 2673 ῥίζαν
2408 2607 2499 2661 τῆς
2516 2602 2756 2663 πίστεως,
2773 2598 2899 2654 κατά
2918 2600 2975 2654 τὸ
2993 2599 3251 2673 εἰρημένον
3269 2605 3340 2669 τῷ
3512 2599 3719 2667 Παύλῳο

2138 2700 2409 2748 Πιστεῦσαι
2442 2696 2539 2770 γὰρ
2582 2692 2661 2747 δεῖ
2696 2701 2898 2767 πρῶτον
2942 2692 3027 2746 τὸν
3062 2691 3442 2767 προερχόμενον
3483 2699 3555 2765 τῷ
3582 2700 3719 2765 Θεῷ,

2140 2788 2215 2843 ὅτι
2244 2786 2373 2850 ἔστι,
2398 2790 2600 2846 καὶτοῖς
2625 2788 2917 2850 ἐκζητοῦσιν
2943 2785 3091 2839 αύτὸν
3112 2784 3489 2855 μισταποδότης
3507 2787 3720 2859 γίνεται.

2139 2878 2361 2949 ’Δγάπην
2401 2875 2453 2931 δέ
2484 2877 2803 2939 τελειώσεως,
2826 2882 2914 2934 τήν
2948 2876 3257 2950 ἐκπλήρωσιν
3278 2885 3377 2932 τῶν
3406 2877 3633 2931 ἐντολῶν.
3662 2876 3723 2933 'o

2139 2969 2239 3041 γάρ
2268 2969 2475 3037 ἀγαπῶν
2494 2986 2572 3037 με,
2596 2970 2739 3040 φησίν
2770 2966 2794 3020 ό
2816 2969 3009 3038 κύριος,
3033 2967 3125 3026 τάς
3146 2966 3341 3028 ἔντολάς
3362 2988 3459 3038 μου
3484 2971 3717 3041 τηρήσει,

2140 3057 2273 3126 κάγώ
2302 3058 2383 3110 καί
2412 3054 2436 3109 ό
2460 3061 2630 3129 Πατὴρ
2662 3056 2970 3127 ἐλευσόμεθα
2989 3058 3071 3110 καί
3098 3060 3243 3128 μονήν
3271 3055 3396 3130 παρ’
3419 3058 3550 3126 αύτῷ
3574 3061 3726 3115 ποιή-

2142 3165 2326 3213 σωμεν.
2356 3145 2425 3198 Δι’
2447 3143 2511 3197 ὧν
2533 3149 2615 3198 καί
2637 3147 2706 3205 εἰς
2738 3142 2898 3220 ἄνδρα
2921 3146 3101 3200 τέλειον
3129 3147 3197 3205 εἰς
3222 3146 3403 3219 μέτρον
3416 3147 3605 3209 ἡλικίας
3629 3154 3723 3201 τοῦ

470 3268 516 3310 et
547 3254 703 3308 Pater
730 3254 799 3306 ad
840 3268 951 3305 eum
980 3250 1256 3314 veniemus,
1298 3254 1347 3300 et
1390 3245 1703 3297 mansionem
1741 3242 1881 3310 apud
1924 3257 2036 3294 eum

2143 3235 2473 3308 πληρώματος
2494 3241 2585 3288 τοῦ
2613 3241 2836 3309 Χριστοῦ
2866 3243 3177 3290 καταντῶσιν
3204 3236 3249 3289 oi
3269 3243 3437 3292 ταῦτα
3462 3238 3568 3291 καθ’
3587 3239 3728 3307 ὑμᾶς

474 3350 736 3417 faciemus.
769 3344 919 3400 Unde
948 3352 1002 3398 et
1044 3344 1098 3397 in
1138 3342 1310 3394 virum
1341 3339 1627 3407 perfectum
1655 3346 1710 3391 et
1739 3336 1789 3388 in
1821 3349 2039 3389 mensu-

472 3454 587 3494 ram
619 3437 793 3492 setatis
820 3432 1166 3505 plenitudinis
1187 3430 1384 3486 Christi
1413 3428 1727 3497 perveniunt
1749 3428 1781 3481 ii
1807 3427 1897 3497 qui
1930 3426 2043 3479 haec

476 3527 769 3583 secundum
795 3538 895 3579 vos
923 3524 1161 3579 studiose
1186 3528 1423 3577 servant.
1456 3518 1652 3573 Horum
1679 3520 1835 3589 igitur
1870 3526 1923 3572 et
1948 3529 2045 3569 nos

477 3632 596 3670 cum
626 3616 823 3669 virtute
872 3615 1277 3682 conjunctorum
1324 3609 1712 3679 iusigniumque
1739 3608 2042 3678 dogmatum

476 3724 759 3775 memores,
787 3724 891 3762 non
914 3707 1298 3762 infructuosum
1321 3704 1591 3759 eﬂ‘ecimus
1615 3710 1853 3756 vestrum
1880 3714 2046 3754 temu-

479 3801 693 3855 landum
748 3811 1088 3861 consensum,
1121 3794 1214 3850 sed
1268 3809 1363 3864 per
1415 3792 1745 3864 spiritualem
1792 3791 1846 3844 in
1891 3789 2043 3845 altari

478 3888 910 3945 intercessionem
941 3887 1054 3940 Deo
1086 3895 1333 3951 tanquam
1365 3883 1504 3937 dona
1549 3880 1834 3935 oti‘erentes
1861 3894 2045 3934 eorum

478 3998 594 4052 qua:
624 3996 653 4035 a
700 3980 854 4034 vobis
881 3977 1209 4049 synodaliter
1253 3986 1397 4044 gesta
1427 3981 1573 4037 sunt,
1620 3970 1899 4025 manifeste
1946 3984 2042 4023 ex-

477 4077 754 4139 sultantes,
786 4082 839 4126 et
869 4070 1257 4125 intercedentes
1281 4080 1376 4136 pro
1416 4066 1588 4120 salute
1615 4074 1815 4127 vestra,
1859 4076 1920 4115 ea
1947 4061 2049 4115 Do-

480 4168 623 4220 min
650 4163 941 4219 obtulimus
968 4163 1019 4215 in
1059 4159 1277 4214 odorem
1302 4156 1601 4221 suavitatis,
1631 4156 1743 4210 sive
1771 4154 2048 4208 ostensio-

480 4271 598 4311 netu
629 4258 853 4310 sincerte
900 4252 954 4306 in
984 4251 1169 4325 ipsum
1215 4247 1590 4310 confessionis,
1640 4260 1702 4298 ac
1733 4258 1827 4313 per
1867 4243 2046 4297 utilem

477 4363 660 4403 eorum
708 4345 1075 4401 recitationem
1119 4357 1212 4396 vos
1258 4352 1531 4410 praecones
1586 4336 1827 4391 veritatis
1857 4334 2049 4399 ubique

479 4436 725 4490 otntiibus
754 4433 1113 4489 exhibuimus.
1164 4431 1309 4485 Odor
1338 4432 1440 4485 erit
1488 4429 1629 4483 enim
1673 4428 1795 4481 vita:
1833 4440 1899 4481 ex
1944 4427 2047 4478 vita

482 4530 545 4582 iis
584 4529 671 4596 qui
702 4536 937 4580 nostram
972 4524 1131 4577 fidem
1172 4531 1354 4592 aperte
1405 4522 1700 4574 imitantur.
1758 4520 1828 4574 Ut
1869 4527 2044 4572 autem

2143 3322 2435 3383 σπουδαίως
2476 3323 2832 3396 φυλάσσοντες.
2890 3323 3092 3378 Τούτων
3136 3330 3404 3400 τοιγαροῦν
3448 3329 3531 3380 καί
3580 3330 3728 3397 ἡμεῖς

2141 3426 2240 3471 τῶν
2271 3420 2515 3492 ἐναρέτων
2537 3419 2676 3489 ὑμῶν
2702 3422 2784 3472 καί
2808 3419 3064 3490 ἐπισήμων
3096 3417 3361 3491 δογμάτων
3402 3421 3725 3492 μνησθέντες,

2142 3510 2229 3561 οὐκ
2268 3505 2496 3581 ἄκαρπον
2530 3508 2671 3578 ύμῶν
2712 3513 2801 3567 τὴν
2846 3509 3122 3573 εύζήλωτον
3148 3508 3433 3581 συνδρομήν
3478 3511 3730 3567 ἐποιήσα-

2143 3620 2253 3668 μεν.
2286 3598 2589 3674 ’Δλλ’ὦσπερ
2615 3598 2757 3674 δῶρα
2777 3608 2848 3673 τῷ
2876 3608 2985 3673 Θεῷ
3022 3605 3442 3675 προσκομίζοντες
3470 3599 3552 3656 διά
3573 3622 3730 3655 πνευ-

2143 3697 2373 3759 ματικῆς’
2388 3686 2653 3752 ἐντεύξεως
2678 3689 2726 3742 έν
2753 3697 2826 3761 τῷ
2851 3690 3202 3765 θυσιαστηρίῳ
3219 3698 3318 3745 τῶν
3336 3688 3451 3766 παρ’
3467 3692 3581 3763 ἡμῖν
3605 3709 3729 3744 συν-

2143 3778 2319 3839 οδικῶς
2364 3781 2697 3853 πραχθέντων
2747 3778 2966 3855 ἐναργῶς
3016 3781 3407 3852 ἰπαγαλλόμενοι
3462 3784 3543 3836 καί
3571 3802 3731 3835 κατα-

2143 3873 2380 3935 τάξαντες
2408 3874 2539 3943 ύπέρ
2564 3880 2655 3932 τῆς
2677 3871 2815 3941 ύμῶν
2837 3875 3087 3949 σωτηρίας
3108 3880 3273 3927 ταῦτα
3294 3869 3365 3939 τῷ
3382 3876 3550 3947 Κυρίῳ
3571 3893 3729 3945 προε-

2145 3962 2426 4028 κομίσαμεν
2456 3960 2525 4018 εἰς
2553 3960 2712 4027 όσμην
2758 3959 2994 4023 εὐωδίας,
3042 3961 3195 4032 ἤγουν
3242 3959 3493 4025 ἀπόδειξιν
3538 3970 3630 4022 τῆς
3657 3964 3732 4022 εἰς

2143 4048 2296 4101 αὐτὸν
2318 4047 2606 4122 εἰλικρινοῦς
2629 4047 2915 4119 ὁμολογίας,
2938 4052 3158 4123 κήρυκας
3184 4049 3322 4120 ύμάς
3344 4050 3575 4109 ἀληθείας
3603 4071 3726 4103 παν-

2145 4146 2315 4209 ταχοῦ
2337 4147 2446 4199 τοῖς
2466 4145 2601 4193 πᾶσι
2616 4142 3095 4212 παραστησάμενοι,
3114 4142 3199 4198 διά
3226 4150 3319 4201 τῆς
3348 4146 3513 4198 αὐτῶν
3542 4144 3732 4213 ἐπωφε-

2144 4232 2262 4290 λοῦς
2284 4233 2629 4301 ἀναγνώσεως.
2656 4229 2815 4300 ὀσμη
2838 4234 2931 4309 γὰρ
2951 4230 3123 4286 ἔσεται
3147 4237 3279 4296 ζωῆς
3297 4222 3349 4285 ἐκ
3370 4237 3499 4296 ζωῆς
3518 4241 3619 4292 τοῖς
3642 4239 3733 4292 τήν

2147 4322 2387 4393 ἡμετέραν
2406 4321 2577 4373 πίστιν
2604 4321 2825 4395 ἐναργῶς
2853 4322 3193 4393 μιμουμένοις.
3222 4320 3327 4376 Ἰνα
3354 4321 3408 4377 δὲ
3438 4332 3529 4383 τῆς
3556 4326 3733 4378 τοιαύ-

2146 4430 2237 4468 της
2262 4411 2399 4480 ἠμῶν
2424 4410 2555 4482 ύπέρ
2580 4411 2719 4479 ὑμῶν
2746 4411 3033 4483 ἱερουργίας
3060 4413 3118 4465 τό
3146 4413 3308 4481 τίμιον
3335 4411 3480 4485 ἔργον
3509 4415 3591 4466 καὶ
3612 4414 3732 4482 ύμῖν

2148 4499 2323 4563 αὐτοῖς
2365 4502 2412 4554 έν
2444 4502 2758 4576 πληροφορίᾳ
2778 4503 2922 4574 πάσῃ
2950 4506 3258 4573 ποιήσωμεν,
3303 4506 3430 4560 αὐτὰ
3460 4503 3583 4577 παρ’
3598 4506 3736 4574 ἡμῶν

484 4617 783 4687 ltujusmodi
839 4614 1001 4669 nostri
1058 4602 1301 4667 sacriticii
1356 4612 1652 4680 pretiosum
1704 4624 1837 4677 opus
1898 4609 2036 4664 vobis

2148 4590 2231 4643 ἰπὶ
2246 4597 2338 4646 τοῦ
2353 4590 2599 4665 παρόντος
2614 4594 2912 4664 πραχθέντα
2933 4594 3318 4664 συνειλημμένον
3335 4594 3550 4664 ἔχονται
3573 4596 3738 4657 καθώς

480 4722 692 4776 quoque
734 4707 858 4775 ipsis
892 4705 1100 4773 penitus
1140 4714 1343 4758 certum
1390 4702 1704 4766 faceremus,
1746 4716 1807 4754 ea
1835 4716 1953 4767 quae
1994 4702 2047 4754 in

485 4797 728 4864 praesenti
753 4810 781 4848 a
806 4795 955 4847 nobis
975 4800 1119 4860 gesta
1140 4800 1283 4857 sunt,
1310 4789 1652 4854 continentia,
1675 4789 1828 4843 sicuti
1851 4791 2048 4844 dictum

482 4898 586 4949 est,
621 4895 913 4939 vestrorum
955 4896 1261 4937 sermonum
1291 4878 1625 4947 splendorem
1653 4888 1705 4932 et
1731 4882 2051 4933 coruscatio-

489 4992 606 5030 item
632 4989 733 5029 una
754 4989 873 5029 cum
900 4973 1098 5027 nostris
1117 4971 1369 5040 encycliis
1397 4970 1585 5025 litteris
1608 4970 1671 5023 ad
1696 4985 1789 5024 vos
1812 4971 2053 5026 misimus

487 5086 581 5136 per
625 5066 961 5123 Theodorum
1005 5072 1061 5119 et
1102 5063 1380 5119 Leontium
1436 5062 1713 5132 religiosos
1764 5062 2052 5117 monachos

486 5171 683 5215 sancta:
708 5160 913 5224 Laurus,
956 5167 1014 5212 ut
1051 5157 1280 5212 scienter
1307 5157 1574 5211 intuentes
1605 5165 1782 5210 nostra
1810 5155 2053 5226 dogmata

486 5256 685 5321 (nostra
716 5249 879 5311 enim,
926 5246 1215 5303 secundum
1245 5246 1520 5301 indivisam
1552 5245 1780 5315 Spiritus
1818 5261 2057 5301 commu-

489 5347 697 5397 nionem
729 5352 901 5395 vestra
948 5338 1117 5409 sunt),
1140 5338 1189 5392 id
1218 5347 1320 5403 εει,
1365 5337 1685 5406 apostolicus
1714 5348 1767 5391 et
1812 5346 2059 5404 paternas

490 5432 738 5488 Ecclesia:
765 5433 1038 5487 catholica:
1060 5429 1486 5499 prmdicationes,
1520 5428 1727 5489 dicatis.
1760 5438 1813 5483 et
1844 5428 1969 5494 ipsi,
2006 5428 2059 5480 in

489 5525 659 5578 divina
688 5525 954 5593 agnitione
981 5521 1125 5587 facti,
1150 5537 1477 5591 nequaquam
1502 5523 1552 5574 in
1588 5537 1809 5577 excessu
1842 5523 2055 5582 mentis,

490 5629 670 5666 verum
711 5626 919 5678 semper
950 5613 1213 5667 mentibus
1255 5612 1534 5681 vigilantes
1566 5630 1578 5665 :
1616 5611 1728 5664 Hoc
1757 5628 1889 5664 nunc
1916 5628 1970 5664 os
1999 5627 2063 5665 ea:

491 5705 682 5756 ossibus
728 5709 930 5771 nostris,
972 5714 1019 5756 et
1066 5719 1185 5757 caro
1232 5704 1294 5757 de
1344 5719 1497 5757 carne
1544 5714 1717 5756 nostro
1763 5701 1917 5772 (Gen.
1948 5705 2009 5769 ll)
2047 5720 2060 5767 ;

569 5884 590 5910 ἰ
624 5874 736 5942 Gn,
764 5878 814 5928 in
839 5876 993 5944 vobis,
1027 5885 1188 5930 recte.
1224 5876 1395 5931 "Mm.

2150 4677 2407 4751 εἴρηταιτό
2421 4679 2623 4753 διαυγές
2636 4680 2745 4737 ἤτοι
2760 4681 2815 4734 τὸ
2829 4682 3162 4756 μαργαρῶδες
3172 4692 3272 4739 τῶν
3286 4685 3544 4754 ὑμετέρων
3555 4684 3736 4756 λόγων,

2151 4766 2281 4838 μετά
2299 4776 2389 4829 τῆς
2409 4770 2664 4841 ἐγκυκλίου
2686 4772 2823 4841 ἡμῶν
2842 4772 3132 4834 ἐπιστολῆς,
3150 4773 3277 4846 πρὸς
3289 4773 3423 4844 ύμάς
3447 4774 3742 4828 ἀπεστείλα-

2152 4877 2240 4928 μεν
2255 4855 2339 4911 διά
2358 4856 2617 4931 Θεοδώρου
2639 4862 2723 4911 καί
2749 4862 2983 4913 Λεοντίου
3018 4867 3117 4915 τῶν
3143 4862 3366 4915 εύλαϐῶν
3385 4869 3630 4933 μοναχῶν
3652 4870 3744 4922 τῆς

2153 4952 2365 5021 εὺαγοῦς
2374 4949 2584 5021 λαύρας,
2598 4952 2679 5005 ἵνα
2690 4959 2796 5010 τοῖς
2812 4954 3072 5025 ἡμετέροις
3085 4953 3429 5023 ἐπιστημόνως
3441 4956 3746 5009 ἐνατενίσαν·

2155 5061 2240 5100 τες
2258 5039 2501 5112 δόγμασιν
2526 5042 2684 5113 (ὑμῶν
2712 5044 2807 5114 γάρ
2829 5044 2929 5096 εἰσι
2948 5045 3013 5097 τὰ
3035 5043 3253 5116 ἡμέτερα
3275 5045 3402 5097 κατά
3417 5042 3504 5101 τήν
3522 5042 3745 5119 ἀδιαίρε-

2155 5154 2242 5188 τον
2253 5137 2501 5187 κοινωνίαν
2512 5140 2599 5187 τοῦ
2612 5134 2918 5203 Πνεύματος)
2928 5175 2941 5196 .
2956 5135 3139 5189 ταυτὸν
3154 5132 3205 5189 δέ
3218 5135 3393 5204 λέγειν,
3406 5143 3508 5194 τοῖς
3522 5136 3749 5189 ἀποστο-

2155 5224 2309 5283 λικοῖς
2323 5226 2407 5279 καί
2430 5231 2693 5296 πατρικοῖς
2706 5232 2796 5284 τῆς
2817 5225 3074 5286 κατολικῆς
3095 5225 3386 5285 Ἐκκλησίας
3408 5226 3745 5300 κηρύγμασιν,

2158 5310 2329 5369 εἴπητε
2360 5316 2442 5366 καί
2469 5314 2612 5384 ύμεῖς
2640 5315 2687 5367 ἔν
2716 5316 2987 5385 ἐπιγνώσει
3011 5315 3117 5387 θείᾳ
3141 5314 3419 5386 γενόμενοι,
3449 5318 3519 5383 μὴ
3541 5311 3751 5369 ἐκστάν-

2159 5425 2243 5464 τες
2271 5402 2394 5465 ὅλως
2424 5407 2551 5460 κατά
2577 5406 2781 5477 ψυχὴν,
2814 5406 2936 5461 ἀλλά
2956 5412 3319 5481 γρηγοροῦντες
3341 5407 3421 5459 ἀεὶ
3442 5413 3503 5476 τῇ
3529 5405 3749 5478 διανοίᾳ*

2159 5501 2320 5549 Τοῦτο
2341 5490 2431 5548 οῦν
2451 5498 2630 5550 ὀστοῦν
2655 5498 2709 5549 ἐκ
2743 5504 2843 5550 τῶν
2864 5497 3027 5551 ὀστῶν
3045 5498 3205 5566 ἡμῶν,
3221 5500 3302 5549 καὶ
3330 5498 3454 5572 σὰρξ
3482 5496 3533 5548 ἐκ
3554 5503 3647 5555 τῆς
3661 5517 3751 5549 σαν

2163 5587 2279 5659 ρκὸς
2304 5587 2461 5657 ἡμῶν
2489 5586 2575 5641 ἅτε
2599 5586 2659 5645 δή
2677 5592 2766 5645 τήν
2784 5588 2936 5647 αὐτὴν
2957 5588 3006 5640 ἰν
3025 5595 3130 5648 τοῖς
3145 5588 3274 5660 ύπέρ
3294 5587 3518 5645 ἀληθείας
3532 5586 3752 5655 νοήμασὸ

2164 5700 2217 5735 τε
2250 5684 2325 5734 καί
2356 5680 2545 5751 ῥήμασι
2588 5678 2668 5736 διὰ
2696 5681 2899 5736 πάντων
2924 5681 3237 5755 εὑρίσκοντες
3262 5679 3553 5753 συγγένειάν
3584 5698 3636 5734 τε
3667 5679 3753 5735 καί
