4018 6184
244 262 361 317 189

1462 255 1835 314 ΕΡΙΒΤΟΙΛΕ.
1871 285 1936 295 -
1967 252 2186 311 EPIST.
2244 251 2329 306 IV.

3422 243 3533 299 £50

234 382 569 448 σύμπνοιαν.
602 373 740 432 Αὕτη
782 374 1077 432 κληθήσεται
1128 374 1300 434 πίστις
1350 373 1529 432 ἀληθής
1577 392 1835 445 προεγνω-

1947 367 2182 422 eamdem
2226 366 2419 433 quippe
2460 362 2511 417 in
2557 362 2801 417 sensibus
2830 360 3120 432 verbisque
3154 361 3389 417 veritatis
3416 376 3518 417 co-

242 470 371 533 μένη
398 469 487 534 μέν
509 473 583 537 τῷ
612 473 723 531 Θεῷ
760 468 861 541 πρὸ
885 469 1087 521 πάντων
1121 472 1220 520 τῶν
1248 466 1436 518 αἷώνων
1460 502 1474 526 ,
1503 464 1842 537 φανερωθείσα

237 554 299 609 δέ
324 562 413 610 νῦν
432 554 496 610 δι’
516 558 679 625 ἡμᾶς,
701 558 786 609 καὶ
812 557 1131 628 χνρισθεῖσα
1150 558 1309 608 πᾶσιν
1330 555 1451 625 ἡμῖν
1469 560 1574 610 τοῖς
1600 555 1670 610 εἰς
1692 553 1843 605 αὐτόν

241 644 524 719 ὀρόδόξως
548 644 907 710 πιστεύουσιν,
932 642 1008 699 ὅτι
1032 645 1079 707 ἐξ
1106 646 1265 699 αὐτοῦ
1284 650 1373 697 τοῦ
1396 644 1586 700 ἀληθῶς
1606 660 1846 695 πιστευο-

243 740 405 807 μένου
431 742 655 808 Χριστοῦ
690 737 923 809 ληφθεῖσα
952 735 1034 791 διὰ
1077 743 1168 789 τοῦ
1205 736 1458 806 σωτηρίου
1503 734 1840 807 κηρύγματος,

246 826 532 899 δεδώρηται
577 829 707 902 πρός
746 831 1073 900 περιποίησιν
1100 834 1199 881 τῶν
1238 826 1485 902 ἡμετέρων
1527 824 1733 894 ψυχῶν.
1775 827 1843 879 Δι’

247 915 310 970 ἐν
349 916 407 967 οὐ
438 915 589 984 μόνον
631 916 829 988 πατέρα
876 918 958 969 καί
1003 917 1200 987 μητέρα
1248 914 1538 980 καταλείψει
1582 911 1842 973 πάντωςό

246 1002 473 1062 εᾶσεεης
519 1005 603 1056 καί
637 1000 899 1077 ὁρθόδοξος
938 1001 1215 1078 ἄνθρωπος,
1260 1003 1383 1056 ἀλλά
1428 1004 1513 1055 καί
1540 1006 1631 1059 τήν
1661 1002 1842 1055 ἑαυτοῦ

247 1088 456 1158 duritia,
500 1093 586 1142 καί
610 1093 747 1149 αὐτη
769 1091 891 1158 μόνη
918 1092 1405 1165 προσκολληθήσεται
1426 1094 1553 1144 κατὰ
1572 1102 1661 1148 την
1677 1092 1844 1148 ἀπαθῆ

246 1202 303 1233 τε
368 1184 454 1235 καί
494 1180 765 1255 ἄμεμπτον
803 1194 894 1244 τῆς
940 1192 1187 1256 πατρικῆς
1232 1183 1563 1243 διδασκαλίας
1612 1184 1842 1242 ἑνότητα.

245 1273 317 1324 Τὸ
353 1274 457 1345 γὰρ
494 1278 772 1349 μυστήριον
813 1280 959 1330 τοῦτο
987 1277 1113 1346 μέγα
1138 1278 1304 1339 ἐστὶν,
1343 1276 1440 1345 ἐγὼ
1480 1273 1716 1343 δὲλέγω,
1757 1296 1843 1346 φη·

248 1363 332 1411 σίν
359 1361 384 1414 ό
408 1362 541 1421 θεῖος
566 1362 902 1425 Ἀπόστολος,
946 1368 1015 1423 εἷς
1042 1365 1258 1439 Χριστὸν
1294 1366 1375 1418 καί
1419 1365 1490 1423 εἰς
1532 1368 1620 1423 τὴν
1643 1362 1844 1420 ἐκκλη-

250 1454 390 1503 σίαν.
429 1456 784 1510 Κατανοήσατε
836 1448 946 1517 οὖν,
979 1455 1253 1521 ἀγαπητοὶ,
1278 1457 1367 1510 τήν
1399 1458 1565 1508 κλῆσιν
1592 1452 1732 1519 ὑμῶν
1758 1450 1845 1519 βε-

253 1541 419 1600 ϐαίως
446 1544 638 1599 ταύτην
664 1544 747 1613 ς,υὲ
759 1544 1019 1606 ἀσσοντις,
1043 1543 1203 1602 καθώς
1227 1544 1380 1600 αὐτὴν
1403 1542 1732 1615 παρελάϐετε,
1763 1539 1844 1594 διὰ

250 1637 355 1685 τοῖιν
384 1633 663 1704 εἰρημένων
682 1631 836 1703 ἁγίων
855 1643 891 1686 ΙΙ
900 1641 1080 1707 κτρῶν,
1099 1635 1298 1686 καὶτῶν
1316 1635 1672 1701 οἰκουμενικῶν
1694 1631 1841 1683 πέντε

1946 458 2245 527 gnationein
2274 471 2368 524 per
2394 455 2570 510 omnia
2598 465 2651 511 et
2680 455 3124 524 conspirationem
3152 454 3518 509 invenientes.

1946 548 2071 603 llaec
2111 562 2233 602 vera
2274 545 2404 601 ﬁdes
2448 546 2737 609 vocabitur,
2788 543 2899 599 Deo
2929 544 3140 613 quidem
3186 552 3307 597 ante
3336 544 3517 597 omnia

1942 641 2139 693 saecula
2173 640 2515 706 prmongnita,
2564 653 2702 692 nunc
2733 650 2859 691 vero
2886 644 3103 702 propter
3146 650 3242 688 nos
3292 636 3519 689 manile-

1942 739 2104 794 stata,
2146 728 2404 794 nobisque
2448 726 2717 790 omnibus,
2763 726 2855 793 qui
2905 724 2956 778 in
3008 725 3177 790 ipsum
3226 724 3521 776 orthodoxe

1944 819 2235 882 credimus,
2282 819 2506 880 donata;
2534 815 2672 884 quod
2712 815 2780 867 ab
2809 814 2946 882 ipso,
2984 813 3072 881 qui
3105 827 3230 866 vere
3260 812 3518 874 creditur,

1945 909 2157 963 Christo
2200 916 2440 973 accepta,
2490 921 2582 974 per
2618 905 2881 958 salubrem
2924 902 3350 970 praedicationem
3395 902 3519 955 data

1946 1008 2027 1053 est
2058 998 2110 1051 in
2156 997 2380 1050 salutem
2410 996 2706 1049 animarum
2737 1004 3056 1060 nostrarum,
3103 1002 3319 1061 propter.
3359 1008 3518 1061 quam

1947 1105 2051 1143 non
2080 1089 2250 1143 Solum
2294 1100 2494 1157 patrem
2542 1097 2594 1141 et
2638 1098 2861 1141 matrem
2908 1088 3126 1139 omnino
3175 1085 3514 1153 derelinquet

1949 1186 2064 1251 pius
2094 1182 2255 1236 homo
2281 1189 2335 1234 et
2359 1178 2710 1242 orthodoxus,
2734 1180 2824 1231 sed
2852 1191 3002 1231 suam
3030 1179 3190 1231 etiam
3217 1176 3384 1244 ipsius
3406 1177 3519 1228 ani-

1948 1287 2112 1333 mam,
2142 1274 2298 1338 eique
2327 1270 2426 1324 soli
2468 1268 2761 1322 adh't-rcbit
2790 1282 2884 1336 per
2913 1266 3171 1335 integram
3201 1278 3255 1321 et
3281 1266 3521 1334 inculpa.

1948 1370 2053 1414 ιλιι]
2086 1371 2320 1428 paterna:
2343 1359 2599 1413 doctrina:
2632 1359 2907 1412 unitatem.
2943 1356 3242 1425 Mysterium
3267 1358 3401 1411 enim
3429 1359 3519 1410 hoc

1947 1466 2186 1519 magmth
2216 1461 2310 1502 est.
2364 1448 2490 1500 Dico
2519 1457 2711 1511 autem,
2756 1448 2832 1500 ait
2858 1446 3067 1500 divinus
3112 1446 3420 1514 Apostolus,
3468 1448 3487 1499 i
3517 1467 3529 1499 ε

1946 1538 2148 1592 Christo
2184 1549 2231 1591 et
2260 1539 2312 1591 in
2362 1536 2587 1590 Ecclesia
2615 1535 2829 1605 (Ephes.
2856 1534 2930 1605 v).
2978 1534 3299 1603 Cognoscite
3342 1536 3521 1605 igitur,
3562 1546 3565 1567 ‘-

1946 1628 2301 1692 dilectissimi,
2336 1628 2666 1681 vocationem
2712 1636 2966 1687 vestram,
3011 1628 3235 1680 lirmiter
3263 1626 3398 1680 hanc
3425 1641 3521 1681 cu-

248 1720 509 1776 σννόδων·
541 1720 711 1780 ἐπειδὴ
741 1726 825 1775 καὶ
862 1724 991 1793 ἡμᾶς
1024 1724 1210 1782 αὐτοὺς
1244 1719 1515 1779 συνοδικῶς
1554 1721 1684 1793 ὑπὲρ
1706 1722 1844 1789 ὑμῶν

1947 1723 2261 1788 stodientes,
2290 1722 2428 1774 sicut
2455 1735 2570 1774 eam
2599 1735 2692 1788 per
2721 1730 3041 1773 memoratos
3075 1729 3287 1772 sanctos
3312 1717 3518 1780 Patres,

252 1810 580 1883 προείρηται,
596 1820 981 1885 καρποῖορῆσαι
999 1814 1186 1869 ταύτην
1199 1820 1269 1880 τῷ
1283 1819 1388 1876 Θεῷ
1406 1808 1839 1883 προσετρίψασθε,

251 1904 337 1953 τόν
352 1903 598 1975 ὑμέτερον
613 1905 730 1971 ἡμῖν
751 1900 812 1955 δι’
838 1898 902 1955 ὧν
922 1900 1195 1962 συνοδικῶς
1210 1904 1554 1974 γεγραμόκατε
1578 1900 1719 1964 ζῆλον
1733 1901 1843 1953 ἐπι-

249 1990 554 2063 δειξάμενοι.
586 1997 663 2049 Μὴ
694 1988 786 2044 οὖν
810 2000 902 2050 τῆς
928 1993 1111 2050 οἰκείας
1152 1991 1410 2063 ὁμολογίας
1436 1991 1734 2065 παραϐάται
1761 2010 1845 2060 γε·

252 2083 500 2151 νηθῶμεν,
518 2078 583 2134 δι’
595 2081 811 2150 ἀνάγκην
838 2079 867 2137 ἦ
883 2081 1081 2137 ἀπάτην
1107 2087 1205 2134 τῶν
1221 2082 1286 2138 ὡς
1308 2082 1439 2138 εἰκός
1462 2078 1844 2152 προϐαλλόντων

255 2172 286 2228 ἧ
307 2170 653 2243 πειραζόντων
665 2170 912 2239 ἦμᾶς,ἷνα
928 2172 995 2237 μη
1016 2177 1103 2230 τῆς
1114 2170 1438 2243 παραϐασίας
1457 2172 1844 2243 εἰσπραχθῶμεν

257 2263 306 2312 ἐν
322 2262 493 2333 ἡμέρᾳ
510 2262 727 2330 κρίσεως
744 2260 814 2319 εὶς
834 2261 1017 2319 αἰῶνας
1042 2261 1229 2313 αἰώνων
1250 2261 1333 2315 τὸν
1364 2259 1523 2333 λόγον.
1551 2262 1606 2313 Εἰ
1623 2262 1722 2335 γὰρ
1745 2258 1846 2317 ὁδί

256 2352 481 2421 ἀγγέλων
498 2351 725 2410 λαληθεὶς
754 2348 899 2422 λόγος
918 2351 1106 2421 ἐγένετο
1121 2351 1323 2420 βέϐαιος
1344 2354 1427 2404 καί
1446 2355 1591 2405 πᾶσα
1609 2352 1844 2423 παράϐαο

259 2462 343 2500 ct;
361 2444 445 2494 καί
470 2446 707 2514 παρακοή
732 2439 913 2495 ἔλαϐεν
932 2439 1116 2496 ἔνδικον
1135 2440 1549 2510 μισταποδοσίαν,
1579 2450 1686 2503 πῶς
1701 2444 1846 2511 ἠμεὶς

256 2534 589 2606 ἐψυξόμεθα
611 2536 911 2595 τηλικαύτης
925 2536 1266 2606 ἀμελήσαντες
1288 2539 1573 2613 σωτηρίας;
1594 2533 1733 2597 Ἠτις
1754 2536 1847 2610 ἀρ-

252 2632 360 2697 χὴν
370 2627 608 2681 λαϐοῦσα
616 2627 868 2681 λαλεῖσθαι
880 2624 960 2680 διὰ
968 2632 1055 2680 τοῦ
1070 2641 1133 2679 ευ
1137 2628 1250 2700 ρίου
1259 2628 1309 2691 ,ὗ
1316 2627 1380 2681 πὸ
1392 2633 1488 2681 τῶν
1500 2628 1844 2690 ἀκουσάντων,

258 2718 406 2790 ὅγουν
416 2726 519 2773 τῶν
530 2719 686 2789 ἁγίων
702 2721 839 2773 ἀποσ
849 2718 996 2772 τόλων
1009 2722 1090 2773 καὶ
1099 2727 1196 2773 τῶν
1210 2720 1411 2782 καθεξῆς
1424 2720 1575 2773 αὐτοῦ
1588 2719 1845 2790 μαθητῶν,

257 2810 327 2868 εἰς
355 2810 493 2877 ἡμᾶς
525 2807 799 2866 ἐϐεϐαιώθη
819 2847 832 2871 ,
865 2809 1329 2883 ἐπιμαρτυροῦντος
1348 2816 1437 2865 τοῦ
1460 2818 1587 2865 Θεοῦ
1621 2815 1848 2881 σημείοις

260 2901 346 2951 καί
370 2898 554 2971 τέρασι
576 2899 660 2951 καί
687 2899 934 2958 ποικίλαις
962 2897 1226 2970 δυνάμεσι,
1265 2903 1350 2953 καί
1378 2899 1667 2971 Πνεύματος
1700 2903 1846 2972 ἀγίου

260 2995 557 3061 μερισμοῖς,
591 2991 650 3042 οὐ
679 2994 776 3057 μὴν
807 2990 931 3044 ἀλλά
957 2992 1043 3045 καί
1070 2999 1338 3064 γραφικαῖς
1367 2993 1447 3047 καί
1469 2992 1687 3064 λογικαῐς
1718 2996 1848 3049 ἀπο-

1944 1831 2000 1876 ct
2028 1818 2357 1873 universales
2386 1816 2620 1885 quinque
2649 1815 2882 1884 synodos
2911 1815 3225 1882 accepisis;
3275 1814 3520 1882 quando-

1944 1908 2157 1977 quidem
2182 1917 2235 1960 et
2267 1907 2532 1974 nosipsos,
2566 1915 2623 1958 ut
2645 1915 2769 1959 ante
2796 1921 2824 1958 a
2854 1904 3006 1959 nobis
3033 1905 3235 1958 dictum
3266 1914 3368 1967 est,
3402 1906 3524 1957 hor-

1946 1998 2040 2052 tati
2086 1997 2216 2051 estis
2248 1996 2403 2066 hujus
2444 1996 2673 2049 fructum
2707 1996 2901 2049 oll'erro.
2935 1995 3061 2062 Deo,
3104 2004 3338 2048 vestrum
3372 1992 3525 2048 nobis

1945 2102 2039 2154 per
2088 2100 2151 2141 ea
2205 2101 2320 2155 qua:
2366 2084 2693 2154 synodaliter
2744 2084 3032 2152 scripsistis
3077 2083 3251 2137 zelum
3299 2083 3519 2137 demou-

1943 2186 2198 2232 strantes.
2248 2176 2325 2231 Ne
2353 2177 2519 2230 simus
2548 2174 2707 2243 igitur
2738 2175 2967 2244 propriae
3008 2174 3361 2231 confessionis
3392 2191 3522 2244 pm-

1946 2271 2268 2323 varicatorcs
2304 2283 2397 2337 per
2428 2266 2755 2322 coaitionem
2807 2266 2889 2320 vel
2937 2280 3029 2333 per
3058 2265 3297 2320 fraudem
3330 2281 3516 2320 eorum

1945 2361 2034 2428 qui
2067 2374 2185 2425 nos,
2217 2368 2271 2412 ut
2315 2356 2600 2411 verisimile
2648 2366 2749 2421 est,
2808 2356 2893 2411 vel
2943 2356 3227 2425 impetum,
3262 2358 3345 2412 vel
3401 2367 3521 2412 ten-

1948 2457 2079 2513 tant,
2130 2464 2196 2503 ne
2224 2446 2275 2501 iu
2306 2448 2395 2503 die
2435 2446 2621 2515 judicii
2666 2449 2924 2502 rationein
2967 2449 3421 2516 praevaricationis
3468 2450 3523 2504 in

1946 2542 2142 2594 saecula
2184 2538 2501 2593 saeculorum
2541 2552 2903 2606 reposcamur.
2943 2555 2962 2590 ι
3016 2537 3073 2595 Si
3121 2541 3265 2594 enim
3311 2540 3401 2608 qui
3428 2555 3525 2611 per

1946 2630 2160 2697 angelos
2191 2630 2363 2683 dictus
2388 2639 2472 2684 est
2497 2644 2696 2695 sermo,
2730 2629 2901 2684 lactus
2932 2639 3015 2684 est
3044 2630 3253 2698 ﬁrmus,
3274 2640 3331 2685 et
3354 2634 3526 2687 omnis

1951 2721 2311 2789 prmvaricatio
2339 2728 2393 2775 et
2421 2720 2775 2775 inobedientia
2801 2722 3006 2788 accepit
3032 2721 3229 2788 justam
3259 2722 3521 2778 mercedis

1948 2810 2377 2877 retributionem,
2421 2810 2688 2879 quomodo
2741 2826 2838 2865 nos
2877 2810 3213 2881 ell‘ugiemus,
3247 2813 3291 2867 si
3322 2823 3520 2868 tantam

1948 2903 2341 2970 neglexerimus
2380 2902 2649 2955 salutem?
2692 2917 2810 2971 quae
2840 2917 2960 2955 cum
2992 2902 3197 2958 initium
3229 2906 3532 2974 accepisset

1948 2993 2184 3046 enarrari
2215 3007 2305 3059 per
2335 2991 2638 3057 Dominum,
2667 2992 2735 3045 ab
2768 2991 2847 3046 eis
2874 2994 2961 3062 qui
2989 2993 3293 3064 audierunt,
3336 3012 3526 3066 nempe

256 3078 463 3146 δείξεσι,
501 3084 582 3134 καί
606 3086 764 3136 πᾶσιν
789 3081 962 3143 ἁπλῶς
982 3121 997 3147 ,
1029 3080 1103 3143 οἷς
1131 3085 1189 3138 τὸ
1218 3087 1455 3158 κήρυγμα
1492 3093 1583 3147 τῆς
1621 3087 1845 3148 ἀληθείας

1954 3101 1984 3137 a
2013 3084 2212 3138 sanctis
2238 3084 2518 3151 apostolis,
2550 3098 2613 3138 ac
2653 3084 2903 3153 deinceps
2929 3085 2995 3139 ab
3040 3100 3224 3141 eorum
3254 3087 3527 3157 discipulis

262 3170 617 3225 έπιστῶσαντο
653 3173 857 3249 χρόνοις
881 3175 1171 3234 τοσούτοις.
1210 3172 1373 3250 Ὀπερ
1404 3178 1491 3230 καί
1517 3178 1660 3245 ἡμεῖς
1691 3198 1845 3232 συνο-

264 3258 407 3321 aus;
439 3262 772 3335 ἓκυρῶσαμεν
815 3265 885 3323 εἰς
917 3265 1176 3318 σύστασιν
1209 3267 1298 3335 μὲν
1326 3274 1415 3325 τῆς
1457 3267 1712 3328 ωθολικῆς
1739 3267 1849 3323 Ἐκ-

264 3350 492 3412 aiming,
522 3354 822 3425 κατάκρισιν
848 3351 901 3407 δὲ
930 3361 1027 3407 τῶν
1050 3356 1241 3412 ταύτην
1282 3356 1439 3415 πάλαι
1475 3361 1558 3412 καί
1581 3366 1665 3412 νῦν
1695 3360 1847 3414 πολε·

261 3448 527 3513 μησάντων
553 3447 838 3521 αἱρετικῶν,
865 3450 951 3501 καί
973 3449 1217 3520 μάλιστα,
1251 3457 1348 3505 τῶν
1369 3452 1453 3506 ἐπὶ
1472 3459 1571 3505 τῶν
1599 3451 1704 3504 καθ’
1718 3454 1850 3522 ἡμᾶς

261 3538 569 3606 ἀναᾳνέντων
594 3536 821 3605 χρόνων,
850 3535 1111 3611 Θεοδώρου
1142 3542 1301 3609 φαμέν
1341 3547 1436 3595 τοῦ
1466 3543 1732 3612 γενομένου
1758 3549 1849 3603 τῆς

262 3628 420 3702 ὴράν
453 3627 762 3695 ἑπισκόπου,
796 3631 878 3682 καί
911 3629 1066 3704 Κύρου
1097 3637 1187 3685 τοῦ
1210 3630 1599 3700 ’Δλεξανδρείας,
1624 3635 1711 3687 καὶ
1733 3641 1850 3710 Σερ-

262 3720 367 3788 γίου
400 3724 489 3770 τοῦ
521 3720 1113 3785 Κωνσταντινουπόλεως,
1145 3724 1231 3775 καί
1255 3729 1350 3776 τῶν
1378 3724 1533 3777 αὐτοῦ
1563 3721 1847 3794 διαδόχων,

265 3812 361 3857 τῶν
388 3809 485 3873 μὲν
517 3803 653 3882 ἄχρι
700 3809 878 3867 τέλους
903 3810 960 3862 οὗ
984 3812 1431 3879 μετανοησάντων,
1463 3818 1562 3865 τῶν
1591 3810 1664 3877 δὲ,
1687 3815 1851 3885 μέχρι

264 3902 349 3952 τῆς
376 3899 638 3969 σήμερον,
686 3900 777 3953 τὴν
816 3898 1005 3975 αἳρεσιν
1050 3901 1240 3970 ἰταμῶς
1281 3898 1615 3966 ὲκδικούντων,
1656 3907 1742 3957 καί
1767 3903 1851 3960 διὰ

260 3992 407 4040 τοῦτο
435 3987 565 4039 ποτέ
597 3986 687 4053 μὶν
716 3988 855 4055 μίαν,
886 3990 1008 4043 ποτὲ
1038 3986 1091 4043 δὲ
1116 3990 1373 4050 παντελῶς
1392 3989 1630 4062 οὐδεμίαν
1652 3993 1849 4051 θέλησιν

261 4076 343 4127 καί
391 4076 645 4146 ἐνέργειαν
687 4084 778 4135 τῆς
814 4077 1045 4138 θεότητος
1089 4083 1172 4133 καὶ
1206 4094 1297 4139 τίς
1332 4080 1715 4153 ἀνθρωπότητος
1756 4089 1849 4138 τοῦ

260 4168 444 4238 ιυρίου
475 4166 616 4236 ἡμῶν
638 4165 805 4222 Ἰησοῦ
831 4164 1074 4239 Χριστοῦ,
1103 4169 1229 4222 κατά
1255 4172 1371 4229 τοὺς
1416 4172 1515 4245 πρὸ
1544 4172 1705 4225 αὐτῶν
1730 4174 1849 4228 ἀσε-

262 4255 366 4313 ϐεῖς
390 4256 700 4329 αἱρετικούς,
731 4258 955 4318 ἀνοήτως
995 4260 1383 4332 ὁμολογούντων,
1407 4262 1848 4333 ἀνταλλαξαμένων

260 4353 348 4404 τῆς
374 4344 643 4420 ὁρθοδόξου
666 4354 766 4402 τῶν
792 4357 994 4421 Πατρῶν
1017 4352 1259 4412 πίστεως,
1284 4352 1374 4409 τὰς
1395 4352 1731 4413 ἐπινοηθείσας
1754 4356 1847 4408 αὺ-

1951 3172 1970 3244 [
1984 3172 2094 3239 Vel,
2125 3187 2188 3228 ac
2237 3175 2352 3241 ejus
2380 3173 2696 3245 discipulis],
2726 3174 2776 3228 in
2806 3192 2905 3230 nos
2933 3178 3246 3231 conﬁrmata
3276 3188 3377 3245 est,
3403 3193 3527 3234 con-

1950 3273 2179 3319 testante
2211 3266 2317 3318 Deo
2356 3266 2541 3333 signis,
2574 3274 2628 3320 et
2674 3268 2931 3334 portentis
2975 3278 3027 3321 et
3072 3268 3300 3336 Spiritus
3344 3271 3520 3326 sancti

1949 3354 2434 3409 distributionibus.
2467 3373 2486 3407 ι
2539 3354 2693 3410 Enim
2723 3370 2848 3410 vero
2888 3366 2940 3411 et
2981 3356 3527 3415 dcmonstrationibus

1950 3454 2060 3498 tum
2112 3460 2176 3498 ex
2206 3443 2493 3512 scriptura,
2524 3452 2632 3499 tum
2679 3459 2743 3500 ex
2791 3448 3143 3516 argumentis,
3186 3463 3248 3503 ac
3278 3449 3343 3503 iis
3371 3450 3526 3519 plane

1949 3534 2191 3587 omnibus
2243 3533 2437 3602 quibus
2491 3533 2729 3589 veritatis
2797 3537 3122 3603 praeconium
3187 3547 3291 3592 tam
3344 3540 3527 3596 multis

1950 3623 2276 3692 temporibus
2304 3624 2488 3678 Patres
2512 3625 2920 3693 conﬁrmarunt,
2952 3629 3092 3697 quod
3128 3640 3185 3685 et
3225 3645 3321 3685 nos
3362 3646 3523 3704 syno-

1948 3713 2141 3767 daliter
2164 3714 2459 3780 sanximus,
2487 3714 2552 3768 ad
2580 3714 2998 3771 stabilimentum
3030 3728 3085 3773 et
3102 3724 3524 3778 commendatio,

1949 3819 2069 3858 nem
2104 3803 2353 3859 Ecclesia.-
2380 3805 2678 3873 catholicae,
2726 3807 3124 3865 damnationem
3159 3826 3284 3866 vero
3314 3812 3526 3872 haeretis-

1949 3910 2156 3961 corum,
2202 3896 2289 3964 qui
2319 3904 2374 3950 et
2415 3897 2542 3952 olim
2574 3908 2629 3953 et
2669 3914 2811 3954 nunc
2838 3915 2953 3954 eam
2986 3914 3379 3970 oppugnarunt,
3429 3920 3517 3959 eo-

1950 4001 2175 4055 rumque
2233 3989 2530 4054 praasertim
2579 3988 2668 4056 qui
2718 3991 3044 4057 temporibus
3102 3993 3301 4046 nostris
3349 3996 3524 4051 exorti

1948 4084 2073 4130 sunt
2104 4094 2116 4129 ε
2149 4076 2430 4142 Theodori,
2461 4079 2694 4146 inquam,
2728 4081 2816 4148 qui
2852 4080 3055 4134 Pharao
3087 4081 3185 4136 fuit
3205 4084 3516 4154 episcOpus,

1948 4176 2001 4221 et
2025 4167 2170 4236 Cyri,
2201 4168 2288 4237 qui
2320 4168 2680 4234 Alexandria,
2708 4183 2762 4224 et
2801 4169 2991 4239 Sergii,
3025 4173 3113 4241 qui
3144 4173 3522 4230 Consautinoo

1950 4257 2102 4326 polis,
2133 4258 2353 4328 ejusque
2382 4274 2776 4327 successorum,
2812 4278 3036 4330 quorum
3061 4264 3151 4318 alii
3184 4282 3351 4336 usque
3382 4269 3433 4323 in
3462 4269 3525 4324 li-

1948 4364 2069 4402 nem
2101 4364 2206 4403 non
2236 4350 2615 4417 poenitur-runt,
2645 4351 2734 4406 alii
2762 4353 2829 4406 ad
2862 4352 2998 4408 hanc
3039 4356 3183 4412 diem
3214 4372 3383 4427 usque
3415 4359 3525 4415 bte-

260 4444 361 4494 τοῖς
390 4438 473 4489 καί
501 4437 554 4500 ἐξ
585 4439 894 4507 εἰσηγήσεως
924 4440 1086 4493 αὐτῶν
1114 4441 1435 4511 γεγενημένας
1466 4444 1598 4496 κατά
1635 4451 1727 4502 τῆς
1755 4466 1835 4499 κα-

1947 4441 2106 4495 resim
2146 4440 2488 4507 pertinaciter
2520 4442 2857 4509 deleudunt;.
2892 4454 2946 4499 et
2990 4446 3191 4502 idcirco
3234 4450 3523 4517 aliquando

260 4529 454 4589 θολικῆς
480 4528 775 4589 Ἐκκλησίας
796 4532 1012 4592 ἐκθέσεις
1031 4535 1116 4586 καί
1135 4533 1346 4592 τύπους.
1371 4532 1449 4597 Ἐξ
1471 4531 1535 4586 ὦν
1559 4536 1648 4588 οὐκ
1676 4537 1842 4591 ἀθωω·

261 4622 499 4677 θήσονται
526 4628 620 4679 τῆς
652 4621 954 4691 ἐπικειμένης
984 4625 1148 4682 αὐτοῖς
1180 4625 1233 4675 ἐκ
1252 4631 1349 4677 τῶν
1378 4623 1533 4695 ἁγίων
1563 4635 1763 4697 Πατρῶν
1789 4649 1843 4683 τε

259 4714 337 4765 καί
362 4711 592 4765 συνόδων
633 4712 850 4785 φοϐερᾶς
896 4714 1121 4778 ἀπειλῆς,
1156 4715 1338 4783 μᾶλλον
1386 4714 1439 4771 δὲ
1479 4726 1570 4778 τῆς
1601 4726 1686 4772 τοῦ
1718 4719 1844 4776 Θεοῦ

258 4802 619 4876 οοϐιρωτάτης
667 4804 899 4872 κρίσεως.
938 4806 997 4856 Τί
1023 4806 1122 4877 γὰρ
1159 4803 1374 4877 ιῦροσαν
1414 4807 1464 4860 ἐν
1503 4816 1564 4882 τῇ
1608 4808 1847 4883 ὀρθοδόξῳ

257 4895 430 4947 πίστει
470 4892 846 4962 πὴμμέλημκ,
879 4889 957 4946 ὅτι
1001 4895 1299 4951 ἀπέστησαν
1343 4898 1540 4970 μακρὰν
1568 4897 1656 4953 ἀπ’
1699 4902 1843 4971 ἐμοῦ,

257 4986 383 5054 λέγει
424 4986 638 5058 κύριος,
668 4988 751 5037 καὶ
790 4985 1128 5071 ἕπορεύθ.1σα·δ
1170 4988 1334 5042 ὀπίσω
1373 4996 1473 5044 τῶν
1511 4996 1739 5059 ματαίων
1766 4998 1849 5050 καί

258 5077 666 5142 ἕμιταιώθησαν.
714 5077 787 5129 Οὐ
816 5078 915 5151 γὰρ
946 5072 1084 5131 εἶπον
1130 5080 1172 5131 οἱ
1216 5079 1365 5155 ἱερεῖς
1395 5080 1583 5148 αὒτῶν,
1617 5093 1715 5139 Ποῦ
1736 5086 1848 5144 ἔστι

260 5167 460 5237 κύριος,
491 5169 581 5219 καί
606 5168 651 5219 οί
682 5168 1014 5238 ἀντεχόμενοι
1058 5176 1146 5223 τοῦ
1176 5171 1329 5243 νόμον
1355 5194 1453 5244 μου
1482 5177 1572 5229 οὐκ
1601 5179 1848 5237 ἠπίσταν-

255 5257 313 5309 τό
331 5276 393 5325 με
415 5298 429 5322 ,
458 5259 544 5310 καί
574 5258 619 5311 οί
649 5260 880 5330 «etnive;
924 5260 1143 5318 ἠσέϐουν
1168 5266 1240 5321 εἰς
1266 5264 1390 5331 ἐμὲ,
1410 5268 1492 5322 καί
1515 5267 1561 5320 οἱ
1600 5277 1847 5342 προφῆται

256 5348 418 5400 αὐτῶν
465 5351 804 5422 προεφήτευον
843 5357 905 5422 τῇ
943 5350 1110 5415 Βάαλ,
1140 5356 1224 5405 καὶ
1250 5354 1412 5408 ὀπίσω
1452 5356 1708 5428 ἀνωφελῶν
1734 5359 1849 5415 ἐπο-

257 5440 536 5508 ρεύθησαν.
566 5435 659 5493 Διά
680 5446 832 5495 τοῦτο
859 5443 1163 5515 κριθήσομαι
1188 5446 1316 5520 πρὸς
1343 5448 1529 5509 αὐτούς
1547 5490 1560 5512 ,
1586 5450 1719 5524 λέγει
1755 5456 1848 5506 κύ·

258 5546 377 5603 ριος.
406 5532 634 5585 Noricam
664 5531 763 5600 γάρ
779 5529 974 5601 σφόδρα
1003 5537 1084 5586 καὶ
1106 5532 1258 5600 ἴδετε,
1275 5537 1317 5588 εἰ
1341 5538 1509 5608 γέγονε
1535 5548 1767 5606 τοιαῦτα,
1801 5546 1847 5597 εἰ

258 5619 552 5682 ἀλλάξονται
575 5620 688 5679 ἔθνη
716 5624 855 5682 θεοὺς
874 5627 1057 5689 αὺτῶν,
1088 5629 1169 5680 καί
1187 5628 1333 5684 αὗτοι
1355 5630 1442 5683 οὐκ
1463 5632 1559 5685 εἰσὶ
1581 5633 1696 5686 θεοί.
1716 5645 1770 5688 Ὁ
1791 5633 1844 5689 δέ

259 5710 369 5773 λαός
389 5734 490 5783 μου
514 5714 788 5781 ἠλλάξαντο
808 5716 889 5774 διὰ
904 5725 992 5779 τῆς
1008 5720 1206 5784 ἀπάτης
1228 5732 1324 5779 τῶν
1343 5727 1609 5799 εἰρημένων
1626 5726 1840 5801 ἀνδρῶν,

1949 4546 2131 4597 unam,
2164 4532 2450 4601 aliquando
2476 4548 2603 4588 vero
2629 4536 2826 4590 nullam
2858 4552 3073 4606 prorsus
3103 4539 3432 4597 voluntatem
3464 4552 3520 4598 et

1947 4625 2308 4693 operationem
2363 4623 2657 4681 divinitatis
2703 4636 2863 4698 atque
2912 4629 3259 4687 humanitatis
3308 4633 3521 4690 Domini

1949 4714 2114 4769 nostri
2142 4714 2267 4769 Jesu
2293 4714 2490 4771 Christi
2530 4714 2679 4786 juxta
2712 4718 2927 4786 impios,
2977 4724 3064 4790 qui
3109 4739 3203 4779 eos
3233 4740 3523 4794 praecesse-

1949 4817 2090 4873 runt,
2151 4810 2430 4865 haereticos
2477 4811 2802 4867 conﬁtentur
2842 4830 2854 4865 :
2898 4828 3290 4875 commutautes
3339 4824 3518 4877 ortho-

1948 4899 2136 4952 doxam
2169 4900 2382 4954 Patrum
2430 4901 2586 4956 ﬁdem
2638 4905 2690 4957 in
2733 4919 2824 4959 eas
2868 4922 2999 4976 quas
3033 4914 3416 4979 excogitaruut,
3468 4925 3523 4971 et

1947 5002 2132 5045 cnutra
2177 4991 2489 5046 cathoiicam
2533 4995 2827 5049 Ecclesiam
2860 4996 3202 5065 induxerunt,
3234 5004 3520 5070 expositio-

1949 5097 2043 5137 nes
2074 5092 2125 5136 et
2154 5083 2411 5137 formulas
2458 5083 2601 5156 [νει.
2634 5087 2879 5141 ectheses
2906 5103 2969 5143 ac
2999 5090 3194 5163 typos].
3230 5091 3382 5147 Unde
3413 5108 3517 5149 non

1946 5171 2208 5227 immunes
2231 5184 2385 5227 erunt
2416 5175 2482 5228 ab
2521 5189 2603 5241 ea,
2651 5191 2770 5245 qua:
2809 5176 2940 5245 ipsis
2970 5178 3196 5249 irrogata
3242 5196 3271 5235 a
3317 5185 3518 5239 sanctis

1948 5262 2190 5317 Patribus
2220 5278 2281 5318 ac
2310 5264 2527 5334 synodis
2558 5275 2660 5330 est,
2704 5266 2945 5321 horribili
2976 5270 3408 5339 comminatioiie,
3434 5278 3517 5329 vel

1948 5356 2122 5424 potius
2165 5370 2195 5409 a
2228 5355 2503 5409 tremendo
2545 5356 2641 5410 Dei
2679 5356 2900 5425 judicio.
2950 5359 3086 5425 Quid
3133 5361 3273 5416 enim
3318 5363 3373 5419 in
3414 5364 3518 5422 ﬁde

1950 5446 2243 5501 orthodoxa
2287 5448 2603 5501 invenerunt
2630 5446 2961 5517 iniquitatis?
2994 5451 3127 5517 Quia
3154 5454 3514 5525 elongarerunt

1946 5553 1976 5588 a
2003 5555 2098 5599 me,
2123 5538 2244 5591 dicit
2286 5538 2552 5602 Dominus,
2595 5548 2642 5591 et
2668 5540 3049 5597 ambulaverunt
3081 5554 3188 5611 post
3215 5548 3513 5618 vanitatem,

1946 5639 1989 5683 ct
2020 5629 2134 5681 raui
2173 5630 2295 5697 [acti
2340 5639 2474 5682 sunt.
2522 5628 2641 5681 Non
2673 5631 2805 5683 enim
2842 5634 3071 5687 dixrrtmt
3102 5640 3387 5694 sacerrlows
3424 5658 3507 5695 εο-

1947 5736 2077 5788 rum,
2128 5718 2208 5773 ubi
2247 5728 2319 5774 est
2350 5717 2638 5773 Dominus?
2683 5730 2730 5774 et
2774 5731 2991 5780 teuctttcs
3029 5725 3187 5799 li'gsm
3231 5734 3512 5789 nescii-runt
