4018 6184
479 303 573 358 liii

1690 280 1933 340 SA'NCTI
1971 233 2254 335 marist
2296 277 2496 334 eam
2539 277 2554 331 ι

3620 271 3740 329 ’952

471 433 572 481 me,
618 424 663 468 et
707 422 932 482 pastores
962 404 1281 479 prwvaricati
1319 413 1436 456 sunt
1465 403 1516 454 in
1555 415 1661 465 me;
1704 407 1748 452 et
1793 396 2049 465 prapheta

2174 399 2238 451 ’ὴν
2265 391 2411 457 δόξαν
2431 395 2581 446 αὐτοῦ
2610 392 2656 454 ἐξ
2685 389 2740 451 ἧς
2762 392 2854 444 οὐκ
2880 390 3269 462 ὠφεληθήσεται.
3300 388 3383 442 Διό
3411 390 3741 460 παρακαλοῦ-

473 505 896 577 prophetauerunt
918 502 970 553 in
994 497 1144 562 Baal,
1164 505 1211 548 et
1235 493 1440 548 inutilia
1464 490 1621 546 secuti
1648 499 1784 544 sunt.
1818 487 2052 554 Propter-

473 614 532 650 ea
570 595 743 649 adhuc
775 588 978 663 judicio
1017 585 1319 639 contendam
1357 599 1472 635 cum
1503 582 1598 643 eis,
1646 580 1718 632 ait
1778 577 2050 630 Dominus.

476 688 800 742 Considerate
841 681 977 733 enim
1021 678 1352 738 vehementer,
1397 684 1444 728 et
1471 672 1632 726 videte
1671 669 1715 723 si
1753 669 1942 737 factum
1979 676 2052 719 est

476 775 796 847 hujusmodi;
823 773 866 825 si
892 770 1102 823 mutavit
1129 783 1248 836 gens
1277 767 1399 818 deos
1424 780 1563 830 suos,
1595 773 1640 814 et
1679 769 1810 812 certe
1832 759 1931 828 ipsi
1953 773 2054 810 non

474 878 589 921 sunt
629 867 724 918 dii.
779 861 1012 931 Papulas
1042 874 1158 914 vero
1188 873 1328 910 meus
1363 857 1577 909 mutavit
1619 853 1834 922 gloriam
1859 865 2004 902 suam
2036 864 2053 900 :

473 959 536 1010 de
563 973 661 1027 quo
687 955 817 1008 nihil
839 955 884 1007 ei
908 951 1132 1021 proderit
1158 948 1370 1019 (levem.
1393 950 1494 1015 tv).
1521 941 1777 1012 Quocirca
1805 941 2057 996 obsecra-

472 1062 594 1103 mus
626 1061 743 1110 vos,
777 1043 967 1097 fratres
996 1039 1353 1098 dilectissimi,
1397 1046 1450 1089 ut
1477 1036 1630 1104 digne
1659 1032 1930 1085 ambuletis
1970 1045 2058 1081 vo-

475 1140 672 1193 catione
692 1153 792 1206 qua
831 1135 994 1188 vocati
1022 1133 1162 1196 estis,
1185 1146 1299 1184 cum
1335 1130 1473 1182 omni
1513 1126 1803 1179 humilitate
1831 1133 1879 1177 et
1905 1138 2054 1174 nran-

477 1230 768 1292 suetudine,
799 1242 914 1280 cum
956 1224 1199 1293 patientia
1223 1227 1576 1290 supportantes
1615 1217 1828 1270 invicem
1852 1215 1905 1267 in
1933 1213 2055 1266 cha-

478 1321 665 1383 ritate,
714 1316 918 1371 solliciti
964 1329 1162 1368 servare
1201 1312 1447 1363 unitatem
1490 1307 1700 1370 spiritus
1749 1305 1804 1358 in
1858 1301 2058 1356 vinculo

480 1412 618 1479 pacis
643 1425 661 1462 :
684 1424 840 1462 unum
870 1422 1053 1476 corpus
1075 1413 1123 1458 et
1167 1419 1297 1456 unus
1320 1401 1549 1466 spiritus,
1591 1399 1719 1452 sicut
1750 1396 1912 1450 vocati
1942 1394 2059 1447 estis

479 1503 531 1553 in
554 1515 654 1553 una
683 1513 772 1568 spe
793 1495 1072 1550 vocationis
1098 1501 1294 1547 vestrm.
1318 1490 1462 1544 Unus
1489 1487 1757 1549 Dominus,
1785 1501 1886 1537 una
1909 1485 2056 1550 ﬁdes,

483 1606 638 1643 unum
673 1587 926 1656 baptisma
972 1582 1185 1654 (Epltes.
1221 1581 1334 1649 tv);
1387 1595 1492 1633 non
1541 1577 1850 1632 deserentes
1900 1575 2060 1628 colle-

483 1682 711 1734 ctionem
759 1685 991 1732 vestram
1047 1693 1057 1726 :
1113 1673 1341 1742 perditio
1388 1685 1572 1723 eorum
1629 1682 1732 1720 non
1783 1666 2056 1720 dormitat.

2154 503 2244 552 μεν
2269 488 2426 552 ὑμᾶς,
2450 483 2706 552 ἀγαπητοί
2727 478 2946 550 ἀδελφοὶ,
2970 480 3118 542 ἀξίως
3141 487 3487 552 περιπατῆσαι
3514 488 3607 540 τῆς
3626 482 3742 540 κλήο

2157 595 2310 640 σεως,
2341 573 2399 634 ἧς
2423 575 2655 632 ἐκλήθητε
2680 572 2762 627 διά
2783 575 2953 631 πάσης
2976 573 3436 645 ταπεινοῖροσύνης
3475 577 3558 627 καὶ
3584 575 3743 648 πραό⁹

2155 686 2304 724 τητος
2326 667 2454 736 μετά
2481 665 2820 738 μακροθυμίας
2871 664 3176 733 ἀνεχόμενοι
3201 663 3420 721 ἀλλήλων
3449 666 3500 716 ἓν
3528 666 3703 740 ἀγάπῃ
3724 681 3738 695 ο

2156 754 2526 818 σπουδάζοντες
2574 762 2740 827 τηρεῖν
2767 759 2855 812 τήν
2883 751 3094 810 ἑνότητα
3135 759 3225 807 τοῦ
3248 755 3537 824 πνεύματος
3554 793 3568 817 ,
3596 756 3647 808 ἐν
3674 762 3745 824 τῷ

2156 845 2424 914 συνδέσμῳ
2448 854 2536 904 τῆς
2567 849 2789 918 εἰρήνης,
2819 844 2870 897 ἐν
2889 851 3039 912 σῶμα
3064 848 3149 898 καί
3168 843 3219 896 ἓν
3243 850 3442 915 πνεῦμα
3470 847 3634 905 καθὼς
3662 851 3748 900 καί

2157 935 2382 993 ἐκλήθητε
2412 937 2461 988 ἐν
2487 941 2579 1005 μιᾷ
2610 933 2771 989 ἐλπίδι
2791 944 2882 994 τῆς
2905 935 3123 994 κλήσεως
3150 938 3309 1004 ἡμῶν,
3336 934 3406 996 εἷς
3434 936 3627 1011 κύριος,
3653 941 3750 1006 μία

2157 1031 2350 1090 πίστις,
2369 1027 2419 1081 ἓν
2435 1029 2726 1098 βάπτισμα,
2743 1034 2810 1097 μή
2833 1028 3245 1100 ἐγκαταλιπόντες
3266 1033 3354 1086 τήν
3366 1030 3747 1102 ἐπισυναγωγὴν

2159 1118 2373 1180 ἑαυτῶν,
2406 1121 2565 1179 καθὼς
2589 1117 2698 1177 ἔθος
2724 1121 2876 1183 τισίν,
2910 1115 2984 1177 οἷς
3014 1120 3070 1173 τό
3100 1126 3260 1192 κρῖμα
3286 1119 3505 1173 ἔκπαλαι
3536 1121 3625 1172 οὐκ
3638 1121 3747 1194 ’ἀρ-ν

2159 1217 2254 1278 γεί.
2283 1213 2368 1263 καὶ
2388 1213 2416 1267 ἡ
2439 1210 2662 1264 ἀπώλεια
2681 1211 2844 1264 αὐτῶν
2863 1212 2921 1262 οὐ
2943 1212 3198 1272 νυστάζει.
3224 1213 3533 1280 Πεπείσμεθα
3554 1209 3608 1265 δέ
3630 1214 3750 1284 περί

2160 1298 2329 1366 ὐμῶν,
2364 1301 2617 1371 ἀγαπητοί
2656 1299 2882 1371 ἀδελφοί,
2911 1300 2988 1354 ὄτι
3018 1302 3356 1374 εὐκοπώτερον
3395 1303 3624 1373 ἡγεῖσθαι
3663 1303 3749 1357 τόν

2161 1391 2374 1460 οὐρανίν
2399 1395 2481 1444 καί
2501 1398 2589 1448 τήν
2615 1401 2706 1460 γῆν
2733 1393 3009 1466 παρελθεῖν,
3037 1392 3066 1450 ἦ
3091 1396 3214 1446 ἰῶτα
3240 1391 3313 1457 ἒν,
3337 1393 3367 1451 ἦ
3387 1396 3504 1464 μίαν
3523 1396 3747 1468 κεραίαν.

2159 1479 2320 1554 Ὀπερ
2349 1484 2459 1536 ἐστὶ
2486 1482 2656 1543 θιότης
2704 1491 2793 1538 τοῦ
2820 1487 2975 1538 αὐτοῦ
3013 1488 3095 1538 καὶ
3121 1485 3445 1556 ἀνθρωπότης
3466 1525 3480 1548 ,
3512 1489 3750 1554 σχήματι

2162 1580 2387 1649 σταυροῦ
2433 1579 2742 1644 τυπούμεναι
2783 1583 3068 1646 μυστικῶς,
3109 1583 3216 1634 τοῖς
3253 1581 3441 1633 νοητῶς
3481 1581 3648 1628 νοοῦσι
3683 1579 3750 1630 τά

2163 1666 2528 1737 παρακείμενα,
2553 1667 2605 1718 ἐκ
2626 1676 2716 1724 τῆς
2742 1666 3115 1739 παραδοθείσης
3137 1666 3254 1736 ύμῖν
3282 1667 3332 1718 ἐκ
3351 1673 3450 1719 τῶν
3479 1664 3630 1735 ἀγίων
3649 1675 3750 1719 Πα-

491 1770 735 1826 Persuasi
760 1777 936 1823 autem
967 1781 1148 1820 sumus
1172 1766 1240 1819 de
1267 1764 1438 1828 vobis,
1471 1760 1648 1815 dilecti
1674 1761 1886 1823 fratres,
1915 1759 2058 1826 quod

2174 1764 2296 1830 ερῶν
2326 1761 2406 1812 καὶ
2433 1754 2657 1810 συ·.όδων
2686 1758 2925 1816 πίστεως,
2950 1765 3040 1814 τῆς
3068 1758 3154 1808 καὶ
3179 1754 3306 1826 παρ’
3324 1755 3464 1824 ὐμῶν
3489 1753 3750 1826 iris/piper;

489 1861 696 1916 facilius
739 1860 958 1928 putatis,
1006 1857 1198 1910 caelum
1245 1864 1300 1908 et
1359 1865 1552 1906 terram
1604 1853 1850 1915 transire,
1901 1864 2060 1916 quam

487 1955 592 2006 iota
616 1964 801 2012 unum,
827 1957 919 2000 aut
947 1960 1110 1998 unutn
1135 1944 1363 2010 apicem,
1391 1939 1529 2008 quod
1560 1948 1642 1992 est
1665 1937 1920 1990 divinitas
1947 1935 2063 2004 ejus

485 2054 644 2112 atque
667 2041 986 2103 humanitas,
1012 2036 1236 2106 mystice
1261 2034 1310 2087 iu
1345 2034 1566 2103 figuram
1594 2031 1767 2084 crucis
1796 2027 2061 2093 formatas,

490 2135 556 2188 iis
585 2134 678 2203 qui
710 2132 980 2202 proposita
1025 2127 1455 2182 intellectualiter
1497 2123 1809 2194 praecipiunt
1853 2136 1917 2175 ex
1953 2130 2060 2174 tra-

481 2225 591 2279 dita
637 2224 790 2277 nobis
819 2237 849 2274 a
875 2220 1073 2274 sanctis
1126 2216 1370 2271 Patribns
1396 2226 1451 2268 et
1486 2212 1704 2282 synodis
1734 2211 1858 2275 fide,
1907 2210 2062 2278 quam

487 2329 581 2369 vos
611 2327 819 2383 quoque
848 2309 1038 2364 litteris
1079 2307 1144 2360 ad
1176 2319 1272 2359 nos
1303 2304 1440 2357 datis
1470 2311 1525 2355 et
1569 2300 1902 2370 synodaliter
1933 2312 2063 2351 cou-

493 2405 618 2459 fessi
651 2403 816 2467 estis;
846 2415 948 2470 qua
977 2398 1062 2468 pie
1089 2395 1436 2466 prazdicastis,
1460 2395 1632 2462 ipsum
1665 2393 1836 2445 solum
1868 2401 2061 2459 poten—

486 2508 590 2558 tetn
643 2495 808 2548 Deum
841 2509 903 2545 ac
947 2491 1226 2544 Dominum
1271 2497 1510 2540 nostrqu
1559 2484 1743 2538 .lesum
1792 2480 2062 2536 Christum

487 2587 619 2638 duas
648 2583 844 2638 habere
889 2590 1102 2634 naturas
1146 2581 1195 2632 in
1227 2577 1497 2648 hypostasi
1530 2573 1808 2628 iuconl'use
1835 2582 1890 2627 et
1919 2572 2058 2626 iudi-

490 2678 604 2731 vise
629 2677 825 2734 unitas,
876 2673 1113 2740 duasque
1163 2669 1434 2724 naturales
1466 2669 1789 2731 voluntates,
1843 2681 1908 2720 ac
1935 2666 2066 2718 duas

491 2766 762 2822 naturales
791 2763 1151 2831 operationes,
1201 2762 1490 2814 increatam
1521 2768 1575 2812 et
1621 2765 1878 2822 creatam,
1923 2755 2064 2808 divi-

494 2875 613 2915 nam
645 2871 700 2914 et
748 2857 1056 2920 humanam,
1106 2855 1445 2907 cohaerenter
1498 2851 1696 2913 unitas,
1737 2849 1800 2902 ad
1845 2849 2068 2902 demon-

485 2954 765 3009 strandum
806 2951 1052 3004 eumdem
1081 2958 1137 3003 et
1189 2964 1352 3001 unum
1408 2944 1689 2999 Dominum
1738 2948 1976 2995 nostrum
2006 2953 2068 2991 ac

489 3048 678 3107 Deum,
709 3042 1004 3113 perfectum
1056 3041 1106 3092 in
1135 3039 1438 3100 divinitate,
1488 3043 1542 3090 et
1572 3033 1864 3103 perfectum
1912 3043 2064 3084 eum-

2166 1853 2293 1926 πρός
2319 1854 2450 1920 ἡμᾶς
2485 1853 2564 1903 καί
2591 1847 2866 1907 συνοδικῶς
2907 1847 3314 1918 όμολογηθείσης,
3347 1844 3410 1899 δι’
3439 1844 3496 1905 ἧς
3529 1847 3750 1905 εὐσεϐῶς

2166 1945 2438 2018 ἐκηρύξατε
2494 1942 2638 1996 αὐτόν
2669 1941 2752 1994 τόν
2779 1940 2920 2008 μόνον
2963 1938 3218 1997 δυνάστην
3264 1939 3383 1992 Θεὸν
3412 1940 3585 2013 Κύριον
3613 1928 3760 2010 ἡμῶν

2167 2037 2361 2092 Ἰησοῦν
2394 2035 2634 2106 Χριστὸν,
2666 2031 2757 2086 δύο
2803 2031 3073 2088 κεκτῆσθαι
3120 2029 3297 2100 φύσεις
3339 2029 3754 2084 καθ’ύπόστασιν

2168 2127 2420 2195 ἡνωμένας
2471 2123 2795 2195 ἀσυγχύτως
2836 2126 2915 2176 καί
2940 2120 3269 2193 ἀδιαιρέτως,
3305 2125 3383 2175 καὶ
3420 2119 3510 2175 δύο
3535 2122 3755 2192 φυσικάς

2167 2216 2398 2275 θελήσεις.
2425 2217 2505 2266 καὶ
2527 2212 2616 2267 δύο
2638 2215 2851 2285 φυσικὰς
2869 2214 3136 2286 ἐνεργείας,
3163 2209 3398 2266 ἆκτιστον
3419 2215 3500 2264 καὶ
3522 2217 3752 2275 κτιστήν,

2168 2307 2301 2359 θείαν
2329 2309 2413 2358 καί
2443 2307 2749 2375 ἀνθρωπίνην
2799 2311 3042 2374 συμφυῶς
3087 2305 3339 2373 ἡνωμέιας
3359 2344 3372 2365 ,
3402 2305 3470 2362 ὡς
3499 2301 3757 2367 ἀπόδειξιν

2169 2395 2319 2453 ἀληθῆ
2350 2400 2462 2456 τοῦ,
2486 2395 2571 2446 τὸν
2601 2391 2752 2446 αὐτόν
2781 2395 2866 2446 καί
2894 2392 2979 2444 ἕνα
3009 2393 3186 2462 Κύριον
3225 2394 3361 2460 ἡμῶν
3389 2395 3472 2444 καί
3497 2392 3643 2455 Θεὸν,
3671 2394 3759 2445 τέ·

2169 2487 2295 2538 λειον
2325 2489 2374 2537 ὲν
2395 2485 2608 2545 θεότητι,
2657 2487 2738 2536 καὶ
2769 2484 2951 2536 τέλειον
2995 2483 3080 2535 τόν
3110 2485 3262 2536 αὐτόν
3300 2484 3350 2534 ὲν
3380 2480 3755 2554 ἀνθρωπότητι,

2169 2577 2321 2646 μόνης
2338 2574 2468 2644 δίχα
2490 2583 2572 2632 τῆς
2597 2573 2846 2646 ἁμαρτίας
2871 2575 3149 2646 ύπάρχειν,
3173 2576 3239 2632 ὡς
3267 2572 3528 2642 όμοούσιον
3552 2570 3622 2644 τῷ
3642 2569 3755 2642 Θεῷ

2167 2670 2250 2720 καὶ
2276 2673 2450 2741 Πατρὶ,
2476 2669 2605 2719 κατά
2626 2671 2713 2722 τήν
2735 2666 2889 2719 αὐτοῦ
2916 2665 3146 2727 θεότητα,
3176 2667 3256 2717 καὶ
3282 2663 3546 2732 όμοούσιον
3567 2671 3627 2736 τῇ
3649 2664 3758 2716 ἀει-

2169 2759 2400 2829 παρθένῳ
2441 2760 2566 2810 κατὰ
2594 2763 2684 2814 τήν
2713 2759 2866 2810 αὐτοῦ
2897 2755 3276 2823 ἀνθρωπότητα,
3307 2758 3388 2809 καὶ
3418 2752 3524 2807 ὅλον
3551 2757 3634 2808 τόν
3662 2755 3757 2807 αὐ·

2170 2852 2253 2903 τόν
2279 2853 2325 2902 ἐν
2345 2861 2453 2908 τοῖς
2492 2847 2654 2912 ἰδίοις,
2685 2850 2926 2921 ἀνάρχως
2958 2850 3040 2899 καί
3070 2843 3264 2904 ἀϊδίως.
3308 2848 3391 2898 καὶ
3419 2843 3526 2897 οἷον
3551 2844 3634 2897 τὸν
3659 2847 3760 2899 αὐ-

2170 2945 2254 2996 τόν
2281 2945 2326 2994 ἐν
2349 2951 2452 3000 τοῖς
2473 2942 2735 3013 ἡμετέροις
2757 2941 2834 2994 ἐπ’
2869 2941 3109 3009 ἐσχάτων
3134 2945 3234 2992 τῶν
3256 2941 3447 2991 αἰώνων
3493 2938 3759 3008 ἆμειώτως

2173 3037 2254 3087 καί
2303 3034 2740 3103 ἀᾳιαντασιὰστως.
2770 3031 2849 3084 Ἐν
2877 3032 3042 3098 τούτῳ
3088 3031 3188 3102 γὰρ
3229 3036 3301 3100 τῷ
3330 3029 3442 3097 θείῳ
3469 3029 3763 3101 κηρύγματι

486 3139 606 3192 dem
637 3137 689 3190 iu
724 3135 1056 3189 humanitate
1078 3132 1280 3198 absque
1305 3129 1421 3182 solo
1453 3135 1670 3196 peccato
1700 3139 1838 3188 esse,
1871 3131 1930 3175 ut
1958 3121 2067 3175 Deo

2175 3125 2392 3194 βεϐαίως
2418 3124 2442 3178 ὁ
2467 3123 2865 3183 τῆςίἰκκλησίας
2888 3123 3107 3192 θεμέλιος
3128 3122 3338 3177 ἔστηκεν
3359 3121 3602 3192 aegr/ra,
3627 3121 3766 3175 ἀσά-

486 3239 542 3284 et
573 3227 718 3280 Patri
767 3222 1278 3278 consubstantialem
1330 3218 1622 3272 secundum
1670 3215 1787 3284 ejus
1821 3213 2072 3268 divinita-

490 3330 619 3381 tem,
660 3328 714 3371 et
757 3324 1026 3385 perpetuae
1081 3311 1275 3380 Virgini
1322 3307 1830 3364 consubstantialem
1879 3320 2072 3360 secun-

489 3409 614 3463 dum
659 3406 781 3475 ejus
826 3405 1240 3468 humanitatem,
1285 3410 1340 3454 et
1388 3408 1554 3453 totum
1589 3396 1832 3451 eumdem
1867 3396 1917 3448 in
1948 3409 2072 3463 pro-

490 3501 618 3569 priis
657 3498 982 3565 sempiterno
1020 3509 1082 3548 ac
1123 3493 1403 3562 principio,
1433 3489 1788 3556 eumdemque
1825 3496 1992 3540 totum
2022 3486 2073 3538 in

492 3590 710 3649 nostris.
745 3589 797 3641 in
849 3585 1051 3640 ultimis
1085 3582 1436 3650 temporibus,
1469 3581 1584 3633 sine
1624 3577 1975 3632 diminutione
2015 3590 2077 3629 ac

493 3681 610 3737 sine
637 3679 936 3749 phantasia.
986 3675 1115 3730 Nam
1156 3675 1209 3728 in
1245 3673 1342 3727 hac
1373 3671 1752 3741 praadicatione
1776 3669 1949 3722 divina
1982 3667 2074 3720 frr-

494 3771 652 3826 tniter
683 3769 1084 3824 fundamentum
1116 3764 1368 3818 Ecclesire
1419 3763 1680 3829 integrum
1723 3769 1844 3825 stat,
1894 3760 2078 3812 incon-

497 3876 710 3917 cussum
744 3858 1076 3929 signaculum
1106 3855 1310 3908 habens
1339 3867 1480 3907 vera:
1531 3851 1744 3904 Patrum
1776 3849 2074 3903 confessio-

497 3957 602 4010 uis.
630 3952 905 4008 Advortite
937 3949 1096 4020 igitur
1122 3947 1427 4016 diligenter,
1485 3947 1698 4008 fratres,
1747 3956 1815 3996 ue
1844 3941 1961 4009 quis
1989 3939 2081 3994 dc-

497 4049 564 4101 sit
588 4044 775 4116 gratiae
820 4043 933 4105 Dei,
979 4055 1096 4109 qua:
1129 4053 1223 4107 per
1254 4037 1400 4106 ipsos
1429 4043 1646 4089 sanctos
1687 4034 1841 4088 nobis
1885 4032 2079 4086 tradita

501 4148 604 4206 est,
649 4153 715 4192 ne
759 4149 860 4204 qua
911 4134 1061 4187 radix
1109 4128 1479 4184 amaritudinis
1519 4141 1729 4180 sursum
1777 4125 2082 4194 germinans

500 4226 778 4298 impediat,
821 4237 885 4278 ac
929 4237 1023 4291 per
1070 4235 1188 4275 eam
1238 4218 1585 4288 inquinentur
1628 4215 1802 4282 multi,
1851 4215 2082 4270 scientes

500 4323 639 4394 quod
670 4337 770 4374 non
809 4319 876 4371 ad
920 4315 1233 4371 tractabilem
1281 4321 1327 4365 et
1354 4327 1624 4364 accensum
1653 4311 1822 4379 ignem
1867 4311 2084 4361 accessi-

2174 3215 2348 3267 λευτον
2371 3211 2517 3283 ἔχων
2539 3218 2625 3271 τήν
2653 3209 2907 3286 σφραγίδα
2932 3219 3020 3270 τῆς
3046 3211 3257 3268 ἀληθοῦς
3285 3215 3382 3263 τῶν
3404 3215 3606 3282 Πατρῶν
3637 3208 3764 3280 ὁμο·

2176 3307 2366 3376 λογίας.
2397 3309 2690 3362 Σκοπησατε
2724 3299 2807 3356 οὖν
2829 3302 3070 3375 ἀκριϐῶς,
3095 3299 3309 3371 ἀδελφοὶ,
3339 3305 3406 3368 μή
3435 3321 3512 3360 τις
3536 3300 3770 3372 tio-reria

2176 3397 2279 3449 ἀπὸ
2308 3408 2401 3456 τῆς
2433 3397 2649 3471 χάριτος
2684 3400 2775 3448 τοῦ
2803 3398 2928 3448 Θεοῦ
2958 3401 3048 3450 τῆς
3076 3390 3137 3445 δι’
3159 3392 3320 3444 αὐτῶν
3350 3397 3448 3443 τῶν
3475 3389 3632 3461 ἀγίων
3657 3411 3769 3444 πα-

2175 3485 2472 3562 ραδοθείσης
2502 3489 2638 3555 ἡμῖν,
2667 3488 2814 3554 μήτις
2845 3485 2960 3556 ῥίζα
2982 3484 3184 3556 πικρίας
3215 3478 3316 3534 ἆνω
3347 3484 3577 3552 φύουσα,
3609 3482 3771 3552 ἐνοχο

2176 3581 2268 3640 λεῖ,
2312 3582 2395 3630 καί
2439 3576 2504 3630 δι’
2528 3579 2682 3634 αὐτῆς
2722 3575 2962 3643 μιανθῶσι
3006 3573 3177 3626 πολλοὶ
3213 3574 3566 3642 γινώσκοντες,
3609 3573 3678 3628 ὡς
3715 3573 3774 3624 οὐ

2185 3669 2530 3740 ψηλαφωμένῳ
2563 3670 2646 3720 καὶ
2686 3667 2974 3733 κεκαυμένῳ
3005 3668 3133 3736 πυρί
3175 3663 3617 3737 προσεληλύθαμεν
3649 3667 3774 3717 Σιών

2183 3756 2288 3832 ὄρει
2319 3762 2403 3811 καί
2433 3757 2573 3812 πόλει
2601 3764 2724 3810 Θεοῦ
2758 3762 2965 3820 ζῶντος,
2998 3757 3327 3830 Ἰερουσαλήμ
3351 3759 3656 3830 ἐπουρανίῳ,
3687 3758 3778 3809 καὶ

2179 3853 2424 3924 μυριάσιν
2467 3850 2686 3922 ἀγγέλων
2730 3847 2776 3902 ἐν
2818 3848 3126 3919 πανηγύρει,
3158 3850 3244 3900 καὶ
3274 3847 3541 3920 Ἐκκλησία
3571 3868 3780 3923 πρωτο-

2180 3945 2340 3997 τόκων
2359 3944 2814 4017 ἀπογεγραμμένων
2834 3943 2882 3995 ἐν
2908 3943 3157 4015 οὐρανοῖς,
3173 3943 3255 3994 καί
3273 3948 3416 4015 κριτῇ
3438 3948 3546 4007 Θεῷ
3570 3943 3778 3995 πάντων

2183 4039 2267 4090 καί
2291 4037 2549 4105 πνεύμασι
2597 4033 2799 4089 δικαίων
2845 4036 3240 4102 τετελειωμὶνοις
3259 4071 3272 4095 ,
3301 4035 3384 4085 καὶ
3421 4031 3635 4103 διαθήκη
3664 4035 3777 4107 νέᾳ,

2183 4131 2369 4201 μεσίτῃ
2397 4129 2560 4186 Ἰησοῦ
2605 4131 2688 4182 καί
2731 4129 2907 4198 αἵματι
2951 4127 3233 4199 ῥαντισμοῦ
3284 4133 3510 4200 κρεῖττον
3540 4126 3779 4179 λαλοῦντι

2184 4224 2326 4299 παρά
2346 4223 2432 4276 τὸν
2453 4219 2623 4282 νΔϐελ,
2645 4223 2730 4274 καί
2753 4221 3008 4291 ἐλέγχοντι
3028 4219 3252 4294 φοϐερῶς
3269 4221 3349 4272 καὶ
3365 4214 3639 4288 ἀποτόμως
3659 4219 3783 4278 τούς

2186 4314 2492 4385 παραϐάτας
2517 4315 2805 4384 γινομένους
2831 4320 2921 4371 τῆς
2953 4315 3024 4374 εἰς
3053 4311 3205 4364 αὐτόν
3237 4309 3496 4384 όρθοδόξου
3527 4313 3778 4368 πίστεως·

504 4431 640 4481 mus,
679 4413 765 4465 sed
808 4409 873 4462 ad
916 4407 1042 4461 Sion
1069 4415 1311 4467 montem,
1357 4413 1402 4455 et
1437 4403 1689 4455 civitatem
1733 4401 1824 4453 Dci
1860 4400 2070 4454 viventis

2186 4401 2264 4458 διό
2292 4405 2386 4463 τὰς
2414 4405 2721 4478 παρειμένας
2756 4411 2945 4476 χεῖρας
2974 4405 3061 4455 καί
3087 4402 3154 4455 τά
3183 4400 3568 4476 παραλελυμένα
3589 4401 3783 4473 γόνατα

506 4504 792 4558 Jerusalem
819 4500 1092 4560 caelestem,
1136 4503 1182 4547 et
1211 4495 1486 4547 multorum
1530 4493 1747 4545 millium
1775 4493 2080 4563 angelorum

508 4594 864 4668 frequentiam,
889 4599 934 4642 et
968 4587 1253 4641 Ecclesium
1284 4585 1672 4654 primitivorum,
1700 4585 1788 4654 qui
1809 4584 2084 4652 conscripti

507 4695 620 4740 sunt
668 4686 721 4737 in
751 4685 910 4746 caelis,
954 4690 1000 4734 et
1047 4679 1275 4748 judicem
1307 4678 1533 4730 omnium
1576 4675 1759 4740 Deum,
1801 4686 1848 4728 et
1879 4676 2086 4744 spiritus

511 4785 760 4840 iustorum
792 4779 1149 4846 pcrfectorum,
1181 4782 1226 4824 et
1259 4767 1545 4822 testamenti
1592 4769 1705 4821 novi
1755 4768 2087 4821 mediatorum

510 4872 709 4937 Iesum,
761 4876 810 4921 et
860 4865 1162 4931 sanguintm
1217 4860 1526 4926 aspersionis
1574 4858 1753 4911 melius
1803 4858 2087 4926 loquentem

507 4979 658 5032 quam
699 4957 822 5013 Abel
863 4954 1049 5027 (Hebr.
1094 4967 1186 5016 xu,
1225 4951 1311 5016 l8,
1342 4949 1434 5015 2:2,
1467 4948 1631 5014 etc.);
1679 4957 1732 5001 et
1763 4946 2090 5000 horribiliter

511 5072 572 5107 τις
621 5051 900 5108 minaciter
947 5045 1352 5112 redarguentem
1397 5056 1491 5095 eos
1542 5039 1631 5108 qui
1670 5038 1986 5093 orthodoxa:
2037 5038 2088 5090 in

514 5150 683 5215 ipsum
715 5140 836 5196 fidei
882 5136 1319 5207 praevaricatores
1349 5141 1495 5186 sunt.
1549 5131 1770 5196 Propter
1815 5129 1954 5196 quod
2007 5143 2092 5182 re-

517 5240 708 5290 missas
734 5244 922 5286 manus
960 5236 1015 5281 et
1041 5226 1214 5280 soluta
1247 5239 1418 5294 genua
1457 5223 1739 5290 erigentes,
1777 5230 1828 5275 et
1876 5234 2092 5289 gressus

516 5337 689 5380 .ectos
715 5322 970 5376 facientes
993 5317 1213 5387 pedibus
1234 5315 1452 5378 nostris,
1483 5312 1548 5365 ad
1573 5313 1811 5365 bravium
1835 5326 2086 5379 superna.-

515 5415 810 5470 vocationis
842 5423 1209 5481 properemus,
1255 5404 1631 5460 obliviscentes
1661 5403 1876 5471 quidem
1923 5403 2093 5457 haere-

519 5510 671 5570 ticos,
704 5505 792 5574 qui
825 5512 945 5573 post
972 5515 1186 5557 sensum
1229 5512 1384 5552 suum
1430 5495 1866 5559 ambulaverunt;
1897 5494 1962 5548 ad
1997 5495 2095 5548 Pa-

523 5612 630 5654 tres
651 5612 795 5665 vero,
821 5597 908 5666 qui
935 5605 1055 5650 aute
1077 5606 1174 5649 nos
1201 5592 1250 5647 in
1280 5588 1577 5647 orthodoxa
1609 5588 1710 5643 ﬁde
1738 5589 2092 5644 consummati

2185 4497 2581 4573 ἀνορθώσαντες,
2612 4500 2695 4548 καί
2721 4497 2943 4568 τροχίας
2982 4495 3134 4568 ὀρθάς
3156 4498 3459 4552 ποιήσαντες
3480 4501 3594 4553 τοῖς
3622 4498 3782 4548 ποσίν

2187 4590 2346 4656 ἡμῶν,
2373 4590 2456 4642 ἐπὶ
2479 4589 2535 4642 τό
2557 4587 2794 4659 βραϐεῖον
2820 4593 2912 4644 τῆς
2942 4581 3044 4638 ἅνω
3065 4585 3288 4644 κλήσεως
3319 4583 3645 4654 σπεύδωμεν,
3669 4587 3784 4639 ἐπι·

2185 4675 2530 4746 λανθανόμενοι
2551 4678 2640 4744 μέν
2667 4682 2767 4729 τῶν
2793 4675 2957 4727 ὀπίσω
2992 4682 3082 4732 τῆς
3108 4673 3302 4728 ἑαυτῶν
3331 4671 3554 4733 διανοίας
3583 4695 3781 4746 πορενο

2187 4767 2366 4822 θέντων
2387 4767 2673 4840 αἱρετικῶν,
2700 4770 2806 4824 τοῖς
2833 4761 3116 4839 ἔμπροσθεν
3138 4763 3554 4831 τετελειωμένοις,
3573 4766 3714 4834 ἡμῶν
3734 4768 3784 4818 ἐν

2191 4857 2438 4932 όρθοδόξῳ
2450 4861 2620 4910 πίστει
2637 4857 2892 4930 Πατράσιν
2904 4853 3312 4922 ἐπεκτεινόμενοι,
3336 4855 3528 4913 οἵτινες
3549 4857 3664 4927 ἡμῖν
3679 4855 3787 4909 ἐλά-

2190 4953 2350 5009 λησαν
2365 4953 2448 5004 τόν
2461 4949 2607 5022 λόγον
2627 4956 2712 5004 τοῦ
2726 4956 2875 5003 Θεοῦο
2889 4944 2954 5001 ὧν
2968 4949 3352 5018 ἀναθεωροῦντες
3364 4951 3453 5004 τήν
3466 4945 3677 5002 ἔκϐασιν
3691 4958 3787 5010 τῆς

2192 5042 2528 5114 ἀναστροφῆς,
2555 5043 2785 5111 μιμεῖσθε
2828 5045 2918 5098 τὴν
2956 5042 3150 5104 πίστιν,
3181 5037 3238 5099 ἧς
3270 5040 3428 5111 χάριν
3468 5041 3786 5113 ἀναφέρομεν

2191 5137 2364 5188 θυσίαν
2407 5135 2639 5191 αἰνέσεως
2683 5130 2770 5186 διά
2805 5134 2991 5191 παντὸς
3038 5128 3110 5200 τῷ
3151 5138 3286 5202 Θεῷ,
3317 5133 3556 5186 τουτέστι
3585 5134 3786 5204 καρπόν

2196 5223 2409 5294 χειλέων
2439 5223 2812 5294 ὁμολογούντων
2951 5221 3155 5291 ὀνόματι
3184 5225 3361 5275 αὐτοῦ·
3393 5223 3654 5282 τοιαύταις
3681 5224 3787 5296 γάρ

2192 5316 2390 5373 θυσίαις
2434 5314 2776 5387 εὐαρεστεῖται
2820 5313 2845 5364 ὁ
2887 5312 3030 5371 Θεός.
3083 5312 3343 5366 Βασιλείαν
3387 5306 3478 5364 οὐν
3502 5313 3794 5366 ἀσάλευτον

2195 5404 2596 5480 παραλαϐόντες,
2626 5401 2812 5473 ἔχομεν
2836 5405 2992 5477 χάριν
3007 5401 3144 5462 δι’ἧς
3157 5402 3463 5477 λατρεύομεν
3490 5403 3791 5476 εὐαρέστως

2197 5504 2270 5566 τῷ
2289 5504 2398 5568 Θεῷ
2424 5505 2530 5566 μετ’
2546 5495 2799 5554 εὐλαϐείας
2843 5499 2926 5548 καὶ
2951 5491 3143 5553 αἰδοῦς.
3193 5497 3282 5547 Καὶ
3309 5496 3406 5566 γάρ
3438 5492 3463 5546 ὁ
3491 5494 3616 5555 Θεὸς
3646 5497 3792 5564 ἡμῶν

2200 5595 2306 5662 πῦρ
2348 5588 2710 5644 καταναλίσκον
2752 5588 2872 5646 τούς
2911 5587 3262 5654 ὑπεναντίους,
3314 5583 3365 5640 ὃν
3405 5578 3480 5646 ὡς’
3514 5593 3621 5659 φῶς
3666 5584 3791 5642 ὄντα
