4018 6184
1698 288 1757 343 S.
1799 285 2077 342 MARTINI
2118 280 2319 340 ΡΛΙἈΞ
2352 281 2369 334 l

3569 283 3676 340 156

411 410 543 465 enint
570 408 707 462 dedit
736 404 876 459 nobis
907 403 1041 457 Dens
1070 401 1302 469 spiritum
1331 400 1545 461 timoris,
1595 400 1683 452 sed
1712 400 1980 467 fortitudi-

2106 398 2167 449 εαί
2194 399 2543 468 σωφρονισμοῦ
2567 393 2696 466 πρὸς
2728 392 2786 446 τὸ
2814 397 2988 447 πᾶσαν
3016 392 3104 465 μὶν
3130 393 3323 467 αἵρεσιν
3352 393 3676 466 ἐξαφανίζειν,

414 504 513 563 nis,
542 509 588 554 et
610 499 915 561 dilectionis,
940 505 985 549 et
1013 494 1296 563 prudentia:
1325 490 1409 563 (Il
1442 491 1576 544 Tim.
1610 491 1676 559 t),
1705 492 1767 545 ad
1804 494 1991 547 tollen-

414 596 537 647 dam
588 606 798 647 omnem
850 589 1116 651 hazresim,
1161 601 1277 654 quae
1308 586 1471 639 verbo
1503 585 1624 638 lidei
1657 586 1989 648 adversatur,

414 696 468 737 ct
494 684 557 737 ad
589 697 747 735 omne
773 680 957 732 vitium
980 676 1407 745 expugnandum,
1428 677 1566 745 quod
1590 676 1769 729 virtuti
1800 677 1993 730 divinae

368 750 740 835 :‘contrarium
784 773 885 837 sit;
937 780 995 823 ut
1040 772 1117 824 sic
1168 784 1485 838 prosperous
1532 771 1585 821 in
1629 768 1874 833 Domino,
1930 784 1990 822 ea

415 879 536 935 qum
590 864 779 916 desunt
838 863 1119 930 corrigas,
1178 868 1231 913 et
1285 858 1576 913 constituas
1632 874 1726 926 per
1778 873 1992 910 ornnem

414 958 683 1012 civitatem
735 969 917 1009 earum
966 969 1084 1022 qua;
1159 952 1270 1005 sedi
1320 961 1432 1004 tum
1497 950 1990 1019 Jerosnlymitanre,

414 1059 523 1101 tum
553 1046 920 1107 Antiocheam,
967 1044 1213 1106 subsunt,
1240 1042 1520 1110 episcenos
1547 1050 1601 1094 et
1631 1040 1993 1110 presbyteros,

414 1148 472 1190 et
499 1136 755 1190 diaconos
789 1152 803 1188 :
837 1134 938 1187 hoc
970 1132 1061 1186 tibi
1109 1132 1254 1185 omni
1289 1130 1447 1184 modo
1478 1130 1651 1184 facere
1680 1130 1996 1197 pnecipien-

414 1229 553 1281 tibus
592 1228 744 1281 nobis
774 1240 836 1278 ex
869 1224 1158 1293 apostolica
1209 1224 1544 1285 auctoritate,
1577 1237 1695 1290 qure
1748 1220 1868 1273 data
1914 1227 1998 1273 est

416 1318 574 1371 nobis
616 1332 643 1368 a
678 1316 900 1369 Domino
947 1330 1040 1383 per
1071 1311 1285 1367 Petrqu
1330 1313 1747 1374 sanctissimum,
1775 1321 1826 1364 et
1854 1311 1999 1375 priu-

417 1409 588 1477 cipem
631 1406 1013 1473 apostolorum,
1051 1416 1267 1472 propter
1306 1403 1578 1470 angustias
1603 1402 1853 1465 temporis
1900 1414 1996 1452 no-

416 1499 533 1561 stri,
567 1506 623 1553 et
654 1511 954 1566 pressuram
1003 1495 1260 1564 gentium,
1315 1508 1380 1547 ne
1432 1510 1595 1561 usque
1646 1494 1696 1545 iu
1730 1493 1886 1545 linem
1947 1491 1997 1543 in

420 1588 525 1643 illis
571 1588 811 1656 partibus
860 1585 1067 1640 deficiat
1116 1584 1460 1638 sacerdotalis
1514 1583 1724 1637 decoris
1775 1581 2001 1635 eximius

418 1680 572 1745 ordo,
614 1694 677 1733 ac
716 1694 783 1733 ne
825 1678 949 1732 inde
989 1680 1053 1732 de
1090 1685 1286 1731 cmtero
1330 1690 1523 1729 nostra:
1565 1675 1836 1744 religionis
1884 1690 1999 1727 ma-

2094 489 2431 558 ἀντικειμένην
2468 492 2541 553 τῷ
2568 484 2694 556 λόγῳ
2733 493 2823 544 τῆς
2849 487 3075 543 πίστεως
3096 501 3109 514 ⁶
3136 492 3311 540 πᾶσαν
3355 485 3407 541 δὲ
3442 510 3676 543 καταπα-

2092 579 2246 632 λάίειν
2276 577 2568 645 ἐμπάθειαν,
2595 577 2781 643 ἀρετῆς
2810 575 2945 633 θείας
2983 569 3143 628 οὖσαν
3183 576 3452 632 ἀντίπαλον
3478 593 3493 607 ο
3528 580 3595 635 ὡς
3620 574 3678 633 ἂν

2095 670 2258 727 οἶτως
2294 670 2345 721 ἐν
2386 668 2546 739 κυρίῳ
2593 663 3037 735 κατευοδούμενος,
3066 669 3151 718 καί
3191 668 3257 720 τά
3299 667 3536 723 λείποντα
3570 670 3681 725 ἐπι-

2096 758 2394 832 διορθὼσης,
2411 760 2497 811 καί
2524 762 2842 826 καταστήσῃς
2859 758 2986 809 κατά
3010 761 3187 811 πᾶσαν
3200 758 3363 823 πόλιν,
3376 766 3474 814 τῶν
3502 761 3604 814 ύπό
3627 782 3680 817 τε

2095 853 2181 903 τόν
2211 848 2574 921 Ἱεροσολύμων
2600 848 2767 920 θρόνον
2795 848 3075 910 τελουσῶν,
3103 851 3189 901 καί
3212 856 3310 901 τῶν
3336 850 3437 902 ύπό
3464 851 3549 903 τὸν
3576 850 3681 907 ’Δνο

2096 947 2348 1009 τιοχείας.
2378 939 2686 997 ἐπισκόπους
2733 940 2816 991 καί
2859 938 3245 1013 πρεσϐυτέρους
3277 944 3359 995 καί
3388 940 3681 1004 διακόνους’

2096 1029 2243 1082 τοῦτό
2275 1049 2354 1082 σοι
2377 1036 2532 1083 ποιεῖν
2556 1029 2607 1081 ἐκ
2633 1029 2817 1087 πάντος
2842 1027 3038 1102 τρόπου
3062 1031 3500 1101 προστασσόντων
3522 1035 3682 1102 ἡμῶν.

2098 1119 2148 1184 ἐξ
2178 1122 2513 1179 ἀποστολικῆς
2542 1121 2801 1179 αύθεντίκς
2844 1128 2936 1180 τῆς
2963 1123 3345 1194 κεχαρισμένης
3384 1125 3502 1193 ἡμῖν
3540 1129 3685 1197 παρὰ

2097 1214 2280 1286 Κυρίου
2306 1210 2387 1266 διὰ
2416 1214 2603 1285 Πέτρου
2623 1216 2716 1265 τοῦ
2741 1215 2987 1281 παναγίου
3013 1216 3097 1265 καί
3121 1217 3392 1285 κορυφαίου
3420 1222 3520 1269 τῶν
3548 1218 3685 1270 ἀπο-

2102 1304 2314 1368 στολων,
2362 1301 2446 1357 διά
2484 1323 2538 1357 τε
2566 1308 2655 1360 την
2685 1304 2927 1356 στένωσιν
2954 1309 3044 1357 τοῦ
3074 1304 3178 1357 καθ’
3197 1306 3332 1374 ἡμᾶς
3359 1313 3536 1379 καιροῦ
3563 1347 3577 1371 ,
3608 1312 3685 1363 καί

2101 1398 2189 1450 τὴν
2210 1398 2439 1462 συνοχὴν
2465 1400 2564 1447 τῶν
2594 1394 2764 1446 ἐθνῶν·
2795 1395 2879 1447 ἵνα
2907 1400 2976 1464 μὴ
3006 1396 3077 1453 εἰς
3106 1395 3247 1455 τέλος
3275 1396 3324 1449 ἐν
3347 1406 3460 1457 τοῖς
3484 1400 3689 1473 μέρεσιν

2100 1486 2299 1543 ἐκείνοις
2340 1484 2537 1555 ἐκλείψη
2582 1493 2674 1545 τῆς
2722 1486 2975 1557 ἱερατικῆς
3019 1488 3327 1560 εῦπρεπείας
3366 1488 3393 1542 ό
3439 1492 3687 1565 ἐξαίρετος

2103 1575 2316 1644 κόσμος,
2343 1578 2428 1628 καί
2455 1577 2509 1628 ὲκ
2533 1578 2713 1629 τούτου
2739 1575 2907 1647 λοιπὸν
3174 1579 3231 1633 τό
3254 1580 3379 1651 μέγα
3406 1600 3459 1635 τε
3489 1585 3569 1634 καί
3604 1603 3689 1635 σε-

2112 1669 2334 1739 ϐάσμιον
2375 1676 2465 1727 τῆς
2494 1670 2739 1745 ἡμετέρας
2767 1671 3031 1743 θρησκείας
3068 1675 3381 1745 μυστήριον,
3407 1671 3501 1725 οῦκ
3548 1671 3689 1735 ὄντος

416 1786 577 1841 gnum
606 1780 660 1822 et
689 1768 1050 1822 venerandum
1102 1767 1414 1838 mysterium
1468 1769 1760 1835 ignoretur,
1820 1766 1862 1818 si
1887 1766 1996 1835 jam

2106 1761 2275 1836 ἱερέως
2305 1759 2388 1815 ἔτι
2408 1763 2491 1813 καὶ
2518 1761 2717 1823 θυσίας,
2757 1759 2787 1818 ἦ
2816 1758 3041 1821 σπονδῆς
3082 1765 3155 1821 εἰς
3190 1762 3351 1832 ὀσμήν
3382 1762 3591 1824 εὐωδίας
3619 1773 3690 1835 τῷ

419 1877 524 1915 non
569 1861 637 1914 sit
681 1859 951 1925 sacerdos,
988 1867 1040 1911 et
1068 1855 1385 1910 sacrilicium
1417 1865 1508 1908 aut
1552 1855 1823 1921 Spirituale
1871 1857 1991 1909 liba-

418 1970 561 2017 useu,
608 1950 744 2019 quod
772 1949 964 2019 jugiter
995 1947 1106 2003 Deo
1146 1948 1198 2001 iu
1228 1947 1448 2001 odorem
1482 1948 1753 2001 suavitatis
1786 1963 1879 2013 pro
1907 1963 1994 1999 sa-

418 2048 525 2100 lute
568 2044 745 2111 ponuli
783 2043 1053 2096 olleratur.
1099 2042 1226 2093 Nam
1272 2047 1483 2107 Oportet
1530 2039 1579 2091 in
1628 2037 1731 2091 hoc
1770 2039 1997 2092 maxime

423 2149 663 2205 tempore
698 2134 999 2205 pastoribus
1023 2132 1381 2197 Spiritualibus
1414 2131 1733 2199 frequentari
1777 2146 1839 2183 ac
1882 2147 1999 2183 mu-

419 2229 520 2281 niri
558 2243 676 2296 qua:
720 2224 915 2293 ubique
960 2232 1085 2276 sunt
1117 2222 1207 2275 Dei
1251 2221 1539 2275 catholicas
1578 2219 1863 2283 Ecclesias,
1894 2236 1998 2288 quo

413 2321 565 2389 juxta
611 2318 777 2386 ipsius
804 2314 1008 2368 Domini
1053 2313 1449 2381 praidictioues,
1483 2312 1850 2365 tribulationes
1880 2326 2000 2377 pro-

417 2420 535 2473 pter
563 2414 773 2474 peccata
806 2414 983 2458 uestra
1016 2411 1300 2467 venerunt,
1328 2402 1512 2470 quales
1546 2417 1648 2453 nou
1692 2401 1903 2454 luerunt
1933 2400 1998 2454 ab

418 2499 564 2552 initio
606 2497 785 2550 mundi
831 2510 995 2563 usque
1037 2494 1214 2557 modo,
1246 2509 1415 2560 neque
1457 2495 1585 2547 [ient
1613 2534 1625 2555 ,
1656 2508 1776 2546 cum
1809 2494 1999 2559 quibus

415 2598 471 2642 et
512 2602 712 2655 magna:
759 2585 1129 2640 scandalorum
1184 2586 1527 2649 tentatioues,
1568 2593 1623 2637 ut
1680 2586 1729 2637 in
1762 2600 1997 2639 errorem

419 2681 757 2743 inducantur,
783 2680 824 2730 si
856 2676 969 2730 lieri
1003 2686 1195 2742 potest,
1225 2677 1383 2729 etiam
1415 2677 1572 2730 electi
1602 2675 1814 2739 (Matth.
1843 2692 1931 2729 XXI
1956 2676 1996 2745 ).

419 2771 681 2838 Quocirca
734 2785 801 2823 ne
850 2768 1065 2822 dilleras
1113 2768 1444 2832 omnimodo,
1497 2768 1715 2832 dilecte,
1753 2768 1998 2835 implere,

420 2864 567 2930 juxta
602 2870 919 2927 prmceptum
953 2868 1213 2923 nostrum,
1246 2858 1534 2927 episcOpis,
1567 2869 1621 2910 et
1654 2860 1998 2929 presbyteris,

426 2963 480 3008 et
506 2952 759 3014 diaconis,
794 2967 912 3019 quae
955 2951 1071 3005 iSIic
1115 2962 1236 3005 sunt
1263 2951 1560 3005 catholicas
1597 2951 1880 3013 Et'Clt‘Slas,
1913 2952 2001 3019 qui

426 3059 522 3115 per
578 3044 847 3113 propriam
896 3056 1080 3095 eorum
1140 3042 1598 3095 conversationem
1652 3041 1703 3094 in
1755 3042 2001 3093 ouunbus

2102 1859 2213 1921 Θεῷ
2239 1851 2621 1923 προσαγομένης
2645 1850 2920 1920 ἐνδελεχῶς
2947 1851 3082 1923 ὑπὲρ
3124 1860 3214 1910 τῆς
3243 1858 3335 1906 τοῦ
3365 1852 3486 1907 λαοῦ
3518 1875 3690 1913 σωτηο

2099 1943 2239 2014 ρίας.
2275 1943 2390 1995 Δίον
2414 1943 2512 2015 γάρ
2542 1942 2679 1995 ἐστιν
2707 1942 2791 1995 ἐπί
2830 1948 2919 1996 τοῦ
2947 1942 3195 2017 παρόντος
3223 1942 3445 2011 μάλιστα
3473 1952 3651 2020 καιροῦ
3675 1988 3692 2011 ,

2099 2030 2301 2105 σπουδῇ
2327 2032 2473 2104 πέσῃ
2500 2033 2953 2089 καταπυκνωθῆναι
2981 2033 3187 2101 ποιμέσι
3211 2042 3577 2103 πνευματικοῖς
3598 2038 3693 2096 τὰς

2098 2131 2373 2194 πανταχοῦ
2421 2131 2512 2178 τοῦ
2554 2130 2679 2178 Θεοῦ
2726 2124 2975 2183 καθολικάς
3013 2124 3305 2183 Ἐκκλησίας
3328 2164 3344 2189 ,
3387 2127 3529 2183 ἡνίκα
3564 2130 3695 2181 κατά

2099 2218 2192 2275 τὰς
2219 2218 2377 2270 αὐτοῦ
2410 2222 2501 2271 τοῦ
2536 2220 2714 2288 κυρίου
2757 2217 3086 2291 προρρήσεις,
3118 2217 3167 2268 αἱ
3199 2216 3387 2285 θλίψεις
3410 2218 3695 2290 παραγεγόο

2102 2328 2250 2361 νασιν
2272 2305 2356 2360 διὰ
2384 2308 2478 2365 τοὶς
2506 2305 2758 2380 ἁμαρτίας
2782 2307 2943 2375 ἡμῶν,
2968 2303 3021 2358 αἰ
3044 2306 3101 2357 ού
3128 2306 3387 2377 γεγόνασιν
3408 2308 3498 2360 ἀπ’
3516 2308 3696 2377 ἀρχῆς

2100 2398 2308 2468 κόσμου,
2334 2399 2430 2457 ἕως
2459 2393 2551 2452 τοῦ
2580 2405 2689 2462 νῦν,
2720 2395 2826 2452 οὐδ’
2850 2398 2906 2449 ού
2933 2400 3003 2467 μη
3025 2399 3291 2469 γένωνται,
3314 2399 3419 2468 μεθ’
3442 2395 3508 2450 ὧν
3538 2402 3624 2453 καὶ
3648 2402 3694 2453 οἱ

2099 2491 2303 2559 μεγάλοι
2331 2492 2603 2562 πειρασμοί
2632 2495 2732 2542 τῶν
2761 2486 3053 2542 σκανδάλων
3078 2528 3091 2549 ,
3124 2490 3255 2542 ὥστε
3282 2491 3601 2553 πλανηθῆναι,
3632 2496 3679 2545 εἰ

2100 2577 2332 2642 δυνατὸν,
2363 2583 2444 2633 καὶ
2472 2582 2591 2639 τούς
2622 2580 2905 2638 ἐκλεκτοζς.
2948 2579 3027 2632 Διό
3057 2584 3126 2649 μὴ
3154 2580 3408 2650 ἀναϐάλλῃ
3439 2584 3695 2642 παντοίως

2108 2673 2360 2740 ἁγαπητέ,
2391 2670 2677 2741 πληρῶσαι,
2706 2672 2836 2724 κατὰ
2864 2674 2954 2728 τήν
2983 2672 3226 2744 ἡμετέραν
3255 2671 3557 2745 πρόσταξιν,
3580 2673 3698 2727 ἐπι-

2101 2762 2318 2823 σκόπωκ,
2364 2765 2447 2814 καί
2488 2762 2877 2834 πρεσϐυτέρων,
2917 2765 3005 2815 καί
3056 2759 3335 2829 διακόνων,
3377 2765 3469 2823 τάς
3514 2766 3693 2821 αὐτόθι

2102 2854 2365 2912 καθολικάς
2393 2852 2689 2913 Ἐκκλησίας
2713 2855 2763 2908 ἰν
2792 2858 2950 2907 πᾶσιν
2968 2853 3179 2924 ἀγαθοῖς
3206 2858 3699 2928 μεμαρτυρημένων,

2103 2943 2186 2999 διά
2212 2953 2303 3004 τῆς
2327 2946 2510 3004 οἰκείας
2550 2946 2719 2999 αὐτῶν
2746 2946 3086 3019 ἀναστροφῆς.
3132 2953 3217 3000 Δεῖ
3245 2950 3345 3021 γάρ
3374 2949 3460 3002 τόν
3489 2949 3698 3004 ἐπίσκο-

2108 3055 2223 3093 πον.
2257 3038 2385 3089 καθά
2412 3057 2557 3105 φησιν
2585 3034 2611 3090 ὁ
2634 3040 2881 3107 μακάριος
2908 3037 3122 3100 Παῦλος,
3154 3037 3448 3109 ἀνέγκλητον
3475 3036 3602 3096 εἶναι
3630 3045 3699 3103 ὡς

428 3132 587 3189 bonis
614 3133 976 3188 testimonium
1010 3132 1256 3187 habeant.
1291 3131 1500 3198 Oportet
1526 3133 1659 3183 enim
1688 3132 2001 3199 episcopum,

2111 3122 2239 3179 Θε-,ὗ
2269 3126 2547 3193 οἰκονόμον,
2576 3130 2643 3194 μή
2668 3124 2879 3190 αὐθάδη,
2908 3132 2975 3194 μῆ
3001 3126 3212 3200 ὀργίλ.ν,
3242 3133 3311 3197 μη
3335 3132 3595 3203 πάροινον,
3626 3138 3697 3202 μή

422 3229 559 3282 sicut
588 3228 771 3281 beatus
800 3224 991 3277 Paulus
1018 3222 1165 3284 dicit,
1215 3224 1326 3276 sine
1358 3224 1568 3275 crimine
1600 3239 1724 3284 esse,
1766 3224 1892 3275 sicut
1917 3222 2008 3275 Dei

422 3324 856 3379 dispensatorem,
900 3331 1003 3367 non
1043 3313 1343 3379 superbum,
1388 3331 1490 3366 non
1537 3314 1861 3376 iracundum,
1906 3331 2008 3365 non

428 3404 761 3468 vinolentum,
798 3421 897 3455 non
933 3418 1307 3471 percussorem,
1346 3419 1444 3454 no-n
1483 3404 1645 3466 turpis
1684 3404 1812 3456 lucri
1858 3404 1997 3469 cupi-

422 3502 578 3561 dum;
617 3498 707 3550 sed
743 3495 1063 3560 hospitalem,
1107 3496 1397 3563 ben‘gnum,
1434 3496 1748 3563 prudentem.
1782 3496 2004 3565 justum,

420 3597 672 3649 sanctum,
720 3586 1076 3648 continentem,
1118 3584 1501 3651 amplectentem
1540 3601 1654 3637 eum
1694 3585 1779 3651 qui
1822 3602 2007 3639 secun-

423 3683 544 3734 dum
588 3682 879 3734 doctrinam
917 3688 1013 3743 est,
1058 3679 1261 3745 ﬁdelem
1303 3694 1610 3740 sermonem,
1652 3688 1702 3729 ut
1745 3690 1921 3745 potens
1942 3686 2008 3734 sit

422 3773 682 3826 exhortari
720 3774 770 3823 in
803 3771 1033 3823 doctrina
1068 3785 1217 3833 sana,
1243 3778 1287 3821 et
1310 3784 1391 3821 eos
1414 3770 1497 3838 qui
1530 3768 1886 3822 contradicunt
1918 3786 2006 3823 ar-

424 3880 608 3933 guere;
640 3862 956 3932 pnsbyteros
984 3859 1199 3923 sobiios,
1226 3861 1519 3929 prudentes,
1540 3876 1689 3913 sanos
1722 3861 1775 3913 in
1801 3861 1922 3927 ﬁde,
1954 3862 2006 3913 in

426 3957 731 4019 dilectione,
773 3954 827 4007 in
864 3953 1154 4023 patientia;
1203 3952 1445 4004 diaconos
1493 3951 1729 4004 similiter
1773 3952 2005 4019 pudicos,

426 4063 528 4099 non
570 4046 819 4115 bilingues
844 4085 858 4108 ,
906 4060 1008 4096 non
1055 4044 1221 4096 multo
1281 4044 1396 4095 vino
1437 4043 1672 4108 deditos,
1717 4059 1819 4096 non
1861 4053 2009 4113 turpe

427 4138 629 4191 lucrum
654 4145 925 4189 sectantes.
955 4134 1069 4190 Hoc
1099 4137 1233 4189 enim
1267 4136 1481 4206 faciens,
1523 4145 1569 4188 et
1600 4136 1811 4206 teipsum
1842 4138 2009 4189 salva-

430 4228 538 4294 bis,
566 4236 619 4280 et
648 4224 995 4279 rationabiles
1029 4224 1121 4279 Dei
1152 4240 1362 4293 greges,
1394 4225 1663 4279 incursum
1694 4224 2007 4294 ell‘ugientes

440 4317 714 4385 luporum,
767 4314 1071 4383 hujusmodi
1120 4316 1457 4369 sacerdotmu
1506 4314 1797 4383 diligentia.
1846 4314 2009 4368 Dolor

433 4406 575 4461 enim
607 4407 733 4460 mihi
762 4416 845 4459 est
868 4421 1112 4475 magnus,
1146 4417 1199 4459 et
1229 4407 1556 4460 incessabilis
1586 4408 1826 4461 molestia
1858 4408 2005 4461 cordi

431 4512 573 4564 meo,
606 4495 948 4565 quoadusque
990 4512 1083 4563 per
1121 4508 1351 4550 vestrum
1399 4499 1450 4550 in
1490 4497 1704 4553 Christo
1748 4500 2004 4565 studium,
2041 4493 2088 4552 ι)

434 4588 534 4641 hoc
562 4602 696 4655 Opus
724 4586 1027 4640 absolutum
1056 4587 1261 4640 videam
1283 4630 1297 4651 ,
1330 4589 1541 4657 quando
1587 4589 1801 4657 quidem
1835 4593 1933 4644 hoc
1960 4600 2011 4645 et

433 4679 578 4743 prius
604 4676 893 4745 apostolica
929 4678 1042 4730 hinc
1069 4678 1224 4731 sedes
1252 4677 1367 4732 ﬁeri
1398 4680 1649 4746 praecepit
1683 4696 1775 4748 per
1805 4696 2010 4735 memo-

430 4782 601 4826 ratum
642 4771 987 4839 Stephanum,
1034 4772 1286 4827 dilectum
1342 4775 1714 4842 coepisc0pum
1747 4786 2008 4828 nostrum.

431 4864 535 4920 Sed
591 4864 691 4917 hoc
740 4864 975 4917 salutare
1029 4865 1354 4932 propositum
1405 4865 1471 4918 ad
1523 4865 1768 4919 ellectum
1826 4868 2013 4920 venire

431 4956 843 5023 prohibuerunt,
889 4954 977 5022 qui
1025 4955 1148 5009 talia
1202 4954 1482 5023 prohibere
1549 4957 1739 5026 dignos
1803 4958 2012 5024 seipsos

436 5048 824 5115 praestiterunt;
857 5045 944 5112 qui
980 5060 1074 5113 pro
1104 5046 1362 5099 arbitratu
1410 5062 1508 5101 suo
1551 5062 1616 5102 ea
1675 5062 1793 5116 qua;
1840 5049 2010 5102 mdili-

431 5140 656 5194 caliouis
699 5147 823 5192 sunt
855 5146 977 5191 nota
1008 5136 1058 5191 ei
1098 5136 1315 5189 omnino
1357 5152 1461 5191 non
1510 5137 1769 5203 fecerunt,
1822 5154 2013 5205 nempe

433 5240 695 5300 praecepta
737 5230 1072 5285 demandata!
1113 5230 1244 5283 vicis
1274 5230 1583 5297 apostolica!
1626 5230 1781 5300 hujus
1826 5231 2012 5286 cathe-

430 5324 563 5387 drre,
596 5322 788 5391 quibus
828 5320 1010 5389 jussus
1051 5328 1134 5374 est
1174 5318 1460 5373 electiones
1504 5319 1572 5372 ibi
1617 5320 1793 5375 facere
1828 5335 2013 5374 eorum

430 5414 518 5483 qui
549 5414 613 5466 ad
645 5426 824 5467 curam
869 5409 1299 5465 christianissimi
1346 5410 1523 5478 populi
1552 5410 1814 5481 deligendi
1857 5422 2012 5477 sunt;

430 5503 764 5556 solummodo
811 5511 989 5555 autem
1036 5502 1083 5555 ei
1133 5501 1497 5571 signiﬁcarunt
1543 5502 1610 5555 de
1660 5502 2012 5571 depositione,

434 5596 677 5648 timorem
726 5592 932 5646 Domini
985 5593 1202 5645 minime
1246 5590 1565 5659 cogitantes,
1620 5608 1791 5660 neque
1838 5595 1887 5647 iu
1934 5596 2016 5647 his

436 5681 829 5737 formidabilem
878 5681 993 5749 ejus
1040 5680 1476 5751 indignationem.
1529 5681 1791 5746 Quoniam
1836 5684 2012 5752 igitur,

437 5783 493 5828 ut
525 5772 683 5839 nosti,
716 5771 911 5827 dilecte
938 5774 1118 5839 frater,
1150 5774 1201 5827 in
1230 5772 1632 5828 aediﬁcationem
1662 5775 1825 5843 magis
1858 5791 2013 5845 qvam

2112 3217 2357 3283 πλήκτην,
2389 3222 2458 3285 μη
2506 3215 2894 3291 αἰσχροκερδῆ,
2943 3218 3066 3272 ἀλλά
3115 3218 3375 3291 φιλόξενον,
3416 3222 3698 3295 φιλάγαθον,

2111 3310 2365 3380 σώφρονα,
2396 3305 2599 3372 δίκαιον,
2629 3305 2788 3368 ὅσιον,
2818 3310 3059 3383 ἐγκρατῆ,
3088 3310 3427 3379 ἀντεχόμενον
3455 3319 3541 3366 τοῦ
3565 3317 3698 3368 κατά

2110 3402 2199 3455 τήν
2226 3396 2447 3467 διδαχὴν
2476 3406 2664 3453 πιστοῦ
2694 3399 2867 3471 λόγου,
2899 3401 2980 3453 ἶνα
3002 3397 3216 3461 δυνατός
3246 3399 3320 3459 εἴη
3347 3406 3428 3456 καί
3465 3426 3699 3477 παρκκα·

2109 3485 2207 3539 λεῐν
2221 3488 2272 3539 ἐν
2284 3495 2343 3561 τῇ
2367 3485 2670 3562 διδασκαλίᾳ
2689 3496 2751 3562 τῇ
2776 3490 3095 3561 ὑγιαινούσῃ,
3112 3494 3197 3543 καί
3220 3492 3339 3550 τούς
3352 3492 3698 3565 ἀντιλέγοντας

2111 3575 2367 3644 ἐλέγχειν·
2400 3576 2787 3651 πρεσϐυτέρους
2836 3576 3022 3647 ὁμοίως
3043 3618 3059 3642 ,
3088 3581 3380 3651 νηφαλίους,
3412 3585 3698 3653 σώφρονας,

2110 3666 2427 3737 ύγιαίνοντας
2452 3676 2514 3741 τῇ
2544 3672 2733 3732 πίστει,
2760 3677 2823 3743 τῇ
2844 3671 3041 3743 ἀγάπη,
3059 3678 3121 3745 τῇ
3141 3672 3370 3747 ύπομονῤ
3390 3689 3405 3703 ’
3437 3672 3697 3737 διακόνους

2112 3760 2380 3821 ὡσαύτως,
2411 3763 2649 3828 σεμνούς,
2679 3766 2748 3826 μη
2778 3759 3006 3831 διλόγους
3033 3804 3045 3822 ,
3071 3767 3138 3832 μὴ
3167 3761 3281 3832 οἴνῳ
3309 3764 3472 3833 πολλῷ
3504 3770 3698 3839 προςέ-

2112 3878 2329 3927 χοντας,
2359 3862 2429 3928 μη
2455 3856 2861 3932 αἰσχροκερδεῖς.
2904 3866 3065 3913 Τοῦτο
3093 3862 3188 3937 γάρ
3214 3870 3391 3925 ποιῶν,
3439 3866 3519 3916 καί
3547 3883 3700 3917 σεαυ-

2110 3952 2195 4005 τὸν
2224 3953 2433 4017 σώσεις,
2463 3953 2628 4005 καίτά
2651 3952 2819 4023 λογικά
2844 3958 2935 4007 τοῦ
2964 3957 3141 4028 κυρίου
3167 3956 3452 4029 θρέμματα,
3482 3963 3570 4016 τήν
3596 3967 3700 4013 τῶν

2110 4041 2274 4094 λύκων
2303 4043 2601 4112 ἐκφεύγοντα
2620 4040 2959 4117 καταδρομὴν,
2992 4042 3076 4100 διά
3104 4054 3196 4107 τῆς
3224 4054 3322 4100 τῶν
3348 4049 3595 4102 τοιούτων
3621 4050 3697 4103 ie-

2110 4136 2236 4209 ρέων
2256 4134 2559 4203 ἐπιμελείας.
2584 4133 2733 4193 Λύπη
2762 4137 2860 4210 γάρ
2889 4138 2975 4207 μοί
3004 4138 3113 4193 ἐστι
3135 4138 3347 4209 μεγάλη,
3374 4144 3458 4194 καί
3478 4140 3699 4195 ἀδιάλειο

2110 4246 2238 4285 πτος
2267 4223 2416 4283 ὀδύνη
2443 4234 2504 4300 τῇ
2530 4225 2713 4302 καρδίμ
2734 4247 2830 4296 μου
2851 4228 3043 4301 μέχρις
3074 4224 3134 4283 ἂν
3154 4226 3235 4282 διά
3257 4238 3348 4291 τῆς
3368 4232 3623 4305 ύμετέρας
3644 4231 3697 4287 έν

2112 4319 2272 4386 κυρίῳ
2314 4316 2569 4377 σπουδῆς,
2592 4312 2745 4372 τοῦτο
2774 4321 2833 4372 τό
2864 4316 3011 4391 ἔργον
3041 4319 3251 4373 ἀκούσω
3279 4320 3656 4391 τετελειωμένον
3677 4338 3694 4355 '

2112 4407 2279 4466 ἐπειδὴ
2321 4405 2473 4463 τοῦτο
2508 4411 2586 4462 καί
2631 4408 2875 4480 πρότερον
2913 4410 2937 4462 ό
2964 4409 3072 4463 καθ’
3094 4411 3227 4480 ἡμᾶς
3253 4412 3585 4472 ἀποστιλικός
3604 4434 3697 4483 γε*

2112 4500 2282 4554 νέσθαι
2322 4500 2606 4573 προσέταξε
2654 4498 2857 4571 θρόνος,
2890 4498 2971 4553 διά
3014 4506 3104 4554 τοῦ
3154 4500 3385 4571 ῥηθέντος
3427 4504 3695 4573 Στεφάνου,

2112 4597 2204 4647 τοῦ
2247 4591 2513 4661 ἀγαπητοῦ
2550 4589 2931 4644 συνεπισκοπου
2959 4592 3120 4659 ἡμῶν.
3146 4589 3271 4645 Ἀλλ’
3291 4590 3596 4648 ἐνυπόὸεσαν
3622 4598 3696 4654 εἰς

2113 4682 2255 4757 ἔργον
2282 4684 2554 4756 προϐωαι,
2580 4688 2668 4740 τήν
2704 4685 2940 4741 τοικύτην
2972 4689 3218 4756 σωτήριον
3258 4686 3516 4759 πρόθεσιν,
3544 4686 3590 4739 οἱ
3628 4689 3697 4745 τοὶ

2111 4780 2323 4828 τοιαῦτα
2353 4771 2643 4827 διακωλύειν
2682 4774 2852 4835 ἀξίους
2894 4770 3037 4832 ὄντας
3076 4774 3289 4834 ἑαυτούς
3324 4779 3692 4847 παραστήσαν-

2111 4887 2214 4927 τες,
2242 4868 2418 4926 ο“τιυες
2463 4870 2623 4925 καθὼς
2653 4867 2890 4923 ἠθέλησαν
2919 4868 2983 4920 τά
3020 4868 3109 4935 μέν
3136 4875 3226 4925 τῆς
3263 4865 3529 4936 οἰκοδομῆς
3557 4868 3711 4940 αύτῷ,

2113 4957 2372 5016 παντελῶς
2416 4954 2507 5009 οῦκ
2549 4958 2844 5030 ἐγνώρισαν,
2872 4957 3023 5027 ἤγουν
3048 4959 3113 5012 τά
3139 4958 3256 5031 περί
3280 4965 3371 5016 τῆς
3410 4978 3716 5033 τοποτηρη-.

2116 5050 2231 5105 σίας
2272 5048 2563 5120 πραικέπτα
2597 5055 2688 5106 τῆς
2732 5047 2839 5099 καθ’
2859 5048 2989 5117 ἡμᾶς
3038 5046 3379 5106 ἀποστολικῆς
3421 5046 3693 5121 καθέδρας,

2114 5137 2174 5192 δι’
2197 5135 2262 5191 ὧν
2292 5140 2584 5211 προσετάγη
2622 5145 2836 5195 ποτῆσαι
2875 5141 2968 5199 τάς
3005 5142 3324 5213 χειροτονίας
3365 5140 3556 5205 αὐτόθι,
3595 5148 3698 5194 τῶν

2115 5228 2406 5299 ὀφειλόντων
2434 5230 2839 5302 χειροτονηθῆναι
2865 5229 2993 5302 πρὸς
3023 5228 3301 5298 ἐπιμέλειαν
3326 5234 3413 5282 τοῦ
3446 5249 3697 5304 χριστια-

2114 5316 2392 5370 νικωτείτου
2414 5318 2556 5370 λαοῦ·
2581 5316 2731 5385 μόνον
2761 5315 2813 5369 δέ
2843 5318 2900 5371 τὸ
2926 5325 3014 5375 τῆς
3035 5318 3374 5389 καθαιρέσεως
3401 5314 3543 5388 αῦτῷ
3570 5341 3699 5374 κατ’

2117 5412 2390 5477 ἐμήνυσαν,
2431 5410 2516 5462 ούκ
2559 5410 2877 5468 ἐννοήσαντες
2913 5410 2998 5462 τόν
3033 5416 3125 5464 τοῦ
3173 5412 3350 5482 Κυρίου
3381 5412 3553 5481 φόϐον,
3580 5409 3699 5465 οὐδὲ

2114 5502 2204 5555 τήν
2233 5498 2315 5553 ἐπὶ
2335 5500 2534 5559 τούτοις
2564 5499 2713 5552 αὐτοῦ
2741 5498 2957 5571 φοϐεράν
2985 5498 3556 5569 ἀγανάκτησιν.”Επειδή
3582 5496 3699 5561 οὖν,

2118 5592 2185 5649 ὡς
2206 5586 2368 5658 οἶδας,
2384 5592 2613 5660 ἀγαπητέ
2634 5588 2830 5659 ἀδελφέ,
2845 5590 2974 5658 πρὸς
2994 5588 3256 5661 οἰκοδομήν
3276 5591 3463 5659 μᾶλλον
3481 5590 3511 5650 ἦ
3531 5594 3701 5647 καθαί-

2118 5702 2254 5753 ρεσιν
2280 5684 2423 5754 παρά
2443 5689 2531 5736 τοῦ
2563 5685 2743 5755 Κυρίου
2767 5686 2854 5740 τὴν
2876 5682 3102 5745 ἐξουσίαν
3122 5679 3378 5751 ἐλάϐομεν,
3402 5682 3695 5740 σπούδασον

2117 5777 2265 5837 αὐτὸς
2298 5780 2363 5833 τὰ
2405 5786 2485 5836 τῆς
2532 5775 2787 5846 οἰκοδομῆς
2816 5778 3079 5847 ἐνεργῆσαι
3111 5783 3171 5835 τῆ
3198 5773 3432 5846 δεδομΪνη
3461 5797 3543 5831 σοι
3573 5773 3695 5847 παρ’
