  <div class='ocr_page' id='page_1' title='image "/cluster/home/n/w/nwhite01/storage/ocr_20150623/87/hvd.32044054758917/088.png"; bbox 0 0 3944 6170; ppageno 0'>
   <div class='ocr_carea' id='block_1_1' title="bbox 221 243 314 300">
    <p class='ocr_par' dir='ltr' id='par_1_1' title="bbox 221 243 314 300">
     <span class='ocr_line' id='line_1_1' title="bbox 221 243 314 300; baseline -0.011 0"><span class='ocrx_word' id='word_1_1' title='bbox 221 243 314 300; x_wconf 73' lang='lat' dir='ltr'><strong>iCl</strong></span> 
     </span>
    </p>
   </div>
   <div class='ocr_carea' id='block_1_2' title="bbox 1432 232 2266 295">
    <p class='ocr_par' dir='ltr' id='par_1_2' title="bbox 1432 232 2266 295">
     <span class='ocr_line' id='line_1_2' title="bbox 1432 232 2266 295; baseline -0.008 -3"><span class='ocrx_word' id='word_1_2' title='bbox 1432 235 1805 295; x_wconf 57' lang='lat' dir='ltr'><strong>EPISTOLIE.</strong></span> <span class='ocrx_word' id='word_1_3' title='bbox 1835 264 1898 274; x_wconf 89' lang='lat'><strong>--</strong></span> <span class='ocrx_word' id='word_1_4' title='bbox 1941 233 2150 288; x_wconf 82' lang='lat' dir='ltr'><strong>EPIST.</strong></span> <span class='ocrx_word' id='word_1_5' title='bbox 2206 232 2266 286; x_wconf 84' lang='lat' dir='ltr'><strong>V.</strong></span> 
     </span>
    </p>
   </div>
   <div class='ocr_carea' id='block_1_3' title="bbox 3388 245 3486 302">
    <p class='ocr_par' dir='ltr' id='par_1_3' title="bbox 3388 245 3486 302">
     <span class='ocr_line' id='line_1_3' title="bbox 3388 245 3486 302; baseline 0.02 -2"><span class='ocrx_word' id='word_1_6' title='bbox 3388 245 3486 302; x_wconf 66' lang='lat' dir='ltr'><strong>ibi</strong></span> 
     </span>
    </p>
   </div>
   <div class='ocr_carea' id='block_1_4' title="bbox 220 342 1835 432">
    <p class='ocr_par' dir='ltr' id='par_1_4' title="bbox 220 342 1806 432">
     <span class='ocr_line' id='line_1_4' title="bbox 220 342 1806 432; baseline -0.008 -16"><span class='ocrx_word' id='word_1_7' title='bbox 220 360 307 416; x_wconf 67' lang='grc' dir='ltr'><strong>διὰ</strong></span> <span class='ocrx_word' id='word_1_8' title='bbox 332 365 430 416; x_wconf 78' lang='grc' dir='ltr'><strong>τοῦ</strong></span> <span class='ocrx_word' id='word_1_9' title='bbox 449 357 811 432; x_wconf 76' lang='grc' dir='ltr'>πρεσϐυτέρου</span> <span class='ocrx_word' id='word_1_10' title='bbox 838 356 919 407; x_wconf 88' lang='grc' dir='ltr'><strong>καί</strong></span> <span class='ocrx_word' id='word_1_11' title='bbox 949 352 1342 430; x_wconf 82' lang='grc' dir='ltr'>ἀποκρισιαρίου</span> <span class='ocrx_word' id='word_1_12' title='bbox 1371 342 1530 422; x_wconf 81' lang='grc' dir='ltr'>ὐμῶν,</span> <span class='ocrx_word' id='word_1_13' title='bbox 1555 359 1644 405; x_wconf 88' lang='grc' dir='ltr'><strong>τοῦ</strong></span> <span class='ocrx_word' id='word_1_14' title='bbox 1666 352 1806 405; x_wconf 69' lang='grc' dir='ltr'>ἀϐϐἆ</span> 
     </span>
    </p>
   </div>
   <div class='ocr_carea' id='block_1_5' title="bbox 1939 342 3485 432">
    <p class='ocr_par' dir='ltr' id='par_1_5' title="bbox 1939 350 3485 428">
     <span class='ocr_line' id='line_1_5' title="bbox 1939 350 3485 428; baseline 0.009 -26"><span class='ocrx_word' id='word_1_15' title='bbox 1939 351 2328 406; x_wconf 74' lang='lat' dir='ltr'><strong>ronuaturaliter</strong></span> <span class='ocrx_word' id='word_1_16' title='bbox 2358 350 2535 405; x_wconf 84' lang='lat' dir='ltr'><strong>unitas</strong></span> <span class='ocrx_word' id='word_1_17' title='bbox 2574 360 2626 406; x_wconf 90' lang='lat' dir='ltr'><strong>et</strong></span> <span class='ocrx_word' id='word_1_18' title='bbox 2662 362 2920 412; x_wconf 84' lang='lat' dir='ltr'><strong>servatas.</strong></span> <span class='ocrx_word' id='word_1_19' title='bbox 2954 357 3082 425; x_wconf 71' lang='lat' dir='ltr'><strong>Qua:</strong></span> <span class='ocrx_word' id='word_1_20' title='bbox 3114 368 3168 413; x_wconf 90' lang='lat' dir='ltr'><strong>ut</strong></span> <span class='ocrx_word' id='word_1_21' title='bbox 3200 373 3485 428; x_wconf 75' lang='lat' dir='ltr'><strong>cognoscat</strong></span> 
     </span>
    </p>
   </div>
   <div class='ocr_carea' id='block_1_6' title="bbox 221 443 1806 525">
    <p class='ocr_par' dir='ltr' id='par_1_6' title="bbox 221 443 1806 525">
     <span class='ocr_line' id='line_1_6' title="bbox 221 443 1806 525; baseline -0.006 -19"><span class='ocrx_word' id='word_1_22' title='bbox 221 450 489 525; x_wconf 74' lang='grc' dir='ltr'><strong>Θεοδώρου</strong></span> <span class='ocrx_word' id='word_1_23' title='bbox 509 487 524 513; x_wconf 88' lang='grc'><strong>,</strong></span> <span class='ocrx_word' id='word_1_24' title='bbox 550 451 632 503; x_wconf 86' lang='grc' dir='ltr'><strong>καί</strong></span> <span class='ocrx_word' id='word_1_25' title='bbox 666 457 762 501; x_wconf 76' lang='grc' dir='ltr'><strong>τῶν</strong></span> <span class='ocrx_word' id='word_1_26' title='bbox 806 453 1049 517; x_wconf 82' lang='grc' dir='ltr'>μοναχῶν</span> <span class='ocrx_word' id='word_1_27' title='bbox 1087 453 1176 505; x_wconf 76' lang='grc' dir='ltr'><strong>τῆς</strong></span> <span class='ocrx_word' id='word_1_28' title='bbox 1205 451 1294 499; x_wconf 77' lang='grc' dir='ltr'><strong>τοῦ</strong></span> <span class='ocrx_word' id='word_1_29' title='bbox 1329 444 1476 514; x_wconf 81' lang='grc' dir='ltr'>ἀγῖου</span> <span class='ocrx_word' id='word_1_30' title='bbox 1527 443 1806 519; x_wconf 78' lang='grc' dir='ltr'><strong>Θεοδώρου,</strong></span> 
     </span>
    </p>
   </div>
   <div class='ocr_carea' id='block_1_7' title="bbox 221 534 1811 609">
    <p class='ocr_par' dir='ltr' id='par_1_7' title="bbox 221 534 1811 609">
     <span class='ocr_line' id='line_1_7' title="bbox 221 534 1811 609; baseline -0.004 -14"><span class='ocrx_word' id='word_1_31' title='bbox 221 545 309 595; x_wconf 77' lang='grc' dir='ltr'><strong>καί</strong></span> <span class='ocrx_word' id='word_1_32' title='bbox 338 548 439 594; x_wconf 84' lang='grc' dir='ltr'><strong>τῶν</strong></span> <span class='ocrx_word' id='word_1_33' title='bbox 460 545 705 609; x_wconf 80' lang='grc' dir='ltr'>μοναχῶν</span> <span class='ocrx_word' id='word_1_34' title='bbox 732 544 822 596; x_wconf 70' lang='grc' dir='ltr'>τῆς</span> <span class='ocrx_word' id='word_1_35' title='bbox 847 543 935 591; x_wconf 86' lang='grc' dir='ltr'><strong>τοῦ</strong></span> <span class='ocrx_word' id='word_1_36' title='bbox 963 536 1107 608; x_wconf 85' lang='grc' dir='ltr'>ἁγίου</span> <span class='ocrx_word' id='word_1_37' title='bbox 1136 534 1422 589; x_wconf 80' lang='grc' dir='ltr'>Θεοδωσίου</span> <span class='ocrx_word' id='word_1_38' title='bbox 1473 537 1811 605; x_wconf 77' lang='grc' dir='ltr'>εὐαγεστάτης</span> 
     </span>
    </p>
   </div>
   <div class='ocr_carea' id='block_1_8' title="bbox 225 627 1812 700">
    <p class='ocr_par' dir='ltr' id='par_1_8' title="bbox 225 627 1812 700">
     <span class='ocr_line' id='line_1_8' title="bbox 225 627 1812 700; baseline -0.004 -16"><span class='ocrx_word' id='word_1_39' title='bbox 225 639 401 693; x_wconf 70' lang='grc' dir='ltr'>μονῆς,</span> <span class='ocrx_word' id='word_1_40' title='bbox 426 630 674 693; x_wconf 81' lang='grc' dir='ltr'><strong>Ἰωάννου,</strong></span> <span class='ocrx_word' id='word_1_41' title='bbox 702 629 968 699; x_wconf 76' lang='grc' dir='ltr'><strong>Στεφάνου,</strong></span> <span class='ocrx_word' id='word_1_42' title='bbox 994 630 1250 690; x_wconf 83' lang='grc' dir='ltr'>Λεοντίου,</span> <span class='ocrx_word' id='word_1_43' title='bbox 1274 633 1372 679; x_wconf 89' lang='grc' dir='ltr'><strong>τῶν</strong></span> <span class='ocrx_word' id='word_1_44' title='bbox 1400 631 1484 680; x_wconf 88' lang='grc' dir='ltr'><strong>καί</strong></span> <span class='ocrx_word' id='word_1_45' title='bbox 1512 627 1812 700; x_wconf 74' lang='grc' dir='ltr'><strong>εὑρεθέντων</strong></span> 
     </span>
    </p>
   </div>
   <div class='ocr_carea' id='block_1_9' title="bbox 225 715 1814 793">
    <p class='ocr_par' dir='ltr' id='par_1_9' title="bbox 225 715 1814 793">
     <span class='ocr_line' id='line_1_9' title="bbox 225 715 1814 793; baseline -0.003 -19"><span class='ocrx_word' id='word_1_46' title='bbox 225 725 278 775; x_wconf 83' lang='grc' dir='ltr'><strong>ἐν</strong></span> <span class='ocrx_word' id='word_1_47' title='bbox 301 731 362 790; x_wconf 72' lang='grc' dir='ltr'>τῇ</span> <span class='ocrx_word' id='word_1_48' title='bbox 387 723 532 776; x_wconf 59' lang='lat' dir='ltr'><strong>mw}</strong></span> <span class='ocrx_word' id='word_1_49' title='bbox 545 742 598 793; x_wconf 73' lang='grc' dir='ltr'><strong>τη</strong></span> <span class='ocrx_word' id='word_1_50' title='bbox 628 719 731 773; x_wconf 81' lang='grc' dir='ltr'>καθ’</span> <span class='ocrx_word' id='word_1_51' title='bbox 748 721 879 787; x_wconf 73' lang='grc' dir='ltr'>ἡμᾶς</span> <span class='ocrx_word' id='word_1_52' title='bbox 903 717 1212 790; x_wconf 78' lang='grc' dir='ltr'>ἀποστολικῇ</span> <span class='ocrx_word' id='word_1_53' title='bbox 1242 715 1460 786; x_wconf 80' lang='grc' dir='ltr'>συνόδῳ,</span> <span class='ocrx_word' id='word_1_54' title='bbox 1479 720 1558 770; x_wconf 87' lang='grc' dir='ltr'><strong>καί</strong></span> <span class='ocrx_word' id='word_1_55' title='bbox 1579 716 1642 771; x_wconf 85' lang='grc' dir='ltr'><strong>δι’</strong></span> <span class='ocrx_word' id='word_1_56' title='bbox 1664 719 1814 771; x_wconf 84' lang='grc' dir='ltr'>αὐτο-</span> 
     </span>
    </p>
   </div>
   <div class='ocr_carea' id='block_1_10' title="bbox 231 809 1808 885">
    <p class='ocr_par' dir='ltr' id='par_1_10' title="bbox 231 809 1808 885">
     <span class='ocr_line' id='line_1_10' title="bbox 231 809 1808 885; baseline -0.003 -19"><span class='ocrx_word' id='word_1_57' title='bbox 231 812 384 874; x_wconf 66' lang='grc' dir='ltr'>ὦίας,</span> <span class='ocrx_word' id='word_1_58' title='bbox 411 813 596 885; x_wconf 76' lang='grc' dir='ltr'>χάριτι</span> <span class='ocrx_word' id='word_1_59' title='bbox 625 817 752 864; x_wconf 81' lang='grc' dir='ltr'>Θεοῦ</span> <span class='ocrx_word' id='word_1_60' title='bbox 771 851 784 874; x_wconf 97' lang='grc'><strong>,</strong></span> <span class='ocrx_word' id='word_1_61' title='bbox 819 809 1170 879; x_wconf 77' lang='grc' dir='ltr'><strong>μεμαθηκότων</strong></span> <span class='ocrx_word' id='word_1_62' title='bbox 1207 810 1270 862; x_wconf 82' lang='grc' dir='ltr'>τὰ</span> <span class='ocrx_word' id='word_1_63' title='bbox 1299 809 1808 883; x_wconf 61' lang='grc' dir='ltr'>παρακολουθήσαντος</span> 
     </span>
    </p>
   </div>
   <div class='ocr_carea' id='block_1_11' title="bbox 229 898 1815 976">
    <p class='ocr_par' dir='ltr' id='par_1_11' title="bbox 229 898 1815 976">
     <span class='ocr_line' id='line_1_11' title="bbox 229 898 1815 976; baseline -0.001 -21"><span class='ocrx_word' id='word_1_64' title='bbox 229 905 397 958; x_wconf 75' lang='grc' dir='ltr'>πάντα</span> <span class='ocrx_word' id='word_1_65' title='bbox 447 906 532 955; x_wconf 80' lang='grc' dir='ltr'><strong>καί</strong></span> <span class='ocrx_word' id='word_1_66' title='bbox 570 901 832 976; x_wconf 70' lang='grc' dir='ltr'>ὁρισθέντα</span> <span class='ocrx_word' id='word_1_67' title='bbox 869 908 1153 959; x_wconf 84' lang='grc' dir='ltr'>κανονικῶς.</span> <span class='ocrx_word' id='word_1_68' title='bbox 1202 898 1362 973; x_wconf 78' lang='grc' dir='ltr'>Ἀπερ</span> <span class='ocrx_word' id='word_1_69' title='bbox 1393 902 1548 960; x_wconf 84' lang='grc' dir='ltr'>αὐτὸς</span> <span class='ocrx_word' id='word_1_70' title='bbox 1596 901 1815 972; x_wconf 79' lang='grc' dir='ltr'>βεϐαίως</span> 
     </span>
    </p>
   </div>
   <div class='ocr_carea' id='block_1_12' title="bbox 228 992 1818 1066">
    <p class='ocr_par' dir='ltr' id='par_1_12' title="bbox 228 992 1818 1066">
     <span class='ocr_line' id='line_1_12' title="bbox 228 992 1818 1066; baseline -0.003 -18"><span class='ocrx_word' id='word_1_71' title='bbox 228 996 515 1065; x_wconf 55' lang='grc' dir='ltr'>ευλὸιττων.</span> <span class='ocrx_word' id='word_1_72' title='bbox 561 997 645 1047; x_wconf 84' lang='grc' dir='ltr'>καὶ</span> <span class='ocrx_word' id='word_1_73' title='bbox 685 997 816 1047; x_wconf 80' lang='grc' dir='ltr'>πᾶσι</span> <span class='ocrx_word' id='word_1_74' title='bbox 838 992 1124 1066; x_wconf 79' lang='grc' dir='ltr'>παράγγελε</span> <span class='ocrx_word' id='word_1_75' title='bbox 1157 1000 1266 1051; x_wconf 87' lang='grc' dir='ltr'>τοῖς</span> <span class='ocrx_word' id='word_1_76' title='bbox 1294 992 1462 1045; x_wconf 85' lang='grc' dir='ltr'>αὐτόθι</span> <span class='ocrx_word' id='word_1_77' title='bbox 1489 993 1818 1050; x_wconf 74' lang='grc' dir='ltr'>πιστοτάτοις</span> 
     </span>
    </p>
   </div>
   <div class='ocr_carea' id='block_1_13' title="bbox 227 1085 1816 1158">
    <p class='ocr_par' dir='ltr' id='par_1_13' title="bbox 227 1085 1816 1158">
     <span class='ocr_line' id='line_1_13' title="bbox 227 1085 1816 1158; baseline -0.001 -20"><span class='ocrx_word' id='word_1_78' title='bbox 227 1087 391 1148; x_wconf 75' lang='grc' dir='ltr'>λαοῖς,</span> <span class='ocrx_word' id='word_1_79' title='bbox 423 1085 781 1158; x_wconf 77' lang='grc' dir='ltr'>ἀπαραϐἁτως</span> <span class='ocrx_word' id='word_1_80' title='bbox 803 1085 1070 1154; x_wconf 81' lang='grc' dir='ltr'>κατέχειν,</span> <span class='ocrx_word' id='word_1_81' title='bbox 1101 1087 1173 1144; x_wconf 83' lang='grc' dir='ltr'>εἰς</span> <span class='ocrx_word' id='word_1_82' title='bbox 1200 1093 1455 1158; x_wconf 83' lang='grc' dir='ltr'>σωτηρίαν</span> <span class='ocrx_word' id='word_1_83' title='bbox 1496 1091 1594 1137; x_wconf 83' lang='grc' dir='ltr'><strong>τῶν</strong></span> <span class='ocrx_word' id='word_1_84' title='bbox 1624 1088 1816 1137; x_wconf 77' lang='grc' dir='ltr'><strong>οἰκείων</strong></span> 
     </span>
    </p>
   </div>
   <div class='ocr_carea' id='block_1_14' title="bbox 231 1174 1820 1250">
    <p class='ocr_par' dir='ltr' id='par_1_14' title="bbox 231 1174 1820 1250">
     <span class='ocr_line' id='line_1_14' title="bbox 231 1174 1820 1250; baseline -0.002 -19"><span class='ocrx_word' id='word_1_85' title='bbox 231 1179 443 1247; x_wconf 59' lang='grc' dir='ltr'>φυχῶν.</span> <span class='ocrx_word' id='word_1_86' title='bbox 479 1175 551 1230; x_wconf 70' lang='grc' dir='ltr'>Οὐ</span> <span class='ocrx_word' id='word_1_87' title='bbox 579 1178 739 1250; x_wconf 78' lang='grc' dir='ltr'>χάριν</span> <span class='ocrx_word' id='word_1_88' title='bbox 768 1174 1178 1249; x_wconf 71' lang='grc' dir='ltr'>διαμαρτύρομαι</span> <span class='ocrx_word' id='word_1_89' title='bbox 1208 1175 1412 1228; x_wconf 75' lang='grc' dir='ltr'>ἐνώπιον</span> <span class='ocrx_word' id='word_1_90' title='bbox 1439 1182 1530 1228; x_wconf 84' lang='grc' dir='ltr'><strong>τοῦ</strong></span> <span class='ocrx_word' id='word_1_91' title='bbox 1562 1183 1689 1228; x_wconf 83' lang='grc' dir='ltr'><strong>Θεοῦ</strong></span> <span class='ocrx_word' id='word_1_92' title='bbox 1733 1179 1820 1228; x_wconf 88' lang='grc' dir='ltr'><strong>καί</strong></span> 
     </span>
    </p>
   </div>
   <div class='ocr_carea' id='block_1_15' title="bbox 229 1268 1821 1343">
    <p class='ocr_par' dir='ltr' id='par_1_15' title="bbox 229 1268 1821 1343">
     <span class='ocr_line' id='line_1_15' title="bbox 229 1268 1821 1343; baseline -0.001 -20"><span class='ocrx_word' id='word_1_93' title='bbox 229 1271 398 1327; x_wconf 67' lang='grc' dir='ltr'>Ἰησοῦ</span> <span class='ocrx_word' id='word_1_94' title='bbox 445 1275 694 1343; x_wconf 75' lang='grc' dir='ltr'>Χριστοῦ,</span> <span class='ocrx_word' id='word_1_95' title='bbox 724 1272 940 1321; x_wconf 81' lang='grc' dir='ltr'>καὶτῶν</span> <span class='ocrx_word' id='word_1_96' title='bbox 989 1268 1227 1322; x_wconf 77' lang='grc' dir='ltr'><strong>ἐκλεκτῶν</strong></span> <span class='ocrx_word' id='word_1_97' title='bbox 1269 1269 1487 1339; x_wconf 78' lang='grc' dir='ltr'>ἀγγέλων</span> <span class='ocrx_word' id='word_1_98' title='bbox 1535 1268 1615 1321; x_wconf 80' lang='grc' dir='ltr'><strong>ἵνα</strong></span> <span class='ocrx_word' id='word_1_99' title='bbox 1661 1275 1821 1322; x_wconf 81' lang='grc' dir='ltr'>ταῦτα</span> 
     </span>
    </p>
   </div>
   <div class='ocr_carea' id='block_1_16' title="bbox 233 1355 1822 1432">
    <p class='ocr_par' dir='ltr' id='par_1_16' title="bbox 233 1355 1822 1432">
     <span class='ocr_line' id='line_1_16' title="bbox 233 1355 1822 1432; baseline -0.001 -21"><span class='ocrx_word' id='word_1_100' title='bbox 233 1360 318 1429; x_wconf 55' lang='grc' dir='ltr'>’,ουτ</span> <span class='ocrx_word' id='word_1_101' title='bbox 330 1361 456 1420; x_wconf 60' lang='lat' dir='ltr'><strong>asa,-</strong></span> <span class='ocrx_word' id='word_1_102' title='bbox 480 1361 648 1430; x_wconf 76' lang='grc' dir='ltr'>χωρὶς</span> <span class='ocrx_word' id='word_1_103' title='bbox 665 1359 1037 1432; x_wconf 72' lang='grc' dir='ltr'><strong>προκρίματος,</strong></span> <span class='ocrx_word' id='word_1_104' title='bbox 1058 1355 1210 1427; x_wconf 72' lang='grc' dir='ltr'>μηδὲν</span> <span class='ocrx_word' id='word_1_105' title='bbox 1231 1364 1389 1410; x_wconf 88' lang='grc' dir='ltr'>ποιῶν</span> <span class='ocrx_word' id='word_1_106' title='bbox 1409 1360 1538 1410; x_wconf 84' lang='grc' dir='ltr'>κατὰ</span> <span class='ocrx_word' id='word_1_107' title='bbox 1566 1358 1822 1430; x_wconf 84' lang='grc' dir='ltr'>πρόσκλη-</span> 
     </span>
    </p>
   </div>
   <div class='ocr_carea' id='block_1_17' title="bbox 235 1442 1822 1521">
    <p class='ocr_par' dir='ltr' id='par_1_17' title="bbox 235 1442 1822 1521">
     <span class='ocr_line' id='line_1_17' title="bbox 235 1442 1822 1521; baseline 0.001 -22"><span class='ocrx_word' id='word_1_108' title='bbox 235 1467 317 1499; x_wconf 86' lang='grc' dir='ltr'><strong>σιν</strong></span> <span class='ocrx_word' id='word_1_109' title='bbox 341 1487 354 1508; x_wconf 89' lang='grc'><strong>,</strong></span> <span class='ocrx_word' id='word_1_110' title='bbox 386 1442 515 1499; x_wconf 73' lang='grc' dir='ltr'>ἀλλὰ</span> <span class='ocrx_word' id='word_1_111' title='bbox 543 1447 739 1518; x_wconf 75' lang='grc' dir='ltr'>καθαρᾷ</span> <span class='ocrx_word' id='word_1_112' title='bbox 770 1445 1058 1503; x_wconf 78' lang='grc' dir='ltr'>συνειδήσει</span> <span class='ocrx_word' id='word_1_113' title='bbox 1087 1447 1141 1501; x_wconf 83' lang='grc' dir='ltr'>τὸ</span> <span class='ocrx_word' id='word_1_114' title='bbox 1169 1447 1460 1518; x_wconf 82' lang='grc' dir='ltr'>Εὐαγγέλιον</span> <span class='ocrx_word' id='word_1_115' title='bbox 1487 1455 1576 1506; x_wconf 78' lang='grc' dir='ltr'>τῆς</span> <span class='ocrx_word' id='word_1_116' title='bbox 1608 1450 1822 1521; x_wconf 81' lang='grc' dir='ltr'>χάριτος</span> 
     </span>
    </p>
   </div>
   <div class='ocr_carea' id='block_1_18' title="bbox 236 1535 1823 1613">
    <p class='ocr_par' dir='ltr' id='par_1_18' title="bbox 236 1535 1823 1613">
     <span class='ocr_line' id='line_1_18' title="bbox 236 1535 1823 1613; baseline 0.002 -22"><span class='ocrx_word' id='word_1_117' title='bbox 236 1535 528 1609; x_wconf 70' lang='grc' dir='ltr'>παραδίδου</span> <span class='ocrx_word' id='word_1_118' title='bbox 552 1541 706 1600; x_wconf 76' lang='grc' dir='ltr'>πᾶσι,</span> <span class='ocrx_word' id='word_1_119' title='bbox 737 1537 900 1596; x_wconf 74' lang='grc' dir='ltr'>καθώς</span> <span class='ocrx_word' id='word_1_120' title='bbox 930 1538 1233 1613; x_wconf 64' lang='grc' dir='ltr'>παρέλαϐες,</span> <span class='ocrx_word' id='word_1_121' title='bbox 1263 1536 1325 1591; x_wconf 79' lang='grc' dir='ltr'>ἔκ</span> <span class='ocrx_word' id='word_1_122' title='bbox 1346 1559 1397 1592; x_wconf 86' lang='grc' dir='ltr'><strong>τε</strong></span> <span class='ocrx_word' id='word_1_123' title='bbox 1423 1546 1520 1593; x_wconf 87' lang='grc' dir='ltr'><strong>τῶν</strong></span> <span class='ocrx_word' id='word_1_124' title='bbox 1542 1539 1695 1609; x_wconf 72' lang='grc' dir='ltr'>ἄγ’ων</span> <span class='ocrx_word' id='word_1_125' title='bbox 1723 1548 1823 1594; x_wconf 84' lang='grc' dir='ltr'><strong>Πα-</strong></span> 
     </span>
    </p>
   </div>
   <div class='ocr_carea' id='block_1_19' title="bbox 236 1625 1819 1699">
    <p class='ocr_par' dir='ltr' id='par_1_19' title="bbox 236 1625 1819 1699">
     <span class='ocr_line' id='line_1_19' title="bbox 236 1625 1819 1699; baseline 0.001 -19"><span class='ocrx_word' id='word_1_126' title='bbox 236 1636 391 1699; x_wconf 70' lang='grc' dir='ltr'>τρῶν,</span> <span class='ocrx_word' id='word_1_127' title='bbox 423 1631 510 1681; x_wconf 84' lang='grc' dir='ltr'><strong>καί</strong></span> <span class='ocrx_word' id='word_1_128' title='bbox 531 1630 669 1694; x_wconf 74' lang='grc' dir='ltr'>ἡμῶν</span> <span class='ocrx_word' id='word_1_129' title='bbox 697 1629 861 1682; x_wconf 86' lang='grc' dir='ltr'>αὐτῶν</span> <span class='ocrx_word' id='word_1_130' title='bbox 889 1635 989 1681; x_wconf 89' lang='grc' dir='ltr'><strong>τῶν</strong></span> <span class='ocrx_word' id='word_1_131' title='bbox 1014 1629 1077 1682; x_wconf 83' lang='grc' dir='ltr'>τὰ</span> <span class='ocrx_word' id='word_1_132' title='bbox 1102 1625 1294 1681; x_wconf 79' lang='grc' dir='ltr'>ἐκείνων</span> <span class='ocrx_word' id='word_1_133' title='bbox 1319 1629 1648 1695; x_wconf 83' lang='grc' dir='ltr'>θεσπίσματα</span> <span class='ocrx_word' id='word_1_134' title='bbox 1677 1649 1819 1682; x_wconf 87' lang='grc' dir='ltr'>συνο-</span> 
     </span>
    </p>
   </div>
   <div class='ocr_carea' id='block_1_20' title="bbox 1913 444 3488 522">
    <p class='ocr_par' dir='ltr' id='par_1_20' title="bbox 1913 444 3488 522">
     <span class='ocr_line' id='line_1_20' title="bbox 1913 444 3488 522; baseline 0.008 -26"><span class='ocrx_word' id='word_1_135' title='bbox 1913 453 1999 497; x_wconf 88' lang='lat' dir='ltr'><strong>tua</strong></span> <span class='ocrx_word' id='word_1_136' title='bbox 2051 445 2102 496; x_wconf 82' lang='lat' dir='ltr'><strong>in</strong></span> <span class='ocrx_word' id='word_1_137' title='bbox 2137 445 2360 498; x_wconf 89' lang='lat' dir='ltr'><strong>Domino</strong></span> <span class='ocrx_word' id='word_1_138' title='bbox 2402 444 2688 514; x_wconf 83' lang='lat' dir='ltr'><strong>spiritualis</strong></span> <span class='ocrx_word' id='word_1_139' title='bbox 2719 447 2956 517; x_wconf 88' lang='lat' dir='ltr'><strong>dilectio,</strong></span> <span class='ocrx_word' id='word_1_140' title='bbox 3003 467 3063 505; x_wconf 85' lang='lat' dir='ltr'><strong>ac</strong></span> <span class='ocrx_word' id='word_1_141' title='bbox 3091 468 3188 522; x_wconf 88' lang='lat' dir='ltr'><strong>per</strong></span> <span class='ocrx_word' id='word_1_142' title='bbox 3215 463 3266 508; x_wconf 90' lang='lat' dir='ltr'><strong>te</strong></span> <span class='ocrx_word' id='word_1_143' title='bbox 3301 469 3488 509; x_wconf 82' lang='lat' dir='ltr'><strong>omnes</strong></span> 
     </span>
    </p>
   </div>
   <div class='ocr_carea' id='block_1_21' title="bbox 1910 536 3488 612">
    <p class='ocr_par' dir='ltr' id='par_1_21' title="bbox 1910 536 3488 612">
     <span class='ocr_line' id='line_1_21' title="bbox 1910 536 3488 612; baseline 0.01 -26"><span class='ocrx_word' id='word_1_144' title='bbox 1910 551 2028 602; x_wconf 74' lang='lat' dir='ltr'><strong>qtue</strong></span> <span class='ocrx_word' id='word_1_145' title='bbox 2061 536 2176 589; x_wconf 89' lang='lat' dir='ltr'><strong>istic</strong></span> <span class='ocrx_word' id='word_1_146' title='bbox 2200 545 2322 590; x_wconf 89' lang='lat' dir='ltr'><strong>sunt</strong></span> <span class='ocrx_word' id='word_1_147' title='bbox 2349 536 2600 592; x_wconf 79' lang='lat' dir='ltr'><strong>Ecclesiae</strong></span> <span class='ocrx_word' id='word_1_148' title='bbox 2637 541 2934 605; x_wconf 70' lang='lat' dir='ltr'><strong>catholicm,</strong></span> <span class='ocrx_word' id='word_1_149' title='bbox 2972 544 3085 597; x_wconf 85' lang='lat' dir='ltr'><strong>haec</strong></span> <span class='ocrx_word' id='word_1_150' title='bbox 3130 543 3243 612; x_wconf 72' lang='lat' dir='ltr'><strong>ipsa</strong></span> <span class='ocrx_word' id='word_1_151' title='bbox 3274 561 3302 597; x_wconf 92' lang='lat' dir='ltr'><strong>a</strong></span> <span class='ocrx_word' id='word_1_152' title='bbox 3336 546 3488 602; x_wconf 81' lang='lat' dir='ltr'><strong>nobis</strong></span> 
     </span>
    </p>
   </div>
   <div class='ocr_carea' id='block_1_22' title="bbox 1916 627 3486 697">
    <p class='ocr_par' dir='ltr' id='par_1_22' title="bbox 1916 627 3486 697">
     <span class='ocr_line' id='line_1_22' title="bbox 1916 627 3486 697; baseline 0.009 -19"><span class='ocrx_word' id='word_1_153' title='bbox 1916 628 1997 679; x_wconf 87' lang='lat' dir='ltr'><strong>hic</strong></span> <span class='ocrx_word' id='word_1_154' title='bbox 2025 627 2352 696; x_wconf 84' lang='lat' dir='ltr'><strong>synodaliter</strong></span> <span class='ocrx_word' id='word_1_155' title='bbox 2395 637 2563 697; x_wconf 82' lang='lat' dir='ltr'><strong>gesta,</strong></span> <span class='ocrx_word' id='word_1_156' title='bbox 2621 630 2686 684; x_wconf 89' lang='lat' dir='ltr'><strong>ad</strong></span> <span class='ocrx_word' id='word_1_157' title='bbox 2716 633 3137 688; x_wconf 91' lang='lat' dir='ltr'><strong>constituendam</strong></span> <span class='ocrx_word' id='word_1_158' title='bbox 3191 635 3486 692; x_wconf 80' lang='lat' dir='ltr'><strong>defenden-</strong></span> 
     </span>
    </p>
   </div>
   <div class='ocr_carea' id='block_1_23' title="bbox 1912 719 3483 800">
    <p class='ocr_par' dir='ltr' id='par_1_23' title="bbox 1912 719 3483 800">
     <span class='ocr_line' id='line_1_23' title="bbox 1912 719 3483 800; baseline 0.008 -28"><span class='ocrx_word' id='word_1_159' title='bbox 1912 719 2140 788; x_wconf 85' lang='lat' dir='ltr'><strong>damque</strong></span> <span class='ocrx_word' id='word_1_160' title='bbox 2188 720 2502 774; x_wconf 89' lang='lat' dir='ltr'><strong>catholicam</strong></span> <span class='ocrx_word' id='word_1_161' title='bbox 2551 721 2864 792; x_wconf 81' lang='lat' dir='ltr'><strong>Ecclesiam,</strong></span> <span class='ocrx_word' id='word_1_162' title='bbox 2919 741 3021 779; x_wconf 87' lang='lat' dir='ltr'><strong>una</strong></span> <span class='ocrx_word' id='word_1_163' title='bbox 3060 743 3182 781; x_wconf 90' lang='lat' dir='ltr'><strong>cmn</strong></span> <span class='ocrx_word' id='word_1_164' title='bbox 3231 731 3483 800; x_wconf 87' lang='lat' dir='ltr'><strong>encycliis</strong></span> 
     </span>
    </p>
   </div>
   <div class='ocr_carea' id='block_1_24' title="bbox 1922 811 3489 889">
    <p class='ocr_par' dir='ltr' id='par_1_24' title="bbox 1922 811 3489 889">
     <span class='ocr_line' id='line_1_24' title="bbox 1922 811 3489 889; baseline 0.008 -28"><span class='ocrx_word' id='word_1_165' title='bbox 1922 811 2114 864; x_wconf 79' lang='lat' dir='ltr'><strong>nostris</strong></span> <span class='ocrx_word' id='word_1_166' title='bbox 2143 819 2194 864; x_wconf 91' lang='lat' dir='ltr'><strong>et</strong></span> <span class='ocrx_word' id='word_1_167' title='bbox 2223 812 2564 881; x_wconf 82' lang='lat' dir='ltr'><strong>synodalibus</strong></span> <span class='ocrx_word' id='word_1_168' title='bbox 2597 812 2787 868; x_wconf 89' lang='lat' dir='ltr'><strong>litteris</strong></span> <span class='ocrx_word' id='word_1_169' title='bbox 2821 816 3059 870; x_wconf 82' lang='lat' dir='ltr'><strong>misimus</strong></span> <span class='ocrx_word' id='word_1_170' title='bbox 3090 833 3184 886; x_wconf 91' lang='lat' dir='ltr'><strong>per</strong></span> <span class='ocrx_word' id='word_1_171' title='bbox 3215 819 3489 889; x_wconf 77' lang='lat' dir='ltr'><strong>presbyte-</strong></span> 
     </span>
    </p>
   </div>
   <div class='ocr_carea' id='block_1_25' title="bbox 1917 903 3480 980">
    <p class='ocr_par' dir='ltr' id='par_1_25' title="bbox 1917 903 3480 980">
     <span class='ocr_line' id='line_1_25' title="bbox 1917 903 3480 980; baseline 0.008 -28"><span class='ocrx_word' id='word_1_172' title='bbox 1917 915 2030 953; x_wconf 91' lang='lat' dir='ltr'><strong>rum</strong></span> <span class='ocrx_word' id='word_1_173' title='bbox 2061 909 2114 954; x_wconf 88' lang='lat' dir='ltr'><strong>et</strong></span> <span class='ocrx_word' id='word_1_174' title='bbox 2138 903 2515 968; x_wconf 88' lang='lat' dir='ltr'><strong>apocrisarium</strong></span> <span class='ocrx_word' id='word_1_175' title='bbox 2551 911 2811 968; x_wconf 86' lang='lat' dir='ltr'><strong>nostrum,</strong></span> <span class='ocrx_word' id='word_1_176' title='bbox 2845 907 3092 960; x_wconf 82' lang='lat' dir='ltr'><strong>abbatem</strong></span> <span class='ocrx_word' id='word_1_177' title='bbox 3120 910 3480 980; x_wconf 82' lang='lat' dir='ltr'><strong>Theodorum,</strong></span> 
     </span>
    </p>
   </div>
   <div class='ocr_carea' id='block_1_26' title="bbox 1919 994 3494 1067">
    <p class='ocr_par' dir='ltr' id='par_1_26' title="bbox 1919 994 3494 1067">
     <span class='ocr_line' id='line_1_26' title="bbox 1919 994 3494 1067; baseline 0.005 -19"><span class='ocrx_word' id='word_1_178' title='bbox 1919 1002 1971 1048; x_wconf 89' lang='lat' dir='ltr'><strong>ct</strong></span> <span class='ocrx_word' id='word_1_179' title='bbox 2006 994 2296 1048; x_wconf 86' lang='lat' dir='ltr'><strong>monachos</strong></span> <span class='ocrx_word' id='word_1_180' title='bbox 2328 995 2494 1049; x_wconf 82' lang='lat' dir='ltr'><strong>sancti</strong></span> <span class='ocrx_word' id='word_1_181' title='bbox 2525 995 2808 1050; x_wconf 85' lang='lat' dir='ltr'><strong>Theodosii</strong></span> <span class='ocrx_word' id='word_1_182' title='bbox 2842 997 3257 1067; x_wconf 74' lang='lat' dir='ltr'><strong>religiosissimte</strong></span> <span class='ocrx_word' id='word_1_183' title='bbox 3289 1000 3314 1038; x_wconf 71' lang='grc' dir='ltr'>ι»</span> <span class='ocrx_word' id='word_1_184' title='bbox 3344 1018 3494 1056; x_wconf 87' lang='lat' dir='ltr'><strong>man-</strong></span> 
     </span>
    </p>
   </div>
   <div class='ocr_carea' id='block_1_27' title="bbox 1919 1086 3492 1164">
    <p class='ocr_par' dir='ltr' id='par_1_27' title="bbox 1919 1086 3492 1164">
     <span class='ocr_line' id='line_1_27' title="bbox 1919 1086 3492 1164; baseline 0.005 -24"><span class='ocrx_word' id='word_1_185' title='bbox 1919 1086 2106 1151; x_wconf 88' lang='lat' dir='ltr'><strong>sionis,</strong></span> <span class='ocrx_word' id='word_1_186' title='bbox 2139 1087 2421 1153; x_wconf 85' lang='lat' dir='ltr'><strong>Joannem,</strong></span> <span class='ocrx_word' id='word_1_187' title='bbox 2446 1087 2796 1156; x_wconf 85' lang='lat' dir='ltr'><strong>Stephanum,</strong></span> <span class='ocrx_word' id='word_1_188' title='bbox 2849 1090 3148 1157; x_wconf 91' lang='lat' dir='ltr'><strong>Leontium,</strong></span> <span class='ocrx_word' id='word_1_189' title='bbox 3179 1094 3268 1161; x_wconf 89' lang='lat' dir='ltr'><strong>qui</strong></span> <span class='ocrx_word' id='word_1_190' title='bbox 3301 1093 3492 1164; x_wconf 82' lang='lat' dir='ltr'><strong>hujus-</strong></span> 
     </span>
    </p>
   </div>
   <div class='ocr_carea' id='block_1_28' title="bbox 1920 1177 3496 1250">
    <p class='ocr_par' dir='ltr' id='par_1_28' title="bbox 1920 1177 3496 1250">
     <span class='ocr_line' id='line_1_28' title="bbox 1920 1177 3496 1250; baseline 0.005 -21"><span class='ocrx_word' id='word_1_191' title='bbox 1920 1177 2126 1232; x_wconf 82' lang='lat' dir='ltr'><strong>cemodi</strong></span> <span class='ocrx_word' id='word_1_192' title='bbox 2173 1188 2368 1231; x_wconf 65' lang='lat' dir='ltr'><strong>nostra:</strong></span> <span class='ocrx_word' id='word_1_193' title='bbox 2412 1179 2718 1247; x_wconf 71' lang='lat' dir='ltr'><strong>apostolica:</strong></span> <span class='ocrx_word' id='word_1_194' title='bbox 2779 1181 2986 1250; x_wconf 84' lang='lat' dir='ltr'><strong>synodo</strong></span> <span class='ocrx_word' id='word_1_195' title='bbox 3033 1181 3407 1246; x_wconf 78' lang='lat' dir='ltr'><strong>interfuerunt,</strong></span> <span class='ocrx_word' id='word_1_196' title='bbox 3441 1192 3496 1238; x_wconf 86' lang='lat' dir='ltr'><strong>ct</strong></span> 
     </span>
    </p>
   </div>
   <div class='ocr_carea' id='block_1_29' title="bbox 1923 1271 3496 1343">
    <p class='ocr_par' dir='ltr' id='par_1_29' title="bbox 1923 1271 3496 1343">
     <span class='ocr_line' id='line_1_29' title="bbox 1923 1271 3496 1343; baseline 0.005 -20"><span class='ocrx_word' id='word_1_197' title='bbox 1923 1287 2015 1340; x_wconf 89' lang='lat' dir='ltr'><strong>per</strong></span> <span class='ocrx_word' id='word_1_198' title='bbox 2042 1271 2263 1340; x_wconf 78' lang='lat' dir='ltr'><strong>gratiam</strong></span> <span class='ocrx_word' id='word_1_199' title='bbox 2296 1272 2390 1328; x_wconf 90' lang='lat' dir='ltr'><strong>Dei</strong></span> <span class='ocrx_word' id='word_1_200' title='bbox 2437 1272 2552 1342; x_wconf 92' lang='lat' dir='ltr'><strong>ipso</strong></span> <span class='ocrx_word' id='word_1_201' title='bbox 2599 1273 2712 1325; x_wconf 77' lang='lat' dir='ltr'><strong>visu</strong></span> <span class='ocrx_word' id='word_1_202' title='bbox 2744 1273 3042 1329; x_wconf 86' lang='lat' dir='ltr'><strong>didicerunt</strong></span> <span class='ocrx_word' id='word_1_203' title='bbox 3090 1291 3209 1343; x_wconf 61' lang='lat' dir='ltr'><strong>qum</strong></span> <span class='ocrx_word' id='word_1_204' title='bbox 3259 1277 3496 1331; x_wconf 80' lang='lat' dir='ltr'><strong>insecuta</strong></span> 
     </span>
    </p>
   </div>
   <div class='ocr_carea' id='block_1_30' title="bbox 1923 1362 3497 1434">
    <p class='ocr_par' dir='ltr' id='par_1_30' title="bbox 1923 1362 3497 1434">
     <span class='ocr_line' id='line_1_30' title="bbox 1923 1362 3497 1434; baseline 0.005 -21"><span class='ocrx_word' id='word_1_205' title='bbox 1923 1371 2047 1414; x_wconf 89' lang='lat' dir='ltr'><strong>sunt</strong></span> <span class='ocrx_word' id='word_1_206' title='bbox 2073 1362 2271 1429; x_wconf 82' lang='lat' dir='ltr'><strong>omnia,</strong></span> <span class='ocrx_word' id='word_1_207' title='bbox 2302 1371 2355 1417; x_wconf 89' lang='lat' dir='ltr'><strong>et</strong></span> <span class='ocrx_word' id='word_1_208' title='bbox 2382 1365 2639 1419; x_wconf 83' lang='lat' dir='ltr'><strong>canonice</strong></span> <span class='ocrx_word' id='word_1_209' title='bbox 2667 1364 2905 1418; x_wconf 87' lang='lat' dir='ltr'><strong>delinita.</strong></span> <span class='ocrx_word' id='word_1_210' title='bbox 2951 1366 3078 1433; x_wconf 69' lang='lat' dir='ltr'><strong>Quae</strong></span> <span class='ocrx_word' id='word_1_211' title='bbox 3127 1369 3240 1434; x_wconf 92' lang='lat' dir='ltr'><strong>ipse</strong></span> <span class='ocrx_word' id='word_1_212' title='bbox 3272 1367 3497 1423; x_wconf 89' lang='lat' dir='ltr'><strong>ﬁrmiter</strong></span> 
     </span>
    </p>
   </div>
   <div class='ocr_carea' id='block_1_31' title="bbox 1923 1451 3495 1525">
    <p class='ocr_par' dir='ltr' id='par_1_31' title="bbox 1923 1451 3495 1525">
     <span class='ocr_line' id='line_1_31' title="bbox 1923 1451 3495 1525; baseline 0.005 -21"><span class='ocrx_word' id='word_1_213' title='bbox 1923 1451 2252 1518; x_wconf 84' lang='lat' dir='ltr'><strong>custodiens,</strong></span> <span class='ocrx_word' id='word_1_214' title='bbox 2282 1454 2537 1508; x_wconf 87' lang='lat' dir='ltr'><strong>denuntia</strong></span> <span class='ocrx_word' id='word_1_215' title='bbox 2562 1469 2773 1523; x_wconf 85' lang='lat' dir='ltr'><strong>quoque</strong></span> <span class='ocrx_word' id='word_1_216' title='bbox 2797 1457 3065 1519; x_wconf 87' lang='lat' dir='ltr'><strong>omnibus,</strong></span> <span class='ocrx_word' id='word_1_217' title='bbox 3088 1459 3175 1525; x_wconf 93' lang='lat' dir='ltr'><strong>qui</strong></span> <span class='ocrx_word' id='word_1_218' title='bbox 3209 1459 3323 1513; x_wconf 86' lang='lat' dir='ltr'><strong>istic</strong></span> <span class='ocrx_word' id='word_1_219' title='bbox 3349 1470 3495 1524; x_wconf 87' lang='lat' dir='ltr'><strong>sunt,</strong></span> 
     </span>
    </p>
   </div>
   <div class='ocr_carea' id='block_1_32' title="bbox 1928 1541 3492 1616">
    <p class='ocr_par' dir='ltr' id='par_1_32' title="bbox 1928 1541 3492 1616">
     <span class='ocr_line' id='line_1_32' title="bbox 1928 1541 3492 1616; baseline 0.005 -22"><span class='ocrx_word' id='word_1_220' title='bbox 1928 1541 2169 1595; x_wconf 82' lang='lat' dir='ltr'><strong>ﬁdelibus</strong></span> <span class='ocrx_word' id='word_1_221' title='bbox 2200 1543 2402 1610; x_wconf 87' lang='lat' dir='ltr'><strong>populis</strong></span> <span class='ocrx_word' id='word_1_222' title='bbox 2433 1543 2803 1598; x_wconf 79' lang='lat' dir='ltr'><strong>inviolabiliter</strong></span> <span class='ocrx_word' id='word_1_223' title='bbox 2833 1555 3033 1607; x_wconf 87' lang='lat' dir='ltr'><strong>tenere.</strong></span> <span class='ocrx_word' id='word_1_224' title='bbox 3080 1548 3131 1600; x_wconf 89' lang='lat' dir='ltr'><strong>in</strong></span> <span class='ocrx_word' id='word_1_225' title='bbox 3162 1549 3492 1616; x_wconf 87' lang='lat' dir='ltr'><strong>propriarum</strong></span> 
     </span>
    </p>
   </div>
   <div class='ocr_carea' id='block_1_33' title="bbox 1927 1629 3500 1703">
    <p class='ocr_par' dir='ltr' id='par_1_33' title="bbox 1927 1629 3500 1703">
     <span class='ocr_line' id='line_1_33' title="bbox 1927 1629 3500 1703; baseline 0.008 -22"><span class='ocrx_word' id='word_1_226' title='bbox 1927 1629 2146 1683; x_wconf 86' lang='lat' dir='ltr'><strong>salutem</strong></span> <span class='ocrx_word' id='word_1_227' title='bbox 2175 1631 2496 1685; x_wconf 88' lang='lat' dir='ltr'><strong>animarum.</strong></span> <span class='ocrx_word' id='word_1_228' title='bbox 2539 1633 2870 1703; x_wconf 86' lang='lat' dir='ltr'><strong>Quapropter</strong></span> <span class='ocrx_word' id='word_1_229' title='bbox 2905 1636 3159 1690; x_wconf 91' lang='lat' dir='ltr'><strong>testiﬁcor</strong></span> <span class='ocrx_word' id='word_1_230' title='bbox 3185 1653 3360 1692; x_wconf 90' lang='lat' dir='ltr'><strong>coram</strong></span> <span class='ocrx_word' id='word_1_231' title='bbox 3391 1640 3500 1694; x_wconf 83' lang='lat' dir='ltr'><strong>Deo</strong></span> 
     </span>
    </p>
   </div>
   <div class='ocr_carea' id='block_1_34' title="bbox 237 1711 1835 1794">
    <p class='ocr_par' dir='ltr' id='par_1_34' title="bbox 237 1711 1824 1790">
     <span class='ocr_line' id='line_1_34' title="bbox 237 1711 1824 1790; baseline 0.002 -22"><span class='ocrx_word' id='word_1_232' title='bbox 237 1714 390 1776; x_wconf 75' lang='grc' dir='ltr'>διχῶς</span> <span class='ocrx_word' id='word_1_233' title='bbox 429 1717 786 1787; x_wconf 73' lang='grc' dir='ltr'>κυρωσάντων.</span> <span class='ocrx_word' id='word_1_234' title='bbox 837 1720 911 1774; x_wconf 77' lang='grc' dir='ltr'><strong>Μὴ</strong></span> <span class='ocrx_word' id='word_1_235' title='bbox 958 1711 1043 1768; x_wconf 67' lang='grc' dir='ltr'>οὖν</span> <span class='ocrx_word' id='word_1_236' title='bbox 1084 1717 1432 1787; x_wconf 74' lang='grc' dir='ltr'>ἐπαισχυνθῇς</span> <span class='ocrx_word' id='word_1_237' title='bbox 1459 1719 1516 1770; x_wconf 81' lang='grc' dir='ltr'>τὸ</span> <span class='ocrx_word' id='word_1_238' title='bbox 1548 1719 1824 1790; x_wconf 82' lang='grc' dir='ltr'>μαρτύριον</span> 
     </span>
    </p>
   </div>
   <div class='ocr_carea' id='block_1_35' title="bbox 1939 1711 3498 1794">
    <p class='ocr_par' dir='ltr' id='par_1_35' title="bbox 1939 1721 3498 1794">
     <span class='ocr_line' id='line_1_35' title="bbox 1939 1721 3498 1794; baseline 0.006 -19"><span class='ocrx_word' id='word_1_239' title='bbox 1939 1728 1983 1775; x_wconf 85' lang='lat' dir='ltr'><strong>et</strong></span> <span class='ocrx_word' id='word_1_240' title='bbox 2009 1721 2131 1775; x_wconf 88' lang='lat' dir='ltr'><strong>Jesu</strong></span> <span class='ocrx_word' id='word_1_241' title='bbox 2163 1721 2375 1776; x_wconf 89' lang='lat' dir='ltr'><strong>Christo</strong></span> <span class='ocrx_word' id='word_1_242' title='bbox 2401 1732 2453 1776; x_wconf 87' lang='lat' dir='ltr'><strong>et</strong></span> <span class='ocrx_word' id='word_1_243' title='bbox 2482 1725 2665 1778; x_wconf 89' lang='lat' dir='ltr'><strong>electis</strong></span> <span class='ocrx_word' id='word_1_244' title='bbox 2695 1727 2916 1794; x_wconf 82' lang='lat' dir='ltr'><strong>angelis,</strong></span> <span class='ocrx_word' id='word_1_245' title='bbox 2952 1739 3006 1780; x_wconf 93' lang='lat' dir='ltr'><strong>ut</strong></span> <span class='ocrx_word' id='word_1_246' title='bbox 3034 1725 3148 1782; x_wconf 84' lang='lat' dir='ltr'><strong>haec</strong></span> <span class='ocrx_word' id='word_1_247' title='bbox 3173 1730 3498 1794; x_wconf 83' lang='lat' dir='ltr'><strong>custodiens,</strong></span> 
     </span>
    </p>
   </div>
   <div class='ocr_carea' id='block_1_36' title="bbox 243 1808 1820 1882">
    <p class='ocr_par' dir='ltr' id='par_1_36' title="bbox 243 1808 1820 1882">
     <span class='ocr_line' id='line_1_36' title="bbox 243 1808 1820 1882; baseline 0.002 -20"><span class='ocrx_word' id='word_1_248' title='bbox 243 1817 333 1863; x_wconf 82' lang='grc' dir='ltr'><strong>τοῦ</strong></span> <span class='ocrx_word' id='word_1_249' title='bbox 386 1812 570 1879; x_wconf 71' lang='grc' dir='ltr'>κυρίου</span> <span class='ocrx_word' id='word_1_250' title='bbox 613 1810 752 1878; x_wconf 72' lang='grc' dir='ltr'>ἡμῶν</span> <span class='ocrx_word' id='word_1_251' title='bbox 791 1809 959 1864; x_wconf 83' lang='grc' dir='ltr'>Ἰησοῦ</span> <span class='ocrx_word' id='word_1_252' title='bbox 1003 1816 1252 1882; x_wconf 78' lang='grc' dir='ltr'>Χριστοῦ,</span> <span class='ocrx_word' id='word_1_253' title='bbox 1300 1808 1404 1862; x_wconf 78' lang='grc' dir='ltr'>ἀλλ’</span> <span class='ocrx_word' id='word_1_254' title='bbox 1439 1809 1712 1879; x_wconf 74' lang='grc' dir='ltr'>ἐνδυναμοῦ</span> <span class='ocrx_word' id='word_1_255' title='bbox 1760 1821 1820 1881; x_wconf 76' lang='grc' dir='ltr'>τῇ</span> 
     </span>
    </p>
   </div>
   <div class='ocr_carea' id='block_1_37' title="bbox 241 1897 1824 1976">
    <p class='ocr_par' dir='ltr' id='par_1_37' title="bbox 241 1897 1824 1976">
     <span class='ocr_line' id='line_1_37' title="bbox 241 1897 1824 1976; baseline 0.002 -24"><span class='ocrx_word' id='word_1_256' title='bbox 241 1902 424 1974; x_wconf 77' lang='grc' dir='ltr'>χάριτι</span> <span class='ocrx_word' id='word_1_257' title='bbox 441 1901 624 1950; x_wconf 74' lang='grc' dir='ltr'>αὐτοῦ·</span> <span class='ocrx_word' id='word_1_258' title='bbox 653 1901 736 1950; x_wconf 82' lang='grc' dir='ltr'><strong>καί</strong></span> <span class='ocrx_word' id='word_1_259' title='bbox 763 1897 794 1951; x_wconf 85' lang='grc' dir='ltr'>ἃ</span> <span class='ocrx_word' id='word_1_260' title='bbox 819 1899 1039 1958; x_wconf 79' lang='grc' dir='ltr'>ἤκουσας</span> <span class='ocrx_word' id='word_1_261' title='bbox 1065 1899 1188 1974; x_wconf 79' lang='grc' dir='ltr'>παρ’</span> <span class='ocrx_word' id='word_1_262' title='bbox 1205 1901 1343 1970; x_wconf 76' lang='grc' dir='ltr'>ἡμῶν</span> <span class='ocrx_word' id='word_1_263' title='bbox 1366 1899 1448 1955; x_wconf 82' lang='grc' dir='ltr'>διὰ</span> <span class='ocrx_word' id='word_1_264' title='bbox 1468 1901 1660 1954; x_wconf 80' lang='grc' dir='ltr'>πολλῶν</span> <span class='ocrx_word' id='word_1_265' title='bbox 1689 1924 1824 1976; x_wconf 86' lang='grc' dir='ltr'>μαρ-</span> 
     </span>
    </p>
   </div>
   <div class='ocr_carea' id='block_1_38' title="bbox 240 1991 1826 2066">
    <p class='ocr_par' dir='ltr' id='par_1_38' title="bbox 240 1991 1826 2066">
     <span class='ocr_line' id='line_1_38' title="bbox 240 1991 1826 2066; baseline 0.004 -23"><span class='ocrx_word' id='word_1_266' title='bbox 240 1991 428 2066; x_wconf 66' lang='grc' dir='ltr'>τύρων,</span> <span class='ocrx_word' id='word_1_267' title='bbox 464 1992 578 2048; x_wconf 69' lang='grc' dir='ltr'>ἦτοι</span> <span class='ocrx_word' id='word_1_268' title='bbox 609 1999 864 2063; x_wconf 76' lang='grc' dir='ltr'>Γραφικῶν</span> <span class='ocrx_word' id='word_1_269' title='bbox 904 1995 989 2046; x_wconf 82' lang='grc' dir='ltr'>καὶ</span> <span class='ocrx_word' id='word_1_270' title='bbox 1028 2001 1284 2064; x_wconf 81' lang='grc' dir='ltr'>Πατρικῶν</span> <span class='ocrx_word' id='word_1_271' title='bbox 1311 1993 1632 2062; x_wconf 83' lang='grc' dir='ltr'>ἀποδείξεων,</span> <span class='ocrx_word' id='word_1_272' title='bbox 1665 2003 1826 2050; x_wconf 89' lang='grc' dir='ltr'>ταῦτα</span> 
     </span>
    </p>
   </div>
   <div class='ocr_carea' id='block_1_39' title="bbox 240 2083 1829 2156">
    <p class='ocr_par' dir='ltr' id='par_1_39' title="bbox 240 2083 1829 2156">
     <span class='ocr_line' id='line_1_39' title="bbox 240 2083 1829 2156; baseline 0.002 -19"><span class='ocrx_word' id='word_1_273' title='bbox 240 2083 474 2154; x_wconf 59' lang='grc' dir='ltr'>τηροὶθου</span> <span class='ocrx_word' id='word_1_274' title='bbox 496 2091 700 2141; x_wconf 80' lang='grc' dir='ltr'>πιστοῖς</span> <span class='ocrx_word' id='word_1_275' title='bbox 722 2084 1019 2156; x_wconf 85' lang='grc' dir='ltr'>ἀνθρώποις,</span> <span class='ocrx_word' id='word_1_276' title='bbox 1035 2085 1212 2142; x_wconf 75' lang='grc' dir='ltr'>οἵτινες</span> <span class='ocrx_word' id='word_1_277' title='bbox 1230 2085 1382 2138; x_wconf 79' lang='grc' dir='ltr'>ἱκανοί</span> <span class='ocrx_word' id='word_1_278' title='bbox 1405 2084 1606 2140; x_wconf 74' lang='grc' dir='ltr'>ἔσονται</span> <span class='ocrx_word' id='word_1_279' title='bbox 1629 2089 1710 2139; x_wconf 86' lang='grc' dir='ltr'><strong>καί</strong></span> <span class='ocrx_word' id='word_1_280' title='bbox 1731 2086 1829 2140; x_wconf 77' lang='grc' dir='ltr'>ἑτέ-</span> 
     </span>
    </p>
   </div>
   <div class='ocr_carea' id='block_1_40' title="bbox 242 2172 1827 2248">
    <p class='ocr_par' dir='ltr' id='par_1_40' title="bbox 242 2172 1827 2248">
     <span class='ocr_line' id='line_1_40' title="bbox 242 2172 1827 2248; baseline 0.001 -22"><span class='ocrx_word' id='word_1_281' title='bbox 242 2195 366 2248; x_wconf 76' lang='grc' dir='ltr'>ρους</span> <span class='ocrx_word' id='word_1_282' title='bbox 389 2172 612 2236; x_wconf 67' lang='grc' dir='ltr'>διδάξαι.</span> <span class='ocrx_word' id='word_1_283' title='bbox 639 2175 701 2225; x_wconf 85' lang='grc' dir='ltr'><strong>Σύ</strong></span> <span class='ocrx_word' id='word_1_284' title='bbox 725 2174 1069 2230; x_wconf 78' lang='grc' dir='ltr'>κακοπαθησον</span> <span class='ocrx_word' id='word_1_285' title='bbox 1090 2181 1160 2242; x_wconf 82' lang='grc' dir='ltr'>τῷ</span> <span class='ocrx_word' id='word_1_286' title='bbox 1175 2175 1454 2246; x_wconf 68' lang='grc' dir='ltr'>[εὐαγγελίῳ</span> <span class='ocrx_word' id='word_1_287' title='bbox 1472 2178 1600 2230; x_wconf 86' lang='grc' dir='ltr'><strong>κατά</strong></span> <span class='ocrx_word' id='word_1_288' title='bbox 1617 2175 1827 2246; x_wconf 82' lang='grc' dir='ltr'>δύναμιν</span> 
     </span>
    </p>
   </div>
   <div class='ocr_carea' id='block_1_41' title="bbox 242 2267 1828 2341">
    <p class='ocr_par' dir='ltr' id='par_1_41' title="bbox 242 2267 1828 2341">
     <span class='ocr_line' id='line_1_41' title="bbox 242 2267 1828 2341; baseline 0.003 -22"><span class='ocrx_word' id='word_1_289' title='bbox 242 2273 367 2320; x_wconf 80' lang='grc' dir='ltr'>Θεοῦ</span> <span class='ocrx_word' id='word_1_290' title='bbox 389 2269 456 2325; x_wconf 80' lang='grc' dir='ltr'>ὡς</span> <span class='ocrx_word' id='word_1_291' title='bbox 479 2267 628 2326; x_wconf 73' lang='grc' dir='ltr'>καλὸς</span> <span class='ocrx_word' id='word_1_292' title='bbox 651 2269 991 2341; x_wconf 83' lang='grc' dir='ltr'>στρατιώτης·</span> <span class='ocrx_word' id='word_1_293' title='bbox 1022 2267 1264 2337; x_wconf 75' lang='grc' dir='ltr'>ἀγωνίζου</span> <span class='ocrx_word' id='word_1_294' title='bbox 1282 2268 1364 2320; x_wconf 78' lang='grc' dir='ltr'>τὸν</span> <span class='ocrx_word' id='word_1_295' title='bbox 1391 2268 1533 2322; x_wconf 78' lang='grc' dir='ltr'>καλὸν</span> <span class='ocrx_word' id='word_1_296' title='bbox 1553 2271 1720 2339; x_wconf 74' lang='grc' dir='ltr'>ἀγῶνα</span> <span class='ocrx_word' id='word_1_297' title='bbox 1739 2278 1828 2330; x_wconf 84' lang='grc' dir='ltr'>τῆς</span> 
     </span>
    </p>
   </div>
   <div class='ocr_carea' id='block_1_42' title="bbox 245 2357 1830 2432">
    <p class='ocr_par' dir='ltr' id='par_1_42' title="bbox 245 2357 1830 2432">
     <span class='ocr_line' id='line_1_42' title="bbox 245 2357 1830 2432; baseline 0.003 -24"><span class='ocrx_word' id='word_1_298' title='bbox 245 2359 491 2418; x_wconf 78' lang='grc' dir='ltr'>πίστεως,</span> <span class='ocrx_word' id='word_1_299' title='bbox 509 2357 753 2411; x_wconf 65' lang='grc' dir='ltr'>ἐπιλαξοῦ</span> <span class='ocrx_word' id='word_1_300' title='bbox 774 2365 864 2416; x_wconf 82' lang='grc' dir='ltr'>τῆς</span> <span class='ocrx_word' id='word_1_301' title='bbox 893 2358 1092 2410; x_wconf 85' lang='grc' dir='ltr'>αἰωνίου</span> <span class='ocrx_word' id='word_1_302' title='bbox 1118 2357 1474 2420; x_wconf 76' lang='grc' dir='ltr'>ζωῆς.Ἐπειδη</span> <span class='ocrx_word' id='word_1_303' title='bbox 1497 2359 1830 2432; x_wconf 83' lang='grc' dir='ltr'>ὁμολογουμὲ-</span> 
     </span>
    </p>
   </div>
   <div class='ocr_carea' id='block_1_43' title="bbox 244 2450 1828 2526">
    <p class='ocr_par' dir='ltr' id='par_1_43' title="bbox 244 2450 1828 2526">
     <span class='ocr_line' id='line_1_43' title="bbox 244 2450 1828 2526; baseline 0.002 -26"><span class='ocrx_word' id='word_1_304' title='bbox 244 2471 358 2512; x_wconf 76' lang='grc' dir='ltr'>νως,</span> <span class='ocrx_word' id='word_1_305' title='bbox 376 2452 512 2520; x_wconf 86' lang='grc' dir='ltr'>μέγα</span> <span class='ocrx_word' id='word_1_306' title='bbox 539 2451 651 2506; x_wconf 81' lang='grc' dir='ltr'>ἐστὶ</span> <span class='ocrx_word' id='word_1_307' title='bbox 675 2451 729 2503; x_wconf 78' lang='grc' dir='ltr'>τὸ</span> <span class='ocrx_word' id='word_1_308' title='bbox 751 2459 842 2509; x_wconf 76' lang='grc' dir='ltr'><strong>τῆς</strong></span> <span class='ocrx_word' id='word_1_309' title='bbox 865 2450 1117 2510; x_wconf 76' lang='grc' dir='ltr'>εὐσεϐείας</span> <span class='ocrx_word' id='word_1_310' title='bbox 1138 2454 1435 2524; x_wconf 75' lang='grc' dir='ltr'>μυστήριον,</span> <span class='ocrx_word' id='word_1_311' title='bbox 1461 2453 1527 2512; x_wconf 86' lang='grc' dir='ltr'>ὠς</span> <span class='ocrx_word' id='word_1_312' title='bbox 1551 2453 1828 2526; x_wconf 77' lang='grc' dir='ltr'>ἐφανερώθη</span> 
     </span>
    </p>
   </div>
   <div class='ocr_carea' id='block_1_44' title="bbox 249 2537 1827 2614">
    <p class='ocr_par' dir='ltr' id='par_1_44' title="bbox 249 2537 1827 2614">
     <span class='ocr_line' id='line_1_44' title="bbox 249 2537 1827 2614; baseline 0.001 -23"><span class='ocrx_word' id='word_1_313' title='bbox 249 2537 295 2591; x_wconf 77' lang='grc' dir='ltr'>ἓν</span> <span class='ocrx_word' id='word_1_314' title='bbox 312 2544 488 2613; x_wconf 81' lang='grc' dir='ltr'>σαρκί,</span> <span class='ocrx_word' id='word_1_315' title='bbox 505 2538 769 2598; x_wconf 76' lang='grc' dir='ltr'>ἐδικαιώθη</span> <span class='ocrx_word' id='word_1_316' title='bbox 793 2541 840 2592; x_wconf 86' lang='grc' dir='ltr'><strong>ἐν</strong></span> <span class='ocrx_word' id='word_1_317' title='bbox 867 2541 1131 2607; x_wconf 80' lang='grc' dir='ltr'>πνεύματι,</span> <span class='ocrx_word' id='word_1_318' title='bbox 1152 2539 1284 2611; x_wconf 69' lang='grc' dir='ltr'>ὤφθη</span> <span class='ocrx_word' id='word_1_319' title='bbox 1306 2541 1553 2613; x_wconf 75' lang='grc' dir='ltr'>ἀγγέλοις,</span> <span class='ocrx_word' id='word_1_320' title='bbox 1569 2544 1827 2614; x_wconf 70' lang='grc' dir='ltr'>ἐκηρύχθη</span> 
     </span>
    </p>
   </div>
   <div class='ocr_carea' id='block_1_45' title="bbox 177 2627 1829 2702">
    <p class='ocr_par' dir='ltr' id='par_1_45' title="bbox 177 2627 1829 2702">
     <span class='ocr_line' id='line_1_45' title="bbox 177 2627 1829 2702; baseline 0.002 -21"><span class='ocrx_word' id='word_1_321' title='bbox 177 2639 188 2646; x_wconf 76' lang='grc'><em>⁴</em></span> <span class='ocrx_word' id='word_1_322' title='bbox 249 2631 296 2681; x_wconf 81' lang='grc' dir='ltr'>ἐν</span> <span class='ocrx_word' id='word_1_323' title='bbox 337 2627 558 2692; x_wconf 74' lang='grc' dir='ltr'>ἔθνεσιν,</span> <span class='ocrx_word' id='word_1_324' title='bbox 601 2631 871 2688; x_wconf 74' lang='grc' dir='ltr'>ἐπιστεύθη</span> <span class='ocrx_word' id='word_1_325' title='bbox 895 2631 940 2682; x_wconf 86' lang='grc' dir='ltr'><strong>ἐν</strong></span> <span class='ocrx_word' id='word_1_326' title='bbox 970 2631 1164 2700; x_wconf 82' lang='grc' dir='ltr'>κόσμῳ,</span> <span class='ocrx_word' id='word_1_327' title='bbox 1209 2630 1446 2700; x_wconf 60' lang='grc' dir='ltr'>ἀνελήφθη</span> <span class='ocrx_word' id='word_1_328' title='bbox 1481 2628 1533 2684; x_wconf 72' lang='grc' dir='ltr'>ἓν</span> <span class='ocrx_word' id='word_1_329' title='bbox 1580 2629 1717 2702; x_wconf 75' lang='grc' dir='ltr'>δόξῃ.</span> <span class='ocrx_word' id='word_1_330' title='bbox 1748 2634 1829 2684; x_wconf 85' lang='grc' dir='ltr'><strong>Διὸ</strong></span> 
     </span>
    </p>
   </div>
   <div class='ocr_carea' id='block_1_46' title="bbox 249 2717 1829 2792">
    <p class='ocr_par' dir='ltr' id='par_1_46' title="bbox 249 2717 1829 2792">
     <span class='ocr_line' id='line_1_46' title="bbox 249 2717 1829 2792; baseline 0.001 -21"><span class='ocrx_word' id='word_1_331' title='bbox 249 2726 411 2774; x_wconf 69' lang='grc' dir='ltr'>ταῦτα</span> <span class='ocrx_word' id='word_1_332' title='bbox 441 2720 702 2780; x_wconf 76' lang='grc' dir='ltr'>συντόνως</span> <span class='ocrx_word' id='word_1_333' title='bbox 726 2718 948 2774; x_wconf 81' lang='grc' dir='ltr'>διδάσκει</span> <span class='ocrx_word' id='word_1_334' title='bbox 977 2717 1245 2790; x_wconf 53' lang='lat' dir='ltr'><strong>[diducas],</strong></span> <span class='ocrx_word' id='word_1_335' title='bbox 1279 2723 1362 2772; x_wconf 89' lang='grc' dir='ltr'><strong>καί</strong></span> <span class='ocrx_word' id='word_1_336' title='bbox 1393 2720 1677 2792; x_wconf 68' lang='grc' dir='ltr'>παρακαλεῖ</span> <span class='ocrx_word' id='word_1_337' title='bbox 1705 2719 1829 2790; x_wconf 87' lang='grc' dir='ltr'>[πα-</span> 
     </span>
    </p>
   </div>
   <div class='ocr_carea' id='block_1_47' title="bbox 249 2808 1832 2883">
    <p class='ocr_par' dir='ltr' id='par_1_47' title="bbox 249 2808 1832 2883">
     <span class='ocr_line' id='line_1_47' title="bbox 249 2808 1832 2883; baseline 0.001 -22"><span class='ocrx_word' id='word_1_338' title='bbox 249 2808 500 2879; x_wconf 53' lang='lat' dir='ltr'><strong>Famulae],</strong></span> <span class='ocrx_word' id='word_1_339' title='bbox 519 2808 988 2883; x_wconf 78' lang='grc' dir='ltr'>διαμαρτυρόμενος</span> <span class='ocrx_word' id='word_1_340' title='bbox 1011 2811 1215 2863; x_wconf 84' lang='grc' dir='ltr'>ἐνώπιον</span> <span class='ocrx_word' id='word_1_341' title='bbox 1242 2814 1333 2862; x_wconf 59' lang='grc' dir='ltr'><strong>τεῦ</strong></span> <span class='ocrx_word' id='word_1_342' title='bbox 1354 2816 1501 2872; x_wconf 86' lang='grc' dir='ltr'>Θεοῦ,</span> <span class='ocrx_word' id='word_1_343' title='bbox 1519 2814 1588 2878; x_wconf 79' lang='grc' dir='ltr'>μή</span> <span class='ocrx_word' id='word_1_344' title='bbox 1617 2809 1832 2878; x_wconf 79' lang='grc' dir='ltr'>λογομα-</span> 
     </span>
    </p>
   </div>
   <div class='ocr_carea' id='block_1_48' title="bbox 253 2899 1826 2974">
    <p class='ocr_par' dir='ltr' id='par_1_48' title="bbox 253 2899 1826 2974">
     <span class='ocr_line' id='line_1_48' title="bbox 253 2899 1826 2974; baseline 0.001 -22"><span class='ocrx_word' id='word_1_345' title='bbox 253 2907 366 2968; x_wconf 75' lang='grc' dir='ltr'>χεῖν</span> <span class='ocrx_word' id='word_1_346' title='bbox 389 2901 468 2954; x_wconf 71' lang='grc' dir='ltr'>ἐπ’</span> <span class='ocrx_word' id='word_1_347' title='bbox 495 2899 668 2954; x_wconf 72' lang='grc' dir='ltr'>οὐδενί</span> <span class='ocrx_word' id='word_1_348' title='bbox 690 2904 960 2974; x_wconf 77' lang='grc' dir='ltr'>χρησίμῳ,</span> <span class='ocrx_word' id='word_1_349' title='bbox 992 2901 1114 2974; x_wconf 80' lang='grc' dir='ltr'>πρὸς</span> <span class='ocrx_word' id='word_1_350' title='bbox 1144 2899 1446 2974; x_wconf 60' lang='grc' dir='ltr'>διαστροφὴν</span> <span class='ocrx_word' id='word_1_351' title='bbox 1470 2908 1559 2960; x_wconf 78' lang='grc' dir='ltr'>τῆς</span> <span class='ocrx_word' id='word_1_352' title='bbox 1585 2903 1826 2960; x_wconf 88' lang='grc' dir='ltr'>πίστεως.</span> 
     </span>
    </p>
   </div>
   <div class='ocr_carea' id='block_1_49' title="bbox 253 2987 1832 3063">
    <p class='ocr_par' dir='ltr' id='par_1_49' title="bbox 253 2987 1832 3063">
     <span class='ocr_line' id='line_1_49' title="bbox 253 2987 1832 3063; baseline 0.001 -20"><span class='ocrx_word' id='word_1_353' title='bbox 253 2991 304 3042; x_wconf 76' lang='grc' dir='ltr'>εἰ</span> <span class='ocrx_word' id='word_1_354' title='bbox 327 2987 378 3043; x_wconf 80' lang='grc' dir='ltr'><strong>δέ</strong></span> <span class='ocrx_word' id='word_1_355' title='bbox 401 3011 480 3049; x_wconf 85' lang='grc' dir='ltr'><strong>τις</strong></span> <span class='ocrx_word' id='word_1_356' title='bbox 501 2988 957 3063; x_wconf 66' lang='grc' dir='ltr'>ἑτεροδιδασκαλεῖ,</span> <span class='ocrx_word' id='word_1_357' title='bbox 977 2993 1060 3042; x_wconf 85' lang='grc' dir='ltr'><strong>καί</strong></span> <span class='ocrx_word' id='word_1_358' title='bbox 1080 2994 1146 3057; x_wconf 73' lang='grc' dir='ltr'>μή</span> <span class='ocrx_word' id='word_1_359' title='bbox 1167 2990 1517 3062; x_wconf 79' lang='grc' dir='ltr'>προσέρχεται</span> <span class='ocrx_word' id='word_1_360' title='bbox 1541 2989 1832 3060; x_wconf 81' lang='grc' dir='ltr'>ὑγιαίνουσι</span> 
     </span>
    </p>
   </div>
   <div class='ocr_carea' id='block_1_50' title="bbox 255 3066 1910 3154">
    <p class='ocr_par' dir='ltr' id='par_1_50' title="bbox 255 3066 1910 3154">
     <span class='ocr_line' id='line_1_50' title="bbox 255 3066 1910 3154; baseline 0.003 -24"><span class='ocrx_word' id='word_1_361' title='bbox 255 3080 409 3150; x_wconf 59' lang='grc' dir='ltr'>λόηοις</span> <span class='ocrx_word' id='word_1_362' title='bbox 432 3089 542 3140; x_wconf 86' lang='grc' dir='ltr'>τοῖς</span> <span class='ocrx_word' id='word_1_363' title='bbox 570 3087 662 3133; x_wconf 82' lang='grc' dir='ltr'><strong>τοῦ</strong></span> <span class='ocrx_word' id='word_1_364' title='bbox 693 3082 872 3154; x_wconf 71' lang='grc' dir='ltr'>Κυρίου</span> <span class='ocrx_word' id='word_1_365' title='bbox 917 3081 1052 3150; x_wconf 71' lang='grc' dir='ltr'>ἡμῶν</span> <span class='ocrx_word' id='word_1_366' title='bbox 1082 3079 1250 3137; x_wconf 82' lang='grc' dir='ltr'>Ἰησοῦ</span> <span class='ocrx_word' id='word_1_367' title='bbox 1278 3087 1501 3151; x_wconf 80' lang='grc' dir='ltr'>Χριστοῦ</span> <span class='ocrx_word' id='word_1_368' title='bbox 1527 3082 1614 3133; x_wconf 78' lang='grc' dir='ltr'><strong>καί</strong></span> <span class='ocrx_word' id='word_1_369' title='bbox 1637 3087 1697 3151; x_wconf 76' lang='grc' dir='ltr'><strong>τῇ</strong></span> <span class='ocrx_word' id='word_1_370' title='bbox 1727 3081 1832 3135; x_wconf 75' lang='grc' dir='ltr'>κατ’</span> <span class='ocrx_word' id='word_1_371' title='bbox 1865 3066 1910 3127; x_wconf 78' lang='lat' dir='ltr'><strong><em>C</em></strong></span> 
     </span>
    </p>
   </div>
   <div class='ocr_carea' id='block_1_51' title="bbox 258 3167 1830 3243">
    <p class='ocr_par' dir='ltr' id='par_1_51' title="bbox 258 3167 1830 3243">
     <span class='ocr_line' id='line_1_51' title="bbox 258 3167 1830 3243; baseline 0.001 -21"><span class='ocrx_word' id='word_1_372' title='bbox 258 3167 513 3224; x_wconf 62' lang='grc' dir='ltr'>εὐσέϐειαν</span> <span class='ocrx_word' id='word_1_373' title='bbox 563 3170 894 3243; x_wconf 79' lang='grc' dir='ltr'>διδασκαλίᾳ,</span> <span class='ocrx_word' id='word_1_374' title='bbox 927 3170 1226 3241; x_wconf 69' lang='grc' dir='ltr'>τετύφωται,</span> <span class='ocrx_word' id='word_1_375' title='bbox 1279 3167 1432 3240; x_wconf 79' lang='grc' dir='ltr'>μηδὲν</span> <span class='ocrx_word' id='word_1_376' title='bbox 1472 3171 1830 3240; x_wconf 79' lang='grc' dir='ltr'>ἐπιστάμενος,</span> 
     </span>
    </p>
   </div>
   <div class='ocr_carea' id='block_1_52' title="bbox 256 3262 1836 3338">
    <p class='ocr_par' dir='ltr' id='par_1_52' title="bbox 256 3262 1836 3338">
     <span class='ocr_line' id='line_1_52' title="bbox 256 3262 1836 3338; baseline 0.005 -26"><span class='ocrx_word' id='word_1_377' title='bbox 256 3262 371 3314; x_wconf 63' lang='grc' dir='ltr'>ἀλλὰ</span> <span class='ocrx_word' id='word_1_378' title='bbox 399 3270 566 3316; x_wconf 72' lang='grc' dir='ltr'>νοσῶν</span> <span class='ocrx_word' id='word_1_379' title='bbox 609 3265 727 3336; x_wconf 87' lang='grc' dir='ltr'>περί</span> <span class='ocrx_word' id='word_1_380' title='bbox 757 3266 989 3325; x_wconf 78' lang='grc' dir='ltr'>ζητήσεις</span> <span class='ocrx_word' id='word_1_381' title='bbox 1020 3268 1102 3318; x_wconf 83' lang='grc' dir='ltr'><strong>καί</strong></span> <span class='ocrx_word' id='word_1_382' title='bbox 1130 3265 1447 3335; x_wconf 70' lang='grc' dir='ltr'>λογομαχίας</span> <span class='ocrx_word' id='word_1_383' title='bbox 1485 3267 1756 3338; x_wconf 86' lang='grc' dir='ltr'>ἀκαίρους,</span> <span class='ocrx_word' id='word_1_384' title='bbox 1787 3269 1836 3332; x_wconf 82' lang='grc' dir='ltr'>ἐξ</span> 
     </span>
    </p>
   </div>
   <div class='ocr_carea' id='block_1_53' title="bbox 258 3350 1833 3428">
    <p class='ocr_par' dir='ltr' id='par_1_53' title="bbox 258 3350 1833 3428">
     <span class='ocr_line' id='line_1_53' title="bbox 258 3350 1833 3428; baseline 0.004 -25"><span class='ocrx_word' id='word_1_385' title='bbox 258 3350 319 3405; x_wconf 75' lang='grc' dir='ltr'>ὧν</span> <span class='ocrx_word' id='word_1_386' title='bbox 341 3357 538 3422; x_wconf 74' lang='grc' dir='ltr'>γίνεται</span> <span class='ocrx_word' id='word_1_387' title='bbox 594 3353 788 3422; x_wconf 71' lang='grc' dir='ltr'>φθόνος,</span> <span class='ocrx_word' id='word_1_388' title='bbox 818 3351 942 3425; x_wconf 54' lang='grc' dir='ltr'>ἔοις,</span> <span class='ocrx_word' id='word_1_389' title='bbox 973 3352 1300 3426; x_wconf 50' lang='grc' dir='ltr'>βλασφημίαι,</span> <span class='ocrx_word' id='word_1_390' title='bbox 1331 3355 1567 3410; x_wconf 75' lang='grc' dir='ltr'>ὑπόνοιαι</span> <span class='ocrx_word' id='word_1_391' title='bbox 1596 3361 1833 3428; x_wconf 82' lang='grc' dir='ltr'>πονηραὶ,</span> 
     </span>
    </p>
   </div>
   <div class='ocr_carea' id='block_1_54' title="bbox 259 3442 1839 3519">
    <p class='ocr_par' dir='ltr' id='par_1_54' title="bbox 259 3442 1839 3519">
     <span class='ocr_line' id='line_1_54' title="bbox 259 3442 1839 3519; baseline 0.004 -23"><span class='ocrx_word' id='word_1_392' title='bbox 259 3442 660 3518; x_wconf 73' lang='grc' dir='ltr'>διαπαρατριϐαὶ</span> <span class='ocrx_word' id='word_1_393' title='bbox 704 3445 980 3518; x_wconf 82' lang='grc' dir='ltr'>ἀνθρώπων</span> <span class='ocrx_word' id='word_1_394' title='bbox 1038 3443 1394 3519; x_wconf 72' lang='grc' dir='ltr'>διεφθαρμένων</span> <span class='ocrx_word' id='word_1_395' title='bbox 1439 3447 1523 3502; x_wconf 84' lang='grc' dir='ltr'>τὸν</span> <span class='ocrx_word' id='word_1_396' title='bbox 1568 3455 1714 3514; x_wconf 84' lang='grc' dir='ltr'>νοῦν,</span> <span class='ocrx_word' id='word_1_397' title='bbox 1756 3453 1839 3503; x_wconf 81' lang='grc' dir='ltr'><strong>καί</strong></span> 
     </span>
    </p>
   </div>
   <div class='ocr_carea' id='block_1_55' title="bbox 259 3535 1835 3612">
    <p class='ocr_par' dir='ltr' id='par_1_55' title="bbox 259 3535 1835 3612">
     <span class='ocr_line' id='line_1_55' title="bbox 259 3535 1835 3612; baseline 0.006 -27"><span class='ocrx_word' id='word_1_398' title='bbox 259 3538 672 3606; x_wconf 62' lang='grc' dir='ltr'>ἀπεστερημένων</span> <span class='ocrx_word' id='word_1_399' title='bbox 698 3545 789 3595; x_wconf 77' lang='grc' dir='ltr'><strong>τῆς</strong></span> <span class='ocrx_word' id='word_1_400' title='bbox 816 3536 1066 3599; x_wconf 79' lang='grc' dir='ltr'>ἀληθείας,</span> <span class='ocrx_word' id='word_1_401' title='bbox 1098 3535 1346 3606; x_wconf 75' lang='grc' dir='ltr'>ἀδοκίμων</span> <span class='ocrx_word' id='word_1_402' title='bbox 1376 3542 1493 3612; x_wconf 81' lang='grc' dir='ltr'>περὶ</span> <span class='ocrx_word' id='word_1_403' title='bbox 1521 3547 1609 3598; x_wconf 78' lang='grc' dir='ltr'>τήν</span> <span class='ocrx_word' id='word_1_404' title='bbox 1637 3543 1835 3595; x_wconf 86' lang='grc' dir='ltr'>πίστιν’</span> 
     </span>
    </p>
   </div>
   <div class='ocr_carea' id='block_1_56' title="bbox 263 3627 1842 3704">
    <p class='ocr_par' dir='ltr' id='par_1_56' title="bbox 263 3627 1842 3704">
     <span class='ocr_line' id='line_1_56' title="bbox 263 3627 1842 3704; baseline 0.001 -20"><span class='ocrx_word' id='word_1_405' title='bbox 263 3628 353 3684; x_wconf 66' lang='grc' dir='ltr'>ἀλλ’</span> <span class='ocrx_word' id='word_1_406' title='bbox 376 3632 433 3682; x_wconf 67' lang='grc' dir='ltr'>οὗ</span> <span class='ocrx_word' id='word_1_407' title='bbox 466 3628 819 3702; x_wconf 52' lang='grc' dir='ltr'>προκόψουσιν</span> <span class='ocrx_word' id='word_1_408' title='bbox 860 3629 941 3681; x_wconf 83' lang='grc' dir='ltr'>ἐπὶ</span> <span class='ocrx_word' id='word_1_409' title='bbox 968 3629 1130 3684; x_wconf 83' lang='grc' dir='ltr'>πλέον.</span> <span class='ocrx_word' id='word_1_410' title='bbox 1168 3627 1220 3682; x_wconf 78' lang='lat' dir='ltr'><strong>‘u</strong></span> <span class='ocrx_word' id='word_1_411' title='bbox 1264 3632 1362 3704; x_wconf 84' lang='grc' dir='ltr'>γὰρ</span> <span class='ocrx_word' id='word_1_412' title='bbox 1394 3627 1535 3684; x_wconf 81' lang='grc' dir='ltr'>ἄνοια</span> <span class='ocrx_word' id='word_1_413' title='bbox 1564 3633 1730 3686; x_wconf 88' lang='grc' dir='ltr'>αὐτῶν</span> <span class='ocrx_word' id='word_1_414' title='bbox 1759 3631 1842 3686; x_wconf 78' lang='grc' dir='ltr'><strong>ἕκ-</strong></span> 
     </span>
    </p>
   </div>
   <div class='ocr_carea' id='block_1_57' title="bbox 262 3721 1840 3794">
    <p class='ocr_par' dir='ltr' id='par_1_57' title="bbox 262 3721 1840 3794">
     <span class='ocr_line' id='line_1_57' title="bbox 262 3721 1840 3794; baseline 0.001 -16"><span class='ocrx_word' id='word_1_415' title='bbox 262 3725 397 3784; x_wconf 77' lang='grc' dir='ltr'>δηλος</span> <span class='ocrx_word' id='word_1_416' title='bbox 430 3723 608 3778; x_wconf 80' lang='grc' dir='ltr'>ἔσεται</span> <span class='ocrx_word' id='word_1_417' title='bbox 650 3728 807 3776; x_wconf 79' lang='grc' dir='ltr'>πᾶσιν</span> <span class='ocrx_word' id='word_1_418' title='bbox 852 3724 917 3781; x_wconf 84' lang='grc' dir='ltr'><strong>ὡς</strong></span> <span class='ocrx_word' id='word_1_419' title='bbox 946 3725 1026 3776; x_wconf 82' lang='grc' dir='ltr'><strong>καί</strong></span> <span class='ocrx_word' id='word_1_420' title='bbox 1054 3723 1083 3779; x_wconf 81' lang='lat' dir='ltr'><strong>ri</strong></span> <span class='ocrx_word' id='word_1_421' title='bbox 1125 3722 1314 3776; x_wconf 76' lang='grc' dir='ltr'>ἐκείνων</span> <span class='ocrx_word' id='word_1_422' title='bbox 1356 3721 1571 3794; x_wconf 80' lang='grc' dir='ltr'>ἐγένετο,</span> <span class='ocrx_word' id='word_1_423' title='bbox 1604 3725 1840 3780; x_wconf 83' lang='grc' dir='ltr'>τουτέστι</span> 
     </span>
    </p>
   </div>
   <div class='ocr_carea' id='block_1_58' title="bbox 263 3810 1837 3890">
    <p class='ocr_par' dir='ltr' id='par_1_58' title="bbox 263 3810 1837 3890">
     <span class='ocr_line' id='line_1_58' title="bbox 263 3810 1837 3890; baseline 0.001 -22"><span class='ocrx_word' id='word_1_424' title='bbox 263 3822 354 3869; x_wconf 84' lang='grc' dir='ltr'><strong>τῶν</strong></span> <span class='ocrx_word' id='word_1_425' title='bbox 392 3817 494 3890; x_wconf 77' lang='grc' dir='ltr'>πρὸ</span> <span class='ocrx_word' id='word_1_426' title='bbox 522 3815 692 3868; x_wconf 80' lang='grc' dir='ltr'>αὐτῶν</span> <span class='ocrx_word' id='word_1_427' title='bbox 731 3813 1006 3890; x_wconf 78' lang='grc' dir='ltr'>αἱρετικῶν.</span> <span class='ocrx_word' id='word_1_428' title='bbox 1044 3810 1145 3872; x_wconf 71' lang='grc' dir='ltr'>Οὓς</span> <span class='ocrx_word' id='word_1_429' title='bbox 1176 3813 1554 3885; x_wconf 70' lang='grc' dir='ltr'>ἐκτρεπόμενος,</span> <span class='ocrx_word' id='word_1_430' title='bbox 1588 3818 1837 3887; x_wconf 84' lang='grc' dir='ltr'>ἀγαπητέ,</span> 
     </span>
    </p>
   </div>
   <div class='ocr_carea' id='block_1_59' title="bbox 265 3903 1845 3984">
    <p class='ocr_par' dir='ltr' id='par_1_59' title="bbox 265 3903 1845 3984">
     <span class='ocr_line' id='line_1_59' title="bbox 265 3903 1845 3984; baseline 0 -23"><span class='ocrx_word' id='word_1_431' title='bbox 265 3911 370 3978; x_wconf 83' lang='grc' dir='ltr'>μένε</span> <span class='ocrx_word' id='word_1_432' title='bbox 397 3911 445 3961; x_wconf 83' lang='grc' dir='ltr'><strong>ἐν</strong></span> <span class='ocrx_word' id='word_1_433' title='bbox 468 3905 543 3966; x_wconf 79' lang='grc' dir='ltr'>οἷς</span> <span class='ocrx_word' id='word_1_434' title='bbox 572 3905 754 3976; x_wconf 77' lang='grc' dir='ltr'>ἔμαθες</span> <span class='ocrx_word' id='word_1_435' title='bbox 784 3909 865 3959; x_wconf 84' lang='grc' dir='ltr'><strong>καί</strong></span> <span class='ocrx_word' id='word_1_436' title='bbox 894 3906 1198 3969; x_wconf 77' lang='grc' dir='ltr'>ἐπιστώθης,</span> <span class='ocrx_word' id='word_1_437' title='bbox 1219 3903 1362 3966; x_wconf 75' lang='grc' dir='ltr'>εἱδώς</span> <span class='ocrx_word' id='word_1_438' title='bbox 1382 3909 1521 3984; x_wconf 80' lang='grc' dir='ltr'>παρὰ</span> <span class='ocrx_word' id='word_1_439' title='bbox 1542 3910 1687 3962; x_wconf 84' lang='grc' dir='ltr'>τίνων</span> <span class='ocrx_word' id='word_1_440' title='bbox 1714 3907 1845 3977; x_wconf 74' lang='grc' dir='ltr'>ἔμα-</span> 
     </span>
    </p>
   </div>
   <div class='ocr_carea' id='block_1_60' title="bbox 267 3997 1844 4070">
    <p class='ocr_par' dir='ltr' id='par_1_60' title="bbox 267 3997 1844 4070">
     <span class='ocr_line' id='line_1_60' title="bbox 267 3997 1844 4070; baseline -0.001 -19"><span class='ocrx_word' id='word_1_441' title='bbox 267 4002 360 4060; x_wconf 79' lang='grc' dir='ltr'>θες.</span> <span class='ocrx_word' id='word_1_442' title='bbox 391 3999 589 4060; x_wconf 79' lang='grc' dir='ltr'>Μηδείς</span> <span class='ocrx_word' id='word_1_443' title='bbox 615 4019 712 4052; x_wconf 90' lang='grc' dir='ltr'><strong>σου</strong></span> <span class='ocrx_word' id='word_1_444' title='bbox 742 4005 832 4057; x_wconf 75' lang='grc' dir='ltr'>τῆς</span> <span class='ocrx_word' id='word_1_445' title='bbox 860 3997 1132 4070; x_wconf 75' lang='grc' dir='ltr'>ἱερωσύνης</span> <span class='ocrx_word' id='word_1_446' title='bbox 1160 3999 1545 4068; x_wconf 82' lang='grc' dir='ltr'>καταφρονείτω.</span> <span class='ocrx_word' id='word_1_447' title='bbox 1585 3998 1728 4052; x_wconf 80' lang='grc' dir='ltr'><strong>Ἀλλά</strong></span> <span class='ocrx_word' id='word_1_448' title='bbox 1750 4000 1844 4053; x_wconf 77' lang='grc' dir='ltr'><strong>τύ-</strong></span> 
     </span>
    </p>
   </div>
   <div class='ocr_carea' id='block_1_61' title="bbox 267 4088 1844 4165">
    <p class='ocr_par' dir='ltr' id='par_1_61' title="bbox 267 4088 1844 4165">
     <span class='ocr_line' id='line_1_61' title="bbox 267 4088 1844 4165; baseline -0.004 -19"><span class='ocrx_word' id='word_1_449' title='bbox 267 4114 354 4151; x_wconf 79' lang='grc' dir='ltr'><strong>πος</strong></span> <span class='ocrx_word' id='word_1_450' title='bbox 382 4092 524 4165; x_wconf 77' lang='grc' dir='ltr'>γίνου</span> <span class='ocrx_word' id='word_1_451' title='bbox 558 4095 718 4145; x_wconf 78' lang='grc' dir='ltr'>πᾶσιν</span> <span class='ocrx_word' id='word_1_452' title='bbox 759 4089 806 4142; x_wconf 82' lang='grc' dir='ltr'><strong>ἐν</strong></span> <span class='ocrx_word' id='word_1_453' title='bbox 850 4089 1007 4160; x_wconf 81' lang='grc' dir='ltr'>λόγῳ,</span> <span class='ocrx_word' id='word_1_454' title='bbox 1037 4088 1084 4140; x_wconf 83' lang='grc' dir='ltr'><strong>ἐν</strong></span> <span class='ocrx_word' id='word_1_455' title='bbox 1128 4090 1446 4162; x_wconf 56' lang='grc' dir='ltr'>ἀναστροᾳῇ,</span> <span class='ocrx_word' id='word_1_456' title='bbox 1481 4091 1530 4142; x_wconf 86' lang='grc' dir='ltr'><strong>ἐν</strong></span> <span class='ocrx_word' id='word_1_457' title='bbox 1568 4090 1762 4163; x_wconf 76' lang='grc' dir='ltr'>ἀγάπη,</span> <span class='ocrx_word' id='word_1_458' title='bbox 1797 4089 1844 4141; x_wconf 84' lang='grc' dir='ltr'><strong>ἐν</strong></span> 
     </span>
    </p>
   </div>
   <div class='ocr_carea' id='block_1_62' title="bbox 266 4177 1849 4253">
    <p class='ocr_par' dir='ltr' id='par_1_62' title="bbox 266 4177 1849 4253">
     <span class='ocr_line' id='line_1_62' title="bbox 266 4177 1849 4253; baseline -0.004 -15"><span class='ocrx_word' id='word_1_459' title='bbox 266 4190 455 4245; x_wconf 68' lang='grc' dir='ltr'>πίστει,</span> <span class='ocrx_word' id='word_1_460' title='bbox 487 4184 536 4234; x_wconf 85' lang='grc' dir='ltr'><strong>ἐν</strong></span> <span class='ocrx_word' id='word_1_461' title='bbox 563 4180 813 4251; x_wconf 70' lang='grc' dir='ltr'>ἁγιότητι.</span> <span class='ocrx_word' id='word_1_462' title='bbox 844 4179 1076 4253; x_wconf 84' lang='grc' dir='ltr'>Πρόσεχε</span> <span class='ocrx_word' id='word_1_463' title='bbox 1107 4186 1168 4252; x_wconf 78' lang='grc' dir='ltr'>τῇ</span> <span class='ocrx_word' id='word_1_464' title='bbox 1195 4180 1492 4250; x_wconf 86' lang='grc' dir='ltr'>ἀναγνώσει,</span> <span class='ocrx_word' id='word_1_465' title='bbox 1518 4186 1578 4248; x_wconf 77' lang='grc' dir='ltr'>τῇ</span> <span class='ocrx_word' id='word_1_466' title='bbox 1607 4177 1849 4232; x_wconf 80' lang='grc' dir='ltr'>διδασκα-</span> 
     </span>
    </p>
   </div>
   <div class='ocr_carea' id='block_1_63' title="bbox 266 4268 1851 4349">
    <p class='ocr_par' dir='ltr' id='par_1_63' title="bbox 266 4268 1851 4349">
     <span class='ocr_line' id='line_1_63' title="bbox 266 4268 1851 4349; baseline 0 -22"><span class='ocrx_word' id='word_1_467' title='bbox 266 4276 362 4349; x_wconf 60' lang='grc' dir='ltr'>Ὰᾳ.</span> <span class='ocrx_word' id='word_1_468' title='bbox 392 4280 467 4333; x_wconf 70' lang='grc' dir='ltr'><strong>Μὴ</strong></span> <span class='ocrx_word' id='word_1_469' title='bbox 508 4275 684 4345; x_wconf 80' lang='grc' dir='ltr'>ἀμέλει</span> <span class='ocrx_word' id='word_1_470' title='bbox 714 4278 806 4328; x_wconf 87' lang='grc' dir='ltr'><strong>τοῦ</strong></span> <span class='ocrx_word' id='word_1_471' title='bbox 844 4273 893 4326; x_wconf 78' lang='grc' dir='ltr'><strong>ἐν</strong></span> <span class='ocrx_word' id='word_1_472' title='bbox 928 4293 1010 4326; x_wconf 89' lang='grc' dir='ltr'><strong>σοι</strong></span> <span class='ocrx_word' id='word_1_473' title='bbox 1049 4276 1398 4349; x_wconf 85' lang='grc' dir='ltr'>χαρίσματος,</span> <span class='ocrx_word' id='word_1_474' title='bbox 1430 4268 1456 4325; x_wconf 83' lang='grc' dir='ltr'><strong>ό</strong></span> <span class='ocrx_word' id='word_1_475' title='bbox 1483 4270 1624 4329; x_wconf 77' lang='grc' dir='ltr'>ἐδόθη</span> <span class='ocrx_word' id='word_1_476' title='bbox 1661 4293 1740 4326; x_wconf 89' lang='grc' dir='ltr'><strong>σοι</strong></span> <span class='ocrx_word' id='word_1_477' title='bbox 1769 4271 1851 4327; x_wconf 83' lang='grc' dir='ltr'><strong>διά</strong></span> 
     </span>
    </p>
   </div>
   <div class='ocr_carea' id='block_1_64' title="bbox 269 4368 1852 4441">
    <p class='ocr_par' dir='ltr' id='par_1_64' title="bbox 269 4368 1852 4441">
     <span class='ocr_line' id='line_1_64' title="bbox 269 4368 1852 4441; baseline 0.003 -22"><span class='ocrx_word' id='word_1_478' title='bbox 269 4376 353 4428; x_wconf 72' lang='grc' dir='ltr'>τῆς</span> <span class='ocrx_word' id='word_1_479' title='bbox 380 4369 642 4441; x_wconf 74' lang='grc' dir='ltr'>ἱερατικῆς</span> <span class='ocrx_word' id='word_1_480' title='bbox 671 4368 809 4430; x_wconf 79' lang='grc' dir='ltr'>ἀξίας</span> <span class='ocrx_word' id='word_1_481' title='bbox 827 4405 842 4428; x_wconf 88' lang='grc'><strong>,</strong></span> <span class='ocrx_word' id='word_1_482' title='bbox 874 4370 959 4422; x_wconf 87' lang='grc' dir='ltr'><strong>καί</strong></span> <span class='ocrx_word' id='word_1_483' title='bbox 995 4376 1084 4427; x_wconf 78' lang='grc' dir='ltr'>τῆς</span> <span class='ocrx_word' id='word_1_484' title='bbox 1115 4368 1444 4426; x_wconf 73' lang='grc' dir='ltr'>ἀπωτολαῆς</span> <span class='ocrx_word' id='word_1_485' title='bbox 1471 4369 1608 4440; x_wconf 72' lang='grc' dir='ltr'>ἡμῶν</span> <span class='ocrx_word' id='word_1_486' title='bbox 1634 4389 1852 4426; x_wconf 87' lang='grc' dir='ltr'>τοποτη-</span> 
     </span>
    </p>
   </div>
   <div class='ocr_carea' id='block_1_65' title="bbox 1929 1811 3501 1882">
    <p class='ocr_par' dir='ltr' id='par_1_65' title="bbox 1929 1811 3501 1882">
     <span class='ocr_line' id='line_1_65' title="bbox 1929 1811 3501 1882; baseline 0.007 -21"><span class='ocrx_word' id='word_1_487' title='bbox 1929 1821 2105 1863; x_wconf 87' lang='lat' dir='ltr'><strong>amoto</strong></span> <span class='ocrx_word' id='word_1_488' title='bbox 2133 1812 2277 1864; x_wconf 89' lang='lat' dir='ltr'><strong>omni</strong></span> <span class='ocrx_word' id='word_1_489' title='bbox 2315 1811 2642 1880; x_wconf 69' lang='lat' dir='ltr'><strong>prmjudicio,</strong></span> <span class='ocrx_word' id='word_1_490' title='bbox 2679 1814 2914 1882; x_wconf 79' lang='lat' dir='ltr'><strong>nihilque</strong></span> <span class='ocrx_word' id='word_1_491' title='bbox 2944 1815 3184 1882; x_wconf 88' lang='lat' dir='ltr'><strong>placendi</strong></span> <span class='ocrx_word' id='word_1_492' title='bbox 3237 1833 3390 1872; x_wconf 88' lang='lat' dir='ltr'><strong>causa</strong></span> <span class='ocrx_word' id='word_1_493' title='bbox 3422 1820 3501 1872; x_wconf 79' lang='lat' dir='ltr'><strong>fa-</strong></span> 
     </span>
    </p>
   </div>
   <div class='ocr_carea' id='block_1_66' title="bbox 1928 1899 3498 1976">
    <p class='ocr_par' dir='ltr' id='par_1_66' title="bbox 1928 1899 3498 1976">
     <span class='ocr_line' id='line_1_66' title="bbox 1928 1899 3498 1976; baseline 0.006 -24"><span class='ocrx_word' id='word_1_494' title='bbox 1928 1899 2094 1963; x_wconf 90' lang='lat' dir='ltr'><strong>ciens,</strong></span> <span class='ocrx_word' id='word_1_495' title='bbox 2126 1899 2218 1954; x_wconf 88' lang='lat' dir='ltr'><strong>sed</strong></span> <span class='ocrx_word' id='word_1_496' title='bbox 2269 1915 2332 1953; x_wconf 80' lang='lat' dir='ltr'><strong>cx</strong></span> <span class='ocrx_word' id='word_1_497' title='bbox 2384 1917 2509 1969; x_wconf 88' lang='lat' dir='ltr'><strong>pura</strong></span> <span class='ocrx_word' id='word_1_498' title='bbox 2557 1905 2899 1968; x_wconf 86' lang='lat' dir='ltr'><strong>conscientia,</strong></span> <span class='ocrx_word' id='word_1_499' title='bbox 2931 1903 3269 1975; x_wconf 83' lang='lat' dir='ltr'><strong>Evangelium</strong></span> <span class='ocrx_word' id='word_1_500' title='bbox 3316 1910 3498 1976; x_wconf 65' lang='lat' dir='ltr'><strong>gratia:</strong></span> 
     </span>
    </p>
   </div>
   <div class='ocr_carea' id='block_1_67' title="bbox 1931 1990 3501 2064">
    <p class='ocr_par' dir='ltr' id='par_1_67' title="bbox 1931 1990 3501 2064">
     <span class='ocr_line' id='line_1_67' title="bbox 1931 1990 3501 2064; baseline 0.007 -23"><span class='ocrx_word' id='word_1_501' title='bbox 1931 1990 2102 2042; x_wconf 84' lang='lat' dir='ltr'><strong>tradas</strong></span> <span class='ocrx_word' id='word_1_502' title='bbox 2131 1990 2376 2043; x_wconf 90' lang='lat' dir='ltr'><strong>omnibus</strong></span> <span class='ocrx_word' id='word_1_503' title='bbox 2409 1992 2546 2046; x_wconf 85' lang='lat' dir='ltr'><strong>sicut</strong></span> <span class='ocrx_word' id='word_1_504' title='bbox 2587 1994 2837 2061; x_wconf 86' lang='lat' dir='ltr'><strong>accepisti</strong></span> <span class='ocrx_word' id='word_1_505' title='bbox 2869 2003 2923 2048; x_wconf 90' lang='lat' dir='ltr'><strong>et</strong></span> <span class='ocrx_word' id='word_1_506' title='bbox 2953 2009 2980 2047; x_wconf 87' lang='lat' dir='ltr'><strong>a</strong></span> <span class='ocrx_word' id='word_1_507' title='bbox 3015 1997 3212 2050; x_wconf 87' lang='lat' dir='ltr'><strong>sanctis</strong></span> <span class='ocrx_word' id='word_1_508' title='bbox 3236 1996 3501 2064; x_wconf 79' lang='lat' dir='ltr'><strong>Patribus,</strong></span> 
     </span>
    </p>
   </div>
   <div class='ocr_carea' id='block_1_68' title="bbox 1929 2080 3503 2152">
    <p class='ocr_par' dir='ltr' id='par_1_68' title="bbox 1929 2080 3503 2152">
     <span class='ocr_line' id='line_1_68' title="bbox 1929 2080 3503 2152; baseline 0.004 -19"><span class='ocrx_word' id='word_1_509' title='bbox 1929 2088 1981 2133; x_wconf 90' lang='lat' dir='ltr'><strong>et</strong></span> <span class='ocrx_word' id='word_1_510' title='bbox 2022 2095 2052 2133; x_wconf 88' lang='lat' dir='ltr'><strong>a</strong></span> <span class='ocrx_word' id='word_1_511' title='bbox 2095 2080 2247 2133; x_wconf 89' lang='lat' dir='ltr'><strong>nobis</strong></span> <span class='ocrx_word' id='word_1_512' title='bbox 2279 2081 2440 2150; x_wconf 88' lang='lat' dir='ltr'><strong>ipsis,</strong></span> <span class='ocrx_word' id='word_1_513' title='bbox 2475 2083 2560 2149; x_wconf 91' lang='lat' dir='ltr'><strong>qui</strong></span> <span class='ocrx_word' id='word_1_514' title='bbox 2605 2084 2934 2152; x_wconf 85' lang='lat' dir='ltr'><strong>synodalitcr</strong></span> <span class='ocrx_word' id='word_1_515' title='bbox 2976 2088 3276 2141; x_wconf 89' lang='lat' dir='ltr'><strong>sanctiones</strong></span> <span class='ocrx_word' id='word_1_516' title='bbox 3322 2102 3503 2142; x_wconf 89' lang='lat' dir='ltr'><strong>eorum</strong></span> 
     </span>
    </p>
   </div>
   <div class='ocr_carea' id='block_1_69' title="bbox 1929 2171 3504 2243">
    <p class='ocr_par' dir='ltr' id='par_1_69' title="bbox 1929 2171 3504 2243">
     <span class='ocr_line' id='line_1_69' title="bbox 1929 2171 3504 2243; baseline 0.008 -18"><span class='ocrx_word' id='word_1_517' title='bbox 1929 2171 2382 2226; x_wconf 79' lang='lat' dir='ltr'><strong>conﬁrmavimus.</strong></span> <span class='ocrx_word' id='word_1_518' title='bbox 2462 2173 2540 2228; x_wconf 74' lang='lat' dir='ltr'><strong>Ne</strong></span> <span class='ocrx_word' id='word_1_519' title='bbox 2594 2175 2749 2243; x_wconf 79' lang='lat' dir='ltr'><strong>igitur</strong></span> <span class='ocrx_word' id='word_1_520' title='bbox 2803 2178 3085 2232; x_wconf 85' lang='lat' dir='ltr'><strong>erubescas</strong></span> <span class='ocrx_word' id='word_1_521' title='bbox 3143 2181 3504 2237; x_wconf 88' lang='lat' dir='ltr'><strong>testimonium</strong></span> 
     </span>
    </p>
   </div>
   <div class='ocr_carea' id='block_1_70' title="bbox 1938 2263 3503 2338">
    <p class='ocr_par' dir='ltr' id='par_1_70' title="bbox 1938 2263 3503 2338">
     <span class='ocr_line' id='line_1_70' title="bbox 1938 2263 3503 2338; baseline 0.005 -23"><span class='ocrx_word' id='word_1_522' title='bbox 1938 2263 2142 2316; x_wconf 86' lang='lat' dir='ltr'><strong>Domini</strong></span> <span class='ocrx_word' id='word_1_523' title='bbox 2196 2264 2359 2318; x_wconf 86' lang='lat' dir='ltr'><strong>nostri</strong></span> <span class='ocrx_word' id='word_1_524' title='bbox 2409 2264 2535 2319; x_wconf 86' lang='lat' dir='ltr'><strong>Jesu</strong></span> <span class='ocrx_word' id='word_1_525' title='bbox 2584 2265 2804 2331; x_wconf 86' lang='lat' dir='ltr'><strong>Christi,</strong></span> <span class='ocrx_word' id='word_1_526' title='bbox 2853 2267 2946 2321; x_wconf 91' lang='lat' dir='ltr'><strong>sed</strong></span> <span class='ocrx_word' id='word_1_527' title='bbox 3003 2267 3320 2323; x_wconf 84' lang='lat' dir='ltr'><strong>conforteris</strong></span> <span class='ocrx_word' id='word_1_528' title='bbox 3383 2285 3503 2338; x_wconf 78' lang='lat' dir='ltr'><strong>gra-</strong></span> 
     </span>
    </p>
   </div>
   <div class='ocr_carea' id='block_1_71' title="bbox 1938 2354 3508 2427">
    <p class='ocr_par' dir='ltr' id='par_1_71' title="bbox 1938 2354 3508 2427">
     <span class='ocr_line' id='line_1_71' title="bbox 1938 2354 3508 2427; baseline 0.007 -23"><span class='ocrx_word' id='word_1_529' title='bbox 1938 2355 2006 2408; x_wconf 86' lang='lat' dir='ltr'><strong>tia</strong></span> <span class='ocrx_word' id='word_1_530' title='bbox 2056 2354 2258 2422; x_wconf 88' lang='lat' dir='ltr'><strong>ipsius;</strong></span> <span class='ocrx_word' id='word_1_531' title='bbox 2315 2362 2369 2408; x_wconf 87' lang='lat' dir='ltr'><strong>et</strong></span> <span class='ocrx_word' id='word_1_532' title='bbox 2438 2369 2557 2423; x_wconf 72' lang='lat' dir='ltr'><strong>qua:</strong></span> <span class='ocrx_word' id='word_1_533' title='bbox 2607 2355 2797 2410; x_wconf 89' lang='lat' dir='ltr'><strong>audisti</strong></span> <span class='ocrx_word' id='word_1_534' title='bbox 2845 2369 2873 2408; x_wconf 88' lang='lat' dir='ltr'><strong>a</strong></span> <span class='ocrx_word' id='word_1_535' title='bbox 2932 2359 3084 2412; x_wconf 89' lang='lat' dir='ltr'><strong>nobis</strong></span> <span class='ocrx_word' id='word_1_536' title='bbox 3153 2374 3246 2427; x_wconf 89' lang='lat' dir='ltr'><strong>per</strong></span> <span class='ocrx_word' id='word_1_537' title='bbox 3317 2361 3508 2415; x_wconf 88' lang='lat' dir='ltr'><strong>multos</strong></span> 
     </span>
    </p>
   </div>
   <div class='ocr_carea' id='block_1_72' title="bbox 1935 2445 3508 2517">
    <p class='ocr_par' dir='ltr' id='par_1_72' title="bbox 1935 2445 3508 2517">
     <span class='ocr_line' id='line_1_72' title="bbox 1935 2445 3508 2517; baseline 0.006 -23"><span class='ocrx_word' id='word_1_538' title='bbox 1935 2452 2116 2508; x_wconf 87' lang='lat' dir='ltr'><strong>testes,</strong></span> <span class='ocrx_word' id='word_1_539' title='bbox 2169 2446 2281 2498; x_wconf 82' lang='lat' dir='ltr'><strong>sive</strong></span> <span class='ocrx_word' id='word_1_540' title='bbox 2327 2445 2839 2512; x_wconf 87' lang='lat' dir='ltr'><strong>demonstrationes,</strong></span> <span class='ocrx_word' id='word_1_541' title='bbox 2889 2463 2950 2500; x_wconf 80' lang='lat' dir='ltr'><strong>ex</strong></span> <span class='ocrx_word' id='word_1_542' title='bbox 3003 2447 3290 2517; x_wconf 87' lang='lat' dir='ltr'><strong>Scripturis</strong></span> <span class='ocrx_word' id='word_1_543' title='bbox 3338 2459 3390 2504; x_wconf 88' lang='lat' dir='ltr'><strong>et</strong></span> <span class='ocrx_word' id='word_1_544' title='bbox 3443 2467 3508 2504; x_wconf 76' lang='lat' dir='ltr'><strong>es</strong></span> 
     </span>
    </p>
   </div>
   <div class='ocr_carea' id='block_1_73' title="bbox 1934 2533 3507 2610">
    <p class='ocr_par' dir='ltr' id='par_1_73' title="bbox 1934 2533 3507 2610">
     <span class='ocr_line' id='line_1_73' title="bbox 1934 2533 3507 2610; baseline 0.004 -23"><span class='ocrx_word' id='word_1_545' title='bbox 1934 2533 2208 2600; x_wconf 83' lang='lat' dir='ltr'><strong>Patribus,</strong></span> <span class='ocrx_word' id='word_1_546' title='bbox 2259 2550 2320 2589; x_wconf 85' lang='lat' dir='ltr'><strong>ea</strong></span> <span class='ocrx_word' id='word_1_547' title='bbox 2367 2536 2680 2590; x_wconf 74' lang='lat' dir='ltr'><strong>commenda</strong></span> <span class='ocrx_word' id='word_1_548' title='bbox 2739 2537 2982 2593; x_wconf 80' lang='lat' dir='ltr'><strong>ﬁdelibus</strong></span> <span class='ocrx_word' id='word_1_549' title='bbox 3029 2539 3368 2607; x_wconf 88' lang='lat' dir='ltr'><strong>hominibus,</strong></span> <span class='ocrx_word' id='word_1_550' title='bbox 3420 2542 3507 2610; x_wconf 86' lang='lat' dir='ltr'><strong>qui</strong></span> 
     </span>
    </p>
   </div>
   <div class='ocr_carea' id='block_1_74' title="bbox 1937 2627 3510 2699">
    <p class='ocr_par' dir='ltr' id='par_1_74' title="bbox 1937 2627 3510 2699">
     <span class='ocr_line' id='line_1_74' title="bbox 1937 2627 3510 2699; baseline 0.005 -20"><span class='ocrx_word' id='word_1_551' title='bbox 1937 2627 2110 2682; x_wconf 80' lang='lat' dir='ltr'><strong>idonei</strong></span> <span class='ocrx_word' id='word_1_552' title='bbox 2142 2627 2249 2681; x_wconf 87' lang='lat' dir='ltr'><strong>sint</strong></span> <span class='ocrx_word' id='word_1_553' title='bbox 2278 2628 2341 2681; x_wconf 87' lang='lat' dir='ltr'><strong>ad</strong></span> <span class='ocrx_word' id='word_1_554' title='bbox 2386 2630 2518 2682; x_wconf 86' lang='lat' dir='ltr'><strong>alios</strong></span> <span class='ocrx_word' id='word_1_555' title='bbox 2561 2645 2770 2699; x_wconf 89' lang='lat' dir='ltr'><strong>quoque</strong></span> <span class='ocrx_word' id='word_1_556' title='bbox 2808 2630 3095 2688; x_wconf 87' lang='lat' dir='ltr'><strong>docendos.</strong></span> <span class='ocrx_word' id='word_1_557' title='bbox 3148 2631 3222 2686; x_wconf 85' lang='lat' dir='ltr'><strong>Tu</strong></span> <span class='ocrx_word' id='word_1_558' title='bbox 3253 2633 3510 2686; x_wconf 81' lang='lat' dir='ltr'><strong>collabora</strong></span> 
     </span>
    </p>
   </div>
   <div class='ocr_carea' id='block_1_75' title="bbox 1939 2716 3509 2787">
    <p class='ocr_par' dir='ltr' id='par_1_75' title="bbox 1939 2716 3509 2787">
     <span class='ocr_line' id='line_1_75' title="bbox 1939 2716 3509 2787; baseline 0.005 -19"><span class='ocrx_word' id='word_1_559' title='bbox 1939 2716 2212 2787; x_wconf 84' lang='lat' dir='ltr'><strong>Evangelia</strong></span> <span class='ocrx_word' id='word_1_560' title='bbox 2240 2734 2301 2770; x_wconf 78' lang='lat' dir='ltr'><strong>ea;</strong></span> <span class='ocrx_word' id='word_1_561' title='bbox 2323 2719 2504 2771; x_wconf 78' lang='lat' dir='ltr'><strong>virtute</strong></span> <span class='ocrx_word' id='word_1_562' title='bbox 2548 2719 2664 2781; x_wconf 90' lang='lat' dir='ltr'><strong>Dei,</strong></span> <span class='ocrx_word' id='word_1_563' title='bbox 2693 2731 2746 2772; x_wconf 85' lang='grc' dir='ltr'><strong>ιιι</strong></span> <span class='ocrx_word' id='word_1_564' title='bbox 2774 2722 2930 2775; x_wconf 87' lang='lat' dir='ltr'><strong>bonus</strong></span> <span class='ocrx_word' id='word_1_565' title='bbox 2960 2722 3117 2775; x_wconf 83' lang='lat' dir='ltr'><strong>miles.</strong></span> <span class='ocrx_word' id='word_1_566' title='bbox 3150 2719 3300 2775; x_wconf 79' lang='lat' dir='ltr'><strong>Certa</strong></span> <span class='ocrx_word' id='word_1_567' title='bbox 3324 2723 3509 2776; x_wconf 87' lang='lat' dir='ltr'><strong>bonum</strong></span> 
     </span>
    </p>
   </div>
   <div class='ocr_carea' id='block_1_76' title="bbox 1936 2810 3512 2880">
    <p class='ocr_par' dir='ltr' id='par_1_76' title="bbox 1936 2810 3512 2880">
     <span class='ocr_line' id='line_1_76' title="bbox 1936 2810 3512 2880; baseline 0.004 -20"><span class='ocrx_word' id='word_1_568' title='bbox 1936 2819 2184 2862; x_wconf 80' lang='lat' dir='ltr'><strong>certamen</strong></span> <span class='ocrx_word' id='word_1_569' title='bbox 2214 2810 2354 2878; x_wconf 83' lang='lat' dir='ltr'><strong>ﬁdei,</strong></span> <span class='ocrx_word' id='word_1_570' title='bbox 2403 2813 2728 2880; x_wconf 82' lang='lat' dir='ltr'><strong>apprehende</strong></span> <span class='ocrx_word' id='word_1_571' title='bbox 2759 2812 2913 2864; x_wconf 77' lang='lat' dir='ltr'><strong>ritum</strong></span> <span class='ocrx_word' id='word_1_572' title='bbox 2957 2823 3214 2866; x_wconf 74' lang='lat' dir='ltr'><strong>wterttam.</strong></span> <span class='ocrx_word' id='word_1_573' title='bbox 3268 2816 3512 2879; x_wconf 80' lang='lat' dir='ltr'><strong>Quando—</strong></span> 
     </span>
    </p>
   </div>
   <div class='ocr_carea' id='block_1_77' title="bbox 1936 2902 3509 2973">
    <p class='ocr_par' dir='ltr' id='par_1_77' title="bbox 1936 2902 3509 2973">
     <span class='ocr_line' id='line_1_77' title="bbox 1936 2902 3509 2973; baseline 0.003 -21"><span class='ocrx_word' id='word_1_574' title='bbox 1936 2902 2136 2971; x_wconf 74' lang='lat' dir='ltr'><strong>quidem</strong></span> <span class='ocrx_word' id='word_1_575' title='bbox 2167 2902 2429 2970; x_wconf 81' lang='lat' dir='ltr'><strong>manifeste</strong></span> <span class='ocrx_word' id='word_1_576' title='bbox 2477 2919 2718 2973; x_wconf 84' lang='lat' dir='ltr'><strong>magnum</strong></span> <span class='ocrx_word' id='word_1_577' title='bbox 2767 2912 2836 2956; x_wconf 87' lang='lat' dir='ltr'><strong>est</strong></span> <span class='ocrx_word' id='word_1_578' title='bbox 2869 2904 3072 2973; x_wconf 84' lang='lat' dir='ltr'><strong>pietatis</strong></span> <span class='ocrx_word' id='word_1_579' title='bbox 3121 2916 3509 2970; x_wconf 74' lang='lat' dir='ltr'><strong>sacramentum,</strong></span> 
     </span>
    </p>
   </div>
   <div class='ocr_carea' id='block_1_78' title="bbox 1937 2993 3513 3065">
    <p class='ocr_par' dir='ltr' id='par_1_78' title="bbox 1937 2993 3513 3065">
     <span class='ocr_line' id='line_1_78' title="bbox 1937 2993 3513 3065; baseline 0.004 -23"><span class='ocrx_word' id='word_1_580' title='bbox 1937 2993 2074 3060; x_wconf 81' lang='lat' dir='ltr'><strong>quod</strong></span> <span class='ocrx_word' id='word_1_581' title='bbox 2120 2994 2496 3061; x_wconf 67' lang='lat' dir='ltr'><strong>manifestatum</strong></span> <span class='ocrx_word' id='word_1_582' title='bbox 2536 3002 2608 3046; x_wconf 87' lang='lat' dir='ltr'><strong>est</strong></span> <span class='ocrx_word' id='word_1_583' title='bbox 2652 2994 2703 3046; x_wconf 87' lang='lat' dir='ltr'><strong>in</strong></span> <span class='ocrx_word' id='word_1_584' title='bbox 2750 3010 2926 3058; x_wconf 86' lang='lat' dir='ltr'><strong>carne,</strong></span> <span class='ocrx_word' id='word_1_585' title='bbox 2967 2996 3303 3065; x_wconf 80' lang='lat' dir='ltr'><strong>justiﬁcatum</strong></span> <span class='ocrx_word' id='word_1_586' title='bbox 3345 3005 3419 3048; x_wconf 89' lang='lat' dir='ltr'><strong>est</strong></span> <span class='ocrx_word' id='word_1_587' title='bbox 3461 2998 3513 3049; x_wconf 84' lang='lat' dir='ltr'><strong>in</strong></span> 
     </span>
    </p>
   </div>
   <div class='ocr_carea' id='block_1_79' title="bbox 1940 3083 3511 3154">
    <p class='ocr_par' dir='ltr' id='par_1_79' title="bbox 1940 3083 3511 3154">
     <span class='ocr_line' id='line_1_79' title="bbox 1940 3083 3511 3154; baseline 0.003 -21"><span class='ocrx_word' id='word_1_588' title='bbox 1940 3083 2160 3148; x_wconf 79' lang='lat' dir='ltr'><strong>spiritu,</strong></span> <span class='ocrx_word' id='word_1_589' title='bbox 2217 3086 2458 3150; x_wconf 76' lang='lat' dir='ltr'><strong>apparuit</strong></span> <span class='ocrx_word' id='word_1_590' title='bbox 2507 3085 2721 3154; x_wconf 74' lang='lat' dir='ltr'><strong>angelis,</strong></span> <span class='ocrx_word' id='word_1_591' title='bbox 2768 3085 3097 3154; x_wconf 68' lang='lat' dir='ltr'><strong>pra’dicatum</strong></span> <span class='ocrx_word' id='word_1_592' title='bbox 3146 3093 3216 3138; x_wconf 88' lang='lat' dir='ltr'><strong>est</strong></span> <span class='ocrx_word' id='word_1_593' title='bbox 3265 3086 3511 3154; x_wconf 82' lang='lat' dir='ltr'><strong>gentibus,</strong></span> 
     </span>
    </p>
   </div>
   <div class='ocr_carea' id='block_1_80' title="bbox 1941 3174 3517 3248">
    <p class='ocr_par' dir='ltr' id='par_1_80' title="bbox 1941 3174 3517 3248">
     <span class='ocr_line' id='line_1_80' title="bbox 1941 3174 3517 3248; baseline 0.004 -24"><span class='ocrx_word' id='word_1_594' title='bbox 1941 3174 2184 3225; x_wconf 88' lang='lat' dir='ltr'><strong>creditum</strong></span> <span class='ocrx_word' id='word_1_595' title='bbox 2214 3184 2285 3227; x_wconf 85' lang='lat' dir='ltr'><strong>est</strong></span> <span class='ocrx_word' id='word_1_596' title='bbox 2323 3178 2374 3228; x_wconf 87' lang='lat' dir='ltr'><strong>in</strong></span> <span class='ocrx_word' id='word_1_597' title='bbox 2403 3178 2621 3245; x_wconf 82' lang='lat' dir='ltr'><strong>mundo,</strong></span> <span class='ocrx_word' id='word_1_598' title='bbox 2653 3188 2966 3245; x_wconf 83' lang='lat' dir='ltr'><strong>assumptum</strong></span> <span class='ocrx_word' id='word_1_599' title='bbox 2997 3187 3066 3231; x_wconf 86' lang='lat' dir='ltr'><strong>est</strong></span> <span class='ocrx_word' id='word_1_600' title='bbox 3097 3179 3146 3230; x_wconf 86' lang='lat' dir='ltr'><strong>in</strong></span> <span class='ocrx_word' id='word_1_601' title='bbox 3175 3178 3362 3248; x_wconf 85' lang='lat' dir='ltr'><strong>gloria.</strong></span> <span class='ocrx_word' id='word_1_602' title='bbox 3391 3177 3517 3230; x_wconf 79' lang='lat' dir='ltr'><strong>Pro-</strong></span> 
     </span>
    </p>
   </div>
   <div class='ocr_carea' id='block_1_81' title="bbox 1943 3266 3516 3336">
    <p class='ocr_par' dir='ltr' id='par_1_81' title="bbox 1943 3266 3516 3336">
     <span class='ocr_line' id='line_1_81' title="bbox 1943 3266 3516 3336; baseline 0.001 -19"><span class='ocrx_word' id='word_1_603' title='bbox 1943 3275 2053 3333; x_wconf 88' lang='lat' dir='ltr'><strong>pter</strong></span> <span class='ocrx_word' id='word_1_604' title='bbox 2094 3266 2230 3334; x_wconf 84' lang='lat' dir='ltr'><strong>quod</strong></span> <span class='ocrx_word' id='word_1_605' title='bbox 2278 3266 2384 3318; x_wconf 77' lang='lat' dir='ltr'><strong>hwc</strong></span> <span class='ocrx_word' id='word_1_606' title='bbox 2424 3269 2550 3320; x_wconf 85' lang='lat' dir='ltr'><strong>doce</strong></span> <span class='ocrx_word' id='word_1_607' title='bbox 2598 3278 2643 3320; x_wconf 85' lang='lat' dir='ltr'><strong>et</strong></span> <span class='ocrx_word' id='word_1_608' title='bbox 2689 3267 2979 3332; x_wconf 71' lang='lat' dir='ltr'><strong>eahortare,</strong></span> <span class='ocrx_word' id='word_1_609' title='bbox 3030 3269 3307 3336; x_wconf 76' lang='lat' dir='ltr'><strong>testiﬁcaris</strong></span> <span class='ocrx_word' id='word_1_610' title='bbox 3348 3285 3516 3322; x_wconf 83' lang='lat' dir='ltr'><strong>coram</strong></span> 
     </span>
    </p>
   </div>
   <div class='ocr_carea' id='block_1_82' title="bbox 1944 3355 3519 3428">
    <p class='ocr_par' dir='ltr' id='par_1_82' title="bbox 1944 3355 3519 3428">
     <span class='ocr_line' id='line_1_82' title="bbox 1944 3355 3519 3428; baseline 0.003 -20"><span class='ocrx_word' id='word_1_611' title='bbox 1944 3355 2070 3419; x_wconf 88' lang='lat' dir='ltr'><strong>Deo,</strong></span> <span class='ocrx_word' id='word_1_612' title='bbox 2103 3371 2203 3408; x_wconf 80' lang='lat' dir='ltr'><strong>non</strong></span> <span class='ocrx_word' id='word_1_613' title='bbox 2234 3357 2454 3410; x_wconf 73' lang='lat' dir='ltr'><strong>excitare</strong></span> <span class='ocrx_word' id='word_1_614' title='bbox 2476 3375 2676 3428; x_wconf 86' lang='lat' dir='ltr'><strong>pugnas</strong></span> <span class='ocrx_word' id='word_1_615' title='bbox 2697 3363 2958 3412; x_wconf 74' lang='lat' dir='ltr'><strong>verborum</strong></span> <span class='ocrx_word' id='word_1_616' title='bbox 2977 3359 3162 3427; x_wconf 85' lang='lat' dir='ltr'><strong>absque</strong></span> <span class='ocrx_word' id='word_1_617' title='bbox 3187 3361 3424 3425; x_wconf 81' lang='lat' dir='ltr'><strong>utilitate,</strong></span> <span class='ocrx_word' id='word_1_618' title='bbox 3453 3363 3519 3413; x_wconf 81' lang='lat' dir='ltr'><strong>ad</strong></span> 
     </span>
    </p>
   </div>
   <div class='ocr_carea' id='block_1_83' title="bbox 1942 3447 3519 3518">
    <p class='ocr_par' dir='ltr' id='par_1_83' title="bbox 1942 3447 3519 3518">
     <span class='ocr_line' id='line_1_83' title="bbox 1942 3447 3519 3518; baseline 0.002 -19"><span class='ocrx_word' id='word_1_619' title='bbox 1942 3447 2306 3500; x_wconf 84' lang='lat' dir='ltr'><strong>subversiouem</strong></span> <span class='ocrx_word' id='word_1_620' title='bbox 2334 3449 2474 3514; x_wconf 63' lang='lat' dir='ltr'><strong>fidei.</strong></span> <span class='ocrx_word' id='word_1_621' title='bbox 2507 3452 2567 3504; x_wconf 82' lang='lat' dir='ltr'><strong>Si</strong></span> <span class='ocrx_word' id='word_1_622' title='bbox 2593 3451 2703 3517; x_wconf 86' lang='lat' dir='ltr'><strong>quis</strong></span> <span class='ocrx_word' id='word_1_623' title='bbox 2728 3461 2897 3504; x_wconf 88' lang='lat' dir='ltr'><strong>autem</strong></span> <span class='ocrx_word' id='word_1_624' title='bbox 2937 3451 3086 3503; x_wconf 85' lang='lat' dir='ltr'><strong>aliter</strong></span> <span class='ocrx_word' id='word_1_625' title='bbox 3118 3451 3280 3518; x_wconf 85' lang='lat' dir='ltr'><strong>docet,</strong></span> <span class='ocrx_word' id='word_1_626' title='bbox 3324 3461 3368 3504; x_wconf 90' lang='lat' dir='ltr'><strong>et</strong></span> <span class='ocrx_word' id='word_1_627' title='bbox 3418 3468 3519 3502; x_wconf 86' lang='lat' dir='ltr'><strong>non</strong></span> 
     </span>
    </p>
   </div>
   <div class='ocr_carea' id='block_1_84' title="bbox 1944 3539 3520 3608">
    <p class='ocr_par' dir='ltr' id='par_1_84' title="bbox 1944 3539 3520 3608">
     <span class='ocr_line' id='line_1_84' title="bbox 1944 3539 3520 3608; baseline 0 -16"><span class='ocrx_word' id='word_1_628' title='bbox 1944 3539 2211 3608; x_wconf 82' lang='lat' dir='ltr'><strong>acquiescit</strong></span> <span class='ocrx_word' id='word_1_629' title='bbox 2241 3543 2377 3595; x_wconf 87' lang='lat' dir='ltr'><strong>sanis</strong></span> <span class='ocrx_word' id='word_1_630' title='bbox 2407 3543 2716 3596; x_wconf 77' lang='lat' dir='ltr'><strong>sermonibus</strong></span> <span class='ocrx_word' id='word_1_631' title='bbox 2743 3541 2946 3596; x_wconf 86' lang='lat' dir='ltr'><strong>Domini</strong></span> <span class='ocrx_word' id='word_1_632' title='bbox 2973 3544 3130 3596; x_wconf 83' lang='lat' dir='ltr'><strong>nostri</strong></span> <span class='ocrx_word' id='word_1_633' title='bbox 3153 3541 3276 3595; x_wconf 83' lang='lat' dir='ltr'><strong>Jcsu</strong></span> <span class='ocrx_word' id='word_1_634' title='bbox 3308 3542 3520 3608; x_wconf 72' lang='lat' dir='ltr'><strong>Cluisti,</strong></span> 
     </span>
    </p>
   </div>
   <div class='ocr_carea' id='block_1_85' title="bbox 1944 3637 3523 3706">
    <p class='ocr_par' dir='ltr' id='par_1_85' title="bbox 1944 3637 3523 3706">
     <span class='ocr_line' id='line_1_85' title="bbox 1944 3637 3523 3706; baseline 0.003 -20"><span class='ocrx_word' id='word_1_635' title='bbox 1944 3645 1989 3687; x_wconf 88' lang='lat' dir='ltr'><strong>et</strong></span> <span class='ocrx_word' id='word_1_636' title='bbox 2030 3637 2075 3689; x_wconf 86' lang='lat' dir='ltr'><strong>ei</strong></span> <span class='ocrx_word' id='word_1_637' title='bbox 2105 3652 2219 3704; x_wconf 70' lang='lat' dir='ltr'><strong>qua</strong></span> <span class='ocrx_word' id='word_1_638' title='bbox 2248 3639 2520 3690; x_wconf 82' lang='lat' dir='ltr'><strong>secundum</strong></span> <span class='ocrx_word' id='word_1_639' title='bbox 2564 3640 2796 3706; x_wconf 80' lang='lat' dir='ltr'><strong>pietatem</strong></span> <span class='ocrx_word' id='word_1_640' title='bbox 2839 3648 2911 3692; x_wconf 86' lang='lat' dir='ltr'><strong>est</strong></span> <span class='ocrx_word' id='word_1_641' title='bbox 2957 3639 3239 3702; x_wconf 73' lang='lat' dir='ltr'><strong>doctrinm;</strong></span> <span class='ocrx_word' id='word_1_642' title='bbox 3282 3641 3523 3706; x_wconf 82' lang='lat' dir='ltr'><strong>superbus</strong></span> 
     </span>
    </p>
   </div>
   <div class='ocr_carea' id='block_1_86' title="bbox 1945 3727 3524 3798">
    <p class='ocr_par' dir='ltr' id='par_1_86' title="bbox 1945 3727 3524 3798">
     <span class='ocr_line' id='line_1_86' title="bbox 1945 3727 3524 3798; baseline 0.003 -21"><span class='ocrx_word' id='word_1_643' title='bbox 1945 3736 2034 3789; x_wconf 85' lang='lat' dir='ltr'><strong>est,</strong></span> <span class='ocrx_word' id='word_1_644' title='bbox 2069 3727 2198 3778; x_wconf 83' lang='lat' dir='ltr'><strong>nihil</strong></span> <span class='ocrx_word' id='word_1_645' title='bbox 2224 3729 2404 3791; x_wconf 83' lang='lat' dir='ltr'><strong>sciens,</strong></span> <span class='ocrx_word' id='word_1_646' title='bbox 2439 3732 2528 3782; x_wconf 75' lang='lat' dir='ltr'><strong>set!</strong></span> <span class='ocrx_word' id='word_1_647' title='bbox 2556 3730 2800 3798; x_wconf 78' lang='lat' dir='ltr'><strong>languens</strong></span> <span class='ocrx_word' id='word_1_648' title='bbox 2827 3729 2962 3780; x_wconf 85' lang='lat' dir='ltr'><strong>circa</strong></span> <span class='ocrx_word' id='word_1_649' title='bbox 2992 3731 3289 3797; x_wconf 72' lang='lat' dir='ltr'><strong>qumstiones</strong></span> <span class='ocrx_word' id='word_1_650' title='bbox 3338 3740 3382 3782; x_wconf 92' lang='lat' dir='ltr'><strong>et</strong></span> <span class='ocrx_word' id='word_1_651' title='bbox 3429 3748 3524 3797; x_wconf 82' lang='lat' dir='ltr'><strong>pu-</strong></span> 
     </span>
    </p>
   </div>
   <div class='ocr_carea' id='block_1_87' title="bbox 1945 3817 3518 3887">
    <p class='ocr_par' dir='ltr' id='par_1_87' title="bbox 1945 3817 3518 3887">
     <span class='ocr_line' id='line_1_87' title="bbox 1945 3817 3518 3887; baseline 0.002 -20"><span class='ocrx_word' id='word_1_652' title='bbox 1945 3832 2071 3885; x_wconf 87' lang='lat' dir='ltr'><strong>gnas</strong></span> <span class='ocrx_word' id='word_1_653' title='bbox 2097 3817 2356 3870; x_wconf 88' lang='lat' dir='ltr'><strong>verborum</strong></span> <span class='ocrx_word' id='word_1_654' title='bbox 2382 3821 2716 3887; x_wconf 70' lang='lat' dir='ltr'><strong>importunus,</strong></span> <span class='ocrx_word' id='word_1_655' title='bbox 2737 3835 2798 3871; x_wconf 77' lang='lat' dir='ltr'><strong>ex</strong></span> <span class='ocrx_word' id='word_1_656' title='bbox 2824 3819 3002 3887; x_wconf 80' lang='lat' dir='ltr'><strong>quibus</strong></span> <span class='ocrx_word' id='word_1_657' title='bbox 3033 3821 3270 3872; x_wconf 84' lang='lat' dir='ltr'><strong>oriuntur</strong></span> <span class='ocrx_word' id='word_1_658' title='bbox 3300 3820 3518 3882; x_wconf 70' lang='lat' dir='ltr'><strong>incidite,</strong></span> 
     </span>
    </p>
   </div>
   <div class='ocr_carea' id='block_1_88' title="bbox 1945 3909 3525 3979">
    <p class='ocr_par' dir='ltr' id='par_1_88' title="bbox 1945 3909 3525 3979">
     <span class='ocr_line' id='line_1_88' title="bbox 1945 3909 3525 3979; baseline -0.001 -20"><span class='ocrx_word' id='word_1_659' title='bbox 1945 3909 2312 3973; x_wconf 83' lang='lat' dir='ltr'><strong>contentiones,</strong></span> <span class='ocrx_word' id='word_1_660' title='bbox 2344 3910 2686 3979; x_wconf 76' lang='lat' dir='ltr'><strong>blusphemite,</strong></span> <span class='ocrx_word' id='word_1_661' title='bbox 2731 3911 3040 3979; x_wconf 82' lang='lat' dir='ltr'><strong>suspiciones</strong></span> <span class='ocrx_word' id='word_1_662' title='bbox 3068 3909 3236 3970; x_wconf 80' lang='lat' dir='ltr'><strong>nmhc,</strong></span> <span class='ocrx_word' id='word_1_663' title='bbox 3263 3909 3525 3975; x_wconf 79' lang='lat' dir='ltr'><strong>conﬂicta-</strong></span> 
     </span>
    </p>
   </div>
   <div class='ocr_carea' id='block_1_89' title="bbox 1948 3997 3525 4068">
    <p class='ocr_par' dir='ltr' id='par_1_89' title="bbox 1948 3997 3525 4068">
     <span class='ocr_line' id='line_1_89' title="bbox 1948 3997 3525 4068; baseline -0.001 -18"><span class='ocrx_word' id='word_1_664' title='bbox 1948 4001 2111 4052; x_wconf 85' lang='lat' dir='ltr'><strong>tioues</strong></span> <span class='ocrx_word' id='word_1_665' title='bbox 2155 4000 2417 4053; x_wconf 79' lang='lat' dir='ltr'><strong>hominum</strong></span> <span class='ocrx_word' id='word_1_666' title='bbox 2455 4007 2620 4052; x_wconf 88' lang='lat' dir='ltr'><strong>mente</strong></span> <span class='ocrx_word' id='word_1_667' title='bbox 2662 4007 3058 4068; x_wconf 83' lang='lat' dir='ltr'><strong>corruptorum,</strong></span> <span class='ocrx_word' id='word_1_668' title='bbox 3102 4008 3148 4050; x_wconf 88' lang='lat' dir='ltr'><strong>et</strong></span> <span class='ocrx_word' id='word_1_669' title='bbox 3188 3997 3273 4066; x_wconf 88' lang='lat' dir='ltr'><strong>qui</strong></span> <span class='ocrx_word' id='word_1_670' title='bbox 3321 3997 3525 4048; x_wconf 69' lang='lat' dir='ltr'><strong>veritate</strong></span> 
     </span>
    </p>
   </div>
   <div class='ocr_carea' id='block_1_90' title="bbox 1951 4087 3524 4159">
    <p class='ocr_par' dir='ltr' id='par_1_90' title="bbox 1951 4087 3524 4159">
     <span class='ocr_line' id='line_1_90' title="bbox 1951 4087 3524 4159; baseline -0.003 -18"><span class='ocrx_word' id='word_1_671' title='bbox 1951 4091 2134 4159; x_wconf 72' lang='lat' dir='ltr'><strong>privati</strong></span> <span class='ocrx_word' id='word_1_672' title='bbox 2158 4102 2276 4144; x_wconf 88' lang='lat' dir='ltr'><strong>sunt</strong></span> <span class='ocrx_word' id='word_1_673' title='bbox 2307 4090 2357 4159; x_wconf 94' lang='grc' dir='ltr'><strong>(Ι</strong></span> <span class='ocrx_word' id='word_1_674' title='bbox 2389 4091 2523 4144; x_wconf 83' lang='grc' dir='ltr'>Τίηι,</span> <span class='ocrx_word' id='word_1_675' title='bbox 2550 4089 2646 4158; x_wconf 71' lang='grc' dir='ltr'>γι),</span> <span class='ocrx_word' id='word_1_676' title='bbox 2678 4089 2880 4156; x_wconf 84' lang='lat' dir='ltr'><strong>reprobi</strong></span> <span class='ocrx_word' id='word_1_677' title='bbox 2908 4089 3046 4140; x_wconf 89' lang='lat' dir='ltr'><strong>circa</strong></span> <span class='ocrx_word' id='word_1_678' title='bbox 3075 4089 3245 4155; x_wconf 78' lang='lat' dir='ltr'><strong>ﬁdem,</strong></span> <span class='ocrx_word' id='word_1_679' title='bbox 3280 4087 3366 4138; x_wconf 86' lang='lat' dir='ltr'><strong>sed</strong></span> <span class='ocrx_word' id='word_1_680' title='bbox 3391 4087 3524 4138; x_wconf 87' lang='lat' dir='ltr'><strong>ultra</strong></span> 
     </span>
    </p>
   </div>
   <div class='ocr_carea' id='block_1_91' title="bbox 1952 4174 3526 4247">
    <p class='ocr_par' dir='ltr' id='par_1_91' title="bbox 1952 4174 3526 4247">
     <span class='ocr_line' id='line_1_91' title="bbox 1952 4174 3526 4247; baseline -0.005 -16"><span class='ocrx_word' id='word_1_681' title='bbox 1952 4195 2051 4231; x_wconf 86' lang='lat' dir='ltr'><strong>non</strong></span> <span class='ocrx_word' id='word_1_682' title='bbox 2081 4180 2364 4246; x_wconf 78' lang='lat' dir='ltr'><strong>proﬁcient.</strong></span> <span class='ocrx_word' id='word_1_683' title='bbox 2414 4177 2720 4247; x_wconf 83' lang='lat' dir='ltr'><strong>Insipientia</strong></span> <span class='ocrx_word' id='word_1_684' title='bbox 2750 4177 2881 4228; x_wconf 88' lang='lat' dir='ltr'><strong>enim</strong></span> <span class='ocrx_word' id='word_1_685' title='bbox 2911 4190 3084 4227; x_wconf 89' lang='lat' dir='ltr'><strong>eorum</strong></span> <span class='ocrx_word' id='word_1_686' title='bbox 3128 4175 3395 4243; x_wconf 78' lang='lat' dir='ltr'><strong>manifesta</strong></span> <span class='ocrx_word' id='word_1_687' title='bbox 3433 4174 3526 4226; x_wconf 85' lang='lat' dir='ltr'><strong>erit</strong></span> 
     </span>
    </p>
   </div>
   <div class='ocr_carea' id='block_1_92' title="bbox 1953 4264 3525 4336">
    <p class='ocr_par' dir='ltr' id='par_1_92' title="bbox 1953 4264 3525 4336">
     <span class='ocr_line' id='line_1_92' title="bbox 1953 4264 3525 4336; baseline -0.004 -14"><span class='ocrx_word' id='word_1_688' title='bbox 1953 4271 2203 4332; x_wconf 88' lang='lat' dir='ltr'><strong>omnibus,</strong></span> <span class='ocrx_word' id='word_1_689' title='bbox 2257 4271 2385 4322; x_wconf 80' lang='lat' dir='ltr'><strong>sicut</strong></span> <span class='ocrx_word' id='word_1_690' title='bbox 2433 4277 2480 4321; x_wconf 89' lang='lat' dir='ltr'><strong>et</strong></span> <span class='ocrx_word' id='word_1_691' title='bbox 2510 4268 2715 4321; x_wconf 88' lang='lat' dir='ltr'><strong>illorum</strong></span> <span class='ocrx_word' id='word_1_692' title='bbox 2762 4268 2900 4336; x_wconf 75' lang='lat' dir='ltr'><strong>fuit:</strong></span> <span class='ocrx_word' id='word_1_693' title='bbox 2951 4266 3001 4320; x_wconf 94' lang='lat' dir='ltr'><strong>id</strong></span> <span class='ocrx_word' id='word_1_694' title='bbox 3033 4275 3116 4320; x_wconf 90' lang='lat' dir='ltr'><strong>est</strong></span> <span class='ocrx_word' id='word_1_695' title='bbox 3148 4265 3385 4328; x_wconf 89' lang='lat' dir='ltr'><strong>illorum,</strong></span> <span class='ocrx_word' id='word_1_696' title='bbox 3437 4264 3525 4331; x_wconf 86' lang='lat' dir='ltr'><strong>qui</strong></span> 
     </span>
    </p>
   </div>
   <div class='ocr_carea' id='block_1_93' title="bbox 1957 4354 3518 4428">
    <p class='ocr_par' dir='ltr' id='par_1_93' title="bbox 1957 4354 3518 4428">
     <span class='ocr_line' id='line_1_93' title="bbox 1957 4354 3518 4428; baseline -0.005 -15"><span class='ocrx_word' id='word_1_697' title='bbox 1957 4372 2080 4415; x_wconf 87' lang='lat' dir='ltr'><strong>ante</strong></span> <span class='ocrx_word' id='word_1_698' title='bbox 2129 4361 2274 4428; x_wconf 90' lang='lat' dir='ltr'><strong>ipsos</strong></span> <span class='ocrx_word' id='word_1_699' title='bbox 2316 4361 2546 4422; x_wconf 82' lang='lat' dir='ltr'><strong>fuerunt,</strong></span> <span class='ocrx_word' id='word_1_700' title='bbox 2599 4360 3013 4421; x_wconf 60' lang='lat' dir='ltr'><strong>haereticorum,</strong></span> <span class='ocrx_word' id='word_1_701' title='bbox 3074 4370 3207 4424; x_wconf 86' lang='lat' dir='ltr'><strong>quos</strong></span> <span class='ocrx_word' id='word_1_702' title='bbox 3257 4354 3518 4415; x_wconf 85' lang='lat' dir='ltr'><strong>devitans,</strong></span> 
     </span>
    </p>
   </div>
   <div class='ocr_carea' id='block_1_94' title="bbox 270 4435 1835 4533">
    <p class='ocr_par' dir='ltr' id='par_1_94' title="bbox 270 4456 1835 4533">
     <span class='ocr_line' id='line_1_94' title="bbox 270 4456 1835 4533; baseline -0.001 -21"><span class='ocrx_word' id='word_1_703' title='bbox 270 4465 469 4532; x_wconf 73' lang='grc' dir='ltr'>ρησίας·</span> <span class='ocrx_word' id='word_1_704' title='bbox 501 4460 585 4512; x_wconf 83' lang='grc' dir='ltr'>ἵνα</span> <span class='ocrx_word' id='word_1_705' title='bbox 665 4480 754 4512; x_wconf 89' lang='grc' dir='ltr'><strong>σου</strong></span> <span class='ocrx_word' id='word_1_706' title='bbox 785 4461 814 4516; x_wconf 79' lang='grc' dir='ltr'>ἡ</span> <span class='ocrx_word' id='word_1_707' title='bbox 845 4465 1074 4531; x_wconf 73' lang='grc' dir='ltr'>προκοπή</span> <span class='ocrx_word' id='word_1_708' title='bbox 1099 4461 1303 4531; x_wconf 78' lang='grc' dir='ltr'>φανεροὶ,</span> <span class='ocrx_word' id='word_1_709' title='bbox 1324 4461 1408 4512; x_wconf 88' lang='grc' dir='ltr'><strong>καί</strong></span> <span class='ocrx_word' id='word_1_710' title='bbox 1425 4461 1835 4533; x_wconf 71' lang='grc' dir='ltr'>μεμαρτυρημένι</span> 
     </span>
    </p>
   </div>
   <div class='ocr_carea' id='block_1_95' title="bbox 1939 4435 3522 4533">
    <p class='ocr_par' dir='ltr' id='par_1_95' title="bbox 1958 4445 3522 4518">
     <span class='ocr_line' id='line_1_95' title="bbox 1958 4445 3522 4518; baseline -0.006 -13"><span class='ocrx_word' id='word_1_711' title='bbox 1958 4453 2289 4515; x_wconf 87' lang='lat' dir='ltr'><strong>charissitne,</strong></span> <span class='ocrx_word' id='word_1_712' title='bbox 2344 4467 2581 4518; x_wconf 77' lang='lat' dir='ltr'><strong>permane</strong></span> <span class='ocrx_word' id='word_1_713' title='bbox 2610 4453 2659 4503; x_wconf 89' lang='lat' dir='ltr'><strong>in</strong></span> <span class='ocrx_word' id='word_1_714' title='bbox 2705 4452 2764 4503; x_wconf 84' lang='lat' dir='ltr'><strong>iis</strong></span> <span class='ocrx_word' id='word_1_715' title='bbox 2794 4465 2908 4516; x_wconf 74' lang='lat' dir='ltr'><strong>qua:</strong></span> <span class='ocrx_word' id='word_1_716' title='bbox 2946 4449 3188 4510; x_wconf 74' lang='lat' dir='ltr'><strong>didicisti,</strong></span> <span class='ocrx_word' id='word_1_717' title='bbox 3236 4455 3279 4499; x_wconf 89' lang='lat' dir='ltr'><strong>et</strong></span> <span class='ocrx_word' id='word_1_718' title='bbox 3328 4445 3522 4498; x_wconf 85' lang='lat' dir='ltr'><strong>credita</strong></span> 
     </span>
    </p>
   </div>
   <div class='ocr_carea' id='block_1_96' title="bbox 271 4547 1850 4624">
    <p class='ocr_par' dir='ltr' id='par_1_96' title="bbox 271 4547 1850 4624">
     <span class='ocr_line' id='line_1_96' title="bbox 271 4547 1850 4624; baseline 0 -22"><span class='ocrx_word' id='word_1_719' title='bbox 271 4556 426 4616; x_wconf 74' lang='grc' dir='ltr'>πᾶσι,</span> <span class='ocrx_word' id='word_1_720' title='bbox 462 4553 545 4602; x_wconf 76' lang='grc' dir='ltr'><strong>καί</strong></span> <span class='ocrx_word' id='word_1_721' title='bbox 589 4553 688 4621; x_wconf 69' lang='grc' dir='ltr'>πρὸ</span> <span class='ocrx_word' id='word_1_722' title='bbox 722 4551 922 4603; x_wconf 81' lang='grc' dir='ltr'>πάντων</span> <span class='ocrx_word' id='word_1_723' title='bbox 949 4553 1089 4622; x_wconf 78' lang='grc' dir='ltr'>αὐτῷ</span> <span class='ocrx_word' id='word_1_724' title='bbox 1131 4556 1204 4622; x_wconf 83' lang='grc' dir='ltr'><strong>τῷ</strong></span> <span class='ocrx_word' id='word_1_725' title='bbox 1232 4557 1362 4620; x_wconf 82' lang='grc' dir='ltr'>Θεῷ.</span> <span class='ocrx_word' id='word_1_726' title='bbox 1392 4547 1570 4622; x_wconf 80' lang='grc' dir='ltr'>παρ’ᾦ</span> <span class='ocrx_word' id='word_1_727' title='bbox 1591 4556 1692 4604; x_wconf 89' lang='grc' dir='ltr'><strong>τῶν</strong></span> <span class='ocrx_word' id='word_1_728' title='bbox 1720 4552 1850 4624; x_wconf 77' lang='grc' dir='ltr'>ὑπὲρ</span> 
     </span>
    </p>
   </div>
   <div class='ocr_carea' id='block_1_97' title="bbox 275 4642 1854 4715">
    <p class='ocr_par' dir='ltr' id='par_1_97' title="bbox 275 4642 1854 4715">
     <span class='ocr_line' id='line_1_97' title="bbox 275 4642 1854 4715; baseline 0.001 -22"><span class='ocrx_word' id='word_1_729' title='bbox 275 4643 454 4715; x_wconf 39' lang='grc' dir='ltr'>ἀρετῆς</span> <span class='ocrx_word' id='word_1_730' title='bbox 483 4646 561 4696; x_wconf 65' lang='grc' dir='ltr'>καὶ</span> <span class='ocrx_word' id='word_1_731' title='bbox 593 4643 853 4701; x_wconf 73' lang='grc' dir='ltr'>εὐσεϐείας</span> <span class='ocrx_word' id='word_1_732' title='bbox 882 4644 1112 4711; x_wconf 79' lang='grc' dir='ltr'>καμάτων</span> <span class='ocrx_word' id='word_1_733' title='bbox 1132 4682 1145 4704; x_wconf 86' lang='grc'><strong>,</strong></span> <span class='ocrx_word' id='word_1_734' title='bbox 1187 4642 1454 4696; x_wconf 77' lang='grc' dir='ltr'>ἀπόκειται</span> <span class='ocrx_word' id='word_1_735' title='bbox 1501 4651 1606 4700; x_wconf 84' lang='grc' dir='ltr'>τοῖς</span> <span class='ocrx_word' id='word_1_736' title='bbox 1647 4644 1801 4704; x_wconf 83' lang='grc' dir='ltr'>ἀξίοις</span> <span class='ocrx_word' id='word_1_737' title='bbox 1830 4647 1854 4694; x_wconf 83' lang='grc' dir='ltr'><em>ὁ</em></span> 
     </span>
    </p>
   </div>
   <div class='ocr_carea' id='block_1_98' title="bbox 277 4727 1856 4802">
    <p class='ocr_par' dir='ltr' id='par_1_98' title="bbox 277 4727 1856 4802">
     <span class='ocr_line' id='line_1_98' title="bbox 277 4727 1856 4802; baseline 0 -18"><span class='ocrx_word' id='word_1_738' title='bbox 277 4731 487 4792; x_wconf 73' lang='grc' dir='ltr'>ἔπαινος.</span> <span class='ocrx_word' id='word_1_739' title='bbox 515 4735 599 4784; x_wconf 86' lang='grc' dir='ltr'><strong>καί</strong></span> <span class='ocrx_word' id='word_1_740' title='bbox 628 4739 718 4791; x_wconf 72' lang='grc' dir='ltr'>τῆς</span> <span class='ocrx_word' id='word_1_741' title='bbox 741 4729 1103 4790; x_wconf 76' lang='grc' dir='ltr'>δικαιοσύνηςό</span> <span class='ocrx_word' id='word_1_742' title='bbox 1127 4732 1384 4802; x_wconf 77' lang='grc' dir='ltr'>στέφανος,</span> <span class='ocrx_word' id='word_1_743' title='bbox 1405 4727 1454 4783; x_wconf 78' lang='grc' dir='ltr'><strong>ίν</strong></span> <span class='ocrx_word' id='word_1_744' title='bbox 1485 4729 1743 4783; x_wconf 83' lang='grc' dir='ltr'>ἀποδώσει</span> <span class='ocrx_word' id='word_1_745' title='bbox 1773 4751 1856 4784; x_wconf 88' lang='grc' dir='ltr'><strong>σοι</strong></span> 
     </span>
    </p>
   </div>
   <div class='ocr_carea' id='block_1_99' title="bbox 278 4817 1858 4893">
    <p class='ocr_par' dir='ltr' id='par_1_99' title="bbox 278 4817 1858 4893">
     <span class='ocr_line' id='line_1_99' title="bbox 278 4817 1858 4893; baseline 0.003 -22"><span class='ocrx_word' id='word_1_746' title='bbox 278 4818 302 4871; x_wconf 84' lang='grc' dir='ltr'><strong>ό</strong></span> <span class='ocrx_word' id='word_1_747' title='bbox 327 4818 373 4874; x_wconf 72' lang='grc' dir='ltr'><strong>δί</strong></span> <span class='ocrx_word' id='word_1_748' title='bbox 393 4843 513 4880; x_wconf 74' lang='grc' dir='ltr'><strong>αις</strong></span> <span class='ocrx_word' id='word_1_749' title='bbox 544 4826 721 4888; x_wconf 72' lang='grc' dir='ltr'>κριτής</span> <span class='ocrx_word' id='word_1_750' title='bbox 749 4820 952 4878; x_wconf 87' lang='grc' dir='ltr'>ἐντελῶς</span> <span class='ocrx_word' id='word_1_751' title='bbox 987 4821 1147 4873; x_wconf 89' lang='grc' dir='ltr'>αὐτοῦ</span> <span class='ocrx_word' id='word_1_752' title='bbox 1174 4824 1264 4877; x_wconf 77' lang='grc' dir='ltr'><strong>την</strong></span> <span class='ocrx_word' id='word_1_753' title='bbox 1293 4817 1551 4893; x_wconf 83' lang='grc' dir='ltr'>ὀρθόδοξον</span> <span class='ocrx_word' id='word_1_754' title='bbox 1571 4821 1742 4873; x_wconf 86' lang='grc' dir='ltr'>πίστιν</span> <span class='ocrx_word' id='word_1_755' title='bbox 1769 4839 1858 4876; x_wconf 79' lang='grc' dir='ltr'>τη-</span> 
     </span>
    </p>
   </div>
   <div class='ocr_carea' id='block_1_100' title="bbox 278 4906 1860 4983">
    <p class='ocr_par' dir='ltr' id='par_1_100' title="bbox 278 4906 1860 4983">
     <span class='ocr_line' id='line_1_100' title="bbox 278 4906 1860 4983; baseline 0 -22"><span class='ocrx_word' id='word_1_756' title='bbox 278 4906 467 4980; x_wconf 71' lang='grc' dir='ltr'>ροῦντι,</span> <span class='ocrx_word' id='word_1_757' title='bbox 499 4913 584 4962; x_wconf 80' lang='grc' dir='ltr'><strong>καί</strong></span> <span class='ocrx_word' id='word_1_758' title='bbox 631 4910 904 4983; x_wconf 83' lang='grc' dir='ltr'>προθύμως</span> <span class='ocrx_word' id='word_1_759' title='bbox 932 4914 1020 4967; x_wconf 81' lang='grc' dir='ltr'>τὴν</span> <span class='ocrx_word' id='word_1_760' title='bbox 1062 4909 1260 4967; x_wconf 75' lang='grc' dir='ltr'>ἐντολήν</span> <span class='ocrx_word' id='word_1_761' title='bbox 1300 4909 1704 4982; x_wconf 84' lang='grc' dir='ltr'>ἐκπληρώσαντι.</span> <span class='ocrx_word' id='word_1_762' title='bbox 1730 4909 1860 4961; x_wconf 86' lang='grc' dir='ltr'>κατὰ</span> 
     </span>
    </p>
   </div>
   <div class='ocr_carea' id='block_1_101' title="bbox 280 4996 1860 5074">
    <p class='ocr_par' dir='ltr' id='par_1_101' title="bbox 280 4996 1860 5074">
     <span class='ocr_line' id='line_1_101' title="bbox 280 4996 1860 5074; baseline 0 -22"><span class='ocrx_word' id='word_1_763' title='bbox 280 5005 369 5057; x_wconf 64' lang='grc' dir='ltr'>τήν</span> <span class='ocrx_word' id='word_1_764' title='bbox 393 4997 594 5064; x_wconf 77' lang='grc' dir='ltr'>ἔνδοξον</span> <span class='ocrx_word' id='word_1_765' title='bbox 623 4996 786 5054; x_wconf 71' lang='grc' dir='ltr'>αὐτοῦ</span> <span class='ocrx_word' id='word_1_766' title='bbox 818 5003 901 5053; x_wconf 86' lang='grc' dir='ltr'><strong>καί</strong></span> <span class='ocrx_word' id='word_1_767' title='bbox 926 4999 1142 5074; x_wconf 62' lang='grc' dir='ltr'>φοϐεράν</span> <span class='ocrx_word' id='word_1_768' title='bbox 1169 4999 1470 5068; x_wconf 78' lang='grc' dir='ltr'>ἐπιφάνειαν.</span> <span class='ocrx_word' id='word_1_769' title='bbox 1505 4997 1628 5052; x_wconf 76' lang='grc' dir='ltr'>’ἰδοὺ</span> <span class='ocrx_word' id='word_1_770' title='bbox 1657 4998 1708 5052; x_wconf 83' lang='grc' dir='ltr'><strong>δέ</strong></span> <span class='ocrx_word' id='word_1_771' title='bbox 1730 5001 1860 5071; x_wconf 86' lang='grc' dir='ltr'>πρὸς</span> 
     </span>
    </p>
   </div>
   <div class='ocr_carea' id='block_1_102' title="bbox 281 5086 1862 5166">
    <p class='ocr_par' dir='ltr' id='par_1_102' title="bbox 281 5086 1862 5166">
     <span class='ocr_line' id='line_1_102' title="bbox 281 5086 1862 5166; baseline -0.001 -22"><span class='ocrx_word' id='word_1_772' title='bbox 281 5095 525 5166; x_wconf 63' lang='grc' dir='ltr'>σᾷναρσιν</span> <span class='ocrx_word' id='word_1_773' title='bbox 553 5097 626 5153; x_wconf 78' lang='grc' dir='ltr'><strong>εἰς</strong></span> <span class='ocrx_word' id='word_1_774' title='bbox 655 5093 713 5147; x_wconf 88' lang='grc' dir='ltr'><strong>τό</strong></span> <span class='ocrx_word' id='word_1_775' title='bbox 751 5093 1020 5166; x_wconf 87' lang='grc' dir='ltr'>πληρῶσαι</span> <span class='ocrx_word' id='word_1_776' title='bbox 1048 5088 1342 5150; x_wconf 84' lang='grc' dir='ltr'>σπουδαίως</span> <span class='ocrx_word' id='word_1_777' title='bbox 1370 5091 1452 5143; x_wconf 87' lang='grc' dir='ltr'><strong>καί</strong></span> <span class='ocrx_word' id='word_1_778' title='bbox 1481 5086 1862 5157; x_wconf 81' lang='grc' dir='ltr'>ἀνεμποδίστως</span> 
     </span>
    </p>
   </div>
   <div class='ocr_carea' id='block_1_103' title="bbox 284 5180 1862 5253">
    <p class='ocr_par' dir='ltr' id='par_1_103' title="bbox 284 5180 1862 5253">
     <span class='ocr_line' id='line_1_103' title="bbox 284 5180 1862 5253; baseline -0.002 -17"><span class='ocrx_word' id='word_1_779' title='bbox 284 5190 365 5241; x_wconf 75' lang='grc' dir='ltr'>τήν</span> <span class='ocrx_word' id='word_1_780' title='bbox 390 5190 485 5243; x_wconf 81' lang='grc' dir='ltr'><strong>σήν</strong></span> <span class='ocrx_word' id='word_1_781' title='bbox 514 5183 722 5253; x_wconf 65' lang='grc' dir='ltr'>ἀγάπην</span> <span class='ocrx_word' id='word_1_782' title='bbox 752 5188 840 5242; x_wconf 67' lang='grc' dir='ltr'>τήν</span> <span class='ocrx_word' id='word_1_783' title='bbox 863 5182 1284 5251; x_wconf 75' lang='grc' dir='ltr'>ἐμπιστευθεῖσαν</span> <span class='ocrx_word' id='word_1_784' title='bbox 1324 5200 1404 5234; x_wconf 89' lang='grc' dir='ltr'><strong>σοι</strong></span> <span class='ocrx_word' id='word_1_785' title='bbox 1432 5180 1576 5250; x_wconf 81' lang='grc' dir='ltr'><strong>παρά</strong></span> <span class='ocrx_word' id='word_1_786' title='bbox 1604 5188 1696 5240; x_wconf 74' lang='grc' dir='ltr'>τῆς</span> <span class='ocrx_word' id='word_1_787' title='bbox 1731 5181 1862 5233; x_wconf 85' lang='grc' dir='ltr'>ἀπο-</span> 
     </span>
    </p>
   </div>
   <div class='ocr_carea' id='block_1_104' title="bbox 285 5272 1864 5346">
    <p class='ocr_par' dir='ltr' id='par_1_104' title="bbox 285 5272 1864 5346">
     <span class='ocr_line' id='line_1_104' title="bbox 285 5272 1864 5346; baseline -0.002 -17"><span class='ocrx_word' id='word_1_788' title='bbox 285 5277 515 5338; x_wconf 76' lang='grc' dir='ltr'>στολικῆς</span> <span class='ocrx_word' id='word_1_789' title='bbox 537 5279 678 5346; x_wconf 71' lang='grc' dir='ltr'>ἡμῶν</span> <span class='ocrx_word' id='word_1_790' title='bbox 711 5277 967 5335; x_wconf 84' lang='grc' dir='ltr'>αὐθεντίας</span> <span class='ocrx_word' id='word_1_791' title='bbox 1001 5273 1252 5330; x_wconf 81' lang='grc' dir='ltr'>διακονίαν</span> <span class='ocrx_word' id='word_1_792' title='bbox 1271 5272 1722 5345; x_wconf 67' lang='grc' dir='ltr'>προσετρεψάμεθσ</span> <span class='ocrx_word' id='word_1_793' title='bbox 1745 5276 1864 5334; x_wconf 76' lang='grc' dir='ltr'>τοὺς</span> 
     </span>
    </p>
   </div>
   <div class='ocr_carea' id='block_1_105' title="bbox 285 5361 1867 5436">
    <p class='ocr_par' dir='ltr' id='par_1_105' title="bbox 285 5361 1867 5436">
     <span class='ocr_line' id='line_1_105' title="bbox 285 5361 1867 5436; baseline 0 -21"><span class='ocrx_word' id='word_1_794' title='bbox 285 5366 513 5436; x_wconf 72' lang='grc' dir='ltr'>Θεοφιλεῖς</span> <span class='ocrx_word' id='word_1_795' title='bbox 551 5363 867 5424; x_wconf 84' lang='grc' dir='ltr'>ἐπισκόπους</span> <span class='ocrx_word' id='word_1_796' title='bbox 910 5372 1008 5419; x_wconf 88' lang='grc' dir='ltr'><strong>τῶν</strong></span> <span class='ocrx_word' id='word_1_797' title='bbox 1055 5365 1248 5427; x_wconf 84' lang='grc' dir='ltr'>αὐτόθι,</span> <span class='ocrx_word' id='word_1_798' title='bbox 1290 5361 1542 5435; x_wconf 79' lang='grc' dir='ltr'>Θεόδωρον</span> <span class='ocrx_word' id='word_1_799' title='bbox 1588 5363 1714 5434; x_wconf 82' lang='grc' dir='ltr'>λέγω</span> <span class='ocrx_word' id='word_1_800' title='bbox 1740 5403 1754 5425; x_wconf 87' lang='grc'><strong>,</strong></span> <span class='ocrx_word' id='word_1_801' title='bbox 1781 5365 1867 5418; x_wconf 84' lang='grc' dir='ltr'>τὸν</span> 
     </span>
    </p>
   </div>
   <div class='ocr_carea' id='block_1_106' title="bbox 288 5454 1868 5520">
    <p class='ocr_par' dir='ltr' id='par_1_106' title="bbox 288 5454 1868 5520">
     <span class='ocr_line' id='line_1_106' title="bbox 288 5454 1868 5520; baseline -0.006 -5"><span class='ocrx_word' id='word_1_802' title='bbox 288 5463 313 5491; x_wconf 74' lang='grc'><strong><em>⁸</em></strong></span> <span class='ocrx_word' id='word_1_803' title='bbox 350 5458 677 5520; x_wconf 67' lang='grc' dir='ltr'>Εσξοῦντων,</span> <span class='ocrx_word' id='word_1_804' title='bbox 707 5460 792 5512; x_wconf 81' lang='grc' dir='ltr'><strong>καί</strong></span> <span class='ocrx_word' id='word_1_805' title='bbox 830 5454 1105 5520; x_wconf 64' lang='grc' dir='ltr'>Ἄντώνιον,</span> <span class='ocrx_word' id='word_1_806' title='bbox 1140 5456 1224 5512; x_wconf 84' lang='grc' dir='ltr'><strong>τόν</strong></span> <span class='ocrx_word' id='word_1_807' title='bbox 1254 5456 1503 5518; x_wconf 81' lang='grc' dir='ltr'>Βακαθῶν,</span> <span class='ocrx_word' id='word_1_808' title='bbox 1533 5455 1785 5509; x_wconf 81' lang='grc' dir='ltr'>συνελθεῖν</span> <span class='ocrx_word' id='word_1_809' title='bbox 1820 5456 1868 5507; x_wconf 78' lang='grc' dir='ltr'><strong>ἐν</strong></span> 
     </span>
    </p>
   </div>
   <div class='ocr_carea' id='block_1_107' title="bbox 359 5653 1862 5720">
    <p class='ocr_par' dir='ltr' id='par_1_107' title="bbox 359 5653 1862 5720">
     <span class='ocr_line' id='line_1_107' title="bbox 359 5653 1862 5720; baseline -0.001 -10"><span class='ocrx_word' id='word_1_810' title='bbox 359 5662 381 5686; x_wconf 73' lang='grc'><strong>⁸³</strong></span> <span class='ocrx_word' id='word_1_811' title='bbox 412 5655 634 5715; x_wconf 71' lang='grc' dir='ltr'>ἐσεούς</span> <span class='ocrx_word' id='word_1_812' title='bbox 663 5654 715 5709; x_wconf 91' lang='lat' dir='ltr'><strong>in</strong></span> <span class='ocrx_word' id='word_1_813' title='bbox 751 5653 972 5720; x_wconf 81' lang='lat' dir='ltr'><strong>Arabia;</strong></span> <span class='ocrx_word' id='word_1_814' title='bbox 1006 5654 1208 5709; x_wconf 74' lang='grc' dir='ltr'>Βάκαθκ</span> <span class='ocrx_word' id='word_1_815' title='bbox 1234 5656 1282 5708; x_wconf 90' lang='lat' dir='ltr'><strong>in</strong></span> <span class='ocrx_word' id='word_1_816' title='bbox 1319 5654 1522 5711; x_wconf 67' lang='lat' dir='ltr'><strong>Pala‘st.</strong></span> <span class='ocrx_word' id='word_1_817' title='bbox 1557 5655 1593 5708; x_wconf 91' lang='lat' dir='ltr'><strong>l.</strong></span> <span class='ocrx_word' id='word_1_818' title='bbox 1630 5653 1862 5709; x_wconf 71' lang='lat' dir='ltr'><strong>lisnrm-</strong></span> 
     </span>
    </p>
   </div>
   <div class='ocr_carea' id='block_1_108' title="bbox 289 5738 400 5778">
    <p class='ocr_par' dir='ltr' id='par_1_108' title="bbox 289 5738 400 5778">
     <span class='ocr_line' id='line_1_108' title="bbox 289 5738 400 5778; baseline 0.018 -1"><span class='ocrx_word' id='word_1_819' title='bbox 289 5738 400 5778; x_wconf 55' lang='lat'><strong>51:3.</strong></span> 
     </span>
    </p>
   </div>
   <div class='ocr_carea' id='block_1_109' title="bbox 1954 4536 3531 4612">
    <p class='ocr_par' dir='ltr' id='par_1_109' title="bbox 1954 4536 3531 4612">
     <span class='ocr_line' id='line_1_109' title="bbox 1954 4536 3531 4612; baseline -0.005 -16"><span class='ocrx_word' id='word_1_820' title='bbox 1954 4553 2072 4596; x_wconf 85' lang='lat' dir='ltr'><strong>sunt</strong></span> <span class='ocrx_word' id='word_1_821' title='bbox 2097 4544 2202 4603; x_wconf 89' lang='lat' dir='ltr'><strong>tibi,</strong></span> <span class='ocrx_word' id='word_1_822' title='bbox 2237 4545 2399 4596; x_wconf 80' lang='lat' dir='ltr'><strong>sciens</strong></span> <span class='ocrx_word' id='word_1_823' title='bbox 2420 4558 2451 4594; x_wconf 89' lang='lat' dir='ltr'><strong>a</strong></span> <span class='ocrx_word' id='word_1_824' title='bbox 2481 4543 2660 4612; x_wconf 85' lang='lat' dir='ltr'><strong>quibus</strong></span> <span class='ocrx_word' id='word_1_825' title='bbox 2688 4541 2924 4594; x_wconf 79' lang='lat' dir='ltr'><strong>didiceris</strong></span> <span class='ocrx_word' id='word_1_826' title='bbox 2955 4538 3037 4604; x_wconf 87' lang='lat' dir='ltr'><strong>(II</strong></span> <span class='ocrx_word' id='word_1_827' title='bbox 3073 4538 3201 4591; x_wconf 84' lang='lat' dir='ltr'><strong>Tim.</strong></span> <span class='ocrx_word' id='word_1_828' title='bbox 3231 4539 3333 4599; x_wconf 84' lang='lat' dir='ltr'><strong>tu).</strong></span> <span class='ocrx_word' id='word_1_829' title='bbox 3367 4536 3531 4589; x_wconf 84' lang='lat' dir='ltr'><strong>Nemo</strong></span> 
     </span>
    </p>
   </div>
   <div class='ocr_carea' id='block_1_110' title="bbox 1955 4630 3531 4701">
    <p class='ocr_par' dir='ltr' id='par_1_110' title="bbox 1955 4630 3531 4701">
     <span class='ocr_line' id='line_1_110' title="bbox 1955 4630 3531 4701; baseline -0.006 -13"><span class='ocrx_word' id='word_1_830' title='bbox 1955 4637 2290 4688; x_wconf 85' lang='lat' dir='ltr'><strong>sacerdotium</strong></span> <span class='ocrx_word' id='word_1_831' title='bbox 2317 4647 2459 4688; x_wconf 87' lang='lat' dir='ltr'><strong>tuum</strong></span> <span class='ocrx_word' id='word_1_832' title='bbox 2485 4642 2789 4701; x_wconf 85' lang='lat' dir='ltr'><strong>contemnat,</strong></span> <span class='ocrx_word' id='word_1_833' title='bbox 2822 4634 2913 4687; x_wconf 86' lang='lat' dir='ltr'><strong>sed</strong></span> <span class='ocrx_word' id='word_1_834' title='bbox 2939 4637 3101 4701; x_wconf 74' lang='lat' dir='ltr'><strong>[arma</strong></span> <span class='ocrx_word' id='word_1_835' title='bbox 3131 4630 3458 4683; x_wconf 24' lang='lat' dir='ltr'><strong>sis‘omnibus</strong></span> <span class='ocrx_word' id='word_1_836' title='bbox 3481 4633 3531 4680; x_wconf 87' lang='lat' dir='ltr'><strong>in</strong></span> 
     </span>
    </p>
   </div>
   <div class='ocr_carea' id='block_1_111' title="bbox 1956 4720 3532 4793">
    <p class='ocr_par' dir='ltr' id='par_1_111' title="bbox 1956 4720 3532 4793">
     <span class='ocr_line' id='line_1_111' title="bbox 1956 4720 3532 4793; baseline -0.006 -12"><span class='ocrx_word' id='word_1_837' title='bbox 1956 4745 2212 4793; x_wconf 87' lang='lat' dir='ltr'><strong>sermone,</strong></span> <span class='ocrx_word' id='word_1_838' title='bbox 2263 4730 2314 4781; x_wconf 89' lang='lat' dir='ltr'><strong>in</strong></span> <span class='ocrx_word' id='word_1_839' title='bbox 2356 4729 2746 4791; x_wconf 82' lang='lat' dir='ltr'><strong>conversatione,</strong></span> <span class='ocrx_word' id='word_1_840' title='bbox 2796 4727 2848 4779; x_wconf 89' lang='lat' dir='ltr'><strong>in</strong></span> <span class='ocrx_word' id='word_1_841' title='bbox 2896 4724 3182 4786; x_wconf 82' lang='lat' dir='ltr'><strong>dilectione,</strong></span> <span class='ocrx_word' id='word_1_842' title='bbox 3216 4723 3268 4774; x_wconf 89' lang='lat' dir='ltr'><strong>in</strong></span> <span class='ocrx_word' id='word_1_843' title='bbox 3307 4721 3427 4788; x_wconf 82' lang='lat' dir='ltr'><strong>ﬁde,</strong></span> <span class='ocrx_word' id='word_1_844' title='bbox 3481 4720 3532 4770; x_wconf 87' lang='lat' dir='ltr'><strong>in</strong></span> 
     </span>
    </p>
   </div>
   <div class='ocr_carea' id='block_1_112' title="bbox 1959 4812 3528 4881">
    <p class='ocr_par' dir='ltr' id='par_1_112' title="bbox 1959 4812 3528 4881">
     <span class='ocr_line' id='line_1_112' title="bbox 1959 4812 3528 4881; baseline -0.008 -9"><span class='ocrx_word' id='word_1_845' title='bbox 1959 4821 2246 4873; x_wconf 85' lang='lat' dir='ltr'><strong>sanctitate.</strong></span> <span class='ocrx_word' id='word_1_846' title='bbox 2297 4820 2511 4875; x_wconf 82' lang='lat' dir='ltr'><strong>Attende</strong></span> <span class='ocrx_word' id='word_1_847' title='bbox 2554 4818 2791 4881; x_wconf 59' lang='lat' dir='ltr'><strong>lectioni,</strong></span> <span class='ocrx_word' id='word_1_848' title='bbox 2853 4815 3211 4874; x_wconf 78' lang='lat' dir='ltr'><strong>exhortationi,</strong></span> <span class='ocrx_word' id='word_1_849' title='bbox 3260 4812 3528 4862; x_wconf 71' lang='lat' dir='ltr'><strong>doctrinm.</strong></span> 
     </span>
    </p>
   </div>
   <div class='ocr_carea' id='block_1_113' title="bbox 1961 4899 3532 4980">
    <p class='ocr_par' dir='ltr' id='par_1_113' title="bbox 1961 4899 3532 4980">
     <span class='ocr_line' id='line_1_113' title="bbox 1961 4899 3532 4980; baseline -0.01 -18"><span class='ocrx_word' id='word_1_850' title='bbox 1961 4909 2090 4964; x_wconf 80' lang='lat' dir='ltr'><strong>Noli</strong></span> <span class='ocrx_word' id='word_1_851' title='bbox 2118 4913 2367 4980; x_wconf 85' lang='lat' dir='ltr'><strong>negligere</strong></span> <span class='ocrx_word' id='word_1_852' title='bbox 2395 4910 2612 4978; x_wconf 75' lang='lat' dir='ltr'><strong>gratiam</strong></span> <span class='ocrx_word' id='word_1_853' title='bbox 2637 4923 2750 4977; x_wconf 72' lang='lat' dir='ltr'><strong>qua:</strong></span> <span class='ocrx_word' id='word_1_854' title='bbox 2774 4908 2826 4959; x_wconf 91' lang='lat' dir='ltr'><strong>in</strong></span> <span class='ocrx_word' id='word_1_855' title='bbox 2859 4914 2904 4959; x_wconf 88' lang='lat' dir='ltr'><strong>te</strong></span> <span class='ocrx_word' id='word_1_856' title='bbox 2932 4914 3023 4967; x_wconf 88' lang='lat' dir='ltr'><strong>est,</strong></span> <span class='ocrx_word' id='word_1_857' title='bbox 3069 4919 3182 4971; x_wconf 80' lang='lat' dir='ltr'><strong>qure</strong></span> <span class='ocrx_word' id='word_1_858' title='bbox 3209 4901 3331 4951; x_wconf 85' lang='lat' dir='ltr'><strong>data</strong></span> <span class='ocrx_word' id='word_1_859' title='bbox 3352 4908 3422 4950; x_wconf 89' lang='lat' dir='ltr'><strong>est</strong></span> <span class='ocrx_word' id='word_1_860' title='bbox 3447 4899 3532 4948; x_wconf 68' lang='lat' dir='ltr'><strong>tibi</strong></span> 
     </span>
    </p>
   </div>
   <div class='ocr_carea' id='block_1_114' title="bbox 1963 4991 3535 5072">
    <p class='ocr_par' dir='ltr' id='par_1_114' title="bbox 1963 4991 3535 5072">
     <span class='ocr_line' id='line_1_114' title="bbox 1963 4991 3535 5072; baseline -0.013 -15"><span class='ocrx_word' id='word_1_861' title='bbox 1963 5018 2054 5072; x_wconf 88' lang='lat' dir='ltr'><strong>per</strong></span> <span class='ocrx_word' id='word_1_862' title='bbox 2099 5004 2465 5057; x_wconf 62' lang='lat' dir='ltr'><strong>sacerdotalem</strong></span> <span class='ocrx_word' id='word_1_863' title='bbox 2523 4999 2854 5068; x_wconf 86' lang='lat' dir='ltr'><strong>dignitatem,</strong></span> <span class='ocrx_word' id='word_1_864' title='bbox 2907 5003 2953 5048; x_wconf 88' lang='lat' dir='ltr'><strong>et</strong></span> <span class='ocrx_word' id='word_1_865' title='bbox 2999 4991 3306 5058; x_wconf 78' lang='lat' dir='ltr'><strong>{unctionem</strong></span> <span class='ocrx_word' id='word_1_866' title='bbox 3351 4999 3535 5038; x_wconf 73' lang='lat' dir='ltr'><strong>nostra!</strong></span> 
     </span>
    </p>
   </div>
   <div class='ocr_carea' id='block_1_115' title="bbox 1962 5083 3535 5170">
    <p class='ocr_par' dir='ltr' id='par_1_115' title="bbox 1962 5083 3535 5170">
     <span class='ocr_line' id='line_1_115' title="bbox 1962 5083 3535 5170; baseline -0.018 -15"><span class='ocrx_word' id='word_1_867' title='bbox 1962 5099 2255 5170; x_wconf 69' lang='lat' dir='ltr'><strong>apostolica!</strong></span> <span class='ocrx_word' id='word_1_868' title='bbox 2286 5095 2426 5157; x_wconf 79' lang='lat' dir='ltr'><strong>vicis,</strong></span> <span class='ocrx_word' id='word_1_869' title='bbox 2454 5102 2507 5146; x_wconf 91' lang='lat' dir='ltr'><strong>ut</strong></span> <span class='ocrx_word' id='word_1_870' title='bbox 2541 5091 2794 5161; x_wconf 75' lang='lat' dir='ltr'><strong>profectus</strong></span> <span class='ocrx_word' id='word_1_871' title='bbox 2817 5096 2932 5140; x_wconf 85' lang='lat' dir='ltr'><strong>tuus</strong></span> <span class='ocrx_word' id='word_1_872' title='bbox 2971 5083 3268 5170; x_wconf 81' lang='lat' dir='ltr'><strong>manifestus</strong></span> <span class='ocrx_word' id='word_1_873' title='bbox 3295 5093 3357 5129; x_wconf 86' lang='lat' dir='ltr'><strong>ac</strong></span> <span class='ocrx_word' id='word_1_874' title='bbox 3387 5086 3535 5170; x_wconf 33' lang='lat' dir='ltr'><strong>testas</strong></span> 
     </span>
    </p>
   </div>
   <div class='ocr_carea' id='block_1_116' title="bbox 1963 5168 3537 5259">
    <p class='ocr_par' dir='ltr' id='par_1_116' title="bbox 1963 5168 3537 5259">
     <span class='ocr_line' id='line_1_116' title="bbox 1963 5168 3537 5259; baseline -0.02 -12"><span class='ocrx_word' id='word_1_875' title='bbox 1963 5168 2048 5248; x_wconf 81' lang='lat' dir='ltr'><strong>tus</strong></span> <span class='ocrx_word' id='word_1_876' title='bbox 2075 5195 2138 5244; x_wconf 80' lang='lat' dir='ltr'><strong>sit</strong></span> <span class='ocrx_word' id='word_1_877' title='bbox 2172 5187 2220 5259; x_wconf 86' lang='lat' dir='ltr'><strong>(l</strong></span> <span class='ocrx_word' id='word_1_878' title='bbox 2258 5187 2390 5240; x_wconf 84' lang='lat' dir='ltr'><strong>Tim.</strong></span> <span class='ocrx_word' id='word_1_879' title='bbox 2423 5183 2518 5254; x_wconf 78' lang='lat' dir='ltr'><strong>tv),</strong></span> <span class='ocrx_word' id='word_1_880' title='bbox 2569 5192 2622 5236; x_wconf 89' lang='lat' dir='ltr'><strong>et</strong></span> <span class='ocrx_word' id='word_1_881' title='bbox 2667 5191 2789 5234; x_wconf 91' lang='lat' dir='ltr'><strong>ante</strong></span> <span class='ocrx_word' id='word_1_882' title='bbox 2829 5189 3016 5231; x_wconf 85' lang='lat' dir='ltr'><strong>omnes</strong></span> <span class='ocrx_word' id='word_1_883' title='bbox 3065 5172 3164 5241; x_wconf 83' lang='lat' dir='ltr'><strong>ipsi</strong></span> <span class='ocrx_word' id='word_1_884' title='bbox 3215 5169 3344 5230; x_wconf 85' lang='lat' dir='ltr'><strong>Deo,</strong></span> <span class='ocrx_word' id='word_1_885' title='bbox 3403 5168 3537 5232; x_wconf 77' lang='lat' dir='ltr'><strong>apud</strong></span> 
     </span>
    </p>
   </div>
   <div class='ocr_carea' id='block_1_117' title="bbox 1964 5259 3530 5354">
    <p class='ocr_par' dir='ltr' id='par_1_117' title="bbox 1964 5259 3530 5354">
     <span class='ocr_line' id='line_1_117' title="bbox 1964 5259 3530 5354; baseline -0.019 -16"><span class='ocrx_word' id='word_1_886' title='bbox 1964 5298 2122 5354; x_wconf 86' lang='lat' dir='ltr'><strong>quem</strong></span> <span class='ocrx_word' id='word_1_887' title='bbox 2163 5285 2533 5344; x_wconf 88' lang='lat' dir='ltr'><strong>susceptorum</strong></span> <span class='ocrx_word' id='word_1_888' title='bbox 2580 5285 2679 5340; x_wconf 89' lang='lat' dir='ltr'><strong>pro</strong></span> <span class='ocrx_word' id='word_1_889' title='bbox 2708 5270 2900 5323; x_wconf 79' lang='lat' dir='ltr'><strong>virtute</strong></span> <span class='ocrx_word' id='word_1_890' title='bbox 2947 5274 3000 5318; x_wconf 90' lang='lat' dir='ltr'><strong>et</strong></span> <span class='ocrx_word' id='word_1_891' title='bbox 3044 5263 3242 5332; x_wconf 87' lang='lat' dir='ltr'><strong>pietate</strong></span> <span class='ocrx_word' id='word_1_892' title='bbox 3291 5259 3530 5312; x_wconf 78' lang='lat' dir='ltr'><strong>laborum</strong></span> 
     </span>
    </p>
   </div>
   <div class='ocr_carea' id='block_1_118' title="bbox 1967 5354 3538 5453">
    <p class='ocr_par' dir='ltr' id='par_1_118' title="bbox 1967 5354 3538 5453">
     <span class='ocr_line' id='line_1_118' title="bbox 1967 5354 3538 5453; baseline -0.018 -22"><span class='ocrx_word' id='word_1_893' title='bbox 1967 5375 2198 5444; x_wconf 86' lang='lat' dir='ltr'><strong>reposita</strong></span> <span class='ocrx_word' id='word_1_894' title='bbox 2233 5379 2315 5426; x_wconf 89' lang='lat' dir='ltr'><strong>cst</strong></span> <span class='ocrx_word' id='word_1_895' title='bbox 2366 5369 2538 5437; x_wconf 83' lang='lat' dir='ltr'><strong>dignis</strong></span> <span class='ocrx_word' id='word_1_896' title='bbox 2591 5366 2705 5417; x_wconf 87' lang='lat' dir='ltr'><strong>laus</strong></span> <span class='ocrx_word' id='word_1_897' title='bbox 2750 5372 2804 5416; x_wconf 88' lang='lat' dir='ltr'><strong>et</strong></span> <span class='ocrx_word' id='word_1_898' title='bbox 2854 5373 3047 5414; x_wconf 88' lang='lat' dir='ltr'><strong>corona</strong></span> <span class='ocrx_word' id='word_1_899' title='bbox 3097 5354 3335 5424; x_wconf 60' lang='lat' dir='ltr'><strong>iustitiae,</strong></span> <span class='ocrx_word' id='word_1_900' title='bbox 3384 5366 3538 5453; x_wconf 66' lang='lat' dir='ltr'><strong>quam</strong></span> 
     </span>
    </p>
   </div>
   <div class='ocr_carea' id='block_1_119' title="bbox 1968 5447 3539 5528">
    <p class='ocr_par' dir='ltr' id='par_1_119' title="bbox 1968 5447 3539 5528">
     <span class='ocr_line' id='line_1_119' title="bbox 1968 5447 3539 5528; baseline -0.015 -10"><span class='ocrx_word' id='word_1_901' title='bbox 1968 5464 2153 5518; x_wconf 85' lang='lat' dir='ltr'><strong>reddet</strong></span> <span class='ocrx_word' id='word_1_902' title='bbox 2185 5461 2278 5515; x_wconf 85' lang='lat' dir='ltr'><strong>tibi</strong></span> <span class='ocrx_word' id='word_1_903' title='bbox 2323 5459 2498 5528; x_wconf 84' lang='lat' dir='ltr'><strong>justus</strong></span> <span class='ocrx_word' id='word_1_904' title='bbox 2537 5455 2725 5524; x_wconf 78' lang='lat' dir='ltr'><strong>judcx,</strong></span> <span class='ocrx_word' id='word_1_905' title='bbox 2781 5450 2870 5519; x_wconf 91' lang='lat' dir='ltr'><strong>qui</strong></span> <span class='ocrx_word' id='word_1_906' title='bbox 2919 5447 3152 5518; x_wconf 80' lang='lat' dir='ltr'><strong>perfecte</strong></span> <span class='ocrx_word' id='word_1_907' title='bbox 3200 5459 3380 5500; x_wconf 75' lang='lat' dir='ltr'><strong>serves</strong></span> <span class='ocrx_word' id='word_1_908' title='bbox 3429 5447 3539 5512; x_wconf 61' lang='lat' dir='ltr'><strong>eges</strong></span> 
     </span>
    </p>
   </div>
   <div class='ocr_carea' id='block_1_120' title="bbox 2042 5653 2642 5714">
    <p class='ocr_par' dir='ltr' id='par_1_120' title="bbox 2042 5653 2642 5714">
     <span class='ocr_line' id='line_1_120' title="bbox 2042 5653 2642 5714; baseline -0.02 1"><span class='ocrx_word' id='word_1_909' title='bbox 2042 5660 2066 5697; x_wconf 61' lang='grc' dir='ltr'>δ</span> <span class='ocrx_word' id='word_1_910' title='bbox 2112 5659 2363 5714; x_wconf 78' lang='lat' dir='ltr'><strong>Monastc:</strong></span> <span class='ocrx_word' id='word_1_911' title='bbox 2380 5654 2434 5708; x_wconf 89' lang='lat' dir='ltr'><strong>ii.</strong></span> <span class='ocrx_word' id='word_1_912' title='bbox 2475 5653 2642 5709; x_wconf 72' lang='lat' dir='ltr'><strong>llsno.</strong></span> 
     </span>
    </p>
   </div>
  </div>
