3944 6170
415 280 517 337 163

1699 277 1755 331 S.
1796 276 2074 333 MARTINI
2115 275 2313 331 PAPI‘E
2352 273 2374 328 ῐ

3551 275 3649 333 166

416 391 766 447 orthodoxam
812 390 1005 455 ﬁdem,
1056 398 1111 443 et
1158 388 1458 443 mandatum
1505 396 1750 456 prompto
1793 388 1973 442 animo

2097 394 2213 442 τᾶσι
2234 388 2316 440 καί
2341 385 2743 457 ἔξυπηρετῆσθαι
2772 385 2906 437 κατὰ
2932 381 3143 449 δύναμιν
3174 393 3235 457 τῇ
3264 386 3475 462 τοιαύτῃ
3504 411 3652 445 πνευ-

419 482 664 554 impleas,
714 482 764 536 in
788 482 1012 550 gloriosa
1040 481 1155 547 ejus
1180 494 1245 534 ac
1291 481 1564 533 tremenda
1618 478 1970 547 apparitione.

417 573 552 627 Ecce
583 588 707 626 vero
741 574 791 624 in
824 571 1101 634 auxilium,
1153 581 1209 623 ut
1256 585 1446 638 magno
1494 569 1695 632 studio,
1742 584 1805 623 ac
1856 567 1977 622 sine

418 662 525 717 ullo
557 661 950 729 impedimento,
980 659 1209 713 Charitas
1240 668 1323 715 tua
1356 659 1707 713 ministerium
1739 659 1976 727 impleat,

414 769 443 806 a
476 762 650 806 nostra
683 751 973 818 apostolica
1005 751 1321 804 auctoritate
1344 750 1436 803 tibi
1459 749 1823 815 commissum,
1850 749 1974 802 hor-

418 844 511 896 tati
565 856 749 896 sumus
804 842 911 895 Deo
964 843 1221 895 amabiles
1278 843 1577 910 episcopos,
1637 842 1806 905 ipsum
1860 841 1980 895 dico

418 936 754 990 Theodorum
781 936 1177 996 Esbuntiorum,
1206 943 1260 987 et
1283 936 1568 988 Antonium
1600 934 1980 996 Bacathorum,

420 1028 608 1080 adesse
640 1027 690 1079 in
721 1027 988 1090 omnibus,
1034 1041 1095 1079 ac
1120 1041 1213 1093 pro
1253 1026 1455 1080 viribus
1500 1026 1756 1079 inservire
1801 1026 1984 1093 hujus-

417 1117 556 1169 modi
586 1118 840 1183 spirituali
891 1117 1148 1169 voluntati
1198 1127 1339 1179 tuze;
1392 1115 1704 1184 quibuscum
1743 1125 1796 1170 et
1825 1114 1985 1169 Geor-

2081 485 2265 549 ματικῇ
2310 475 2551 530 διαθέσει⁶
2601 472 2791 544 μεθ’ὧν
2840 478 2925 527 καί
2978 477 3222 547 Γεώργιον
3268 479 3351 531 τὸν
3398 479 3655 548 ἀγαπητὸν

2081 566 2427 641 πρεσϐύτερον
2457 567 2539 617 καί
2563 562 2983 637 ’Δρχιμανδρίτην
3006 604 3019 625 ,
3068 568 3154 618 καί
3195 568 3377 640 Πέτρον
3403 570 3490 621 τὸν
3520 569 3655 639 φιλό-

2086 678 2323 732 χριστον,
2364 657 2491 724 λέγω
2527 654 2607 719 δή,
2632 658 2715 709 τὸν
2752 657 2853 709 ἀπὸ
2878 665 2902 691 ⁸
2923 656 3168 731 ’Δδραῶν,
3198 662 3282 712 καί
3328 659 3501 719 ἁπλῶς
3540 664 3655 719 τοὺς

2084 754 2182 801 τῶν
2220 753 2383 819 μερῶν
2411 746 2604 800 ἐκείνων
2638 746 2811 799 πίστιν
2841 743 2969 800 Θεοῦ
3003 750 3085 800 καί
3123 747 3268 809 ζῆλον
3303 749 3456 808 ἀληθῆ
3486 769 3654 808 κεκτη·

2086 840 2284 907 μένους.
2308 835 2401 888 Ὧν
2423 835 2448 889 ὁ
2471 838 2648 905 μισθὸς
2672 836 2828 895 πολὺς
2848 835 2879 890 ἒ
2880 859 3027 891 σεται
3047 840 3189 913 παρὰ
3210 843 3389 911 κυρίῳ,
3410 863 3651 913 συμπρο-

2086 928 2403 995 θυμουμένων
2425 929 2540 997 ἠμῖν
2576 927 2624 979 ἐν
2648 927 2844 997 ὑπακοῇ
2866 929 3006 997 πασῃ
3033 932 3119 982 καί
3151 929 3400 985 τελειώσει
3424 941 3514 992 τῆς
3544 934 3653 1002 χά·

2088 1036 2247 1089 ριτος.

419 1207 583 1274 gium,
616 1208 862 1260 dilectum
906 1207 1271 1277 presbyterum
1324 1214 1377 1259 et
1425 1205 1915 1270 archimandritam,
1947 1218 1998 1259 et
2031 1206 2243 1259 Petrum
2287 1205 2483 1260 Christi
2529 1217 2815 1276 amantem,
2846 1211 3169 1266 Adraensem
3202 1229 3409 1281 nempe,
3441 1230 3502 1268 ac
3545 1231 3658 1268 om-

423 1300 546 1349 nino
571 1312 664 1351 eos
690 1299 776 1365 qui
810 1300 859 1350 in
906 1298 1005 1350 illis
1048 1299 1295 1364 partibus
1329 1297 1483 1350 fidem
1533 1296 1623 1348 Dei
1654 1311 1946 1363 verumque
1974 1297 2143 1349 zelum
2177 1297 2377 1349 habent
2404 1339 2417 1359 ,
2444 1312 2666 1367 quorum
2700 1316 2902 1354 merces
2926 1303 3145 1369 plurima
3174 1305 3276 1357 erit
3306 1306 3438 1373 apud
3465 1307 3658 1375 Deum,

423 1404 543 1444 cum
576 1390 722 1444 vobis
748 1389 1209 1458 promptitudinem
1238 1388 1399 1442 animi
1432 1387 1696 1456 studiique
1724 1388 1805 1443 sui
1840 1390 2181 1458 prwstiterint
2213 1390 2263 1443 in
2295 1391 2435 1443 omni
2481 1391 2785 1445 obedientia
2816 1403 2868 1446 et
2893 1395 3073 1461 gratiae
3102 1396 3442 1464 perfectione.

2180 1545 2366 1555 ———

2374 1548 3653 1574 ———_.________*___

1418 1666 2296 1800 EPISTOLA
2393 1673 2623 1820 Vl,

1161 1896 1267 1955 AD
1311 1894 1807 1955 THEODORUM
1858 1892 2285 1954 EPISCOPUM
2330 1894 2884 1963 ESBUNTIORUM
2916 1902 2966 1964 δ.

506 2038 784 2103 Ostendit
815 2057 947 2099 eum
980 2056 1094 2097 sua
1123 2039 1508 2122 confessione
1535 2036 1970 2122 hereticorum
2000 2034 2281 2122 furorem
2306 2042 2687 2122 repressisse,
2717 2054 2775 2105 et
2804 2047 2886 2107 ad
2918 2048 3316 2115 obed.'endum
3346 2056 3590 2122 Joanni

976 2117 1422 2195 Philadelphia:
1446 2117 1761 2194 episcopo,
1793 2133 1964 2193 quem
1996 2116 2408 2176 constituerat
2434 2121 2762 2196 vicarium,
2790 2126 3107 2189 hortatur.

495 2301 775 2357 Theodoro
803 2300 1051 2369 episcopo
1085 2299 1481 2367 Esbuntiorum,
1516 2303 1772 2358 Martinus
1800 2320 1989 2359 servus

2161 2303 2401 2376 Θεοδώρῳ
2428 2306 2686 2378 ἐπισκόπῳ
2716 2307 3049 2375 Ἐσϐοὐντων,
3090 2322 3342 2388 Marp-rivo;
3364 2319 3535 2385 δοῦλος
3568 2335 3673 2381 τῶν

430 2407 705 2447 servorum
736 2392 862 2457 Dei,
913 2402 1108 2446 sancta:
1151 2393 1268 2463 ejus
1309 2394 1582 2448 catholicae
1609 2405 1664 2448 et
1694 2398 1995 2463 apostolicae

433 2484 789 2537 Romanorum
823 2482 1069 2536 Ecclesia:
1097 2486 1395 2551 episcopus.

509 2573 598 2625 Est
623 2573 853 2641 confusio
877 2573 1133 2626 adducens
1160 2584 1434 2639 peccatum,
1461 2583 1508 2628 et
1534 2586 1606 2629 est
1633 2577 1862 2646 carifusio
1894 2583 1993 2629 ad-

434 2666 621 2717 ducens
644 2664 859 2731 gloriam
886 2672 932 2716 et
959 2664 1175 2733 gratiam
1206 2664 1401 2734 (Eccle.
1430 2669 1525 2734 Iv).
1559 2667 1635 2720 Tu
1664 2669 1837 2736 igitur,
1867 2671 1995 2721 reli-

432 2753 726 2823 giosissime
774 2754 964 2819 frater,
1024 2755 1383 2809 confusionem
1430 2758 1825 2824 vituperabilem
1873 2758 1997 2811 cul-

436 2859 587 2910 pans,
618 2844 809 2911 scripta
845 2853 927 2896 tua
957 2845 1244 2898 secundum
1274 2845 1436 2899 Deum
1467 2848 1848 2913 satisl‘amione,
1881 2849 1997 2915 glo-

435 2935 565 2989 riam
611 2933 704 2987 tibi
748 2942 801 2986 et
827 2935 1047 3000 gratiam
1098 2936 1416 3003 acquisivisti
1451 2956 1461 2989 :
1492 2938 1711 3005 gloriam
1759 2941 1995 3007 quidem,

436 3024 787 3078 orthodoxam
828 3025 897 3079 de
940 3026 1053 3093 ipso
1084 3025 1304 3080 Domino
1332 3043 1393 3082 ac
1430 3028 1535 3082 Deo
1575 3039 1757 3084 nostro
1781 3032 1994 3086 confes-

437 3115 675 3177 sionem;
722 3116 940 3185 gratiam
973 3130 1119 3183 vero,
1169 3118 1505 3185 splendorem
1546 3129 1753 3175 tuorum
1802 3126 1854 3176 in
1890 3124 1997 3176 vir-

441 3215 551 3259 tnte
597 3204 878 3259 illustrium
909 3204 1201 3259 studiorum
1235 3226 1250 3262 :
1282 3206 1471 3276 quibus
1502 3225 1605 3264 non
1638 3211 1808 3266 solum
1846 3213 1995 3267 nobis

442 3296 713 3351 innotuisti
764 3299 815 3351 in
848 3297 1042 3366 pietate
1072 3300 1354 3367 perfectus,
1388 3302 1479 3356 sed
1511 3313 1564 3356 et
1595 3303 1690 3372 ipsi
1721 3307 1996 3360 universo-

435 3404 551 3443 num
583 3389 839 3442 Salvatori
869 3389 1079 3444 Christo
1113 3404 1236 3445 cum
1272 3392 1434 3446 multa
1477 3393 1717 3448 libertate
1748 3396 1991 3463 placitus,

436 3490 495 3531 ut
539 3480 589 3532 in
620 3479 768 3533 vobis
799 3480 1144 3549 apostolicum
1186 3481 1317 3538 illud
1343 3484 1409 3538 de
1436 3486 1633 3539 sanctis
1662 3486 1859 3542 dictmn
1893 3490 1991 3543 im-

433 3570 637 3637 pleatur
667 3589 680 3622 :
706 3570 882 3625 Sancti
903 3588 991 3642 per
1012 3573 1164 3639 ﬁdem
1193 3576 1416 3629 vicerunt
1448 3593 1622 3647 regna,
1646 3582 1840 3648 aperati
1877 3593 1993 3634 sunt

429 3660 698 3730 justitiam,
724 3660 896 3727 adepti
930 3670 1046 3714 sunt
1069 3664 1499 3731 repromissioncs,
1526 3671 1878 3722 obturat'erunt
1905 3687 1996 3725 ora

434 3751 658 3815 Icarium,
696 3754 1038 3808 exstinxertmt
1074 3755 1314 3822 impetum
1350 3758 1502 3826 ignis,
1538 3761 1893 3814 convaluerunt
1933 3765 1996 3817 de

435 3842 751 3907 inﬁrmitate,
788 3842 940 3911 fortes
972 3844 1096 3912 [acti
1127 3855 1242 3898 sunt
1278 3848 1331 3899 in
1364 3847 1514 3911 bello,
1548 3859 1713 3902 castra
1742 3860 1994 3906 vrrlerunt

435 3943 718 3986 exterarum
758 3934 942 4003 (Hebr.
984 3939 1083 4007 xl).
1142 3938 1321 3994 Vicisti
1371 3943 1549 4007 enim,
1602 3946 1996 4013 religiosissime

435 4024 614 4090 frater,
662 4027 946 4083 adversarii
977 4030 1168 4086 diaboli
1219 4032 1414 4087 malum
1462 4051 1705 4105 regnum,
1739 4039 1992 4106 justitiam

430 4117 481 4172 in
513 4118 630 4173 fidei
657 4122 1059 4178 confirmatione
1086 4136 1331 4191 operatus
1361 4142 1420 4181 es
1450 4147 1462 4181 :
1494 4130 1644 4198 cujus
1674 4134 1836 4201 gratia
1867 4134 1996 4189 ade-

432 4220 552 4276 ptus
591 4212 1029 4278 repromissiones
1070 4215 1314 4284 Spiritus,
1350 4218 1713 4274 hatreticurnm
1755 4237 1848 4276 ora
1880 4233 1996 4277 tan-

432 4317 588 4369 quam
615 4303 824 4357 leonum
855 4306 1130 4373 obturasti,
1146 4323 1207 4363 ac
1227 4312 1518 4365 exstinxisti
1536 4328 1718 4367 eorum
1743 4316 1993 4383 impetum

436 4390 723 4457 haereseos,
752 4392 897 4461 quasi
931 4395 1194 4450 flammam
1244 4399 1381 4467 ignis
1429 4403 1750 4469 aspiratione
1779 4408 1992 4473 gratim;

438 4498 539 4551 qua
587 4485 655 4537 ita
684 4486 1012 4541 confortatus
1042 4489 1450 4547 imbecillitatem
1479 4501 1755 4552 sententiae
1784 4500 1993 4555 illorum

435 4575 703 4641 devicisti,
735 4576 883 4631 fortis
929 4579 980 4632 in
1008 4580 1149 4634 bello
1175 4592 1356 4636 contra
1396 4600 1487 4640 eos
1534 4598 1781 4657 suscepto
1827 4588 1994 4656 fuisti,

437 4680 728 4735 eorumque
774 4669 979 4724 infirma
1028 4672 1442 4729 adulteriuorum
1472 4677 1773 4747 dogmatum
1821 4693 1994 4738 castra

434 4756 761 4812 sufﬁcienter
787 4760 1015 4829 vertisti,
1041 4777 1103 4816 ac
1131 4764 1297 4818 victor
1322 4781 1415 4834 per
1444 4770 1710 4838 proprium
1739 4774 1990 4838 scriptum

431 4848 718 4917 productus
771 4864 829 4904 es
880 4852 946 4904 ad
1000 4854 1233 4908 victoriae
1282 4865 1591 4927 auctorem,
1669 4861 1993 4920 Salvatorem

433 4939 668 4994 omnium
712 4940 997 5007 Christum,
1041 4946 1127 5012 qui
1178 4947 1371 5002 idcirco
1413 4953 1789 5008 sacerdotalem
1844 4959 1893 5009 iu
1945 4967 1996 5010 te

2097 2390 2284 2447 δούλων
2309 2402 2402 2449 τοῦ
2444 2403 2572 2451 Θεοῦ
2612 2398 2866 2460 καθολικῆς
2894 2404 2976 2454 καὶ
3015 2404 3350 2470 ἁποστοὴκῆς
3377 2414 3672 2478 Ἐκκλησίας

2096 2484 2393 2546 ἐπίσκοπος.

2164 2577 2331 2631 Ἐστίν
2374 2580 2603 2648 αἰσχύνη
2645 2582 2912 2651 ἐπάγουσα
2958 2583 3244 2660 ἁμαρτίαν,
3292 2596 3376 2646 καὶ
3403 2592 3551 2651 ἔστιν
3587 2603 3642 2653 αἱ
3664 2632 3670 2639 .

2098 2667 2291 2733 σχύνη,
2323 2665 2440 2731 δόξα
2463 2673 2544 2721 καὶ
2574 2672 2751 2744 χάρις.
2779 2678 2877 2732 Τήν
2915 2670 3000 2727 οὖν
3030 2675 3417 2751 διαϐεϐλημένην
3463 2691 3675 2759 αἰσχύ-

2095 2773 2176 2811 νην
2201 2751 2469 2819 διαϐαλὼν,
2496 2758 2831 2814 εύλαϐέστατε
2858 2762 3050 2834 ἀδελφέ,
3152 2773 3280 2825 κατὰ
3302 2776 3419 2827 Θεὸν
3440 2775 3615 2852 ἐγγραι
3631 2804 3674 2849 ῳ

2099 2865 2194 2897 σου
2224 2845 2548 2923 πληροφορίᾳ,
2597 2848 2740 2914 δόξαν
2778 2852 2945 2925 ἑαυτῷ
2984 2860 3064 2909 καί
3098 2862 3255 2933 χάριν
3302 2872 3670 2937 περιεποιήσω·

2097 2934 2246 2999 δόξαν
2273 2942 2363 3008 μέν
2384 2946 2471 2997 τήν
2498 2944 2568 3001 εἰς
2600 2946 2755 2998 αὐτὸν
2802 2948 2888 2999 τὸν
2916 2950 3090 3023 Κύριον
3119 2953 3253 3023 ἡμῶν
3294 2960 3378 3009 καί
3404 2962 3548 3026 Θεὸν,
3581 2963 3674 3037 ὀρ-

2096 3024 2291 3091 θοδοξον
2340 3030 2601 3102 ὁμολογίαν
2625 3049 2639 3065 ⁸
2681 3036 2838 3108 χάριν
2882 3036 2969 3100 δέ,
3005 3046 3092 3098 τήν
3132 3042 3459 3118 λαμπρότητα
3493 3060 3592 3107 τῶν
3622 3055 3674 3108 ἒν

2097 3116 2251 3189 ἀρετῇ
2294 3128 2538 3189 φωτεινῶν
2580 3119 2732 3176 αὐτου
2762 3124 3195 3196 σπουδασμὰτων.
3229 3134 3299 3187 Δι’
3342 3135 3407 3190 ὧν
3431 3141 3520 3193 οὐκ
3551 3144 3673 3213 ἡμῖν

2096 3207 2241 3275 μόνον
2269 3209 2568 3285 ἐγνωρίσϐης
2608 3214 2865 3287 ὑπάρχων
2910 3218 2958 3269 ἐν
2994 3221 3227 3296 εὐσεϐείᾳ
3272 3227 3671 3300 τετελειωμένος.

2241 3303 2320 3353 καί
2347 3304 2480 3370 αὐτῷ
2504 3311 2575 3372 τῷ
2604 3311 2795 3379 Σωτῆρι
2814 3314 2909 3360 τῶν
2934 3305 3055 3362 ὅλων
3074 3321 3275 3385 Χριστῷ
3299 3320 3389 3369 σὺν
3407 3321 3675 3397 παρρησίᾳ

2097 3390 2248 3463 πολλῇ
2262 3393 2552 3463 τυγχάνων,
2571 3397 2855 3470 εὐάρεστος³
2875 3404 2941 3459 ὡς
2963 3406 3045 3456 καί
3067 3406 3115 3456 ἐν
3130 3406 3252 3476 ὑμῖν
3268 3409 3321 3461 τὸ
3335 3412 3673 3469 ἀποστολικόν

2096 3485 2216 3552 περὶ
2244 3490 2340 3537 τῶν
2366 3484 2526 3557 ἁγίων
2570 3488 2887 3560 πληροῦσθαι
2914 3495 3059 3568 ρητόν
3104 3498 3163 3549 τὸ
3186 3497 3375 3567 φάσκον
3401 3518 3415 3531 ⁸
3446 3506 3505 3555 Οἱ
3538 3505 3676 3579 ἅγιοι

2098 3573 2180 3628 διὰ
2225 3578 2445 3636 πίστεως
2496 3584 2907 3652 κατηγωνίσαντο
2947 3586 3225 3655 βασιλείας.
3256 3594 3553 3663 εἰργάσαντο
3590 3598 3675 3657 δι·

2100 3672 2391 3737 καιοσύνην,
2409 3675 2663 3744 ὶπέτυχον
2683 3678 3002 3750 ἐπαγγελιῶν,
3030 3681 3245 3759 ἔφραξαν
3274 3691 3504 3759 στόματα
3527 3694 3672 3750 λεέν-

2099 3783 2215 3824 των,
2231 3759 2458 3818 ἔσϐεσαν
2488 3763 2698 3836 δύναμιν
2718 3773 2903 3841 πυρές,
2925 3770 3366 3846 ἐνεδυναμώθησαν
3389 3785 3489 3837 ἀπὸ
3516 3787 3673 3840 ἀσθε-

2098 3854 2556 3925 νείας,ἔγενήθησαν
2582 3858 2797 3929 ἰσχυροί
2826 3863 2873 3914 ἐν
2894 3864 3114 3936 πολέμῳ,
3138 3872 3458 3945 παρεμεῗολάς
3479 3877 3674 3935 ἔκλιναν

2099 3942 2387 4017 ἀλλοτρίων.
2406 3951 2748 4020 Κατηγωνίσω
2768 3954 2885 4025 γὰρ,
2906 3942 3235 4014 εὐλαϐέστατε
3265 3961 3459 4035 ἀδελφέ,
3484 3973 3573 4021 τοῦ
3586 3970 3676 4023 ἆν-

2099 4035 2371 4102 τικειμένου
2402 4032 2632 4091 διαϐόλου
2654 4046 2742 4098 τὴν
2767 4045 2985 4117 πονηρὰν
3012 4047 3296 4119 βασιλείαν,
3329 4055 3674 4129 ἐργασάμενος

2100 4122 2411 4185 δικαιοσύνην
2435 4131 2485 4180 ἓν
2512 4137 2573 4200 τῇ
2611 4132 2885 4202 βεϐαιώσει
2922 4144 3011 4195 τῆς
3037 4141 3259 4202 πίστεως
3276 4159 3289 4172 ·
3321 4143 3378 4205 ἧς
3409 4150 3563 4224 χάριν
3590 4172 3672 4205 τε-

2098 4220 2303 4287 τευχὼς
2322 4227 2411 4278 τῆς
2431 4221 2729 4294 ἐπαγγελίας
2750 4231 2839 4278 τοῦ
2867 4232 3172 4297 Πνεύματος,
3206 4235 3468 4312 ἐνέφραξας
3488 4220 3671 4317 ⁷ὥσπερ

2096 4308 2308 4363 λεόντων
2334 4312 2397 4365 τὰ
2415 4314 2648 4383 στόματα
2667 4323 2766 4369 τῶν
2780 4319 3061 4392 αἶρετικῶν,
3074 4325 3271 4387 σϐέσας
3296 4330 3455 4384 αὐτῶν
3474 4337 3562 4391 τήν
3580 4331 3671 4388 δύο

2096 4420 2242 4468 ναμιν
2268 4409 2358 4460 τῆς
2383 4403 2645 4472 αἱρέσεως,
2679 4408 2849 4485 ὥσπερ
2871 4410 3026 4483 φλόγα
3052 4417 3213 4490 πυρὸς
3238 4428 3298 4493 τῇ
3327 4422 3558 4499 ἐπιπνοίᾳ
3578 4434 3671 4488 τῆς

2098 4493 2335 4563 χάριτος.
2358 4493 2436 4557 Ἐξ
2484 4501 2542 4556 ἧς
2569 4497 2700 4552 οὕτω
2726 4497 3032 4571 δυναμωθείς
3059 4510 3435 4573 καταπαλαίσας·
3466 4523 3552 4574 τήν
3579 4527 3670 4580 τῆς

2098 4581 2290 4633 ἐκείνων
2332 4579 2552 4643 διανοίας
2599 4587 2885 4655 ἀσθένειαν,
2915 4592 3137 4664 ἰσχυρὸς
3174 4596 3223 4650 ἓν
3267 4607 3339 4671 τῷ
3376 4600 3672 4659 κατάὖτῶν

2098 4668 2299 4741 πολέμῳ
2324 4672 2605 4743 γενόμενος,
2636 4679 2721 4728 καὶ
2746 4680 2840 4737 τὰς
2866 4680 3193 4745 ἀσυστάτους
3216 4690 3542 4760 παρεμϐολὰς
3570 4702 3671 4749 τῶν

2098 4758 2340 4817 κιϐδήλων
2385 4764 2550 4817 αὐτῶν
2594 4763 2852 4837 δογμάτων
2894 4770 3083 4833 ίκανῶς
3121 4778 3437 4843 κατακλίνας,
3469 4790 3670 4845 νικητὴς

2097 4854 2361 4923 προήχθης
2390 4851 2473 4907 διὰ
2493 4852 2583 4907 του
2614 4858 2790 4911 οἰκείου
2818 4866 3115 4933 γράμματος
3134 4863 3205 4936 τῷ
3224 4879 3457 4941 νικοποιῷ
3478 4880 3671 4948 Σωτῆρι

2098 4949 2195 4997 τῶν
2235 4941 2359 4997 ὅλων
2387 4955 2607 5019 Χριστῷ,
2632 4946 2686 5009 ὃς
2715 4949 2795 5004 διὰ
2819 4959 2967 5008 τοῦτο
3016 4962 3103 5018 τήν
3135 4964 3379 5032 ἱερατικὸν
3417 4966 3559 5028 ἀξίαν
3587 4970 3670 5023 ἐπί

432 5030 738 5099 dignitatem
766 5036 1053 5103 apostolica
1083 5039 1414 5094 confirmavit
1443 5046 1768 5099 auctoritate.
1799 5047 1990 5103 Verum

2101 5034 2181 5084 σοί
2210 5030 2291 5085 διὰ
2315 5042 2406 5093 τῆς
2432 5035 2787 5098 ’Δποστολικῆς
2834 5044 3170 5116 ἐκραταὶωσεν
3211 5052 3496 5112 αὑθεντίας·
3547 5056 3671 5110 ἀλλὰ

437 5137 506 5177 ne
550 5138 727 5179 cesses
774 5125 1102 5181 laudationes
1149 5129 1263 5196 ejus
1296 5131 1345 5183 in
1377 5143 1586 5199 gutture
1617 5146 1869 5204 perpetuo
1899 5138 1993 5190 ha-

436 5212 584 5279 bere,
613 5214 768 5283 eique
804 5217 1049 5284 placitum
1097 5220 1410 5274 sacrificium
1441 5223 1654 5288 oerrre,
1686 5228 1998 5286 rationabile

436 5304 746 5372 obsequium
794 5315 961 5361 tuum.
1013 5306 1103 5363 Sic
1131 5310 1271 5362 enim
1301 5318 1357 5364 et
1383 5323 1625 5379 superna:
1650 5316 1831 5383 gloria:
1864 5334 1999 5387 pra:-

436 5397 606 5452 sentia
654 5398 973 5469 dignaberis,
1018 5408 1072 5455 et
1116 5400 1420 5456 coaletuibus
1445 5404 1639 5459 Christi
1692 5410 1998 5467 muneribus

439 5485 715 5543 imbueris.
750 5489 876 5556 Quae
905 5501 1080 5546 autem
1133 5492 1457 5561 synodaliter
1501 5510 1531 5549 a
1562 5498 1712 5553 nobis
1739 5499 1823 5553 hic
1847 5512 1991 5571 gesta

440 5588 581 5643 sunt,
630 5580 696 5634 ad
742 5581 1198 5639 confirmationem
1250 5586 1716 5659 defensionemque
1745 5592 1993 5650 Ecclesia:

506 5736 532 5764 ι
563 5729 719 5787 Forte
746 5731 999 5807 ’Δδρασος
1026 5735 1078 5792 ἱη
1109 5737 1321 5795 Arabia.
1364 5738 1685 5799 timeamus.

2096 5130 2165 5196 μή
2192 5124 2365 5199 παύσῃ
2413 5128 2503 5188 τὰς
2546 5131 2759 5192 αἱνέσεις
2805 5131 2943 5204 αὺτῷ
2984 5138 3033 5188 εν
3058 5145 3129 5206 τῷ
3155 5140 3368 5212 λάρυγγι
3406 5145 3565 5220 φέρων
3588 5146 3670 5202 διὰ

2100 5216 2301 5277 παντὸς,
2325 5219 2408 5269 καὶ
2428 5220 2698 5292 προσάγων
2725 5224 2864 5294 αὐτῷ
2889 5225 3067 5279 θυσίαν
3096 5230 3390 5300 εὺάρεστον,
3413 5238 3503 5290 τήν
3530 5234 3670 5308 λογι-

2098 5308 2182 5362 κήν
2206 5303 2461 5377 λατρείαν.
2505 5308 2653 5361 Οὕτω
2675 5313 2779 5382 γάρ
2802 5316 2880 5366 καί
2904 5322 2994 5375 τῆς
3032 5313 3135 5369 ἄνω
3155 5316 3297 5381 δόξης
3335 5303 3671 5394 παραστάτης

2095 5396 2326 5465 γενέσθαι
2365 5400 2748 5472 καταξιωθήσῃ,
2795 5405 2877 5455 καί
2922 5402 3123 5475 μύστης
3161 5416 3259 5460 τῶν
3307 5412 3550 5482 οὐρανίων
3579 5422 3668 5468 τοῦ

2098 5494 2315 5561 Χριστοῦ
2338 5486 2534 5561 δωρεῶν
2549 5507 2562 5520 ⁸
2592 5495 2653 5546 τὰ
2673 5491 2727 5547 δέ
2749 5493 3025 5557 συνοδικῶς
3049 5500 3162 5567 ἡμῖν
3186 5501 3346 5557 ἐνθάδε
3367 5506 3668 5577 πραχθέντα

2099 5580 2227 5651 πρὶς
2256 5580 2507 5634 σύστασιν
2532 5585 2613 5636 καί
2654 5581 2906 5641 ἐκδίκησιν
2945 5595 3036 5647 τῆς
3066 5590 3319 5654 καθολικῆς
3358 5592 3666 5663 Ἐκκλησίαή

2167 5746 2194 5786 δ
2237 5749 2290 5805 ln
2323 5750 2534 5808 Arabia.
2579 5754 2901 5812 llannmsvs.
