3944 6170
328 274 437 330 165

1557 279 1929 338 EPISTOLAE.
1964 310 2033 325 —-
2062 284 2272 343 EPIST.
2316 288 2426 344 Vli.

3489 300 3595 359 168

314 388 509 443 ταυτὸν
555 384 611 440 δί
658 386 841 459 λῆειν,
887 393 987 444 τῶν
1010 397 1293 464 πατρικῶν,
1339 393 1426 447 καί
1455 392 1726 449 συνοδικῶν
1762 397 1880 451 αὐτὶ

1986 398 2321 470 ιεειιΙιοΙίοαε,
2368 402 2420 456 id
2465 409 2569 468 est,
2618 410 2955 474 paternarum
3001 408 3118 479 ejus
3166 422 3231 466 ac
3258 406 3592 483 synodalium

314 478 451 551 ὅρων
478 480 959 550 καίθεσπισμάτων,
985 483 1176 555 ἀρτίως
1195 485 1512 557 ἐστείλαμεν,
1526 495 1598 557 τῷ
1622 490 1749 562 παρ’
1776 491 1914 561 ἡμῶν

311 568 645 641 προϐληθέντι
694 578 959 634 κανονικῶς
987 584 1308 648 τοποτηρητῇ
1328 574 1528 650 Ἰωάννῃ
1564 586 1637 649 τῷ
1666 581 1913 650 ἀγαπητῷ

311 660 457 727 ἡμῶν
481 657 675 731 ἁδελφῷ
722 664 807 715 καί
832 661 1097 735 ἕπισκόπῳ
1137 674 1229 726 τῆς
1257 665 1587 742 Φιλαδελφέων
1614 668 1821 729 πόλεως.
1850 668 1915 741 τῼ

314 748 478 806 καλῶς
507 756 701 803 ποιεῖτε
744 752 889 805 αὐτοί
923 774 979 808 τε
1022 758 1417 829 συντρέχοντες,
1455 761 1541 813 καί
1571 760 1766 820 πάντας
1796 764 1915 821 τοὺς

312 835 616 909 ὀρθοδόξους
668 843 765 895 σὺν
809 843 928 912 ὑμῖν
972 842 1315 923 διεγείροντες,
1366 852 1437 908 ιίς
1476 849 1788 924 ἐκπλήρωσιν
1816 859 1915 905 τῶν

308 930 537 990 εὐσεϐῶς
569 930 951 1005 ἕπιτραπέντων
1136 939 1433 1008 κεφαλαίων,
1456 942 1527 1000 εἰς
1547 942 1799 996 σύστασιν
1822 950 1914 1001 τῆς

306 1021 575 1081 καθώεκῆς
606 1019 925 1088 Ἐκκλησίας,
958 1023 1131 1083 ἔσεται
1158 1029 1257 1101 γάρ
1286 1028 1403 1096 ὑμῖν
1424 1032 1553 1106 ὑπὲρ
1602 1031 1785 1083 τούτου
1813 1050 1909 1084 πο-

306 1106 396 1168 λὺς
428 1110 454 1164 ὁ
478 1113 682 1180 μισθὸς,
711 1115 761 1167 ἐν
789 1124 849 1188 τῇ
878 1115 1112 1191 βασιλείᾳ
1138 1125 1237 1172 τῶν
1259 1116 1505 1191 οὺρανῶν.

2018 493 2404 560 definitionum,
2432 510 2599 564 nuper
2625 498 2865 553 misimus
2892 500 2962 564 ei,
2994 502 3084 569 qui
3114 516 3145 557 a
3174 504 3330 559 nobis
3358 506 3586 563 vicarius

2016 584 2271 639 canonice
2296 583 2601 653 designatus
2626 596 2728 651 est,
2756 588 2951 643 dilecto
2991 590 3142 647 fratri
3173 603 3357 650 nostro
3386 606 3439 651 et
3468 600 3589 665 epi-

2017 686 2180 743 sc0po
2228 673 2744 743 Pbiladelpbensium
2801 678 3026 735 civitatis
3078 698 3090 734 :
3141 684 3227 737 cui
3277 684 3588 745 benefacitis

2017 766 2401 833 assentientes,
2450 778 2506 822 et
2551 782 2737 823 omnes
2788 770 3113 828 orthodoxos
3164 789 3264 829 una
3308 777 3586 834 vobiscum

2017 857 2307 913 excitantes
2332 857 2397 912 ad
2428 871 2612 913 eorum
2656 860 2998 916 articulorum
3044 861 3467 933 implementum,
3494 869 3587 939 qui

2017 951 2066 1005 ei
2098 950 2182 1018 pie
2208 950 2477 1005 commissi
2511 961 2653 1020 sunt,
2687 954 2751 1006 ad
2792 956 3305 1013 commendationem
3336 961 3589 1017 Ecclesiae

2016 1041 2309 1097 catboliczc.
2361 1042 2492 1097 Nam
2537 1057 2633 1114 pro
2680 1058 2746 1099 eo
2788 1046 2951 1101 multa
2981 1048 3131 1104 vobis
3176 1048 3227 1104 in
3262 1054 3591 1120 sempiterno

2018 1149 2184 1205 regno
2213 1148 2417 1192 merces
2448 1136 2569 1191 erit.

308 1294 3587 1323 mm

1331 1414 2199 1545 EPISTULA
2289 1416 2597 1566 VII,

1113 1646 1221 1705 AD
1267 1642 1688 1706 ANTONIUM
1731 1638 2173 1703 EPISCOPUM
2215 1642 2785 1710 BACATHORUM.

510 1772 668 1835 Cum
691 1772 827 1853 jam
854 1770 1213 1850 resipuert't,
1240 1776 1311 1830 ut
1336 1769 1403 1830 in
1431 1767 1550 1846 ﬁdo
1581 1763 1880 1904 cathgtl‘za

1986 1763 2241 1902 ἵεὲιέιεαι,
2270 1772 2329 1825 et
2349 1764 2793 1848 Philadelphia:
2820 1773 3104 1855 episcopo
3130 1788 3378 1857 pareat,

2021 1862 2053 1902 ο
2165 1884 2181 1900 .

368 2044 620 2109 ’Δντωνίῳ
665 2035 929 2107 ἕπισκόπῳ
972 2038 1201 2090 Βακαθῶν
1223 2077 1236 2102 ,
1268 2044 1517 2113 Μαρτῖνος
1564 2033 1744 2094 δοῦλος
1794 2040 1880 2089 τῶπ

2071 2032 2301 2087 Δηιοηὶο
2361 2032 2612 2101 episcopo
2660 2034 3014 2093 Bacathorum
3074 2040 3329 2103 Martinus
3385 2063 3578 2113 servus

290 2128 494 2185 δούλων
522 2136 615 2183 τοῦ
646 2134 773 2183 Θεοῦ
802 2136 894 2187 τῆς
923 2134 1020 2181 τῶν
1047 2127 1301 2198 Ῥωμαίων
1325 2120 1475 2199 ἁγίας
1502 2132 1594 2181 τοῦ
1625 2120 1755 2181 Θεοῦ
1798 2144 1889 2178 κα-

292 2222 501 2279 Οολικῆς
524 2222 607 2273 καί
628 2218 981 2277 ’Δποστολικῆς
1010 2215 1300 2276 Ἐκκλησίας
1328 2217 1626 2275 ἐπίσκοπος.

368 2312 439 2363 Τὸ
601 2308 845 2366 κλαπῆναι
875 2307 1034 2361 κοινὸν
1062 2309 1143 2362 καί
1166 2315 1259 2366 τῆς
1286 2307 1601 2382 ἀνθρωπίνης
1628 2303 1755 2360 ἴδιον
1783 2305 1889 2359 ἀσ-

291 2408 514 2468 σενείας.
545 2405 603 2459 τὸ
632 2402 685 2457 δέ
714 2404 844 2477 πρὸς
872 2402 929 2456 τὸ
956 2410 1181 2476 κρεῖττον
1203 2400 1595 2471 μεταϐληθῆναι,
1620 2400 1775 2469 μόνης
1796 2408 1888 2461 τῆς

294 2506 545 2571 χάριτος,
574 2497 696 2554 τοὺς
745 2493 852 2546 καθ’
882 2492 1018 2562 ὑμᾶς
1050 2494 1218 2556 ἀξίους
1262 2489 1312 2545 ἕν
1339 2512 1391 2545 τε
1420 2491 1550 2562 λόγῳ
1599 2492 1755 2545 παντί
1802 2492 1889 2545 καί

293 2588 436 2664 ἔργῳ
465 2582 541 2655 τῷ
570 2585 848 2655 πανατάῦῳ
878 2585 1294 2661 προσοικειούσης
1323 2592 1388 2638 Θε
1400 2580 1455 2653 ᾧ,
1510 2584 1595 2638 καί
1636 2584 1694 2637 τὸ
1721 2583 1887 2637 πανὰο

286 2700 402 2748 γιον
426 2679 603 2734 αὐτοῖς
642 2674 963 2745 ἀμεταθέτως
992 2677 1351 2749 παρεχομένης
1379 2672 1580 2741 πνεῦμα
1608 2684 1699 2737 τῆς
1726 2678 1882 2750 ἀρίσ-

287 2788 390 2828 της
420 2776 445 2803 ³
477 2767 587 2820 κατ’
617 2767 784 2820 αὐτῶν
822 2765 1093 2825 πολιτείας.
1136 2761 1299 2839 Ὀπερ
1329 2768 1381 2820 ἐν
1419 2772 1549 2821 πᾶσι
1577 2766 1885 2841 πληροφορίᾳ

287 2861 507 2931 γεγονὸς
534 2860 607 2918 εἰς
635 2860 790 2927 ὑμᾶς,
813 2858 1148 2911 εὐ’¹.αϐἐστατε
1178 2856 1444 2930 ἀδελφήτὸ
1470 2858 1709 2932 ὑμέτερον
1739 2877 1886 2911 κατε-

293 2958 498 3026 μήνυσε
527 2955 761 3025 γράμμα,
793 2952 933 3024 φέρον
962 2949 1333 3015 εὐωδιάζουσαν
1362 2951 1503 3024 ὑμῶν
1526 2949 1613 3007 διὰ
1642 2959 1733 3010 τῆς
1758 2950 1883 3008 ἀλη-

287 3048 414 3106 θοῦς
445 3047 521 3104 εἰς
549 3047 635 3099 τὸν
668 3045 853 3118 Κύριον
894 3041 1176 3116 ὁμολογίας,
1207 3047 1297 3101 τήν
1334 3044 1569 3118 ἐνάρετον
1596 3044 1792 3098 πίστιν·
1824 3039 1883 3102 ἧς

286 3136 676 3205 ἐπιλαϐόμενοι
708 3143 1081 3208 πνευματικῶς,
1112 3139 1199 3190 καὶ
1222 3135 1304 3189 ἐπ’
1326 3137 1450 3206 αὐτῇ
1478 3136 1754 3197 κατάγΘεόν
1797 3137 1883 3189 εὖ·

288 3228 616 3299 φρανθέντες,
646 3223 995 3296 ἀντεδώκαμεν
1044 3227 1173 3299 αὑτῇ
1222 3233 1312 3285 τῆς
1358 3226 1610 3301 ἱερατικῆς
1640 3227 1782 3289 ἀξίας
1820 3227 1880 3281 τὸ

283 3318 454 3389 μύρον
486 3318 538 3380 ἐξ
568 3317 908 3377 ἀποστολικῆς
934 3318 1197 3378 αὐθεντίας
1216 3319 1636 3393 ἐσφραγισμένον⁵
1666 3339 1880 3396 προτρε-

1997 2136 2282 2179 servorum
2316 2121 2433 2188 Dei,
2476 2132 2676 2179 sancta:
2705 2125 2824 2195 ejus
2852 2129 3129 2186 catholicae
3170 2143 3223 2190 et
3266 2142 3608 2207 apostolica-

1997 2215 2253 2271 Romanae
2275 2214 2527 2271 Ecclesiae
2555 2217 2857 2287 episcopus.

2067 2307 2248 2378 Decipi
2275 2306 2487 2377 quidem
2517 2316 2573 2364 et
2600 2308 2711 2364 falli
2737 2324 3023 2369 commune
3063 2323 3146 2370 est
3189 2321 3576 2394 prepriumqua

1997 2398 2248 2453 humana:
2285 2397 2642 2465 infirmitatis;
2695 2408 2751 2455 at
2794 2400 2844 2455 in
2881 2403 3073 2459 melius
3101 2412 3435 2478 commutari,
3485 2430 3574 2468 so-

1999 2490 2106 2544 lius
2152 2502 2288 2559 opus
2314 2498 2399 2545 est
2424 2490 2611 2559 gratia:
2644 2505 2661 2545 :
2690 2505 2810 2560 quze
2838 2507 2964 2563 erga
3005 2509 3100 2550 eos
3146 2500 3237 2567 qui
3277 2502 3572 2561 secundum

1994 2593 2093 2633 nos
2114 2579 2167 2633 in
2209 2578 2357 2633 omni
2395 2593 2645 2634 sermone
2674 2587 2728 2634 et
2752 2595 2916 2650 opere
2945 2584 3092 2654 digni
3140 2599 3286 2655 sunt,
3336 2595 3573 2660 perfecte

1994 2672 2134 2725 bono
2167 2669 2277 2725 Deo
2314 2671 2600 2738 convenit,
2650 2666 2703 2727 et
2725 2683 2969 2729 sanctum
3001 2676 3080 2731 eis
3116 2682 3332 2747 Optimae
3381 2699 3573 2743 secun-

1992 2762 2119 2816 dum
2147 2778 2269 2819 eum
2313 2765 2741 2821 conversationis
2792 2768 3041 2836 spiritum
3093 2771 3317 2831 ﬁrmiter
3346 2780 3568 2847 praebet.

1991 2856 2142 2921 Quod
2174 2856 2223 2910 in
2246 2857 2397 2911 vobis
2426 2872 2547 2911 cum
2576 2858 2723 2913 omni
2768 2860 3138 2918 satisfactione
3175 2867 3450 2939 evenisse,
3483 2889 3570 2928 re-

1996 2945 2336 3014 ligiosissime
2364 2948 2552 3013 frater,
2596 2957 2792 3003 vestra:
2821 2948 3017 3006 littera:
3046 2953 3432 3027 signiﬁcarunt,
3484 2963 3567 3017 af-

1991 3035 2250 3101 ferentes,
2300 3052 2396 3106 per
2427 3053 2610 3093 veram
2645 3038 2711 3094 de
2751 3039 2976 3096 Domino
3019 3043 3433 3116 confessionem,
3468 3052 3565 3107 bo-

1991 3144 2111 3184 nam
2142 3140 2376 3185 vestram
2408 3128 2642 3200 bonique
2669 3130 2849 3186 odoris
2880 3132 3061 3200 fidem,
3102 3152 3258 3204 quam
3290 3139 3344 3195 in
3370 3144 3560 3210 spiritu

1988 3226 2362 3295 suscipientes,
2396 3236 2451 3281 et
2471 3225 2763 3282 secundum
2795 3226 2960 3283 Deum
2982 3243 3043 3283 ea
3070 3230 3338 3301 delectati,
3378 3250 3566 3293 sacer-

1989 3318 2184 3374 dotalis
2212 3317 2481 3389 dignitatis
2514 3328 2840 3389 unguentum
2869 3321 2917 3377 ei
2948 3322 3316 3392 retribuimus,
3365 3343 3431 3383 ex
3460 3346 3557 3386 au-

286 3408 505 3477 πόμενοι
534 3406 777 3469 διηνεκῶς
800 3410 958 3479 ὑμᾶς,
988 3411 1294 3485 προσμένειν
1316 3392 1405 3480 τῷ
1437 3410 1567 3482 λόγῳ
1593 3417 1681 3470 τῆς
1714 3412 1874 3482 χάρι-

1986 3412 2233 3465 claritate
2259 3409 2551 3479 apostolica
2599 3410 2905 3481 signatum:
2936 3428 3031 3468 vos
3070 3430 3283 3484 semper
3326 3418 3549 3477 hortan-

285 3520 393 3559 τος,
428 3501 503 3558 εἰς
531 3500 615 3564 τὸ,
652 3506 825 3554 πᾶσαν
849 3502 1339 3575 παρεισενέγκασθαι
1375 3501 1634 3565 σπουδήν,
1664 3511 1736 3574 τῷ
1766 3500 1876 3556 καθ’

285 3592 425 3659 ὑμᾶς
452 3589 817 3664 ὑποδείγματι,
850 3596 936 3646 καί
966 3591 1164 3653 πάντας
1198 3593 1490 3658 εὐζηλώτως
1533 3602 1876 3660 μεταποιῆσαι

284 3685 417 3756 πρὸς
476 3689 568 3742 τήν
614 3687 874 3758 κρείττονα
902 3688 1123 3757 γνώμην,
1170 3689 1222 3740 ἐν
1267 3688 1431 3763 Κυρίῳ
1460 3685 1876 3757 διανισταμένους

284 3778 403 3835 τοὺς
436 3776 612 3831 ὀπίσω
659 3786 751 3837 τῆς
800 3778 1102 3832 ἐπεισάκτου
1134 3782 1454 3849 καινοτομίας
1508 3780 1876 3839 ἀκολουθήσανσ-

281 3885 399 3929 τας,
444 3867 527 3919 ἶνα
577 3869 788 3921 κάκεῖνοι
830 3870 926 3921 σὺν
964 3874 1094 3923 πᾶσι
1131 3877 1241 3932 τοῖς
1283 3868 1447 3942 ἁγίοις
1490 3872 1875 3945 ὀρθοτομήσωσι

281 3964 378 4021 τὰς
405 3958 560 4019 ὁδοὺς
588 3961 775 4023 αὐτῶν,
804 3963 1024 4035 τροχιὰς
1051 3963 1203 4036 ὀρθάς
1243 3964 1568 4033 ποιησάμενοι
1595 3972 1698 4024 τοῖς
1721 3968 1875 4019 ποσὶν

281 4052 476 4113 αὐτῶν,
519 4048 606 4103 διά
658 4069 714 4104 τε
755 4057 847 4110 τῆς
875 4047 1118 4111 εὐσεϐοῦς
1147 4060 1246 4107 τῶν
1275 4060 1481 4127 Πατρῶν
1519 4052 1868 4120 διδασκαλίας,

281 4144 370 4195 καὶ
418 4148 512 4202 τῆς
563 4144 794 4217 ἐνεργοῦς
840 4151 939 4197 τῶν
966 4146 1175 4201 ἐντολῶν
1217 4148 1500 4222 ἀκριϐείας.
1549 4149 1740 4202 Τούτου
1771 4151 1872 4223 γάρ

280 4236 445 4307 χάριν
472 4235 695 4302 κάμπτω
723 4238 788 4290 τά
823 4236 1008 4307 γόνατά
1032 4257 1133 4306 μου
1160 4240 1291 4314 πρὸς
1309 4239 1395 4293 τὸν
1426 4238 1545 4293 Θεὸν
1568 4243 1652 4294 καί
1673 4242 1873 4313 Πάτερα

278 4325 330 4386 ἐξ
354 4321 419 4377 οὗ
447 4330 603 4379 πάσα
644 4324 786 4387 δόσις
812 4328 971 4399 ἀγαθὴ
1000 4332 1082 4383 καί
1122 4336 1224 4384 πᾶν
1248 4327 1455 4406 δώρημα
1485 4333 1667 4387 τέλειον
1710 4356 1870 4409 κατα·

280 4417 462 4471 ϐαίνευ
494 4418 583 4471 ἶνα
613 4415 686 4490 δῷ
710 4420 881 4479 αὐτοῖς
908 4424 1038 4475 κατά
1064 4421 1121 4475 τὸ
1144 4423 1359 4483 πλοῦτος
1386 4432 1477 4485 τῆς
1505 4424 1651 4489 δόξης
1687 4430 1867 4494 αὐτοῦ,

276 4510 559 4580 πρῶὑμως
588 4510 953 4583 ἑπιστραφεῐσι
992 4515 1360 4588 κραταιωθῆναι
1392 4514 1476 4570 διά
1503 4524 1594 4572 τοῦ
1642 4521 1869 4587 πνεύμα-

276 4619 367 4657 τος
395 4601 576 4660 αὑτοῦ,
610 4600 685 4659 εἰς
722 4601 805 4653 τὸν
845 4600 876 4656 ἔ
879 4624 955 4657 σω
985 4599 1243 4673 ἄνθρωπον
1284 4614 1577 4665 κατοικῆσαι
1604 4612 1687 4663 καί
1716 4605 1869 4677 αὖθις

275 4693 363 4747 τὸν
392 4693 642 4765 Χριστὸν,
697 4691 778 4747 διά
806 4703 896 4754 τῆς
928 4698 997 4755 εἰς
1024 4697 1179 4751 αὐτὸν
1210 4696 1469 4770 ὀρθοδόξου
1513 4702 1759 4765 πίστεως,
1785 4703 1866 4756 ἵνα

272 4790 481 4851 γίνηται
512 4784 609 4853 μία
639 4785 825 4851 ποίμνη
853 4789 933 4838 καί
960 4782 1030 4845 εἷς
1052 4792 1261 4858 ποιμὴν,
1299 4789 1450 4848 αὐτὸς
1478 4788 1503 4843 ὁ
1530 4791 1615 4843 ἐπὶ
1662 4794 1867 4846 πάντων

272 4875 399 4933 Θεὸς
432 4875 618 4947 ιῦριος
657 4876 795 4941 ἡμῶν
822 4873 1013 4938 Ἰησοῦς
1041 4882 1293 4951 Χριστὸς,
1322 4881 1378 4935 τὸ
1421 4880 1729 4952 μισότειχον
1775 4890 1864 4939 τοῦ

272 4970 513 5036 φραγμοῦ
550 4964 731 5027 λύσας,
761 4971 845 5021 καί
874 4970 1105 5043 συνάγων
1145 4974 1265 5032 τοὺς
1294 4976 1489 5048 μακράν
1516 4977 1597 5029 καί
1626 4978 1745 5037 τοὺς

271 5059 389 5126 γύς,
409 5059 482 5117 εἷς
651 5064 733 5113 καί
760 5066 850 5118 τὴν
879 5064 1056 5128 αὐτὴν,
1084 5062 1165 5119 διά
1191 5066 1323 5120 λίϐον
1350 5065 1376 5104 δ
1393 5069 1734 5139 ἐπιγνώσεως,
1760 5093 1863 5126 σω·-

268 5150 446 5217 τήριον
475 5146 767 5219 ὁμολογίαν.
798 5148 883 5205 Ἠν
912 5174 1023 5208 τινα
1047 5156 1150 5226 μεθ’
1178 5157 1317 5225 ἡμῶν
1358 5160 1446 5211 καί
1474 5159 1614 5213 αὐτοί
1643 5160 1861 5229 βεϐαίως

270 5239 613 5307 κατέχοντες.
646 5241 1075 5304 βεϐαιωθήσεσθαι
1115 5248 1321 5308 πάντως
1358 5247 1407 5301 ἐν
1454 5257 1527 5322 τῷ
1557 5250 1721 5324 κλήρῳ
1761 5260 1861 5306 τῶν

268 5328 433 5399 ἁγίων
462 5332 839 5401 καταπτόμενοι
881 5337 1010 5409 πρὸς
1038 5338 1319 5393 άπό)ανσιν
1343 5344 1441 5394 τῶν
1471 5341 1601 5415 ὑπὲρ
1628 5340 1866 5401 αἴσθησιν

268 5421 360 5470 καί
410 5426 527 5474 νοῦν
556 5423 781 5491 ἀγαθῶν*
825 5426 889 5478 τά
916 5423 971 5479 δὲ
1014 5427 1291 5489 σννοδικῶς
1320 5432 1435 5503 ἡμῖν
1482 5431 1647 5487 ἐνθάδε
1678 5454 1859 5507 πραχ-

266 5510 416 5563 Εέντα
445 5512 580 5584 πρὸς
611 5515 892 5578 σύστασιν,
942 5520 1024 5571 καί
1064 5517 1311 5577 ἐκδίκησιν
1334 5532 1425 5583 τῆς
1465 5524 1725 5584 καθολικὴς
1753 5524 1865 5580 Ἐκ-

268 5600 506 5669 ﬁnding,
536 5608 727 5660 ταυτὸν
754 5605 807 5662 δὲ
828 5608 1002 5682 λέγειν,
1036 5616 1133 5666 τῶν
1158 5622 1442 5687 πατρικῶν,
1474 5619 1552 5673 καί
1582 5616 1860 5674 σννοδικῶν

348 5742 373 5768 ⁸
412 5736 598 5805 Forte,
631 5742 740 5798 καθ’
761 5743 928 5799 adria.
964 5743 1292 5806 Hsnauwus.

1982 3511 2083 3564 tes,
2138 3510 2193 3554 ut
2242 3500 2295 3555 in
2326 3503 2490 3556 verbo
2530 3504 2716 3573 gratia:
2767 3506 3145 3572 permanentia,
3197 3518 3253 3564 ut
3307 3514 3555 3584 exemplo

1980 3594 2100 3647 aliis
2128 3608 2246 3648 esse
2270 3594 2553 3658 studeatis,
2594 3609 2780 3650 eorum
2824 3599 3066 3654 excitetis
3094 3602 3346 3669 studium,
3377 3615 3431 3661 et
3464 3624 3552 3663 ve-

1978 3696 2093 3743 stro
2130 3687 2245 3742 zelo
2272 3688 2338 3741 ad
2386 3687 2663 3743 meliorem
2712 3699 2943 3745 mentem
2974 3708 3171 3748 omnes
3210 3701 3554 3765 convertatis,

1977 3778 2069 3847 qui
2096 3777 2529 3845 superinductam
2562 3780 2855 3836 novitatem
2896 3783 3087 3850 secuti,
3124 3785 3174 3838 in
3219 3785 3444 3843 Domino
3469 3806 3553 3845 re-

1977 3879 2221 3938 surgunt,
2247 3880 2304 3925 ut
2329 3870 2404 3925 illi
2436 3885 2558 3925 cum
2581 3871 2832 3932 omnibus
2862 3872 3060 3929 sanctis
3080 3886 3254 3931 rectas
3275 3880 3383 3934 vias
3403 3896 3550 3950 suas,

1976 3974 2195 4029 gressus
2242 3970 2420 4019 rectos
2449 3963 2706 4019 facientes
2732 3964 2952 4029 pedibus
2982 3967 3113 4031 suis,
3164 3984 3259 4035 per
3287 3971 3422 4038 piam
3457 3974 3555 4027 Pa-

1976 4060 2117 4106 trum
2148 4053 2471 4121 ductrinam,
2508 4065 2562 4109 et
2583 4054 2859 4109 efﬁcacem
2890 4056 3261 4111 mandatorum
3292 4060 3554 4115 observa-

1975 4143 2199 4199 tionem.
2232 4144 2409 4216 Hujus
2437 4146 2574 4199 enim
2622 4146 2696 4198 rei
2725 4146 2893 4215 grat7a
2928 4148 3078 4214 ﬂecto
3116 4164 3283 4217 genua
3334 4167 3443 4203 mea
3480 4156 3551 4206 ad

1975 4236 2139 4291 Deum
2186 4246 2234 4290 et
2286 4236 2517 4297 Patrem.
2574 4253 2606 4289 a
2647 4253 2745 4306 quo
2773 4254 2921 4291 omne
2965 4238 3141 4292 datum
3172 4242 3441 4313 Optimum,
3503 4255 3554 4300 et

1973 4344 2121 4382 omne
2146 4329 2339 4383 donum
2366 4329 2645 4399 perfectura
2672 4330 2926 4383 descendit
2955 4330 3114 4401 (Jac.
3146 4332 3210 4399 ι),
3238 4343 3298 4388 ut
3326 4336 3416 4392 det
3442 4338 3550 4406 eis,

1970 4420 2263 4476 secundum
2315 4420 2527 4475 divitias
2552 4420 2738 4491 gloriae
2768 4436 2901 4487 sum,
2955 4432 3201 4492 prompte
3242 4430 3546 4495 conversis,

1971 4513 2273 4567 confirmari
2308 4528 2400 4581 per
2424 4514 2677 4581 Spiritum
2709 4515 2824 4582 ejus
2852 4515 2905 4568 in
2938 4515 3177 4571 interiori
3222 4517 3461 4586 homine,
3492 4532 3553 4576 ut

1970 4617 2162 4657 rursus
2189 4603 2239 4657 in
2254 4607 2338 4658 eis
2365 4604 2830 4659 habitetChristus
2855 4622 2947 4674 per
2968 4608 3321 4663 orthodoxam
3345 4609 3397 4665 in
3428 4627 3551 4667 eum

1972 4692 2152 4759 fidem,
2186 4704 2350 4762 utque
2379 4694 2449 4749 sit
2490 4710 2650 4748 unum
2703 4698 2849 4750 ovile
2891 4705 2945 4749 et
2976 4712 3109 4750 unus
3142 4706 3346 4765 pastor,
3379 4699 3422 4754 is
3454 4702 3547 4771 qui

1968 4800 2129 4851 super
2177 4800 2367 4841 omnes
2420 4796 2503 4841 est
2548 4787 2688 4842 Deus
2732 4804 2795 4843 ac
2850 4788 3107 4845 Dominus
3168 4800 3350 4847 noster
3388 4792 3547 4849 Jesus

1968 4875 2243 4943 Christus,
2303 4879 2533 4933 medium
2593 4879 2848 4947 parietem
2896 4885 3143 4937 maceria:
3199 4885 3437 4949 solvens,
3491 4897 3544 4942 et

1968 4967 2221 5039 colligens
2243 4984 2336 5023 eos
2365 4972 2454 5038 qui
2506 4970 2659 5040 longe
2694 4983 2813 5025 sunt
2850 4982 2904 5026 et
2947 4975 3035 5042 qui
3069 4988 3253 5041 prope,
3289 4989 3383 5042 per
3411 4976 3541 5041 iapi-

1966 5057 2089 5112 dem
2119 5061 2450 5129 angularem,
2482 5061 2533 5116 in
2566 5078 2725 5117 unam
2756 5071 2813 5117 et
2839 5064 3080 5117 eamdem
3107 5064 3396 5118 salutarem
3421 5079 3522 5120 c«-n

1968 5147 2255 5205 fessionem
2290 5170 2301 5204 :
2338 5167 2496 5220 quam
2550 5168 2652 5206 una
2685 5153 2961 5206 nobiscum
2992 5153 3091 5219 ipsi
3124 5168 3337 5221 quoque
3368 5154 3531 5209 ﬁrmi-

1969 5247 2047 5292 ter
2072 5248 2335 5303 tenentes,
2365 5242 2585 5296 omnino
2613 5242 3084 5308 conﬁrtnabimiui,
3120 5242 3273 5309 positi
3304 5245 3354 5299 in
3386 5258 3535 5301 sorte

1961 5337 2288 5395 sanctorum,
2323 5331 2388 5384 ad
2417 5346 2477 5384 ea
2509 5332 2643 5386 bona
2674 5348 2793 5402 qua:
2822 5346 3040 5387 sensum
3073 5343 3125 5387 et
3156 5334 3533 5403 cogitationem

1963 5431 2179 5471 omnem
2202 5420 2499 5487 excedunt,
2526 5422 2867 5489 perfruenda.
2897 5422 3025 5486 Quae
3056 5436 3181 5476 vero
3202 5422 3531 5493 synodalitu-r

1963 5522 1992 5562 a
2025 5510 2178 5564 nobis
2221 5509 2305 5565 hic
2331 5525 2479 5579 gesta
2521 5524 2643 5566 sunt
2674 5513 2739 5565 ad
2778 5512 3298 5568 commendationem
3351 5515 3511 5570 deftn

1963 5601 2277 5670 sionemque
2308 5602 2560 5658 Ecclesiae
2596 5603 2876 5657 catholicae
2902 5641 2919 5669 ,
2961 5601 3015 5656 id
3055 5611 3157 5671 est,
3193 5612 3532 5675 paternarum

2033 5754 2059 5794 ι’
2100 5755 2256 5825 che,
2292 5760 2646 5831 ἒπιγωνῶσεως
2695 5759 2775 5816 vel
2806 5761 3129 5831 ίπιγωνιώ“η.
3170 5761 3474 5817 ΙΙΛΙιυυικιὶς
