4006 6182
485 319 585 376 167

1778 300 1836 355 S.
1881 295 2160 354 MARTINI
2204 291 2403 350 PAF/IS
2444 292 2462 344 l

3647 284 3743 338 tes

487 440 541 484 et
597 428 930 503 synodalium
984 424 1100 493 ejus
1154 419 1524 474 definitionum
1581 428 1643 468 ac
1699 413 2061 474 decretorum,

2200 410 2345 466 ςύτοῖς
2375 404 2502 482 ὅρων
2550 405 2634 457 καὶ
2679 398 3061 470 Θεσπισμάτων,
3111 398 3296 472 ἀρτίως
3341 397 3634 466 ἐστείλαμεν
3681 408 3748 462 τῶ

468 523 650 594 ‘nuper
674 523 937 585 misimus,
983 514 1243 572 canonice
1289 510 1565 579 designato
1598 522 1624 559 a
1650 505 1806 559 nobis
1835 503 2060 564 vicario,

487 617 692 682 Joanni,
723 615 921 668 dilecto
954 609 1103 664 fratri
1154 616 1337 660 nostro
1379 614 1432 658 et
1474 601 1733 668 episeopo
1781 594 2064 650 Philadel-

485 705 766 777 phensium
812 701 1090 757 civitatis:
1132 699 1216 752 cui
1264 697 1399 750 bene
1442 680 1611 746 facitis
1641 686 2060 746 consentientes,

483 809 537 851 et
579 811 764 851 omnes
833 791 1176 846 orthodoxos
1229 787 1502 840 vobiscum
1567 783 1907 840 excitantes,
1968 789 2064 843 pro

482 886 867 955 adimpletione
902 900 1110 946 eorum,
1142 880 1231 951 qui
1262 879 1344 946 pie
1373 877 1474 945 ipsi
1506 870 1779 928 commissi
1807 875 1952 932 sunt,
1983 881 2070 918 ar-

487 981 794 1042 ticulorum,
843 977 899 1030 in
948 975 1158 1028 laudem
1209 968 1462 1024 Ecclesia:
1502 961 1800 1019 catholicae.
1851 958 1954 1011 Pro
2001 970 2070 1009 eo

483 1087 626 1127 enim
660 1071 828 1124 multa
860 1069 1012 1124 vobis
1047 1080 1252 1120 merces
1277 1063 1329 1116 in
1362 1073 1527 1130 regno
1559 1056 1816 1112 caelorum
1849 1061 1933 1106 est
1980 1063 2070 1103 re-

486 1174 677 1231 pOStla.

2170 501 2294 574 παρ’
2336 501 2474 569 ἡμῶν
2518 495 2845 571 προϐληθέντι
2885 497 3154 550 κοινωνικῶς
3191 497 3515 564 τοποτηρητῇ
3555 488 3748 550 Ἰωάννη

2171 601 2244 664 τῷ
2274 595 2528 664 ἀγαπητῷ
2553 591 2691 660 ἡμῶν
2714 587 2905 658 ἁδελφῷ
2927 582 3292 653 καίέπισκόπῳ
3321 569 3752 643 τῆςίφιλαδελφέων

2171 684 2386 746 πόλεως,
2469 682 2630 741 καλῶς
2657 687 2844 735 ποιεῖτε
2874 678 3020 732 αὐτοί
3040 698 3094 731 τε
3117 677 3492 747 συντρέχοντες
3518 678 3603 728 καί
3634 677 3752 728 πάν-

2173 795 2264 834 τας
2288 777 2407 834 τοὺς
2437 771 2727 847 ὀρθοδόξους
2761 774 2854 826 σὺν
2883 771 3006 838 ὑμῖν
3033 767 3359 840 διεγείροντες
3403 768 3474 826 είς
3505 767 3756 834 ἐκπλήρω-

2176 887 2256 919 σιν
2284 873 2382 919 τῶν
2408 865 2633 923 εὐσεϐῶς
2660 862 3041 934 ἐπιτραπέντων
3065 861 3203 931 αὐτῷ
3230 857 3522 929 κεφαλαίων,
3559 859 3626 917 εἰς
3656 859 3759 911 σύ-

2177 977 2364 1012 σι-ασιν
2391 962 2482 1014 τῆς
2509 951 3095 1013 καθολικῆςἚκκλησίας.
3123 946 3337 1002 Ἐσεται
3361 949 3456 1021 γὰρ
3482 947 3599 1018 ὑμῖν
3624 947 3756 1019 ὐπέρ

2177 1051 2362 1103 τούτου
2391 1046 2545 1107 πολύς
2575 1044 2600 1100 ὁ
2635 1045 2836 1114 μισθὸς,
2873 1043 2922 1096 ἐν
2951 1050 3014 1113 τῇ
3044 1039 3278 1112 βασιλείᾳ
3305 1046 3403 1092 τῶν
3431 1037 3675 1111 οὐρανῶν.

483 1305 3756 1354 _____________________________________—

1475 1411 2347 1582 EPISTULA
2432 1441 2806 1582 VIII,

761 1701 865 1758 Al)
912 1694 1334 1757 GEORGIUM
1383 1673 2118 1750 ARCHIMANDRITAM
2166 1666 2659 1730 MONASTERH
2705 1661 2982 1724 SANCTI
3031 1656 3456 1718 THEODOSH

493 1847 738 1909 Laudat
771 1863 902 1905 eum
932 1843 1006 1904 ob
1037 1839 1401 1920 apostolica
1429 1833 1589 1894 sedis
1612 1827 1972 1888 ministrum
1998 1819 2335 1897 defensum,
2377 1822 2428 1871 et
2467 1822 2536 1870 ut
2578 1806 3130 1885 Philadclphorum
3177 1805 3464 1880 episcopo
3499 1799 3766 1863 obcdiat.

569 2085 797 2154 Georgio
827 2078 1260 2136 arcltimandritm
1300 2073 1556 2127 Martinus
1587 2081 1772 2120 servus
1802 2077 2078 2118 servorum
2116 2078 2158 2136 Β

491 2182 608 2245 Dei,
641 2187 838 2232 sanctae
868 2176 984 2242 ejus
1029 2170 1308 2225 catholica:
1357 2176 1410 2219 et
1459 2160 1769 2230 apostolica:
1817 2157 2075 2210 Romana:

495 2270 748 2328 Ecclesia
771 2267 1080 2334 episeopus.

563 2360 639 2414 Te
665 2359 850 2426 spiritu
885 2364 1072 2421 vegeto
1103 2364 1165 2402 ac
1217 2344 1399 2399 vivido
1430 2355 1573 2402 esse,
1606 2337 1980 2400 dilectissime,
2013 2335 2084 2387 si-

494 2452 706 2524 gnificat
732 2446 938 2500 virtutis
970 2453 1142 2497 tenor.
1197 2437 1366 2492 Efl'ers
1395 2437 1535 2487 enim
1585 2427 1890 2499 hujusmodi
1918 2425 2081 2494 spiri—

496 2541 654 2597 tualis
685 2536 892 2593 roboris
927 2541 1140 2601 apertos
1171 2528 1534 2582 characteres.
1565 2522 1616 2573 itt
1650 2519 1845 2588 quibus
1878 2516 2085 2584 insigne

499 2643 582 2687 est
612 2643 774 2699 atque
802 2625 1056 2682 eximium
1081 2619 1359 2675 cbaritatis
1388 2629 1490 2668 non
1525 2612 1660 2665 ficta:
1692 2609 1947 2671 studium,
1981 2622 2085 2675 quo

503 2721 785 2778 ostendisti
817 2730 866 2772 te
898 2732 1000 2770 non
1031 2716 1216 2775 verbo,
1266 2721 1436 2776 neque
1483 2704 1679 2770 lingua,
1714 2699 1808 2752 sed
1840 2713 2002 2763 opere
2035 2706 2088 2748 et

498 2815 723 2870 veritate
770 2810 1012 2878 diligere.
1042 2805 1191 2873 juxta
1227 2797 1534 2853 mandatum
1569 2788 1785 2844 Domini
1816 2807 1829 2842 :
1863 2788 1953 2856 qui
1996 2799 2089 2854 per

500 2907 740 2976 proprios
789 2899 1082 2957 monachos
1130 2895 1286 2949 nobis
1333 2905 1454 2944 eum
1505 2885 1871 2942 conservastis
1922 2882 2010 2952 qui
2058 2897 2086 2933 a

503 3006 682 3053 nostra
713 2990 1008 3063 apostolica
1037 2983 1288 3042 cathedra
1317 2983 1510 3034 missus
1537 2985 1637 3040 est,
1671 2977 1780 3029 Deo
1802 2971 2085 3026 amabilis-

501 3090 694 3144 simum
743 3083 1072 3152 Stephanum
1116 3079 1423 3141 episcopum
1453 3070 1686 3125 civitatis
1740 3065 2086 3128 Dorensium,

511 3194 610 3246 pro
641 3191 744 3244 quo
769 3170 1069 3227 mercedem
1099 3181 1126 3217 a
1159 3165 1382 3217 Domino
1415 3159 1673 3212 habentes
1698 3197 1712 3219 .
1767 3154 1993 3222 satagite
2023 3151 2088 3203 ad

505 3266 798 3324 certamina
832 3277 926 3330 pro
960 3257 1156 3328 pietate
1209 3252 1500 3308 sutdiosius
1529 3263 1621 3300 vos
1658 3245 1948 3300 extendere
1980 3285 1994 3307 ,
2037 3250 2091 3296 et

506 3360 762 3411 virtutum
794 3354 1055 3420 rt-ginam,
1083 3343 1477 3401 sanctissimam
1500 3349 1736 3392 nostram
1768 3337 1924 3389 fidem
1945 3334 2089 3386 omni

2265 2063 2499 2137 Γεωργίῳ
2529 2055 2955 2133 ’ΛρχιμανδρΞι-ῃ,
2991 2061 3234 2129 Μαρτῖνος
3261 2052 3437 2112 δοῦλος
3461 2061 3557 2106 τῶν
3582 2052 3773 2108 δούλων

2183 2164 2274 2212 τοῦ
2305 2163 2430 2212 Θεοῦ
2456 2164 2546 2215 τῆς
2575 2161 2675 2207 τῶν
2715 2152 2968 2220 Ῥωμαίων
3009 2147 3156 2219 ἁγίας
3203 2149 3356 2199 αὖτοῦ
3389 2147 3645 2205 καθολικῆς
3690 2151 3774 2200 καί

2183 2250 2524 2306 ἀποστόίκῖκ
2554 2245 2851 2301 Ἐκκλησίας
2880 2242 3172 2298 ἐπίσκοπος.

2256 2344 2502 2405 Νεάζοντκ
2532 2360 2588 2392 σε
2613 2346 2684 2406 τῷ
2711 2338 2967 2404 πνεύματι
2995 2337 3228 2408 γνωρίζει
3253 2342 3343 2393 τῆς
3361 2335 3544 2406 ἀρετῆς
3567 2331 3591 2386 ὁ
3614 2332 3774 2391 τόνος.

2187 2435 2498 2506 ἡγαπημένε.
2523 2433 2686 2504 ψέρεις
2713 2433 2812 2500 γάρ
2837 2434 2926 2487 τῆς
2954 2427 3192 2484 τοιαύτης
3222 2433 3562 2496 πνευματικῆς
3589 2425 3778 2491 ἰσχύς-ς

2188 2525 2411 2599 ἐναργεῖς
2442 2524 2563 2580 τούς
2595 2526 2946 2594 χαρακτῆρας,
2976 2515 3041 2569 ὧν
3065 2516 3309 2587 ἐπίσημός
3340 2519 3450 2570 ἐστι
3471 2517 3552 2567 καί
3574 2517 3782 2585 ἐξαίρε-

2190 2635 2272 2673 τος
2301 2613 2325 2667 ὁ
2351 2622 2440 2672 τῆς
2463 2615 2665 2684 ἀγάπης
2693 2609 3028 2682 ἀνυπόκριτος
3059 2607 3230 2671 πόθος,
3265 2604 3328 2660 δι’
3358 2602 3416 2658 οὐ
3445 2607 3781 2679 παρέστησας

2189 2705 2267 2759 ὄτι
2295 2707 2379 2758 οὐκ
2407 2706 2613 2775 ἀγαπᾷς
2649 2701 2805 2773 λόγῳ,
2835 2697 2950 2752 οὔτε
2975 2698 3205 2770 γλώσσῃ,
3251 2697 3355 2750 ἀλλ’
3381 2696 3513 2769 ἔργῳ
3543 2699 3623 2748 καί
3654 2695 3781 2750 άλη-

2188 2797 2297 2870 θεὶα
2358 2797 2493 2848 κατὰ
2548 2799 2638 2851 τήν
2710 2791 2906 2848 ἐντολὴν
2958 2796 3046 2845 τοῦ
3104 2792 3306 2862 Κυρίου*
3354 2788 3782 2861 περισωσάμενος

2189 2890 2306 2956 ἡμῖν
2350 2885 2432 2941 διὰ
2480 2894 2580 2941 τῶν
2625 2886 2810 2938 οἰκείων
2863 2887 3122 2952 μοναχῶν,
3166 2882 3251 2934 τὸν
3300 2881 3351 2932 ἐκ
3390 2887 3480 2936 τῆς
3532 2879 3783 2949 ἡμετέρας

2188 2979 2554 3038 Ἀποστολικῆς
2605 2973 2848 3046 καθέδρας
2891 2974 3060 3027 αὐτόθι
3107 2971 3353 3025 σταλέντα
3387 2971 3654 3039 Στέφανον,
3700 2968 3783 3020 τὸν

2190 3070 2564 3140 Θεοᾳιιλέστατον
2592 3067 2860 3120 ἐπίσκοπον
2885 3071 2974 3122 τῆς
2993 3069 3091 3117 τῶν
3121 3068 3364 3134 Δωρητῶν
3394 3061 3604 3119 πόλεως,
3636 3059 3774 3130 ὑπέρ

2191 3157 2250 3214 οὐ
2281 3161 2452 3230 μισθὸν
2484 3158 2698 3228 ἔχοντες
2728 3158 2866 3228 παρὰ
2895 3157 3096 3229 κυρίου,
3129 3151 3465 3208 σπουδάσατε
3497 3159 3604 3211 τοῖς
3643 3153 3780 3227 ὑπὲρ

2192 3253 2454 3311 εὐσεϐείας
2497 3253 2661 3324 ἀγῶσι
2697 3248 3073 3324 προθυμότερον
3111 3245 3505 3310 ἐπεκτείνεσϐαι,
3559 3249 3644 3298 καί
3699 3250 3786 3303 τὴν

2193 3342 2462 3417 ἡγεμονίδα
2493 3350 2592 3396 τῶν
2638 3343 2854 3415 ἀρετῶν,
2904 3339 3031 3410 λέγω
3063 3336 3123 3395 δή
3168 3344 3257 3395 τήν
3309 3337 3594 3409 ἁγιωτάτην
3644 3339 3786 3407 ἡμῶν

510 3451 651 3504 bono
679 3447 792 3501 zelo
810 3442 1130 3498 defendere:
1163 3448 1217 3490 ttt
1247 3451 1339 3491 eos
1360 3435 1448 3504 qni
1476 3431 1576 3501 ipsi
1606 3439 1797 3500 praeter
1829 3430 2090 3482 rationem

2201 3437 2392 3498 πίστιν,
2440 3433 2730 3496 εὐζηλώτως
2775 3428 3049 3484 διεκδικεῖν.
3083 3425 3245 3481 Ὠστε
3277 3429 3398 3486 τούς
3429 3428 3788 3481 ἀντικαθιστα-

509 3543 877 3602 adversantur,
921 3531 1344 3589 misericorditer
1375 3535 1680 3588 convertas,
1712 3522 1794 3576 vel
1830 3537 1932 3574 non
1968 3534 2099 3571 eono

514 3652 558 3684 τι
582 3641 782 3686 rtentes
825 3643 882 3682 se
911 3627 1202 3693 redarguas
1234 3638 1245 3673 :
1298 3629 1354 3673 ut
1385 3619 1648 3686 integrum
1694 3612 1970 3668 catholica:
1999 3608 2097 3661 Ec-

511 3726 693 3779 clesize
745 3721 964 3774 verbum
1014 3721 1426 3774 conservantes,
1469 3709 1767 3771 Christum,
1825 3711 2095 3755 rectorem

514 3815 635 3886 ejus
665 3828 728 3867 ac
757 3823 1009 3880 Sponsum
1064 3803 1324 3865 habeatis,
1368 3799 1419 3853 in
1452 3797 1686 3852 thalamo
1731 3792 1968 3848 ccelestis
2009 3805 2096 3843 re-

515 3909 600 3978 gni
641 3922 736 3959 vos
769 3902 936 3974 gratia
982 3896 1332 3956 refit-ietttem,
1367 3905 1485 3945 cum
1520 3889 1589 3953 ei,
1637 3887 1726 3955 q~ti
1772 3897 1867 3937 vos
1908 3881 1974 3934 ad
2019 3881 2101 3933 lu-

515 3971 650 4054 ctam
677 4005 730 4051 et
761 3971 986 4064 pugnam
1037 3987 1252 4055 delegit,
1302 3980 1603 4048 complaciti
1637 3975 1875 4037 fueritis,
1916 3973 1967 4026 in
1995 3971 2104 4039 spi-

508 4087 730 4144 «ritttalis
780 4081 1086 4139 certaminis
1117 4078 1347 4132 ratione.
1398 4074 1527 4138 Qua:
1566 4070 1649 4122 hic
1681 4083 1708 4119 a
1738 4067 1891 4120 nobis
1942 4077 2102 4132 syno-

520 4181 714 4233 daliter
759 4186 875 4229 acta
916 4182 1039 4226 sunt
1071 4169 1135 4222 ad
1167 4161 1688 4222 commendationem
1735 4167 1789 4211 et
1837 4152 2105 4208 delensio-

523 4282 642 4320 uem
697 4261 951 4318 Ecclesiae
993 4257 1292 4318 catholicze.
1336 4251 1388 4306 id
1417 4259 1520 4315 est,
1554 4258 1898 4317 paternarum
1927 4255 1990 4295 ac
2016 4256 2104 4308 sy-

524 4357 796 4408 nodalium
827 4352 942 4421 ejus
968 4349 1338 4404 delinitiouum
1373 4351 1426 4397 et
1452 4339 1810 4400 sanctionem,
1854 4335 2099 4404 proxime

529 4446 769 4498 misimus
802 4460 828 4494 a
880 4442 1030 4494 nobis
1079 4439 1336 4492 canonice
1383 4434 1592 4488 delecto
1644 4429 1864 4490 vicario,
1917 4423 2104 4480 Joanui

526 4537 722 4589 dilecto
771 4532 918 4584 fratri
965 4537 1148 4583 nostro
1196 4537 1248 4580 et
1277 4525 1529 4594 episcopo
1576 4513 2107 4585 Philadelphensium

528 4623 781 4679 Ecclesia:
816 4639 829 4674 :
865 4621 948 4673 cui
980 4630 1125 4673 recte
1168 4616 1337 4670 facitis
1371 4624 1480 4667 tum
1529 4610 1950 4670 consentientes,
1992 4612 2104 4658 tum

525 4726 716 4768 oumes
739 4701 1068 4762 orthodoxos
1100 4705 1374 4759 vobiscum
1404 4702 1701 4756 excitantes
1731 4699 1796 4752 ad
1833 4695 2106 4764 impletio‘

2202 3527 2380 3598 μένους
2411 3526 2537 3597 αὐτῇ
2575 3522 2902 3598 παραλόγως,
2937 3512 3220 3586 συμπαθῶς
3269 3520 3610 3591 ἐπιστρέφειν,
3653 3516 3689 3574 ἦ
3722 3523 3790 3586 μὴ

2205 3617 2604 3689 ἐπιστρέφοντας
2653 3612 2949 3684 διελέγχειν.
2991 3608 3094 3664 ’Ἱνα
3123 3613 3205 3664 τὸν
3257 3618 3348 3670 τῆς
3377 3610 3638 3667 καθολικῆς
3683 3609 3792 3661 Ἐκ·-

2204 3710 2413 3768 κλησίας
2445 3707 2703 3764 ἀλὼϐητον
2736 3705 3109 3774 διασωσάμενοι
3135 3704 3298 3774 λόγον,
3333 3704 3547 3772 σχοίητε
3577 3702 3666 3754 τὸν
3694 3702 3791 3756 αὖ·

2205 3810 2294 3860 τῆς
2346 3800 2607 3871 ἁρμοστήν
2655 3799 2738 3850 καὶ
2779 3798 2983 3866 νυμφίον
3037 3794 3278 3865 Χριστὸν,
3330 3799 3402 3864 τῷ
3447 3791 3644 3861 Θαλάμῳ
3701 3799 3788 3848 τῆ.

2206 3894 2360 3948 αὐτοῦ
2393 3890 2504 3945 κατ’
2535 3891 2753 3959 οὐρανῶν
2798 3886 3062 3960 βασιλείας
3098 3884 3478 3937 έναναπαύοντα
3519 3882 3647 3935 κατά
3687 3884 3795 3950 χά·

2206 4005 2283 4058 ριν
2313 3985 2447 4054 ἡμᾶς
2493 3982 2559 4038 ὡς
2589 3980 2723 4049 αὐτῷ
2751 3985 2821 4045 τῷ
2866 3975 3334 4047 στρατολογήσαντι
3382 3977 3608 4045 Χριστῷ,
3649 3973 3792 4042 πρὸς

2207 4074 2370 4131 πάλην
2398 4075 2482 4125 καί
2513 4072 2691 4141 μάχην
2721 4075 2819 4122 τῶν
2849 4067 3081 4120 ἐναντίων
3110 4063 3511 4132 ἐπιδειξαμένους
3541 4061 3670 4114 κατά
3717 4061 3797 4113 λο-

2207 4188 2296 4236 γον
2325 4171 2667 4234 πνευματικῆς
2689 4161 2963 4222 ἀθλήσεως,
3008 4158 3064 4212 τὸ
3112 4155 3196 4210 διὰ
3238 4155 3439 4209 πάντων
3483 4155 3796 4224 εὐαρεστεῖν.

2208 4260 2284 4311 Τά
2311 4255 2363 4311 δέ
2393 4252 2670 4311 σννοδικῶς
2695 4253 2809 4322 ἡμίν
2836 4248 3004 4303 ἐνθάδε
3040 4248 3352 4321 πραχθέντα
3375 4247 3503 4319 πρὸς
3529 4245 3800 4297 σύστασιν

2215 4351 2302 4402 καί
2330 4347 2574 4405 ἐκδίκησιν
2602 4351 2692 4402 τῆς
2717 4339 3305 4401 καθολικῆςἚκκλησ-ίας,
3322 4339 3504 4392 ταυτὸν
3527 4333 3580 4388 δὲ
3606 4335 3798 4405 λέγειν,

2211 4447 2311 4496 τῶν
2334 4444 2592 4510 πατρικῶν
2620 4438 2705 4491 καί
2747 4432 3016 4488 συνοδικῶν
3045 4432 3199 4489 αὐτῆς
3233 4427 3364 4502 ὅρων
3391 4429 3473 4480 καί
3502 4427 3802 4496 θεσπισμά-

2216 4554 2316 4587 των
2343 4533 2532 4606 ἀρτίως
2559 4528 2864 4596 ἐστείλαμεν,
2887 4533 2960 4597 τῷ
2986 4524 3109 4595 παρ’
3131 4525 3268 4596 ἡμῶν
3297 4520 3623 4594 προϐληθέντι
3647 4536 3804 4569 κανο-

2212 4633 2361 4684 νικῶς
2377 4630 2699 4697 τοποτηρητῇ
2731 4618 2925 4686 Ἰωάννῃ
2953 4625 3027 4689 τῷ
3056 4619 3302 4687 ἀγαπητῷ
3330 4616 3468 4683 ἡμῶν
3496 4609 3694 4680 ἀδελφῷ
3718 4611 3807 4662 καί

2221 4714 2483 4783 ἐπισκόπῳ
2519 4719 2610 4770 τῆς
2658 4707 2988 4779 Φιλαδελφέων
3034 4705 3243 4765 πόλεως·
3363 4703 3518 4760 καλῶς
3569 4707 3805 4760 ποιεῖτε,

529 4821 652 4861 nem
683 4818 863 4857 eorum
895 4801 982 4868 qui
1020 4797 1103 4866 pie
1135 4796 1234 4864 ipsi
1268 4791 1538 4847 commissi
1589 4798 1716 4842 sunt
1737 4785 2081 4841 articulorum

2217 4811 2358 4864 αὐτοί
2386 4829 2439 4862 τε
2472 4807 2868 4879 συντρέχοντες,
2901 4803 2983 4854 καί
3009 4802 3207 4860 πάντας
3233 4800 3353 4858 τοὺς
3383 4793 3675 4869 ὀρθοδόξους
3707 4793 3809 4845 σὺν

533 4897 586 4950 in
631 4895 838 4948 Iaudem
876 4889 1128 4944 Ecclesia:
1174 4883 1477 4938 catholicae.
1531 4879 1692 4933 Vobis
1724 4877 1865 4931 enim
1911 4888 2009 4944 pro
2045 4887 2110 4926 eo

531 4988 704 5040 multa
735 4996 942 5038 merces
976 4981 1025 5033 in
1051 4992 1214 5046 regno
1245 4974 1504 5028 cmlorum
1535 4969 1875 5025 retribuetur.

2218 4903 2342 4970 ὑμῖν
2369 4897 2714 4971 διεγείροντες,
2757 4896 2826 4952 εἰς
2864 4892 3174 4964 ἐκπλήρωσιν
3200 4897 3298 4944 τῶν
3324 4886 3547 4943 εὐσεϐῶς
3576 4883 3807 4953 ἐπιτρα-

2216 4995 2406 5048 πέντων
2448 4987 2745 5061 κεφαλαίων,
2778 4987 2848 5043 εἰς
2877 4986 3136 5038 σύστασιν
3163 4989 3255 5041 τῆς
3305 4978 3564 5036 καθολικῆς
3590 4973 3808 5030 Ἐκκλη-

2217 5086 2352 5142 σίας.
2386 5078 2591 5134 Ἐσεται
2617 5080 2715 5152 γάρ
2765 5077 2887 5148 ὑμῖν
2935 5077 3066 5148 ὑπὲρ
3101 5077 3288 5128 τούτου
3319 5072 3474 5131 πολὺς
3523 5067 3705 5142 μισθὸς
3758 5067 3813 5119 ἓν

2213 5182 2275 5247 τῇ
2308 5173 2544 5246 βασιλείᾳ
2573 5178 2670 5225 τῶν
2699 5170 2945 5242 οὐρανῶν.

1528 5535 1648 5547 ...συ-
1663 5536 1722 5542 -ρ
1741 5513 2779 5552 —-—W~——-—-
