3944 6170
397 397 486 448 ΠΙ
1689 371 1746 426 ε.
1790 365 2025 424 MAllTll‘

2130 366 2307 422 ’ΛΡΑΕ
2345 366 2362 420 Ι
3551 353 3652 411 1τῖ
3685 345 3688 348 ’

394 509 697 586 κρυψάμενοι
726 505 812 574 μέν
844 502 906 556 τά
954 503 1043 556 τῆς
1086 494 1420 556 τελειώσεως,
1465 488 1871 560 ἐγκυρήσαντες
1919 481 2025 540 δίΑ

2130 497 2291 536 ινεεο
2313 481 2583 536 tradentes
2611 491 2728 546 qua!
2775 475 2839 530 ad
2885 473 3300 544 depositionem.
3353 473 3525 542 Quam
3558 475 3652 544 igi-

2086 583 2170 629 tur
2192 572 2556 629 defensionem
2612 570 2900 634 habebunt,
2957 582 3078 622 cum
3132 566 3242 634 iam
3295 577 3512 638 propter
3564 580 3656 622 eos

2088 681 2194 720 non
2219 667 2326 720 sint
2373 665 2444 718 ibi
2471 663 2704 734 episcOpi
2735 670 2792 716 et
2832 660 3172 727 sacerdotes,
3217 657 3307 728 qui
3348 658 3549 728 jngiter
3579 659 3655 713 al-

2089 758 2186 812 tari
2219 755 2492 822 insistant,
2521 766 2575 811 et
2617 753 2882 810 sacrificia
2911 761 3072 820 atque
3100 751 3404 806 oblationes
3441 765 3538 819 pro
3566 766 3660 820 po.

2089 848 2211 919 pulo
2238 848 2303 902 ad
2326 848 2552 902 salutem
2581 845 2878 899 animarum
2905 843 3150 906 offerant,
3185 843 3432 910 quamvis
3460 855 3660 910 cogno-

2090 947 2243 995 scant
2291 938 2430 1007 quod
2461 937 2640 990 ultima
2673 935 2802 989 hora
2833 934 2926 1002 sit,
2953 942 3011 988 et
3035 931 3414 987 scand‘alorum
3455 941 3664 999 tempus

2093 1028 2403 1084 immineat?
2431 1026 2603 1096 Atque
2644 1024 2845 1080 idcirco
2866 1023 3151 1094 oportebat
3181 1021 3424 1092 pluribus
3460 1022 3659 1090 episco-

2092 1123 2195 1192 pis,
2227 1131 2280 1176 et
2317 1120 2667 1190 presbyteris,
2698 1128 2750 1175 et
2780 1117 3042 1187 diaconis,
3092 1117 3436 1187 providenter
3477 1116 3667 1171 Eccle-

2092 1215 2201 1270 sias
2247 1213 2337 1267 Dei
2378 1212 2570 1281 ubique
2614 1211 3035 1272 increbrescere,
3087 1207 3541 1278 quemadmodum
3577 1223 3672 1262 na-

2099 1307 2229 1373 vim,
2278 1320 2400 1375 quae
2430 1304 2481 1358 in
2527 1304 2713 1374 pelago
2767 1311 3084 1373 tempestate
3125 1302 3377 1371 iactatur,
3427 1301 3674 1371 pluribus

2095 1395 2537 1468 gubernatoribus
2568 1405 2624 1452 et
2668 1395 2877 1457 nautis:
2939 1392 3100 1463 hujus
3129 1393 3272 1447 enim
3305 1392 3382 1448 rei
3423 1392 3592 1463 gratia
3619 1399 3676 1446 et

2099 1506 2197 1546 nos
2223 1493 2274 1545 in
2305 1489 2710 1544 aediﬁcationem
2737 1487 3024 1557 praecipue,
3056 1497 3111 1540 et
3137 1501 3242 1540 non
3267 1485 3320 1541 in
3348 1485 3676 1540 destructio-

2101 1598 2221 1639 nem
2264 1597 2294 1636 a
2341 1581 2563 1635 Domino
2612 1586 2929 1648 potestatem
2981 1576 3307 1646 accepimus,
3358 1585 3415 1630 ut
3467 1576 3681 1644 populis

416 1704 558 1773 παρά
583 1705 672 1755 τοῦ
703 1698 896 1770 Κυρίου
927 1698 1016 1751 τὴν
1047 1690 1276 1756 ἐξουσίαν
1308 1684 1564 1755 ἐλάϐομεν,
1609 1683 1695 1735 ’ἱνα
1724 1677 1998 1753 φιλανθρὼ·

2130 1673 2475 1729 Iuctuantibus
2513 1672 2744 1726 humane
2791 1684 2854 1726 ac
2891 1669 3119 1739 benigne
3159 1667 3500 1739 opitulemnr.
3527 1667 3684 1723 Umle

418 1813 528 1852 πως
553 1792 962 1862 ὶπικουρήσωμεν
993 1790 1100 1840 τοῖς
1123 1776 1511 1850 χειμαζομένοις
1537 1773 1698 1830 λαοῖς.
1723 1767 1869 1824 Ὀθεν
1897 1767 1997 1820 ύπό

2130 1769 2169 1822 ι)
2193 1769 2672 1835 hanc'pOtestatem
2702 1771 2842 1818 mota
2872 1760 3163 1830 apostolica
3197 1759 3354 1814 sedes
3381 1757 3509 1814 nihil
3540 1775 3686 1828 pm-

420 1883 607 1938 ταύτης
633 1886 723 1937 τῆς
769 1876 997 1940 ἐξουσίας
1027 1870 1051 1924 ό
1076 1868 1182 1924 καθ’
1203 1870 1338 1938 ἡμᾶς
1383 1864 1717 1921 ἀποστολικός
1765 1859 1993 1934 ὁρμηθείς

2130 1861 2354 1928 ermisit,
2407 1872 2514 1926 quo
2557 1854 2817 1911 catholica
2849 1853 2972 1908 istic
3014 1851 3253 1907 Ecclesia
3285 1866 3379 1922 per
3409 1864 3690 1904 memora-

420 1970 591 2044 θρόνος
618 1964 886 2041 «apsent;
912 1965 1000 2034 μὲν
1027 1958 1185 2023 οὐδέν,
1216 1959 1285 2017 εἰς
1315 1955 1372 2010 τό
1397 1953 1692 2029 πρεπόντως
1720 1950 1999 2005 ἀπολαϐεῖν

2131 1968 2219 2007 um
2249 1951 2558 2022 religiosum
2587 1947 2900 2016 episcopum
2933 1943 3315 1998 convenienter
3353 1940 3690 1997 sacerdotale

423 2062 506 2116 τόν
536 2059 778 2132 ἱερατικὸν
825 2055 980 2113 αὐτῆς
1019 2051 1204 2121 κόσμον
1237 2047 1323 2103 διά
1358 2051 1448 2102 τοῦ
1489 2044 1719 2122 ῥηθέντος
1761 2041 2003 2102 εύλαῗοῦς

2130 2045 2268 2100 Iecus
2295 2049 2671 2108 recuperaret,
2702 2039 2792 2106 qui
2836 2049 2965 2091 vero
3014 2033 3066 2088 id
3112 2031 3528 2103 prohibuerunt,
3582 2029 3691 2084 sibi

426 2151 702 2206 ἐπισκόπου
735 2151 824 2204 τόν
863 2142 1033 2199 αὐτόθι
1074 2139 1338 2196 καθολικὴν
1367 2134 1668 2193 Ἐκκλησίαν·
1697 2133 1741 2187 oi
1769 2131 1822 2187 δέ
1852 2137 2006 2186 τοῦτο

2130 2135 2174 2192 le
2201 2147 2265 2190 eo
2301 2129 2641 2202 imputabunt
2684 2127 2945 2182 rationem
2978 2121 3170 2192 :cujus
3201 2135 3361 2177 causa
3407 2121 3599 2190 lugens
3634 2128 3690 2173 et

2109 2224 2452 2280 contristatus
2483 2216 2774 2290 ingredior,
2809 2215 2926 2271 dies
2953 2224 3243 2283 noctesque
3272 2211 3566 2267 bonitatem
3593 2209 3690 2265 Dei

2112 2331 2232 2373 cum
2257 2312 2509 2384 lacrymis
2529 2311 2844 2374 obsecrans,
2873 2321 2940 2361 ne
2964 2304 3325 2359 hatreditatem
3349 2317 3500 2356 suam
3522 2316 3697 2372 usque

395 605 540 672 μόνον
569 601 702 668 αύτῷ
731 597 793 649 τά
821 600 918 651 τῆς
946 589 1302 664 καθαιρέσεως.
1335 585 1483 640 Ποίαν
1508 575 1595 635 οὖν
1622 581 1822 645 ἕξουσιν
1843 579 1978 632 ἀπο·

396 696 588 765 λογίαν,
637 690 721 741 ούκ
762 681 917 738 ὅντων
960 679 1042 737 ἔτι
1069 678 1132 734 δι’
1164 678 1353 738 αύτούς
1380 673 1663 730 ἐπισκόπων
1685 671 1855 724 ’ἐκεῖσε
1897 668 1985 722 καί

397 785 568 859 ἱερέων
597 778 868 846 ἐνδελεχῶς
886 771 1314 847 τῷθνσιαστηρίῳ
1334 764 1769 842 παρεδρευόντων,
1783 762 1867 814 καί
1887 760 1983 818 τάς

399 881 530 952 ὑπὲρ
558 880 646 929 τοῦ
671 873 794 926 λαοῦ
820 877 894 939 τῷ
923 875 1032 939 Θεῷ
1061 862 1417 941 προσαγόντων
1463 858 1652 918 θυσίας
1685 857 1769 908 καί
1795 855 1983 923 ἀναφο-

404 949 509 1045 ρὰς-
547 969 618 1028 είς
651 964 975 1038 περιποίησιν
1022 964 1123 1014 τῶν
1168 955 1398 1026 ·ψυχῶν;
1447 951 1610 1006 καίτοι
1652 949 1988 1019 γινώσκοντες

402 1061 655 1133 ἀσᾳαλῶς,
679 1055 757 1112 ὅτι
783 1056 984 1126 ἐσχάτη
1001 1053 1109 1124 ὥρα
1123 1051 1253 1115 ἐστὶ,
1279 1048 1361 1101 καί
1387 1044 1415 1100 ό
1449 1050 1548 1098 τῶν
1573 1037 1859 1096 σκανδάλων
1879 1059 1988 1090 και·

402 1157 487 1228 ρὸς
517 1155 771 1210 ἐνέστηκε.
807 1150 894 1203 Kal
924 1146 1081 1221 ἐχρῆν
1112 1140 1198 1198 διὰ
1225 1145 1377 1196 τοῦτο
1397 1139 1738 1212 προνοητικῶς
1766 1130 1990 1185 πλείοσιν

407 1244 725 1307 ἐπισκόποις,
755 1243 836 1295 καί
862 1235 1254 1312 πρεσϐυτέροις,
1287 1232 1373 1285 καί
1399 1227 1665 1288 διακόνοις,
1685 1227 1779 1283 τάς
1796 1220 1992 1279 Ἐκκλη-

406 1342 525 1396 σίας
553 1339 644 1389 τοῦ
671 1336 796 1387 Θεοῦ
827 1329 1097 1396 πανταχοῦ
1134 1319 1608 1381 καταπυκνωθῆναι,
1648 1314 1872 1386 καθάπερ
1908 1313 1991 1366 καί

408 1432 530 1482 ναῦν
558 1426 607 1478 ἓν
634 1428 850 1495 χειμῶνι
871 1423 957 1473 καί
993 1416 1199 1487 πελάγει
1232 1407 1655 1478 κλυδωνιζομένην
1683 1404 1886 1460 πλείοσι
1912 1423 1998 1456 κυ-

415 1521 676 1593 ϐερνήταις
715 1516 800 1567 καί
825 1508 1057 1568 ναύταις.
1084 1507 1280 1560 Τούτου
1310 1501 1408 1574 γὰρ
1441 1505 1601 1572 χάριν
1626 1499 1711 1551 καί
1739 1496 1888 1553 ἡμεῖς
1923 1493 1994 1551 είς

415 1589 676 1680 ο’κοδομὴν
745 1603 1133 1678 προηγουμένως
1175 1639 1192 1666 ,
1265 1593 1370 1651 ἀλλ’
1417 1595 1501 1647 οῦκ
1564 1593 1633 1651 εἷς
1683 1589 1994 1661 καθαίρεσιν,

423 2241 652 2312 γενέσθαι
679 2235 1018 2295 κωλύσαντες,
1053 2232 1257 2289 ἑαυτοῖς
1283 2228 1365 2283 τόν
1393 2229 1511 2302 περὶ
1533 2230 1718 2280 τούτου
1741 2222 2008 2293 καταλογί-

428 2353 604 2388 σονται
638 2329 803 2401 λόγον.
844 2321 915 2379 Ού
965 2325 1120 2394 χάριν
1165 2321 1354 2376 πενθῶν
1392 2321 1472 2372 καί
1501 2316 1889 2392 σκυθρωπάζων
1920 2334 2013 2367 πο-

432 2428 673 2502 ρεύομαι,
701 2419 1002 2496 παρακαλῶν
1031 2422 1120 2474 τήν
1147 2414 1434 2487 ἀγαθότητα
1462 2415 1554 2465 τοῦ
1585 2414 1734 2472 Θεοῦ,
1775 2405 1902 2476 μετά
1923 2402 2012 2458 δαο

432 2517 595 2590 γρύων
623 2513 800 2572 νυκτός
828 2511 912 2564 καί
938 2509 1153 2583 ἡμέρας,
1207 2508 1277 2576 μή
1309 2505 1380 2562 εἰς
1419 2501 1558 2560 τέλος
1588 2497 1893 2552 ἀπώσασθαι
1929 2498 2016 2551 τήν

434 2609 620 2661 ἑαυτοῦ
658 2601 1015 2677 κληρονομίαν,
1063 2595 1165 2650 ἀλλ’
1188 2593 1383 2658 ἀνοῖξαι
1409 2595 1498 2649 τὴν
1533 2589 1707 2664 θύραν,
1738 2586 1796 2644 ἣν
1838 2584 2018 2637 ἐκεῖνιι

440 2695 780 2758 συνέκλεισαν,
809 2692 893 2745 ἶνα
948 2689 1094 2742 πάλιν
1134 2683 1303 2740 αύτόθι
1335 2689 1424 2744 τῆς
1452 2680 1731 2755 ἱερωσύνης
1759 2676 1910 2729 αὐτοῦ
1939 2671 2021 2727 διὰ

448 2795 540 2848 τῆς
577 2785 992 2858 συμπληρὼσεως
1021 2787 1121 2835 τῶν
1150 2775 1439 2832 ἐπισκόπων
1466 2771 1696 2844 ἀνατείλῃ
1738 2769 1763 2823 ὁ
1811 2766 2017 2838 κοσμός·

442 2881 507 2934 τά
535 2876 775 2952 πρόϐατα
813 2881 906 2934 τῆς
932 2871 1226 2929 Ἐκκλησίας
1275 2872 1620 2926 ποιμαντικῶς
1656 2861 2021 2937 περιποιούμε-

440 2992 538 3034 νος,
571 2972 765 3028 καὶτῆς
794 2966 1064 3024 ἐπιϐουλῆς
1089 2969 1190 3018 τῶν
1213 2961 1373 3014 λύκων
1397 2960 1460 3030 ἀγ
1468 2959 1641 3030 ρύπνῳ
1675 2951 1876 3028 σπουδῇ
1903 2972 2025 3006 συν·

441 3065 596 3123 τόνως
620 3061 972 3139 λυτρούμενος.
1001 3057 1126 3130 Περὶ
1156 3055 1323 3125 μέντοι
1351 3057 1452 3108 τῶν
1483 3051 1824 3106 ἀκανονίστως
1852 3043 2028 3098 αὐτόθι

447 3153 891 3232 χειροτονηθέντων
921 3150 1005 3202 ἐπὶ
1028 3155 1118 3205 τῆς
1143 3143 1496 3219 πατριαρχίας
1521 3145 1613 3193 τοῦ
1641 3140 1691 3191 ἰν
1715 3138 1938 3207 μακαρίᾳ
1965 3139 2028 3208 τῇ

453 3227 620 3315 μνημῃ
662 3244 956 3314 Σωφρονίου,
997 3238 1081 3291 τόν
1106 3237 1189 3288 ἐπί
1217 3241 1316 3289 τῶν
1341 3227 1765 3302 χειροτονούντων
1792 3227 1822 3286 ἦ
1853 3245 2026 3302 χειροο

448 3336 774 3404 τονουμένων,
805 3333 887 3384 καί
913 3327 1298 3387 σνναινούντων,
1330 3323 1360 3381 ἦ
1387 3321 1769 3395 συγκαλούντων
1805 3318 1851 3370 ἐν
1881 3316 2033 3391 ἑτέρᾳ

449 3425 589 3479 πόλει
609 3423 750 3498 παρά
775 3423 973 3493 γνώμην
995 3417 1077 3472 καί
1098 3413 1285 3474 εἴδησιν
1309 3418 1398 3468 τοῦ
1429 3414 1478 3466 ἐν
1502 3419 1563 3484 τῇ
1603 3411 1748 3465 πόλει
1766 3413 2034 3483 προεστῶ-

460 3536 547 3576 τος
595 3514 884 3589 ἀρχιερέως
911 3512 1129 3589 κείμενον
1171 3507 1356 3561 κανόνα
1393 3511 1496 3564 τοῖς
1539 3503 1706 3576 ἁγίοις
1735 3501 2035 3560 ἀποστόλοις

456 3611 536 3664 καὶ
575 3606 832 3680 ιιατράσιν
857 3604 1012 3672 ἡμῶν,
1057 3597 1398 3670 ἀπαραέῗάτως
1432 3595 1660 3670 ὁρίζομεν
1695 3593 2032 3665 φυλαχθῆναι.

458 3699 673 3759 Κανόνας
716 3698 813 3772 γάρ
853 3693 1296 3751 ἐκκλησιαστικοὺς
1334 3690 1392 3742 ού
1449 3685 1707 3757 δυνάμεθα
1756 3683 1914 3754 λύειν,
1963 3686 2038 3738 ἐκ·

458 3790 655 3847 δίκηται
702 3790 787 3841 καὶ
832 3785 1060 3857 φύλακες,
1109 3781 1212 3834 ἀλλ’
1268 3781 1326 3833 ού
1373 3778 1674 3850 παραϐάται
1731 3781 1832 3830 τῶν
1895 3775 2038 3828 κανό-

459 3907 554 3939 νων
597 3883 943 3954 ύπάρχοντες⁶
977 3881 1020 3933 εί
1048 3879 1132 3931 καί
1178 3875 1492 3947 ἀμφοτέρους
1539 3872 1711 3925 ἐκεῖνοι
1756 3871 1880 3929 τούς
1923 3868 2040 3944 Θρό-

459 3998 580 4037 νους
625 3974 943 4050 παρέϐησαν,
975 3970 1060 4026 τόν
1098 3989 1150 4026 τε
1181 3967 1286 4023 καθ’
1315 3969 1447 4038 ἡμᾶς
1476 3963 1800 4020 ἀποστολικόν
1849 3961 2036 4037 θρόνον,

462 4070 544 4125 διὰ
568 4071 625 4126 τό
649 4075 720 4139 μὴ
745 4066 923 4123 δοῦναι
951 4065 1014 4119 τὰ
1041 4062 1330 4137 πραικέπτα
1354 4067 1444 4119 τῆς
1468 4057 1890 4130 χειροτονίας-,ὡς
1912 4053 2043 4128 εῗρηο

461 4183 566 4224 ται,
616 4162 701 4216 καί
743 4159 828 4214 τόν
872 4161 965 4210 τοῦ
1011 4153 1157 4226 ἀγίου
1195 4150 1434 4205 Ἰακώϐου
1477 4147 1645 4221 θρόνον
1677 4144 1760 4201 διὰ
1804 4151 1891 4199 τοῦ
1947 4144 2041 4199 λα·

464 4252 562 4305 θεῖν
616 4249 701 4305 τόν
751 4248 801 4301 ἐν
851 4244 1008 4316 ἀγίοις
1042 4241 1334 4317 Σωφρόνιον,
1371 4240 1455 4292 ἶνα
1504 4237 1674 4291 λοιπόν
1725 4229 2039 4304 αύτονόμως,

466 4345 534 4403 ὡς
588 4342 736 4394 αξ.)τοί
798 4337 1053 4395 θέλουσιν.
1126 4333 1231 4387 ἀλλ’
1285 4333 1342 4386 ού
1389 4332 1552 4390 καθὼς
1608 4330 1666 4384 τό
1731 4322 1935 4399 Πνεῦμα
1986 4327 2043 4381 τό

470 4433 610 4503 ἅγιον
657 4428 1086 4503 παρακελεύεται,
1140 4427 1235 4484 τὰς
1300 4425 1622 4498 χειροτονίας
1663 4421 1863 4480 ἔω)τοῖ
1925 4440 2044 4493 σφε’

2117 2408 2169 2465 in
2202 2407 2360 2462 linem
2395 2402 2642 2473 repellat,
2672 2401 2769 2456 sed
2797 2399 2990 2456 ostium
3019 2393 3262 2466 aperiat,
3291 2395 3432 2464 quod
3464 2393 3537 2448 illi
3565 2409 3699 2448 cun-

2117 2502 2409 2562 cluserunt,
2441 2505 2498 2550 ut
2534 2508 2748 2549 rursum
2779 2491 2898 2546 istic
2939 2487 3226 2546 sacerdotii
3268 2486 3407 2556 ejus,
3451 2500 3545 2555 per
3570 2501 3703 2555 sup-

2123 2590 2448 2660 plementum
2478 2584 2873 2654 episcoporum,
2921 2577 3178 2649 splendor
3223 2587 3277 2632 et
3321 2586 3702 2632 ornamentum

2123 2681 2432 2745 exoriatur,
2465 2677 2718 2732 Ecclesia:
2759 2688 2888 2730 oves
2914 2686 3040 2728 cura
3082 2670 3330 2742 pastorali
3365 2685 3618 2734 servans,
3654 2680 3706 2724 et

2128 2787 2156 2826 a
2185 2772 2429 2841 luporum
2471 2765 2680 2822 insidiis
2721 2763 2964 2836 vigilanti
2995 2763 3176 2818 studio
3207 2762 3460 2829 eripiens.
3496 2760 3570 2814 De
3615 2761 3704 2825 iis,

2127 2863 2218 2933 qui
2267 2876 2371 2916 non
2428 2858 2686 2914 canonice
2733 2855 2855 2910 istic
2905 2854 3062 2910 electi
3114 2862 3238 2908 sunt
3285 2852 3336 2906 in
3382 2850 3708 2921 patriarcltia

2131 2957 2301 3010 beata:
2346 2951 2617 3008 memoniaa
2640 2947 2952 3018 Sophronii,
2984 2962 3105 3004 eum
3136 2960 3394 3000 canonetn
3424 2943 3712 2998 inviolabi-

2133 3048 2252 3102 liter
2279 3044 2618 3099 decernimus
2665 3039 2948 3105 custodiri,
2999 3038 3086 3106 qui
3131 3053 3159 3090 a
3202 3037 3402 3091 sanctis
3447 3034 3712 3104 apostolis

2134 3148 2186 3194 et
2213 3137 2458 3192 Patribus
2493 3133 2694 3190 nostris
2723 3130 3042 3186 constitutus
3073 3140 3155 3184 est
3197 3129 3265 3184 de
3310 3128 3375 3182 iis
3403 3129 3490 3198 qui
3520 3129 3571 3181 i-.t
3608 3128 3713 3181 alia

2133 3234 2347 3288 civitate
2394 3240 2588 3302 praeter
2631 3229 2948 3284 sententiam
2994 3223 3373 3294 scientiamque
3425 3223 3711 3294 pontificis,

2134 3327 2224 3396 qui
2255 3325 2302 3380 ei
2329 3323 2529 3378 civitati
2561 3329 2775 3390 praeest,
2803 3319 2887 3373 vel
2919 3319 3150 3387 eligunt,
3181 3318 3263 3372 vel
3295 3317 3590 3384 eliguntur,
3630 3316 3716 3370 vel

2135 3416 2495 3477 consentiunt,
2547 3413 2626 3466 vel
2681 3419 2979 3466 convocant
3017 3409 3303 3478 (Lateran.
3347 3425 3489 3462 conc.
3521 3408 3716 3462 decret.

2136 3508 2170 3559 2
2201 3507 2242 3574 ).
2274 3505 2520 3560 Canones
2561 3504 2700 3556 enim
2730 3499 3122 3555 ecclesiasticos
3150 3501 3359 3554 solvere
3391 3513 3494 3553 non
3526 3512 3721 3568 possu-

2139 3613 2278 3662 mus,
2328 3598 2418 3667 qui
2467 3597 2776 3651 defensores
2807 3602 2862 3649 et
2899 3595 3148 3648 custodes
3197 3607 3459 3647 canonum
3507 3606 3720 3658 sumus,

2140 3709 2244 3748 non
2302 3700 2746 3760 transgressores,
2810 3687 3020 3742 tametsi
3076 3694 3358 3755 utramque
3407 3684 3722 3748 sedcmjlli

2139 3788 2443 3840 viola'unt:
2479 3784 2616 3837 hanc
2661 3780 2876 3850 quidem
2915 3765 3274 3848 apostolicam
3317 3776 3522 3842 sedem,
3575 3778 3721 3845 quod

2140 3880 2474 3934 creationum
2507 3882 2771 3944 praecepta
2824 3888 2930 3926 non
2971 3871 3240 3935 dederint,
3289 3881 3343 3924 ιιι
3370 3880 3494 3925 ante
3519 3871 3724 3925 dictum

2142 3981 2257 4032 est;
2311 3968 2494 4024 sedem
2526 3982 2653 4021 vero
2699 3966 2867 4020 sancti
2914 3963 3123 4026 Jacobi,
3173 3964 3315 4034 quod
3358 3963 3722 4032 Sophronium

2143 4062 2319 4117 celare
2365 4057 2687 4123 studuerint,
2718 4064 2743 4091 ⁸
2775 4067 2830 4110 ιιι
2857 4055 3038 4110 caeleri
3071 4055 3260 4117 libere,
3301 4056 3448 4109 sicuti
3497 4054 3600 4124 ipsi
3627 4071 3722 4109 vo-

2145 4154 2280 4222 lunt,
2310 4167 2415 4206 non
2446 4151 2581 4205 sicut
2610 4156 2823 4204 sanctus
2853 4146 3080 4218 Spiritus
3102 4144 3278 4216 jubet,
3306 4144 3602 4200 electiones
3622 4146 3730 4199 sibi

2144 4252 2456 4316 arrogarent
2489 4259 2504 4297 :
2533 4241 2666 4295 tales
2705 4248 2987 4309 propterea
3040 4237 3295 4292 Ecclesiae
3343 4251 3515 4291 canon
3559 4237 3733 4292 casti.

2145 4348 2253 4409 gat,
2288 4351 2392 4390 non
2437 4335 2578 4388 enim
2623 4331 2952 4387 confusionis
2989 4344 3050 4384 ac
3083 4329 3398 4396 turbationis
3449 4328 3592 4384 Deus
3623 4336 3731 4393 est,

2146 4433 2235 4486 sed
2262 4427 2467 4483 ordinis
2492 4434 2546 4481 et
2577 4425 2720 4496 pacis
2749 4422 2816 4494 (I
2843 4421 2964 4477 Cor.
3004 4437 3113 4488 ειν,
3146 4422 3214 4477 55
3236 4421 3276 4492 ).
3311 4420 3412 4490 Qui
3440 4435 3571 4475 vero
3602 4430 3734 4476 ante

467 4527 784 4599 τερίζωνται.
823 4520 900 4573 Διό
927 4519 1046 4578 τούς
1086 4518 1350 4576 τοιούτους
1375 4515 1400 4570 ό
1429 4518 1586 4570 κανὼν
1625 4515 1918 4588 σωφρονίζει
1953 4521 2025 4574 τῆς

2150 4525 2312 4595 ipsitts
2339 4520 2742 4593 patriarchiam,
2773 4527 2864 4572 ant
2892 4525 3014 4588 post
3051 4517 3486 4572 dormitationem
3517 4531 3733 4572 memo-

469 4615 765 4673 Ἐκκλησίας
792 4626 804 4640 ⁸
839 4613 896 4666 ού
936 4612 1033 4686 γάρ
1081 4612 1215 4665 ἔστιν
1261 4610 1640 4668 ἀκαταστασίας
1678 4606 1704 4662 ό
1735 4607 1878 4674 Θεὸς,
1926 4606 2050 4662 ἀλλὰ

470 4713 656 4776 τάξεως
687 4710 772 4762 καί
798 4709 1010 4781 εἰρήνης.
1047 4708 1176 4767 Τοὺς
1198 4707 1368 4777 μέντοι
1397 4706 1495 4780 πρὸ
1535 4713 1626 4765 τῆς
1649 4707 2052 4782 πατριαρχείας,

470 4805 499 4862 ἡ
526 4803 656 4873 μετά
685 4805 772 4858 τὴν
799 4801 1028 4869 κοίμησιν
1059 4803 1146 4853 τοῦ
1195 4797 1428 4870 ῥηθέντος
1470 4796 1521 4850 ἓν
1565 4797 1731 4870 ἁγίοις
1777 4800 2053 4870 Σωρρονίου

472 4891 936 4967 χειροτονηθέντας.
971 4889 1348 4965 ἐπεγράψαμεν,
1398 4892 1479 4943 καί
1519 4895 1670 4944 τοῦτο
1715 4887 1800 4943 διά
1829 4896 1918 4948 τήν
1960 4894 2051 4944 τοῦ

473 4988 649 5058 καιροῦ
678 4981 1050 5056 στενοχωρίαν,
1082 4980 1234 5034 τόπον
1275 4979 1548 5047 ἀπολογίας
1578 4987 1682 5039 τοῖς
1710 4979 1843 5034 οὕτω
1873 5001 2053 5054 χειρο-

473 5075 729 5131 τονηθεῖσι
750 5071 1129 5146 παρεχομένην,
1153 5067 1383 5139 ούδαμῶς
1402 5066 1618 5123 ἐντεῦθεν
1639 5063 1732 5123 τοῦ
1755 5069 2029 5126 ἐκκλησιασ
2045 5094 2056 5103 ·

472 5177 617 5225 τικοῦ
679 5167 1201 5243 προκριματιζομένου
1267 5165 1488 5225 κανόνος⁸
1543 5165 1625 5219 ἵνα
1672 5164 1892 5218 λίϐελλον
1943 5167 2058 5222 £04—

473 5266 672 5333 κρινοῦς
703 5261 998 5330 μετανο⁷ας,
1027 5257 1181 5328 ἤγουν
1209 5253 1471 5327 ὀρθοδόξου
1507 5261 1734 5316 πίστεως
1765 5254 2027 5312 ἐπιδιδόν-

473 5372 569 5410 τας
599 5347 670 5420 τῷ
714 5352 798 5404 ἐπὶ
825 5351 989 5416 τούτῳ
1015 5345 1138 5422 παρ’
1172 5348 1309 5416 ἡμῶν
1338 5348 1525 5422 ἀρτίως
1565 5348 1740 5401 αὐτόθι
1784 5345 2058 5423 προχειριὲ

476 5444 664 5497 σθέντι.
696 5442 903 5513 κυρὼση
933 5440 1144 5498 τούτους
1173 5439 1223 5492 ἓν
1249 5446 1310 5511 τῇ
1348 5436 1450 5512 ἰδία
1476 5439 2058 5511 τάξειβεϐαιουμένους,

479 5542 522 5590 εἰ
547 5542 715 5605 μέντοι
736 5539 803 5604 μή
835 5535 884 5596 ἐξ
911 5533 992 5588 ἑτέ
993 5555 1092 5608 ρων
1114 5535 1197 5586 καί
1226 5529 1366 5586 οὗτοι
1383 5531 1649 5587 κωλύονται
1671 5536 1947 5609 κυρωθῆναι
1969 5556 2062 5588 πα-

481 5625 852 5701 ραπτωμάτων,
891 5621 1024 5696 ἅπερ
1049 5629 1118 5690 τῷ
1149 5621 1314 5674 κανόνι
1352 5623 1736 5692 σεσημειωμένα
1765 5625 2058 5682 καθέστηκε.

481 5714 599 5789 Περὶ
623 5713 674 5768 δὲ
705 5721 802 5767 τῶν
846 5713 1129 5766 σταλέντων
1158 5711 1475 5784 δογματικῶν
1509 5722 1740 5788 χαρτῶν,
1776 5715 1887 5773 ἦτοι
1933 5736 2061 5787 συγ-

2155 4618 2252 4669 rati
2282 4613 2569 4684 Sophronii
2593 4610 2756 4664 creati
2784 4617 2930 4671 sunt,
2960 4607 3027 4662 de
3050 4608 3114 4662 iis
3143 4607 3476 4676 scripsimus,
3510 4617 3736 4676 promer

2155 4705 2411 4774 temporis
2453 4702 2774 4772 angustiam,
2808 4715 2926 4770 quae
2956 4700 3034 4754 sic
3062 4699 3255 4754 creatis
3288 4698 3616 4755 defensionis
3652 4701 3738 4756 lo-

2153 4812 2269 4850 cum
2312 4793 2532 4864 pracbet,
2582 4807 2702 4846 cum
2748 4791 2872 4845 inde
2925 4789 3292 4846 ecclesiastico
3340 4791 3530 4844 canoni
3587 4791 3742 4846 nullo

2156 4885 2314 4942 modo
2347 4882 2744 4954 prmjudicetur,
2775 4891 2851 4947 ut,
2883 4896 3003 4934 cum
3037 4880 3274 4935 libellum
3305 4881 3527 4936 sincerae
3560 4883 3742 4951 poeni-

2160 4976 2338 5033 tentia:
2362 4976 2475 5031 sive
2505 4973 2820 5028 orthodoxa:
2866 4971 2986 5027 lidei
3015 4971 3264 5027 dederint
3291 4971 3360 5036 ei,
3393 4971 3478 5040 qui
3504 4988 3679 5041 nuper
3709 4988 3742 5029 a

2164 5069 2312 5122 nobis
2338 5067 2403 5120 ad
2452 5066 2503 5119 id
2537 5065 2653 5119 istic
2680 5063 2920 5118 delectus
2946 5073 3047 5128 est,
3092 5077 3185 5117 eos
3215 5061 3266 5117 in
3301 5064 3514 5133 proprio
3543 5065 3746 5122 ordine

2160 5161 2463 5224 conﬁrmet,
2497 5158 2657 5213 modo
2689 5156 2739 5210 hi
2771 5172 2838 5212 ex
2861 5156 2980 5210 aliis
3013 5157 3247 5225 peccatis
3277 5171 3379 5210 non
3414 5157 3747 5226 prohibean-

2163 5265 2245 5307 tur
2276 5251 2602 5311 conﬁrmari.
2629 5261 2748 5319 quae
2776 5262 2806 5300 a
2837 5261 3042 5301 canone
3068 5253 3248 5300 notata
3271 5248 3397 5300 sint.
3431 5248 3749 5302 Transtnis—

2162 5360 2248 5400 sas
2273 5354 2448 5398 autem
2489 5339 2815 5410 dogmaticas
2837 5337 3072 5404 chartas,
3103 5337 3215 5392 sive
3243 5350 3361 5406 qua:
3387 5337 3583 5406 scripta
3611 5347 3750 5393 sunt

2163 5439 2229 5490 ah
2258 5434 2599 5499 adversariis,
2650 5433 2967 5488 damnamus
2997 5445 3102 5486 una
3131 5446 3251 5487 cum
3284 5431 3348 5486 iis
3387 5433 3473 5501 qui
3505 5432 3753 5497 scripse-

2165 5534 2308 5590 runt,
2361 5525 2621 5596 siquidem
2671 5525 2722 5578 in
2773 5523 3005 5593 propria:
3071 5523 3341 5593 Opinionis
3391 5522 3754 5592 perversitate

2166 5629 2435 5683 maneant,
2468 5627 2524 5672 ut
2550 5628 2599 5673 ct
2631 5633 2818 5673 omnes
2847 5618 3156 5685 haereticos,
3200 5633 3320 5673 cum
3347 5615 3595 5671 onmihus
3640 5616 3755 5670 im-

2169 5716 2267 5784 piis
2305 5728 2486 5768 eorum
2531 5713 2740 5784 scriptis
2775 5732 2787 5766 :
2823 5714 3098 5768 hortantes
3147 5726 3238 5768 eos
3277 5714 3362 5781 qui
3407 5709 3604 5778 ubique
3653 5722 3756 5762 or-

556 5832 581 5859 ⁸
615 5828 732 5893 Gr.,
763 5838 814 5880 ut
843 5827 1025 5881 deinde
1051 5826 1225 5884 l-berc.
1260 5829 1527 5900 lnterprcs
1555 5819 1891 5901 legthlomoi.
1925 5829 2252 5885 llauncnsvs.
