3944 6170
352 353 453 407 175

350 472 497 541 ἀγαθέ
521 471 607 525 καί
628 469 797 531 πιστέ,
820 467 904 520 ἐπί
928 464 1071 533 ὀλίγα
1090 457 1147 519 ἧς
1169 455 1373 522 πιστός,
1388 450 1471 507 ἐπὶ
1492 450 1681 507 πολλῶν
1694 454 1751 503 σε
1765 467 1922 501 κατα·
1950 448 2001 506 Α

351 568 554 623 στήσω’
588 560 771 616 εἴσελθε
799 560 865 618 εἷς
893 561 980 613 τήν
1000 552 1167 628 χαρὰν
1196 553 1286 603 τοῦ
1310 547 1491 620 Κυρίου
1521 564 1637 597 σου.

1613 334 1672 390 S.
1711 326 1993 387 MARTINI
2036 324 2235 382 PM’AZ
2270 323 2290 378 ι

3494 299 3592 352 ΠΟ

2030 450 2075 494 te
2104 438 2441 501 constituam;
2482 434 2617 487 intra
2653 430 2705 483 in
2742 426 2987 499 gaudium
3028 420 3227 477 Domini
3273 416 3345 471 tui
3382 413 3600 485 (Much.

2031 532 2182 599 xxv).

1356 786 2241 928 EPISTULA
2332 784 2578 927 XI,

876 997 981 1057 AD
1023 987 1465 1057 ECCLESIAM
1509 968 2289 1043 JEROSOLYMITANAM
2334 968 2433 1027 ET
2478 960 3085 1027 ANTIOCHENAM.

364 1124 625 1190 Nuntiat
658 1113 1212 1181 Monothelt'tarum
1234 1101 1620 1190 itcercsitnin
1656 1094 1921 1158 concilio
1958 1088 2149 1170 fuisse
2203 1084 2550 1190 damnqtftm
2575 1127 2590 1154 ,
2615 1080 3220 1190 egrdinqiio’ncmque
3254 1080 3612 1143 Macedonii

1916 1189 1938 1190 η
1997 1186 2102 1190 ιι.-
2146 1172 2329 1190 ..-ι.....
2511 1180 2570 1190 ,μ
2703 1180 2724 1190 ,-
2775 1179 2839 1190 ιιι-
2919 1179 2946 1190 η
2980 1177 3073 1190 .nn
3127 1160 3459 1190 ωημηίηιηηιι
3561 1169 3610 1190 ,ι

697 1157 723 1179 ι
773 1157 811 1178 ,υ
1245 1157 1513 1169 "ww---
1664 1157 1673 1158 ,
1958 1157 1970 1170 ,

438 1157 781 1267 Ἇϊιῗίόσῖιίὲ
814 1157 848 1271 ,Ι
887 1202 940 1253 et
975 1190 1147 1271 Petri
1172 1181 1595 1271 _Alcxandrig;
1622 1189 1959 1271 perpetrant
1985 1186 2104 1271 ess:
2137 1172 2355 1271 actam.
2399 1163 2472 1223 Ut
2509 1162 2575 1222 in
2608 1160 2724 1240 ﬁde
2771 1157 3076 1220 catholica
3116 1157 3495 1237 persistant,
3556 1169 3610 1221 et

440 1242 677 1344 ἳόιάίιηί
712 1244 975 1343 υἰσίιγίο,
1010 1270 1115 1330 cui
1150 1267 1329 1327 dictae
1360 1258 1584 1340 synodi
1620 1242 1759 1315 ἆστὰ
1790 1249 1982 1317 misit,
2022 1242 2331 1305 obcdia-nt.

1650 1367 2356 1391 ______________.——

432 1479 551 1531 τοῖς
602 1466 703 1523 ύπό
739 1467 828 1521 τήν
858 1460 1002 1532 ἁγίαν
1039 1456 1261 1528 Χριστοῦ
1307 1454 1398 1503 τοῦ
1438 1451 1565 1502 Θεοῦ
1607 1444 1744 1515 ήμῶν
1772 1440 1934 1498 πόλιν,

365 1566 510 1637 ἤγουν
533 1559 634 1615 ύπό
655 1558 737 1613 τόν
758 1561 854 1609 τῶν
877 1542 1225 1623 Ἱεροσολύμων
1248 1540 1411 1615 θρόνον
1436 1538 1693 1611 ίερατικῶς
1714 1533 1937 1587 τελοῦσιν

366 1660 646 1727 ἀγαπητοῖς
675 1652 812 1721 ήμῶν
839 1641 1093 1713 ἀδελφοῖς,
1123 1633 1397 1712 όρθοδόξοις
1424 1628 1746 1687 ἐπισκόποις,
1771 1640 1937 1697 ττρεσὁ

368 1748 620 1816 ϐυτέροις,
642 1738 906 1798 διακόνοις,
924 1730 1210 1804 ἡγουμένοις
1226 1723 1596 1795 μοναστηρίων,
1614 1714 1934 1787 μονίζουσιν,
1971 1740 2014 1799 Β

367 1839 614 1893 ἀσκηταῖς
633 1871 648 1896 ,
692 1831 777 1883 καὶ
806 1824 1152 1897 φιλοχρίστοις
1192 1817 1331 1874 λαοῖς
1350 1854 1363 1877 ,
1412 1810 1595 1880 ὁμοίως
1620 1806 1675 1861 δέ
1702 1808 1783 1858 reti
1809 1804 1939 1876 πρός

366 1927 486 1985 τούς
506 1923 606 1977 ύπό
632 1916 1043 1984 τίν’Δντιοχείας
1068 1909 1332 1965 τελοῦντας
1355 1901 1541 1977 θρόνον,
1563 1904 1809 1970 Ματρῖνος
1831 1893 1944 1948 δοῦ·

366 2021 451 2080 λος
472 2025 571 2073 τῶν
595 2015 782 2071 δούλων
802 2015 890 2065 τοῦ
919 2012 1046 2063 Θεοῦ
1066 2044 1081 2068 ,
1109 2010 1197 2062 τῆς
1223 2007 1324 2056 τῶν
1343 1996 1591 2069 Ῥωμαίων
1618 1992 1760 2063 άγίας
1790 1991 1944 2044 αὐτοῦ

368 2109 624 2167 καθολικῆς
648 2107 733 2159 καὶ
765 2098 1102 2157 ἀποστολικῆς
1125 2091 1420 2150 Ἐκκλησίας
1450 2088 1742 2143 ἐπίσκοπος.

437 2223 594 2294 Χάρις
622 2220 738 2288 ύμῖν
783 2216 863 2269 ναί
903 2214 1068 2284 εἰρήνη
1115 2206 1216 2261 ἀπὸ
1261 2207 1387 2259 Θεοῦ
1430 2200 1624 2273 Πατρός
1664 2198 1837 2265 ήμῶν,
1865 2195 1950 2247 καί

372 2314 735 2388 κυρίουἸησοῦ
761 2312 978 2382 Χριστοῦ
1006 2306 1054 2358 ἐν
1074 2301 1206 2373 ἁγίῳ
1229 2298 1474 2367 Πνεύματι
1492 2302 1563 2364 τῷ
1586 2295 1849 2347 ἐνοικοῦν-τι
1868 2287 1950 2343 διὰ

372 2415 471 2464 τῶν
497 2408 685 2481 ἀρετῶν
714 2403 761 2455 ἐν
798 2406 911 2457 ταῖς
939 2392 1161 2468 καρδίαις
1198 2392 1358 2459 ύμῶν.
1400 2389 1704 2463 Εύχαριστῶ
1741 2388 1813 2452 τῷ
1841 2377 1949 2451 Θεῷ

372 2519 471 2566 μου
499 2498 581 2550 ἐπὶ
601 2494 742 2564 πάσῃ
855 2490 999 2559 μνείᾳ
1022 2480 1163 2553 ύμῶν
1190 2480 1406 2535 πάντοτε
1429 2476 1479 2531 ἐν
1500 2478 1642 2547 πάσῃ
1664 2473 1833 2532 δεήσει
1852 2492 1949 2540 μου

373 2590 503 2663 ύπέρ
530 2586 733 2641 πάντων
760 2577 902 2652 ύμῶν
929 2578 1056 2648 μετά
1078 2578 1251 2647 χαρᾶς
1276 2578 1365 2630 τήν
1386 2569 1557 2627 δέησίν
1597 2588 1693 2638 μου
1715 2566 1953 2635 ποιούμε-

374 2701 451 2740 νος
484 2680 566 2733 ἐπὶ
591 2683 653 2750 τῇ
678 2672 904 2745 κοινωντᾳ
940 2670 1059 2740 ύμῖν
1084 2669 1153 2726 εἰς
1178 2666 1235 2719 τὸ
1277 2660 1550 2732 εὐαγγέλιον
1586 2664 1676 2713 τοῦ
1704 2659 1947 2731 Χριστοῦ,

376 2785 455 2835 ἵνα
474 2782 536 2847 τῇ
556 2772 728 2843 ἀγάπῃ
745 2764 824 2820 ἔτι
845 2764 1047 2836 μᾶλλον,
1074 2764 1159 2814 καὶ
1185 2756 1365 2828 μᾶλλον
1391 2752 1723 2827 περισσεύητε
1745 2750 1793 2801 ἐν
1814 2748 1954 2816 ἐπιγο

377 2868 527 2921 sti-est
555 2858 799 2915 καίποὶση
825 2857 1052 2912 αἰσθήσει
1068 2852 1139 2910 εἰς
1158 2849 1214 2904 τό
1242 2846 1521 2915 δοκιμάζειν
1545 2842 1678 2911 ύμᾶς
1695 2841 1762 2894 τά
1788 2837 1956 2910 διαφέο

378 2978 550 3033 ροντα,
573 2954 655 3008 ἶνα
674 2948 760 3010 ἦτε
793 2969 815 3003 ε
835 2948 1065 3020 λεκρινεῖς
1085 2944 1172 2996 καὶ
1196 2938 1519 3011 ἀπρόσκοποι
1538 2936 1609 2992 εἰς
1631 2931 1814 3001 ἡμέραν
1837 2937 1955 3000 Χριο

379 3052 505 3103 στοῦ
534 3039 916 3117 πεπληρωμένοι
952 3040 1163 3110 καρπῶν
1198 3029 1548 3091 δικαιοσύνης,
1596 3028 1666 3083 εἰς
1696 3019 1840 3085 δόξαν
1871 3021 1956 3074 καὶ

2114 1426 2329 1482 Dlectis
2376 1423 2645 1486 fratribus,
2697 1418 2786 1489 qui
2842 1426 3044 1472 sanctae
3089 1416 3283 1472 Christi
3318 1419 3408 1474 Dei
3450 1422 3616 1477 nostri

2038 1518 2268 1579 civitati,
2301 1528 2490 1582 nempe
2516 1509 3008 1579 Hierosolymitanaa
3047 1506 3164 1562 sedi
3214 1510 3613 1566 sacerdotaliter

2037 1611 2278 1676 subsunt,
2307 1601 2615 1660 orthodoxis
2659 1599 2941 1669 episcopis,
2973 1598 3322 1670 presbyteris,
3349 1602 3611 1669 diaconis,

2040 1697 2305 1767 {traiectis
2332 1690 2798 1757 monasteriorum,
2838 1689 3129 1754 monachis,
3160 1693 3375 1757 ascetis,
3405 1694 3614 1763 populis

2041 1788 2307 1843 Christum
2357 1782 2697 1853 diligentibus
2739 1798 2750 1833 :
2798 1780 3039 1835 similiter
3084 1781 3148 1836 iis
3194 1784 3281 1850 qui
3328 1792 3615 1838 censentur

2043 1883 2143 1939 sub
2166 1880 2495 1936 Antiocltena
2522 1877 2671 1941 sede,
2703 1875 2954 1930 Martinus
2982 1890 3169 1931 servus
3196 1890 3469 1930 servorum
3501 1877 3615 1941 Dei,

2044 1982 2099 2028 et
2124 1983 2323 2027 sanctae
2352 1970 2469 2039 eius
2496 1966 2776 2023 catholica:
2802 1973 2858 2021 et
2893 1965 3199 2035 apostolicae
3231 1964 3481 2020 Romanis
3514 1966 3618 2020 Ec-

2046 2062 2226 2117 clesia:
2256 2059 2561 2128 episcopus.

2118 2151 2297 2204 Gratia
2331 2148 2468 2203 vobis
2493 2158 2539 2201 et
2582 2162 2683 2215 pax
2722 2163 2754 2199 a
2797 2145 2900 2199 Deo
2928 2144 3082 2199 Patre
3110 2154 3281 2198 nostra
3317 2153 3368 2199 et
3405 2143 3623 2198 Domino

2048 2236 2175 2292 Iesu
2198 2237 2399 2292 Christo
2428 2236 2481 2289 in
2512 2236 2709 2305 Spiritu
2733 2244 2927 2299 sancto,
2958 2234 3045 2303 qui
3074 2250 3162 2302 per
3186 2234 3391 2287 virtutes
3430 2234 3623 2286 habitat

2048 2329 2098 2381 in
2112 2327 2344 2381 cordibus
2366 2326 2556 2380 uestris.
2574 2322 2779 2377 Gratias
2801 2339 2894 2389 ago
2911 2322 3015 2376 Deo
3038 2339 3145 2376 meo
3162 2323 3214 2375 in
3228 2324 3362 2375 omni
3384 2324 3624 2375 memoria

2058 2418 2208 2471 vestri
2236 2432 2431 2485 semper
2470 2415 2522 2467 in
2550 2413 2737 2467 cunctis
2780 2414 3091 2466 orationibus
3120 2413 3243 2466 meis
3273 2428 3366 2482 pro
3397 2413 3626 2467 omnibus

2052 2509 2187 2562 vobis
2222 2524 2334 2561 cum
2365 2506 2552 2575 gaudio
2578 2504 2977 2574 deprecationem
3012 2505 3204 2571 faciens
3231 2519 3384 2572 super
3403 2518 3627 2555 commu-

2054 2600 2303 2654 nicatione
2321 2605 2482 2651 vestra
2508 2597 2560 2648 in
2586 2594 2862 2663 Evangelia
2885 2592 3095 2659 Christi,
3123 2604 3177 2647 ut
3201 2592 3444 2646 charitate
3468 2593 3629 2662 magis

2054 2691 2321 2745 abundetis
2348 2690 2401 2741 in
2422 2686 2630 2741 scientia
2655 2694 2699 2738 et
2732 2687 2869 2738 omni
2893 2701 3063 2748 sensu,
3088 2692 3141 2735 ut
3166 2684 3385 2754 probetis
3409 2684 3630 2750 potiora,

2056 2793 2109 2837 ut
2143 2782 2251 2836 sitis
2289 2780 2472 2834 sinceri
2510 2786 2556 2832 et
2593 2778 2701 2831 sine
2733 2776 2928 2841 oﬂ'ensa
2963 2778 3014 2828 in
3049 2776 3179 2829 diem
3205 2774 3418 2840 Christi,
3455 2776 3632 2844 repleti

2056 2878 2221 2943 fructu
2245 2869 2460 2942 justitia:
2486 2870 2539 2921 in
2568 2868 2785 2938 gloriam
2816 2874 2861 2919 et
2900 2866 3101 2919 laudem
3126 2868 3234 2935 ejus
3275 2863 3530 2935 (Philipp.
3565 2865 3632 2930 ι).

2055 2966 2203 3020 Scire
2229 2961 2368 3017 enim
2404 2976 2498 3015 vos
2534 2960 2674 3024 volo,
2710 2957 2918 3022 fratres,
2949 2957 3015 3013 de
3045 2957 3271 3023 furibus,
3304 2955 3393 3024 qui
3423 2965 3629 3024 tempn.

2062 3056 2207 3110 ribus
2251 3054 2448 3108 nostris
2490 3053 2895 3107 insurrexerunt
2943 3058 3124 3105 contra
3173 3049 3523 3103 orthodoxam
3574 3049 3635 3102 ﬁ-

380 3138 575 3192 ἕπαινον
594 3136 774 3189 αὑτοῦ.
796 3125 1162 3200 Γινώσκεινγάρ
1183 3123 1319 3195 ὑμᾶς
1339 3119 1557 3188 θέλομεν.
1575 3113 1793 3185 ἀδελφοὶ,
1807 3117 1960 3166 τοῦτο

2069 3146 2212 3210 dem,
2245 3158 2437 3212 nempe
2462 3140 2765 3207 Theodoro,
2815 3142 2904 3210 qui
2947 3139 3047 3194 fuit
3091 3140 3370 3208 episcopus
3400 3138 3630 3203 Pharan,

381 3223 601 3303 ἀκριϐῶς
633 3221 1000 3291 ἐπισταμένους
1027 3217 1157 3288 ὑπὲρ
1186 3209 1284 3268 τῶν
1304 3213 1428 3273 νυνί,
1451 3208 1735 3264 τουτέστιν.
1764 3206 1964 3259 ἐπὶτῶν

382 3318 489 3374 καθ’
512 3320 645 3386 ἡμᾶς
676 3312 875 3384 χρόνων
903 3306 1290 3363 ἐπαναστάντων
1319 3301 1544 3354 κλεπτῶν
1570 3297 1695 3351 κατὰ
1715 3302 1803 3354 τῆς
1826 3294 1966 3368 ὀρθοε-

384 3410 527 3473 δόξου
567 3409 788 3462 πίστεως
812 3443 825 3466 ,
858 3401 1011 3471 φαμὲν
1060 3395 1119 3454 δή
1150 3391 1411 3464 Θεοδώρου
1441 3394 1531 3444 τοῦ
1558 3387 1823 3458 γενομένου
1853 3386 1966 3438 ἐπι-

384 3504 578 3558 σκόπου
604 3506 695 3557 τῆς
723 3497 910 3571 sapa»,
942 3493 1024 3545 καί
1049 3490 1207 3563 Κύρου
1231 3490 1324 3541 τοῦ
1347 3478 1829 3551 ’Λ).εξανδρείας.καί
1852 3485 1967 3549 Σερ-

385 3597 499 3667 γίου
527 3597 619 3646 τοῦ
652 3581 1253 3643 Κωνσταντινουπὸλεως,
1282 3578 1367 3631 καί
1387 3568 1486 3628 τᾶν
1515 3573 1668 3627 αὐτοῦ
1711 3565 1967 3638 διαδόχων

388 3685 589 3761 uastos
618 3684 706 3736 καὶ
732 3678 927 3733 Παύλου
950 3691 964 3705 ⁸
1018 3676 1085 3733 ὡς
1111 3667 1251 3725 οὗτοι
1293 3667 1531 3722 πλεῖστον
1577 3663 1967 3734 ἐμηχανήσαντο

386 3774 470 3832 διά
498 3782 588 3833 τῆς
616 3770 803 3826 οἰκείας
851 3764 1098 3840 αἱρέσεως
1141 3757 1370 3832 διορύξαι
1412 3756 1495 3808 καὶ
1538 3750 1863 3807 ἀποσυλῆσαι
1906 3748 1971 3801 τά

388 3866 635 3936 κειμήλια,
664 3861 815 3932 ἤγουν
861 3858 929 3912 τά
956 3851 1189 3925 δόγματα
1231 3857 1322 3908 τῆς
1352 3845 1611 3915 καθολικῗκ
1633 3840 1924 3898 Ἐκκλησίας
1950 3852 1965 3866 ⁸

387 3956 490 4014 ἀλλ’
523 3957 671 4025 ἡμεῖς
706 3971 761 4025 γε
782 3989 798 4017 ,
819 3947 1079 4004 τουτέστιν
1114 3942 1161 3996 οἱ
1184 3946 1275 3995 τοῦ
1320 3936 1422 3992 καθ’
1451 3937 1584 3993 ήμᾶς
1610 3931 1968 3987 ’Δποστοὶικοῦ

388 4050 564 4127 θρόνου
611 4048 918 4120 ἀρχιερεῖς,
963 4037 1410 4110 διαγρηγοροῦντες
1457 4028 1587 4103 πρὸς
1616 4026 1835 4098 φυλακὴν
1877 4030 1967 4082 τῆς

390 4146 542 4202 οἰκίας
573 4141 703 4195 κατά
734 4141 823 4197 τήν
864 4142 956 4190 τοῦ
984 4134 1163 4205 κυρίου
1193 4127 1448 4189 διάταξιν,
1478 4124 1565 4175 οὐκ
1595 4121 1839 4187 εἰάσαμεν
1880 4115 1974 4167 αύ-

390 4240 512 4297 τούς
548 4233 777 4306 διορύξαι
800 4230 991 4285 ταύτην
1026 4224 1057 4284 ἦ
1085 4225 1170 4280 τὸν
1224 4218 1484 4294 θησαυρόν
1525 4212 1847 4268 ἀποσυλόσαε
1880 4215 1973 4267 τῆς

392 4332 640 4383 πίστεως.
662 4321 808 4374 Ἀλλά
849 4324 1043 4392 σειραῖς
1068 4320 1167 4369 τῶν
1196 4310 1393 4365 ἀσεϐῶν
1418 4309 1579 4362 αὐτῶν
1605 4306 1689 4357 καὶ
1731 4299 1971 4358 κιϐδήλωυ

393 4418 657 4489 δογμάτων
694 4414 907 4470 τούτους
933 4406 1294 4465 συνδήσαντες.
1320 4402 1368 4465 ἐξ
1399 4399 1638 4472 ἀκριϐοῦς
1672 4392 1972 4456 ἀποδείξεώς

2063 3244 2117 3292 et
2143 3236 2282 3306 Cyro
2322 3233 2411 3303 qui
2440 3232 2792 3299 Alexandriae,
2824 3241 2878 3285 et
2905 3231 3093 3300 Sergio
3139 3231 3226 3299 qui
3256 3227 3633 3283 Constantino-

2067 3320 2222 3389 polis,
2250 3326 2304 3373 et
2342 3317 2457 3385 ejus
2496 3315 2894 3371 successoribus
2925 3314 3129 3384 Pyrrho
3164 3322 3219 3366 et
3257 3313 3416 3365 Paulo
3450 3327 3463 3364 :
3496 3313 3638 3379 quod

2068 3411 2121 3465 hi
2153 3424 2244 3477 per
2288 3407 2554 3476 prapriam
2594 3405 2842 3459 haeresim
2882 3404 3036 3457 valde
3078 3401 3245 3456 moliti
3293 3412 3417 3456 sunt
3466 3402 3643 3471 perfn-

2067 3501 2213 3563 dere,
2247 3507 2302 3553 et
2336 3499 2614 3552 thesauros
2656 3497 2768 3550 sive
2804 3495 3047 3564 dogmata
3075 3493 3325 3548 Ecclesia:
3362 3492 3642 3547 catholica:

2068 3590 2321 3660 expilare.
2366 3587 2473 3642 Nos
2516 3600 2673 3648 vero,
2716 3584 2768 3638 id
2805 3593 2915 3646 est,
2953 3582 3107 3651 hujus
3152 3580 3455 3650 apostolica:
3495 3580 3647 3633 sedis

2069 3681 2372 3752 pontiﬁces,
2425 3676 2490 3731 ad
2539 3672 2834 3731 custodiam
2887 3673 3077 3728 domus
3131 3671 3447 3741 pervigiles,
3493 3669 3645 3737 jttxta

2071 3781 2394 3843 prteceptnm
2442 3767 2669 3833 Domini,
2705 3781 2808 3821 non
2844 3765 3183 3835 permisimus
3211 3778 3303 3817 eos
3346 3760 3481 3814 hanc
3507 3759 3646 3813 emt-

2070 3868 2217 3931 dere,
2250 3865 2336 3918 vel
2360 3862 2481 3917 ﬁdei
2514 3860 2784 3926 surripere
2830 3859 3157 3917 thesaurum,
3190 3855 3281 3908 sed
3332 3854 3473 3920 ipsos
3501 3860 3647 3906 cate-

2071 3956 2156 4012 nis
2200 3956 2375 4023 impiat
2420 3966 2603 4007 eorum
2642 3958 2694 4004 et
2723 3948 3034 4002 adulterina:
3081 3943 3339 3999 doctrinm
3378 3941 3649 3996 constrin-

2072 4057 2254 4119 gentes
2280 4084 2295 4109 ,
2339 4053 2588 4097 accurata
2650 4038 3105 4093 demonstratione
3159 4042 3211 4089 et
3255 4032 3651 4087 examinatione

2072 4153 2259 4194 eorum
2296 4150 2413 4205 quae
2452 4133 2519 4187 ab
2558 4133 2689 4200 ipsis
2719 4140 2899 4183 contra
2947 4127 3300 4196 integritatem
3329 4123 3650 4177 Christiana:

2075 4224 2193 4279 ﬁdei
2231 4225 2425 4292 scripta
2456 4230 2599 4285 sunt,
2636 4228 2743 4271 tum
2774 4218 2947 4285 ipsos,
2981 4226 3091 4268 tum
3123 4228 3183 4268 ea
3214 4226 3331 4282 qua
3361 4212 3519 4278 impie
3548 4210 3651 4263 do-

2073 4323 2315 4379 cuerunt,
2360 4314 2479 4382 igne
2518 4308 2788 4363 canonicze
2833 4304 3112 4360 sententiae
3142 4303 3302 4357 veluti
3335 4302 3468 4355 mala
3501 4302 3653 4353 ziza-

2077 4406 2161 4459 nia
2208 4412 2508 4465 exurentes,
2540 4397 2868 4470 synodaliter
2915 4393 3405 4455 condemnavimus,
3460 4390 3660 4457 ubique

396 4529 450 4565 τε
478 4509 564 4561 καί
605 4504 883 4569 ἐξετάσεως
936 4506 1035 4553 τῶν
1060 4494 1180 4572 παρ’
1219 4494 1384 4547 αὐτῶν
1418 4486 1773 4564 γεγραμμένων
1793 4523 1807 4546 ,
1839 4482 1965 4535 κατά

2076 4497 2321 4553 omnibus
2346 4508 2531 4548 eorum
2559 4490 2802 4544 ha-resim
2834 4486 3180 4556 publicantes,
3216 4494 3290 4546 ut,
3318 4496 3437 4535 cum
3464 4495 3656 4534 omnes

395 4604 486 4656 τῆς
513 4597 789 4667 ἀμωμήτου
810 4592 949 4661 ήμῶν
973 4594 1072 4640 τῶν
1094 4587 1404 4657 Χριστιανῶν
1429 4581 1671 4639 πίστεως,
1700 4575 1876 4646 ὥσπέρ
1900 4575 1969 4633 ζι-

396 4693 539 4751 ζάνια
569 4687 765 4759 πονηρά
806 4690 878 4752 τῷ
904 4680 1029 4756 πυρί
1056 4686 1147 4735 τῆς
1168 4681 1418 4731 κανονικῑκ
1440 4671 1759 4740 ἀποφάσεως,
1785 4666 1972 4723 αύτούς

396 4803 450 4838 τε
473 4783 554 4835 καί
579 4781 647 4833 τά
673 4775 792 4853 παρ’
815 4776 980 4829 αὐτῶν
1004 4769 1206 4829 ἀσεϐῶς
1228 4765 1623 4836 δογματισθὲντα
1648 4760 1975 4830 καταφλέξαν-

399 4894 505 4936 τες,
540 4866 814 4925 συνοδικῶς
840 4864 1193 4935 κατεκρίναμεν
1214 4898 1227 4920 ,
1262 4860 1536 4924 πανταχοῦ
1581 4859 1692 4911 τοῖς
1721 4854 1851 4905 πᾶσι
1891 4851 1980 4904 τήν

400 4966 592 5018 ἐκείνων
641 4956 1063 5029 δημοσιεύσαντες
1109 4953 1330 5022 α”ρεσιν⁹
1390 4946 1474 4999 ἵνα
1517 4945 1706 5000 ταύτην
1760 4938 1980 5012 ἀκριϐῶς

402 5061 584 5116 πάντες
606 5056 933 5126 γινώσκοντες
958 5051 1012 5101 ἐκ
1026 5043 1124 5102 τῶν
1146 5044 1266 5120 παρ’
1285 5048 1407 5113 ἡμῖν
1419 5043 1603 5116 ἀρτίως
1622 5036 1980 5109 πραχθέντων,

405 5150 628 5204 ἐναντίαν
656 5146 1029 5220 ὑπάρχουσαν,
1051 5141 1135 5193 καὶ
1162 5136 1432 5191 ἀντίπαλον
1460 5140 1568 5193 τοῖς
1609 5133 1873 5202 πατρικοῖς
1903 5126 1987 5177 καί

404 5237 688 5296 συνοδικοῖς
719 5233 855 5311 ὅροις
880 5239 972 5290 τῆς
998 5229 1253 5287 καθολιήρς
1276 5225 1602 5285 Ἐκκλησίας,
1638 5221 1825 5278 πάντες
1866 5214 1987 5285 ὁμο·-

406 5334 613 5406 τρόπως
645 5332 765 5400 ήμίν
796 5328 841 5381 οἱ
869 5324 1092 5382 εὐσεϐεῖς
1132 5323 1213 5374 καὶ
1244 5316 1491 5389 ὀρθόδοξοι
1530 5314 1659 5381 ζήλῳ
1686 5315 1813 5366 Θεοῦ
1853 5308 1986 5362 κατά

405 5423 506 5480 τῶν
546 5422 813 5497 εἰρημένων
855 5419 1114 5492 ατρετικῶν
1137 5411 1432 5471 κινηθέντες,
1463 5406 1670 5463 τούτους
1711 5422 1763 5455 τε
1794 5403 1876 5454 καί
1900 5404 1987 5457 τήν

374 5514 377 5517 ’
407 5515 600 5566 τούτων
628 5512 841 5584 αἰρεσιν,
871 5504 1228 5579 κατακρίνωσε,
1258 5502 1340 5553 καί
1362 5499 1530 5552 πάντα
1557 5497 1623 5549 τά
1649 5495 1778 5566 ύπέρ
1800 5492 1988 5550 ταύτης

411 5582 711 5676 πραχθέντα
730 5620 785 5655 τε
816 5601 901 5651 καὶ
925 5597 1181 5669 γραφέντα
1206 5590 1474 5648 δυσσεϐῶς
1503 5588 1624 5662 παρ’
1651 5582 1833 5647 αὐτῶν,
1857 5585 1987 5652 μετά

362 5686 367 5690 ’
410 5693 496 5745 καὶ
520 5697 619 5746 τῶν
642 5691 691 5752 ἐξ
719 5691 1027 5760 εἰσηγήσεως
1054 5686 1241 5747 αὐτῶν,
1268 5680 1600 5754 γεγενημένων
1627 5678 1757 5731 κατά
1786 5682 1876 5735 τῆς
1905 5675 1989 5727 πί-

416 5798 605 5845 στεως,
631 5781 786 5850 φαμὲν
815 5776 876 5836 δὴ
905 5783 995 5837 τῆς
1022 5775 1257 5835 ἐκθέσεως
1283 5771 1563 5848 Ἡρακλείου
1586 5774 1673 5827 τοῦ
1704 5766 1981 5843 βασιλέως,

2077 4603 2140 4642 ex
2170 4586 2234 4639 iis
2264 4598 2380 4653 qua:
2410 4597 2437 4635 a
2463 4580 2611 4634 nobis
2641 4592 2805 4647 nuper
2831 4586 2975 4645 gesta
3002 4583 3148 4636 sunt,
3176 4588 3295 4627 eam
3324 4570 3653 4624 contrariam

2079 4687 2136 4733 et
2170 4674 2522 4729 adversariam
2547 4670 2788 4724 Paternis
2811 4681 2873 4720 ac
2898 4664 3243 4736 synodalibus
3276 4661 3521 4715 Ecclesia
3569 4673 3662 4711 ca-

2087 4766 2294 4820 tholicae
2338 4760 2732 4817 deﬁnitionibus
2782 4771 2901 4812 esse
2949 4754 3317 4823 cognoverint,
3366 4761 3425 4807 et
3473 4751 3659 4803 ortho.

2088 4858 2233 4924 doxi,
2260 4854 2418 4909 simili
2466 4852 2617 4906 nobis
2657 4851 2836 4911 modo,
2866 4850 2978 4903 zelo
3012 4847 3102 4900 Dei
3146 4855 3329 4899 contra
3381 4841 3665 4909 pra‘dictos

2087 4947 2367 5003 hatrelicos
2409 4934 2748 5004 mereantur,
2776 4952 2974 5007 eosque
3024 4948 3076 4991 et
3127 4938 3359 5005 ipsorum
3413 4933 3663 4986 haeresim

2086 5045 2359 5107 damnent,
2416 5036 2695 5105 omniaque
2744 5049 2839 5102 pro
2894 5047 2955 5087 ea
3003 5031 3070 5083 ab
3116 5032 3178 5084 iis
3234 5029 3394 5095 impie
3438 5035 3552 5079 acta
3602 5034 3665 5078 et

2086 5132 2301 5200 scripta,
2341 5144 2441 5184 una
2468 5142 2585 5181 cum
2627 5126 2860 5193 ipsorum
2890 5119 3226 5191 suggestione
3265 5125 3449 5172 contra
3494 5113 3659 5167 ﬁdem

2089 5222 2253 5282 facta.
2301 5233 2490 5287 nempe
2543 5216 2873 5283 expositione
2923 5210 3146 5266 lleraclii
3199 5207 3553 5277 imperatoris,
3603 5216 3663 5257 et

2091 5311 2315 5366 formula
2356 5309 2473 5379 ejus
2498 5308 2583 5375 qui
2619 5319 2759 5359 nunc
2787 5317 2976 5358 serene
3024 5302 3267 5368 imperat,
3300 5307 3459 5365 atque
3488 5298 3665 5349 omni-

2092 5402 2191 5458 bus
2218 5402 2307 5470 qui
2337 5401 2525 5454 similia
2556 5398 2685 5467 ipsis
2715 5404 3015 5457 senserunt,
3046 5400 3137 5446 aut
3178 5390 3435 5454 sentiunt,
3466 5401 3662 5440 sensu-

2091 5496 2202 5549 rive
2244 5501 2400 5558 sunt,
2448 5499 2503 5546 et
2547 5503 2713 5558 usque
2761 5488 2811 5540 in
2865 5486 3021 5539 ﬁnem
3071 5484 3123 5537 in
3172 5479 3435 5550 ejusmodi
3467 5477 3664 5530 haeresi

2092 5592 2445 5653 permanent,
2503 5595 2597 5634 nec
2654 5578 2942 5648 pmoitent;
3008 5574 3099 5628 sed
3170 5584 3328 5626 unam
3391 5567 3672 5622 dementer

2093 5684 2185 5728 aut
2239 5673 2434 5728 nullam
2481 5672 2699 5726 omnino
2761 5667 3053 5721 divinitatis
3114 5671 3271 5731 atque
3324 5658 3671 5714 humanitatis

2092 5763 2286 5821 Christi
2317 5765 2511 5821 docent
2539 5762 2867 5818 voluntatem
2896 5765 2949 5813 et
2975 5753 3357 5825 operationem,
3389 5758 3452 5804 ut
3476 5757 3533 5802 et
3565 5764 3668 5801 na-
