3944 6170
316 313 381 366 ’ἷῖ
596 318 599 321 ‘
1501 306 1845 364 Εειετυιιε

1949 334 1979 348 -
2020 306 2235 364 EPIST.
2274 306 2362 363 XI.
3458 312 3553 368 178

278 438 451 481 turam
484 440 553 480 ex
589 431 730 490 toto,
760 436 882 478 nam
911 435 978 479 ex
1006 421 1191 477 eadem
1225 420 1497 478 voluntate
1540 433 1701 492 atque
1727 436 1845 489 oper

1973 427 2161 478 καὶτοῦ
2192 423 2361 478 τύπου
2390 427 2480 478 τοῦ
2505 422 2612 476 νυνί
2638 423 2862 494 γαληνῶς
2888 424 3280 496 βασιλεύοντος,
3308 428 3392 483 καί
3429 429 3560 484 πάν-

276 519 509 587 ratione,
550 516 742 571 eadem
790 516 1060 571 inducitur
1106 514 1427 579 substantia,
1454 514 1603 584 juxta
1654 524 1844 569 sancto

1972 535 2071 567 των
2096 513 2267 574 ἀπλῶς
2292 520 2390 568 τῶν
2416 514 2478 569 τὰ
2507 512 2657 583 ὅμοια
2678 516 2841 569 αὐτῶν
2863 515 3245 591 φρονησάντων,
3277 517 3308 577 ἦ
3330 523 3561 595 φρονούν-

280 627 402 665 rum
432 620 487 664 et
522 609 949 664 orthodoxorum
993 608 1291 663 doctrinam
1342 607 1579 662 Patrum.
1629 606 1866 675 Quorum

280 717 382 757 nos
425 701 767 770 disciplinam
814 699 1195 755 inviolabiliter
1254 698 1619 753 custodientes
1660 713 1723 752 ac
1770 696 1867 753 de-

284 796 596 861 fendentes,
626 809 720 849 eos
760 808 948 848 omnes
992 794 1081 862 qui
1128 792 1398 847 contraria
1440 791 1569 858 ipsis
1608 789 1866 851 sentiunt,

275 887 649 940 damnavimus
671 900 734 939 ac
763 885 1079 939 damnamus
1104 900 1121 939 :
1150 892 1309 951 atque
1348 883 1547 938 idcirco
1578 881 1865 952 praedictos

272 979 653 1032 damnavimus
682 980 847 1042 viros,
881 986 938 1031 ut
967 987 1087 1043 pote
1113 977 1202 1045 qui
1232 991 1297 1031 ex
1330 976 1393 1030 iis
1421 990 1542 1044 quae
1568 974 1866 1028 docuerunt

272 1072 529 1123 declarati
562 1080 686 1124 sunt
727 1070 881 1123 aliter
909 1084 1066 1139 quam
1112 1068 1190 1123 illi
1224 1070 1449 1132 sentire,
1480 1082 1579 1123 nec
1608 1083 1669 1122 se
1696 1082 1864 1135 usque

270 1164 445 1218 adhuc
468 1172 840 1223 correxerunt,
875 1172 967 1215 aut
994 1160 1188 1230 corrigi
1222 1161 1429 1215 volunt.
1459 1159 1683 1227 Quidam
1715 1159 1858 1212 enim

271 1258 512 1324 ipsorum
562 1257 617 1308 in
668 1253 862 1309 limresi
910 1254 1071 1307 vitam
1126 1251 1401 1316 linierunt,
1444 1251 1533 1305 alii
1580 1266 1675 1321 per
1706 1265 1858 1303 suam

271 1347 521 1401 ltwresim
572 1346 734 1399 etiam
785 1359 925 1397 nunc
963 1345 1124 1397 vitam
1179 1342 1466 1396 admodum
1508 1342 1855 1410 perturbant:

267 1439 513 1507 quamvis
542 1437 727 1491 multis
760 1451 824 1490 ac
853 1434 1139 1489 multorum
1190 1435 1561 1503 religiosorum
1604 1432 1859 1487 sacerdo-

266 1541 403 1592 tum,
436 1530 489 1583 in
537 1527 766 1581 diversis
812 1526 1256 1580 commorantium
1311 1525 1462 1588 locis,
1520 1538 1625 1577 non
1676 1525 1857 1591 utique

262 1620 439 1671 solum
470 1617 691 1680 nostris,
730 1616 843 1669 sive
873 1614 1031 1683 hujus
1060 1614 1341 1667 catholica:
1368 1612 1511 1667 sedis
1539 1611 1853 1681 pontiﬁcum

262 1706 730 1760 exhortationibus
779 1714 829 1758 et
877 1704 1324 1758 obtestationibus
1380 1701 1673 1765 admoniti,
1724 1711 1850 1756 uta

1971 627 2069 660 των
2114 604 2143 663 ἦ
2167 614 2356 677 φρονεῖν
2384 606 2690 675 μελλόντων,
2724 608 2809 660 καί
2849 608 3015 682 χρι
3043 608 3216 669 τέλους
3257 617 3319 683 τῇ
3343 611 3557 683 τοιαύτῃ

1970 697 2354 783 προσμενόντων
2378 697 2575 773 αἱρέσει
2594 738 2608 761 ,
2648 703 2726 752 καί
2754 703 2821 761 μὴ
2848 687 3228 770 μετανοούντων
3248 742 3262 765 ,
3294 702 3415 758 ἀλλὰ
3441 707 3556 771 μίαν

1968 789 2207 861 ἀφρόνως,
2241 788 2268 848 ἦ
2297 788 2540 862 μηδεμίαν
2568 787 2695 850 (Tim:
2729 798 2819 850 τῆς
2848 790 3077 851 θεότητος
3124 795 3208 845 καὶ
3244 800 3332 851 τῆς
3363 794 3557 865 ἀνθρω-

1967 879 2186 939 πότητος
2227 877 2318 937 τοῦ
2347 886 2569 953 Χριστοῦ
2616 878 3018 951 δογματιζόντων
3063 882 3262 941 θέλησιν
3309 886 3390 938 καί
3420 886 3555 961 ἐνέρ-

1966 990 2128 1041 γειαν,
2161 972 2334 1041 ὥσπερ
2359 965 2443 1025 οὖν
2491 975 2574 1026 καὶ
2611 970 2758 1043 φύσιν
2799 972 3103 1039 ὶξάπαντος,
3142 982 3214 1044 τῷ
3242 976 3341 1049 γὰρ
3381 978 3549 1048 ταύτῷ

1964 1070 2054 1122 τῆς
2083 1062 2352 1129 θελήσεως,
2382 1064 2469 1116 καὶ
2493 1070 2582 1123 τῆς
2611 1063 2879 1136 ἐνεργείας,
2901 1063 3164 1118 τὸταυτόν
3184 1066 3440 1136 εἰσάγεται
3460 1074 3553 1127 τῆς

1964 1154 2297 1213 οὐσίας,›κατά
2321 1158 2409 1212 τήν
2438 1160 2535 1208 τῶν
2558 1153 2713 1226 ἀγίων
2755 1158 2838 1207 καί
2867 1153 3137 1226 όρθοδόξων
3165 1163 3371 1228 Πατρῶν
3410 1155 3551 1211 διδα-

1961 1245 2196 1311 σκαλίαν,
2245 1242 2310 1298 ὧν
2340 1247 2404 1300 τὰ
2443 1243 2674 1317 δόγματα
2712 1245 3037 1315 φυλάττοντες
3083 1246 3428 1320 ἀπαραεῗὰτως
3467 1250 3549 1301 καί

1960 1336 2317 1398 διεκδικοῦντες
2342 1340 2484 1409 ἡμεῖς
2528 1333 2722 1396 πάντας
2744 1339 2859 1396 τοὺς
2874 1339 3117 1393 τάναντία
3138 1345 3439 1410 φρονοῦντας
3456 1341 3551 1394 αύ-

1958 1437 2065 1488 τοῖς
2103 1431 2469 1505 κατεκρίναμέν
2515 1449 2570 1484 τε
2613 1431 2694 1481 καί
2733 1432 3100 1503 κατακρίνομεν
3162 1425 3243 1483 Οὗ
3278 1431 3434 1503 χάριν
3463 1431 3550 1484 καὶ

1957 1524 2078 1580 τοὺς
2122 1522 2412 1594 εἰρημένους
2456 1519 2855 1588 κατεδικάσαμεν
2900 1516 3120 1595 ἄνδρας,
3157 1521 3225 1581 ὡς
3252 1521 3548 1596 ἀντίφρονας

1957 1614 2132 1671 eritsi;
2154 1610 2217 1667 δι’
2234 1609 2299 1664 ὧν
2330 1611 2672 1685 ἐδογμάτισαν
2693 1609 3183 1682 ἀποδεδειγμένουςν
3209 1613 3291 1665 καί
3310 1616 3379 1682 μὴ
3401 1608 3546 1684 διορν-

1955 1704 2276 1771 θωσαμέδους
2317 1700 2450 1778 ἄχρι
2494 1709 2582 1758 τοῦ
2622 1708 2736 1767 νῦν,
2777 1702 2807 1761 ἦ
2838 1700 3165 1772 διορθωθῆναι
3197 1702 3444 1762 θέλοντας.
3485 1700 3548 1754 οε

262 1802 488 1868 propria
518 1798 711 1854 ltatresi
742 1798 1032 1864 declinent,
1062 1805 1116 1852 et
1143 1797 1207 1850 ad
1239 1796 1520 1850 Dominum
1546 1811 1640 1865 per
1665 1796 1845 1849 ortho-

1960 1798 2050 1865 μέν
2079 1797 2176 1868 γὰρ
2207 1798 2370 1851 αὐτῶν
2395 1803 2457 1868 τῇ
2484 1796 2699 1866 αἱρέσει,
2726 1796 2807 1849 τὸν
2830 1793 3250 1867 βίοναατέλυσαν
3268 1831 3286 1857 ,
3314 1793 3358 1845 οἷ
3380 1790 3433 1846 δέ
3460 1790 3547 1847 διά

260 1894 459 1947 doxam
513 1892 671 1945 [idem
710 1899 1039 1955 accurrant;
1076 1904 1176 1943 nec
1218 1889 1503 1944 voluerunt
1547 1889 1848 1957 intel‘igere

259 1998 315 2040 ut
370 1988 511 2041 bene
559 1994 803 2055 agerent,
838 1982 933 2037 sed
992 1984 1044 2037 in
1108 1982 1381 2051 preposito
1434 1996 1532 2034 suo
1581 1980 1851 2036 obstinate

260 2084 702 2142 perseverarunt,
740 2084 796 2129 et
830 2074 1118 2127 noluerunt
1164 2072 1405 2126 converti
1437 2070 1503 2124 ad
1544 2071 1848 2125 Dominum.

259 2165 417 2221 Unde
446 2179 567 2229 eos,
602 2164 767 2218 veluti
814 2164 1014 2232 lapides
1061 2162 1297 2217 scandali
1347 2172 1400 2216 et
1432 2172 1635 2230 petram
1678 2160 1848 2215 οπεο-

256 2258 428 2311 sionis
477 2272 509 2311 e
554 2255 639 2310 via
688 2255 1034 2322 disjecimus,
1098 2255 1455 2323 ornuibusque
1502 2252 1849 2324 diligentibus

259 2346 548 2401 Dominum
611 2347 856 2402 semitam
931 2346 1252 2401 munivimus
1301 2346 1529 2400 sincerae
1575 2345 1628 2400 in
1676 2347 1847 2415 ipsum

255 2438 621 2491 confessionis
658 2451 723 2491 ex
766 2446 1070 2490 sanctorum
1119 2437 1335 2491 Patrum
1379 2444 1433 2491 et
1468 2436 1846 2491 universalium

256 2527 497 2595 quinque
544 2527 901 2581 conciliorum
953 2527 1226 2591 doctrina,
1273 2533 1329 2579 ut
1374 2527 1652 2581 nobiscum
1693 2526 1845 2597 juxta

252 2620 657 2675 sanctissimam
702 2620 914 2674 illorum
964 2619 1302 2673 traditionem
1344 2628 1561 2674 teneant
1603 2634 1667 2675 ac
1712 2635 1847 2689 pra:-

251 2712 440 2765 dicent
488 2712 625 2765 duas
674 2710 916 2780 ejusdem
974 2719 1029 2764 et
1080 2711 1234 2765 unius
1279 2708 1480 2764 Christi
1528 2709 1623 2764 Dei
1676 2711 1845 2764 nostri

252 2814 481 2856 naturas
522 2802 818 2857 secundum
862 2802 1192 2871 liypostasim
1234 2801 1407 2856 unitas
1447 2800 1750 2866 inconfuse,
1782 2817 1846 2856 ac

252 2895 388 2947 duas
429 2893 703 2947 naturales
744 2892 1066 2958 voluntates,
1106 2891 1343 2961 duasque
1383 2891 1654 2947 naturales
1698 2906 1837 2960 ope-

250 2989 517 3046 rationes,
551 2982 787 3036 divinam
828 2991 885 3036 ct
928 2982 1233 3049 humanam,
1264 2983 1553 3037 iucreatam
1598 2993 1652 3037 et
1691 2996 1845 3037 crea-

249 3081 405 3134 tam,
472 3071 897 3126 connaturaliter
971 3073 1145 3125 unitas
1203 3070 1268 3124 ad
1332 3070 1844 3125 demonstrationem

250 3160 592 3228 perfectam,
640 3162 781 3228 quod
810 3162 951 3216 Deus
1008 3170 1197 3216 natura
1248 3160 1535 3229 perfectus,
1583 3168 1641 3216 et
1680 3160 1841 3215 homo

249 3262 444 3305 natura
499 3250 791 3320 perfectus,
840 3251 1042 3317 absque
1085 3251 1203 3306 solo
1253 3261 1489 3317 peccato,
1529 3250 1669 3304 idem
1719 3265 1845 3304 vere

249 3344 457 3395 existit.
489 3341 828 3407 Quapropter
881 3341 1157 3393 hortamur
1193 3339 1532 3394 dilectionem
1582 3349 1838 3405 vestram,

250 3446 306 3486 ut
353 3436 431 3487 ita
466 3434 750 3487 nobiscum
798 3447 1011 3501 semper
1058 3432 1293 3487 credatis
1339 3447 1401 3488 ac
1447 3432 1691 3497 teneatis,
1743 3431 1839 3484 de-

250 3527 484 3581 vitantes
528 3540 745 3579 omnem
789 3526 1067 3592 heresim,
1119 3541 1237 3595 quae
1288 3536 1473 3580 contra
1520 3525 1838 3580 catholicam

250 3617 553 3671 Ecclesiam
622 3628 678 3670 et
733 3616 879 3685 prius
926 3628 981 3671 et
1020 3633 1161 3673 nunc
1219 3628 1409 3673 exorta
1464 3627 1577 3684 est,
1624 3618 1840 3673 insano-

250 3723 378 3775 sque
426 3708 699 3762 haresum
729 3717 995 3772 auctores,
1019 3722 1242 3776 quorum
1272 3709 1538 3777 exemplo,
1578 3724 1680 3764 una
1719 3724 1839 3764 cum

251 3808 433 3851 vetere
481 3805 536 3849 et
585 3811 813 3861 novmn,
842 3798 1038 3865 quique
1080 3797 1411 3866 temporibus
1454 3801 1838 3855 nostrisavera

250 3887 503 3941 doctrina
557 3888 849 3952 aberravit,
896 3886 1262 3942 Macedonium
1313 3888 1647 3953 itaareticum,
1680 3904 1842 3957 quem

248 3991 441 4033 contra
501 3993 738 4033 canones
806 3977 907 4033 sibi
978 3981 1247 4035 linxeruut
1301 3978 1491 4034 falsum
1542 3980 1838 4036 Antiochia:

250 4071 570 4138 episcopum
619 4069 853 4138 praedicti
888 4070 1147 4134 ltazretici,
1179 4068 1627 4137 quemadmodum
1655 4079 1710 4125 et
1739 4070 1835 4124 Pe-

251 4174 393 4215 trum
423 4161 767 4217 Alcarandriae
797 4162 1139 4216 tumultuarie
1183 4174 1522 4217 creaverunt.
1551 4161 1661 4217 Hos
1689 4163 1834 4216 enim

251 4252 349 4307 sibi
381 4251 789 4306 consentientes
816 4255 976 4317 nacti,
1011 4264 1496 4322 concurrentesque
1526 4253 1578 4307 in
1609 4254 1838 4321 propria:

251 4346 531 4398 lia-reseas
576 4343 834 4409 exitium,
878 4352 932 4397 et
975 4341 1226 4397 similiter
1272 4343 1399 4411 ipsis
1442 4344 1836 4412 expositionem

248 4452 406 4490 novae
435 4436 711 4490 doctrinae
740 4432 1134 4503 formulamque
1171 4434 1665 4503 superinductitiam
1697 4434 1835 4489 acci-

1954 1896 2045 1946 τός
2070 1887 2316 1961 αἱρέσεως
2346 1882 2516 1941 αὐτῶν
2539 1927 2553 1949 ,
2584 1883 2659 1940 ἔτι
2683 1888 2763 1939 καὶ
2787 1890 2875 1938 νῦν
2908 1885 2994 1938 τὸν
3026 1886 3136 1943 βίον
3175 1878 3361 1941 ίκανῶς
3390 1883 3542 1938 ἐκτει-

1955 1978 2238 2053 ράσσουσι·
2272 1978 2357 2031 καί
2382 1997 2459 2031 τοι
2485 1975 2690 2036 πολλαῖς
2711 1976 2797 2029 καὶ
2822 1975 2874 2028 ἐκ
2897 1972 3095 2028 πολλῶν
3120 1967 3344 2026 εὐλαϐὦν
3369 1972 3544 2044 ἱερέων

1952 2074 2050 2122 τῶν
2078 2074 2124 2121 δν
2153 2065 2408 2141 διαφόροις
2431 2067 2801 2143 παροικούντων
2846 2064 3045 2128 τόποις,
3079 2065 3139 2117 οὐ
3165 2064 3263 2136 γὰρ
3307 2060 3368 2121 δὴ
3392 2062 3543 2133 μόνον

1953 2157 2112 2232 ήμῶν,
2148 2161 2299 2233 ἤγουν
2338 2156 2438 2215 τῶν
2476 2168 2565 2219 τῆς
2588 2160 2841 2227 καθ’ἠμᾶς
2862 2157 3119 2216 καθολικῐκ
3161 2153 3404 2230 καθέδρας
3443 2157 3541 2229 ἀρα

1953 2256 2170 2328 χιερέων
2198 2252 2529 2325 παραινέσεσί
2565 2270 2619 2305 τε
2650 2252 2733 2305 καί
2762 2247 3155 2324 διαμαρτυρίαις
3194 2248 3538 2316 ύτιόμιντοσθέν⁹

1951 2369 2057 2415 τες,
2084 2348 2297 2401 ἐκκλῖναι
2322 2354 2412 2405 τῆς
2437 2347 2616 2405 οἰκείας
2641 2344 2887 2417 αἱρέσεως
2907 2382 2923 2408 ,
2955 2346 3036 2398 καί
3063 2340 3419 2418 προσδραμεῖν
3462 2340 3537 2415 τῷ

1952 2440 2125 2512 Κυρίῳ
2152 2436 2233 2493 διά
2258 2446 2348 2498 τῆς
2374 2434 2633 2511 ὁρθοδὸξου
2660 2437 2914 2502 πίστεως,
2964 2436 3051 2487 καί
3078 2435 3163 2488 οὐκ
3189 2434 3539 2493 ἠϐουλήθησαν

1950 2530 2190 2593 συνιέναι,
2219 2533 2307 2583 τοῦ
2330 2528 2595 2598 ἀγαθῦναι.
2628 2523 2731 2579 ἀλλ’
2750 2525 3166 2597 ἱκραταιώθησαν
3192 2525 3243 2577 ἐν
3352 2544 3539 2599 προαι·

1948 2622 2283 2692 ρέσειαύτῶν,
2298 2623 2379 2674 καὶ
2393 2616 2483 2673 οὒκ
2500 2618 2743 2677 ἠθέλησαν
2761 2614 2853 2673 τοῦ
2870 2617 3180 2692 ἐπιστρέψαι
3192 2613 3323 2688 πρός
3340 2618 3534 2691 κύριον.

1946 2707 2088 2763 Ὀθεν
2108 2712 2255 2780 ἡμεῖς
2264 2710 2488 2778 καθάπερ
2501 2709 2666 2766 λίθους
2684 2704 2967 2762 σκανδάλου
2984 2710 3069 2763 καὶ
3078 2709 3267 2780 πέτραν
3277 2708 3464 2783 προσκ·’
3471 2730 3538 2776 μ·-

1944 2822 2125 2869 ματος,
2148 2802 2365 2859 τούτους
2392 2801 2445 2853 ἐκ
2468 2807 2560 2858 τῆς
2582 2798 2700 2853 ὁδοῦ
2736 2797 3117 2869 διαρρίψαντες,
3140 2797 3532 2866 ὡδοποιήσαμεν

1948 2897 2080 2948 πᾶσι
2100 2898 2212 2950 τοῖς
2240 2887 2475 2961 ἀγαπῶσι
2509 2890 2599 2946 τόν
2631 2890 2805 2964 κύριον
2831 2894 2921 2948 τήν
2955 2888 3127 2959 τρίϐον
3152 2896 3242 2947 τῆς
3268 2891 3342 2948 εἰς
3380 2890 3534 2944 αὐτόν

1945 2985 2234 3055 εἰλικρινοῦς
2258 2983 2546 3056 ὁμολογίας,
2568 2981 2652 3038 διὰ
2666 2991 2759 3043 τῆς
2780 2979 3057 3054 τῶνάγίων
3077 2977 3303 3054 Πατρῶν,
3334 2984 3417 3034 καί
3432 2979 3534 3036 τῶν

1946 3079 2187 3151 ὶγκρίτων
2220 3078 2305 3130 καὶ
2332 3078 2689 3144 οἴκουμενικῶν
2725 3077 2875 3131 πέντε
2905 3073 3126 3130 συνόδων
3161 3072 3491 3136 διδασκαλίας
3514 3090 3530 3105 ·

1951 3172 2082 3223 ὥστε
2113 3171 2207 3223 σὺν
2233 3169 2351 3239 ἡμῖν
2376 3168 2677 3243 πρεσϐεύειν
2696 3208 2710 3230 ,
2745 3168 2873 3223 κατά
2908 3172 3000 3227 τὴν
3031 3168 3199 3222 αὐτῶν
3247 3166 3532 3226 όσιωτάτην

1949 3257 2239 3332 παράδοσιν
2261 3301 2274 3322 ,
2307 3256 2400 3313 δύο
2426 3264 2514 3313 τοῦ
2542 3255 2699 3312 αὓτοῦ
2745 3260 2829 3312 καί
2867 3258 2972 3318 ἑνὸς
3016 3264 3237 3330 Χριστοῦ
3282 3264 3374 3312 τοῦ
3399 3265 3529 3313 Θεοῦ

1948 3351 2086 3418 ἡμῶν
2128 3350 2221 3409 τὰς
2256 3348 2431 3422 φύσεις
2466 3347 2572 3402 καθ’
2595 3346 2884 3402 ὑπόστασιν
2917 3350 3171 3417 ἡνωμένας
3212 3351 3532 3418 ἀσυγχύτως

1946 3442 2028 3495 καί
2068 3438 2368 3513 ἀδιαιρέτως
2392 3480 2406 3504 ,
2436 3441 2520 3493 καί
2562 3437 2653 3492 δύο
2679 3433 2772 3499 τοὶς
2801 3438 3010 3510 φυσικὰς
3043 3438 3287 3503 θελήσεις,
3328 3440 3412 3491 καὶ
3438 3436 3531 3493 δύο

1944 3532 2037 3591 τὰς
2052 3532 2270 3604 φυσικὰς
2282 3532 2553 3606 ἐνεργείας,
2575 3529 2709 3583 θείαν
2731 3532 2813 3583 καί
2835 3530 3159 3603 ἀνθρωπίνην.
3190 3526 3428 3583 ἆκτιστον
3451 3531 3535 3583 καί

1944 3629 2185 3689 κτιστὴν,
2209 3619 2457 3695 συμφυῶς
2501 3621 2759 3689 ἠνωμεῖοας
2799 3623 2874 3681 εἰς
2916 3618 3167 3684 ἀπόδειξιν
3205 3620 3369 3678 ἐντελῆ
3412 3626 3530 3685 τοῦ,

1943 3717 2066 3769 Θεὸν
2104 3712 2254 3785 φύσει
2279 3714 2460 3767 τέλειον
2486 3715 2566 3767 καὶ
2596 3709 2857 3783 ἄνθρωπον
2881 3712 3027 3782 φύσει
3058 3710 3242 3765 τέλειον
3275 3711 3425 3781 μόνης
3457 3708 3534 3764 δί-

1946 3827 2024 3877 χα
2048 3814 2141 3865 τῆς
2170 3805 2427 3879 ἁμαρτίας
2451 3805 2539 3859 τὸν
2577 3804 2729 3859 αὐτὸν
2757 3798 2947 3861 ἀληθῶς
2987 3801 3263 3876 ὑπάρχειν.
3298 3803 3378 3854 Διὸ
3406 3821 3535 3874 προ-

1942 3897 2227 3967 τρεπόμεθα
2254 3901 2343 3955 τήν
2367 3897 2569 3967 ἀγάπην
2605 3898 2748 3962 ὑμῶν
2788 3892 2949 3951 οὕτως
2985 3894 3082 3946 σύν
3120 3895 3235 3952 ἡμῖν
3273 3896 3541 3946 πιστεύειν

1942 3985 2020 4039 ἀεὶ
2044 3988 2127 4039 καί
2151 3986 2388 4054 κατέχειν
2426 3983 2819 4057 ἐκτρεπομένους
2842 3986 3021 4034 πᾶσαν
3045 3981 3249 4053 αἵρεσιν
3281 3980 3533 4054 πρότερόν

1944 4095 2000 4130 τε
2023 4078 2103 4128 καὶ
2129 4082 2217 4129 νῦν
2244 4078 2553 4145 ἀναφυεῖσαν
2580 4074 2709 4126 κατά
2734 4078 2825 4130 τῆς
2849 4070 3105 4130 καθολικῆς
3135 4067 3422 4130 Ἐκκλησίας
3447 4074 3530 4125 καί

1943 4170 2067 4227 τοὺς
2090 4174 2191 4221 τῶν
2217 4166 2462 4239 αἱρέσεων
2487 4165 2721 4223 ἀνοήτους
2754 4160 3076 4238 προστάτας,
3108 4161 3210 4231 μεθ’
3230 4159 3297 4215 ὧν
3326 4166 3422 4217 σὺν
3453 4170 3531 4237 τῷ

1941 4257 2159 4326 παλαιῷ,
2192 4255 2382 4311 καὶτὸν
2407 4255 2516 4307 νεόν
2540 4256 2626 4307 καί
2640 4252 2862 4323 ὶφήμῶν
2884 4259 2985 4307 τῶν
3005 4253 3195 4310 ἀληθῶν
3216 4255 3532 4326 ἐκτραπέντα

1939 4346 2225 4418 δογμάτων,
2253 4342 2553 4400 Μακεδόνιον
2579 4344 2666 4398 τὸν
2695 4343 2963 4414 αἱρετικὸν,
2993 4341 3046 4397 ὄν
3072 4365 3183 4399 τινα
3211 4346 3351 4418 παρὰ
3381 4345 3532 4400 κανό-

1940 4462 2030 4502 νας
2064 4440 2265 4498 ἑαυτοῖς
2307 4438 2659 4492 ἀνεπλάσαντο
2695 4436 3022 4509 ψευδώνυμον
3052 4438 3369 4507 ’Δντιοχείας
3412 4439 3524 4491 ἐπί-

248 4526 480 4593 picntes,
531 4524 836 4578 mercedem
884 4524 1133 4592 injustam
1164 4524 1468 4593 hujusmodi
1499 4539 1683 4580 eorum
1734 4526 1830 4579 im-

1949 4552 2127 4585 τκοπον
2149 4533 2194 4585 οξ
2220 4531 2451 4603 ῥηθέντες
2476 4529 2736 4604 αἱρετικοί,
2765 4527 2992 4604 καθάπερ
3014 4524 3100 4582 οὖν
3122 4532 3209 4584 καί
3230 4530 3410 4604 Πέτρον
3434 4537 3528 4589 τῆς

251 4619 358 4684 pia:
388 4614 769 4671 consensionis
795 4630 859 4669 ac
886 4614 1157 4682 vanitatis,
1187 4615 1363 4669 lictarn
1389 4615 1675 4671 sacerdotii
1708 4616 1840 4685 ipsis

248 4709 629 4775 imposuerunt
677 4705 1120 4773 appellationem;
1172 4720 1277 4759 non
1320 4706 1390 4760 ab
1439 4707 1546 4760 ullo
1596 4707 1837 4776 legitimo

245 4797 509 4867 suﬂ’ragio
539 4803 633 4850 aut
661 4795 1023 4850 ecclesiastica
1072 4795 1413 4851 successione
1453 4796 1517 4849 ad
1550 4797 1651 4850 hoc
1683 4796 1839 4851 indu-

246 4890 344 4952 cti,
377 4888 473 4941 sed
520 4902 551 4940 a
584 4902 748 4956 prava
785 4896 839 4941 et
883 4886 1135 4942 haeretica
1184 4888 1603 4957 excogitatione,
1650 4899 1708 4943 ut
1747 4907 1840 4959 per

252 4982 441 5047 plures
484 4987 543 5032 et
580 4976 903 5045 ascriptitias
953 4991 1232 5045 personas,
1277 4986 1333 5031 ut
1372 4979 1585 5046 quidem
1631 4988 1838 5048 putant,

244 5070 585 5123 cottstituant
631 5065 1068 5122 incensistentem
1108 5083 1258 5123 suam
1307 5077 1360 5123 et
1387 5071 1692 5125 damnatam
1726 5071 1841 5125 lite-

240 5162 438 5229 resizn,
470 5162 563 5215 Dei
589 5174 716 5215 vero
744 5160 1059 5215 catholicam
1090 5171 1144 5214 et
1168 5161 1514 5230 apostolicam
1542 5163 1837 5219 Ecclesiam

240 5262 484 5318 vastent,
516 5267 682 5320 quam
725 5268 824 5305 nos
853 5252 1125 5306 aediﬁcare
1168 5262 1517 5322 properantes
1550 5254 1601 5308 in
1635 5254 1839 5323 Spiritu

238 5357 457 5411 sancto,
493 5345 562 5398 ad
606 5344 861 5414 majorem
893 5344 1012 5415 ejus
1056 5344 1402 5400 stabilitatem
1450 5347 1838 5402 convenienter

239 5437 552 5491 studuimus
603 5437 656 5490 in
689 5435 936 5505 PI’il’SCnli
984 5438 1295 5505 prrecipere,
1342 5438 1637 5493 secundum
1686 5446 1839 5507 pote-

238 5538 440 5582 statem
474 5529 635 5583 nobis
663 5544 692 5582 a
729 5528 952 5583 Domino
983 5530 1035 5582 in
1061 5530 1231 5599 gratia
1264 5530 1438 5584 datam
1475 5546 1566 5598 per
1591 5543 1835 5587 sanctum

238 5619 466 5675 Petrum
494 5620 866 5689 apostolorum
899 5622 1220 5691 principem,
1242 5621 1434 5678 Joanni
1466 5623 1664 5679 dilecto
1688 5624 1836 5680 [εοτεί

240 5725 455 5780 nostro,
499 5715 759 5783 episcopo
787 5715 1311 5786 Philadelphensium
1361 5716 1611 5783 civitatis,
1642 5728 1699 5773 ut
1747 5718 1828 5774 lo-

242 5822 372 5861 rum
424 5819 665 5861 nostrum
701 5807 751 5862 in
781 5808 1030 5863 omnibus
1080 5808 1455 5865 ecclesiasticis
1500 5812 1738 5866 articulis
1779 5814 1830 5867 in

1942 4621 2295 4697 ’Δλεξανδρέων
2321 4619 2661 4693 ἔσχεδίασαν.
2686 4624 2906 4681 Τούτους
2925 4628 3023 4698 γὰρ
3036 4620 3309 4693 ὁμοδόξους
3326 4622 3530 4681 ἑαυτοῖς

1942 4709 2092 4773 ὄντας
2120 4713 2399 4788 εὑράμενοι,
2431 4714 2514 4768 καί
2536 4711 2665 4784 πρὸς
2684 4711 2769 4766 τόν
2794 4719 2885 4770 τῆς
2919 4714 3108 4772 οἰκείας
3128 4713 3372 4785 αἱρέσεως
3399 4733 3524 4766 συν-

1942 4806 2226 4878 τρέχοντας
2240 4800 2462 4880 ὅλεθρον,
2495 4807 2581 4857 καὶ
2596 4801 2680 4857 διά
2691 4808 2843 4858 τοῦτο
2855 4804 3229 4877 παραπλησίως
3245 4805 3413 4863 αὐτοῖς
3435 4801 3521 4857 δε-

1944 4898 2194 4966 χομένους
2208 4900 2297 4953 τήν
2310 4916 2363 4949 τε
2376 4903 2467 4955 τῆς
2477 4897 2794 4969 καινοτομίας
2816 4893 3009 4949 ἔκθεσιν
3026 4900 3109 4949 καί
3122 4897 3207 4950 τὸν
3218 4897 3529 4951 ὶπείσακτον·

1941 4992 2120 5053 τύπον,
2135 4992 2309 5060 μισθὸν
2331 4987 2499 5046 ἄδικον
2517 4998 2608 5051 τῆς
2625 4988 2865 5051 τοιαύτης
2892 4992 3056 5045 αὐτῶν
3079 4989 3297 5049 ἀσεϐοῦς
3314 4989 3526 5065 ὁμοφρο-

1942 5085 2121 5145 σύνης,
2137 5085 2247 5143 ἤτοι
2269 5086 2830 5156 ματαιοφροσύνης,τὴν
2852 5084 3162 5138 ἐπίπλαστον
3189 5091 3279 5142 τῆς
3302 5084 3522 5151 ίερωσύ·

1941 5195 2027 5233 νης
2044 5176 2224 5233 αὐτοῖς
2242 5175 2476 5233 ἐπέθηκαν
2495 5174 2786 5243 ὀνομασίαν.
2800 5175 2892 5228 οὐκ
2914 5174 3011 5227 διπέ
3027 5191 3160 5231 τινος
3181 5173 3419 5242 ἐνθίσμου
3438 5173 3526 5241 ψη-

1941 5269 2212 5337 φίσματος,
2228 5266 2259 5327 ἧ
2280 5267 2691 5326 ἕκκλησιαστικῆς
2709 5266 3002 5325 ἀκολουθίας
3018 5268 3088 5325 εἰς
3109 5265 3260 5320 τοῦτὸ
3279 5284 3335 5335 γε
3360 5284 3526 5341 προα-

1944 5358 2170 5426 χθέντες,
2186 5356 2291 5410 ἀλλ’
2306 5359 2361 5411 ἐκ
2381 5357 2571 5427 φαύλης
2592 5360 2675 5410 καί
2692 5357 2944 5430 αἱρετικῆς
2966 5355 3208 5420 ἐπινοίας,
3229 5354 3301 5425 ἐφ’
3333 5352 3416 5407 ὅτε
3441 5352 3525 5408 διά

1940 5445 2177 5502 πλειόνων
2194 5451 2277 5502 καί
2297 5449 2705 5521 παρεγγράπτων
2725 5446 3034 5521 προσώπων,
3063 5448 3095 5499 εἴ
3107 5469 3136 5507 ς
3158 5466 3213 5517 γε
3239 5448 3522 5518 νομίζουσι,

1941 5546 2205 5597 συστῆσαι
2232 5541 2321 5608 μὲν
2348 5544 2439 5597 τήν
2463 5540 2754 5593 ἀσύστατον
2782 5539 2947 5592 αὐτῶν
2976 5539 3275 5611 κατάκριτον
3305 5538 3522 5609 αἵρεσιν,

1939 5632 2195 5707 πορθῆσαι
2215 5631 2267 5687 δὲ
2281 5637 2370 5690 τὴν
2384 5630 2634 5688 καθολικὴν
2645 5635 2736 5684 τοῦ
2747 5635 2869 5683 Θεοῦ
2888 5634 2969 5682 καί
2984 5630 3317 5688 ἀποστολικὴν
3332 5627 3523 5686 Ἐκκλη·

1938 5727 2073 5788 σίαν,
2088 5724 2145 5781 ἣν
2158 5722 2434 5793 οἰκοδομεῖν
2451 5722 2754 5793 ἐπειγόμενοι
2769 5721 2817 5775 ἐν
2829 5721 2954 5795 ἁγίῳ
2971 5725 3236 5794 Πνεύματι,
3253 5718 3532 5797 προσηκόν.

1939 5837 2038 5875 τως
2067 5820 2137 5876 εἰς
2155 5818 2518 5891 ἀκριξεστὲραν
2535 5818 2721 5878 ταύτης
2743 5816 3012 5891 ἀσφάλειαν
3030 5816 3416 5882 ἐσπουδάσαμεν
3436 5818 3519 5870 ἔπι
