3926 6174
412 265 549 321 H99

1641 268 1700 323 S.
1743 264 2133 323 AGATHONIS
2169 265 2375 322 ΡΑΡΑΞ

3523 276 3659 331 1⁵2.ὖο

405 382 612 456 ὀρθότης
651 395 742 445 τῆς
780 388 1002 443 πίστεως
1041 383 1126 439 διὰ
1182 390 1282 438 τῶν
1326 384 1622 455 σεϐασμίων
1668 386 1825 440 αὐτοῦ
1870 384 1973 443 ἠδίε

2083 382 2379 440 fortissimo
2424 383 2774 439 fundamento
2821 398 2948 440 cura
2999 398 3063 441 ac
3116 386 3447 456 dispensatio
3493 390 3661 446 inesse

406 498 534 537 κτων
569 477 617 529 ἐν
656 473 758 545 ὅλῳ
799 484 870 547 τῷ
900 475 1071 546 κόσμῳ
1101 472 1415 546 διαχυθεῖσα
1453 477 1749 533 ἐπαινεῖται.
1793 478 1878 542 Ἐξ
1912 474 1979 529 ὦν

406 568 477 634 ἓν,
522 567 649 642 ὅπερ
706 566 837 641 πρός
885 567 1064 620 Ζώἰλον
1104 568 1188 621 τόν
1238 566 1605 641 ’Δλεξανδρείας
1645 565 1975 641 καθηγεμόνα,

404 660 586 716 ἐστάλη
642 659 773 713 κατά
821 667 913 720 τῆς
965 665 1064 712 τῶν
1121 656 1399 729 ’Δκεφάλων
1444 659 1692 728 αἱρέσεως
1723 660 1852 736 ὑπὲρ
1887 668 1979 719 τῆς

402 749 666 823 ὀρθότητος
703 755 795 809 τῆς
841 748 1176 807 ἀπωτολιχῆς
1217 751 1438 809 πίστεως
1482 750 1613 820 πρός
1640 750 1699 803 τὸ
1732 748 1979 822 πληρογο-

404 847 558 910 ρῆσαι
589 838 900 913 αὑταρκοῦν,
934 838 1062 906 μετά
1090 838 1278 897 ταύτης
1309 837 1452 909 ὑμῶν
1481 846 1573 897 τῆς
1605 840 1818 911 μετρίας
1858 839 1979 891 ἀνα-

404 932 560 998 φορᾶς
608 934 670 1003 τῇ
722 928 966 1001 γαληναίᾳ
1016 927 1157 996 ὑμῶν
1217 926 1609 1002 Χριστιανὼητι
1668 927 1978 992 στείλαντες,

402 1011 483 1067 διὰ
531 1021 629 1073 τῶν
694 1017 1051 1087 ἀποκομιστῶν
1108 1022 1207 1069 τῶν
1266 1015 1531 1088 παρόντων
1606 1017 1977 1091 προσφέρομεν.

398 1102 622 1161 ’Δλλ’ῖνα
671 1110 741 1175 μή
790 1127 901 1167 πως
961 1113 1058 1160 τῶν
1110 1106 1302 1161 πολλῶν
1353 1105 1591 1178 ῥημάτων
1634 1112 1845 1182 φορτική
1899 1127 1981 1160 νο·

400 1196 554 1268 μισθῇ
593 1198 623 1255 ri
665 1193 995 1269 δικαιολογία,
1023 1198 1105 1250 καὶ
1138 1196 1364 1264 μάλιστα
1404 1192 1476 1256 οἷς
1514 1217 1623 1250 τισι
1668 1198 1727 1250 τὸ
1766 1202 1982 1271 πρᾶγμα

401 1284 510 1355 μμ,
542 1287 571 1343 ἡ
606 1283 826 1363 φροντὶς]
872 1290 957 1341 καί
1000 1288 1030 1345 ri
1077 1284 1318 1347 διοίκησις
1364 1284 1479 1342 ὅλου
1526 1291 1631 1343 τοῦ
1673 1288 1863 1360 κόσμου
1914 1291 1982 1349 ὡς

399 1378 451 1430 ἐν
502 1380 715 1447 ἰσχυρῷ
761 1376 968 1447 θεμελίῳ
1019 1377 1284 1442 ἐπίκειται,
1336 1378 1507 1446 ὀλίγας
1570 1379 1673 1433 ἀπὸ
1718 1386 1820 1432 τῶν
1861 1380 1983 1436 ἀναο

398 1468 650 1542 ριθμήτων
685 1470 849 1541 ταύτῃ
880 1476 942 1543 τῇ
980 1469 1161 1545 μετρίᾳ
1196 1471 1417 1545 ἀναφορᾷ
1445 1470 1646 1533 ἐντάξαι
1693 1477 1781 1523 (ῶν
1827 1469 1981 1540 ἁγίων

399 1559 630 1636 Πατίρων
681 1560 963 1636 μαρτυρίας
1006 1556 1391 1632 ἐσπουδάσαμεν
1426 1575 1439 1588 ⁸
1481 1558 1653 1619 ἔπειδή
1704 1562 1789 1614 καί
1834 1566 1983 1615 τοῦτο

396 1649 705 1724 ἀσύγκριτον
732 1649 865 1705 πάνυ
894 1650 981 1704 καί
1012 1650 1250 1720 μέγιστόν
1295 1651 1455 1718 ἐστιν,
1478 1651 1561 1705 ἵνα
1590 1658 1683 1711 τῆς
1714 1650 1975 1724 φροντίδος

396 1735 513 1797 ὅλης
566 1745 657 1798 τῆς
700 1741 1201 1811 Χριστιανικωτάτης
1249 1739 1507 1800 πολιτείας
1564 1739 1647 1796 ἄπ’
1670 1742 1831 1811 ὀλίγον
1879 1764 1976 1796 κω-

392 1828 661 1892 λυθείσης,
700 1830 831 1903 ὑπὲρ
875 1827 1033 1885 πόθου
1079 1837 1172 1890 τῆς
1225 1831 1434 1891 ἀληθοῦς
1476 1835 1702 1893 πίστεως
1758 1835 1974 1900 ζίουσα,

393 1924 483 1972 τοῦ
534 1919 873 1975 ἀποστολικοῦ
932 1921 1251 1995 κηρύγματος
1298 1926 1387 1981 τήν
1446 1919 1773 1978 διδασκαλίαν
1834 1925 1976 1988 ἐξην-

392 2012 637 2083 θισμίνως
682 2012 953 2084 ἔπεγνῶναι
1009 2013 1292 2085 ἐπιθυμήσῃ
1320 2015 1350 2071 ἦ
1380 2014 1643 2084 σεϐασμία
1685 2015 1977 2087 καίδύμῶν

392 2105 753 2178 φιλανθρωπία.
804 2105 1015 2164 ’Δληθῶς
1051 2106 1150 2176 γὰρ
1192 2107 1246 2159 ἐκ
1285 2104 1535 2178 διαφόρων
1584 2106 1821 2183 ὶγκρίτων
1875 2117 1976 2163 Πα-

391 2198 550 2271 τέρων
590 2206 681 2256 τῆς
725 2195 987 2269 ὀρθοδόξου
1037 2200 1263 2258 πίστεως
1298 2200 1330 2256 ἡ
1377 2198 1581 2258 ἀλήθεια
1614 2200 1784 2272 ἐφάνη,
1816 2203 1863 2254 εί
1890 2202 1976 2255 καί

393 2287 584 2357 ὀλίγαις
612 2288 955 2359 μαρτυρίαιςον
971 2285 1144 2347 ἐπειδὴ
1165 2292 1379 2361 πρᾶγμα
1401 2291 1699 2361 ἠνεῳγμένον
1725 2291 1810 2343 καί
1843 2294 1977 2345 πᾶσι

392 2378 600 2452 φανερόν
651 2378 696 2434 οἱ
738 2380 987 2435 ὶπαινετοί
1031 2381 1250 2453 Πατίρες
1296 2381 1548 2455 ⁴περισσὸν
1601 2379 1803 2455 ἔκριναν
1844 2383 1973 2456 φρά-

391 2474 515 2533 ζειν.
566 2476 663 2533 Τίς-
692 2477 816 2547 γὰρ,
849 2474 893 2526 εί
931 2475 1014 2527 καὶ
1053 2470 1251 2546 βραδὺς
1298 2470 1373 2530 εἴη
1412 2475 1542 2546 πρὸς
1582 2475 1639 2528 τὸ
1673 2482 1877 2542 νοῆσαι,
1914 2477 1979 2531 οὐκ

391 2560 670 2633 θεωρήσει,
719 2558 847 2634 ὅπερ
898 2568 1030 2622 πᾶσι
1091 2562 1316 2633 φαίνεται
1341 2601 1357 2625 ,
1408 2560 1485 2617 ὅτι
1550 2561 1830 2629 ἀδύνατον,
1890 2568 1977 2622 καί

391 2651 535 2723 παρὰ
576 2655 667 2710 την
709 2650 844 2713 τάξιν
883 2658 975 2712 τῆς
1020 2651 1216 2723 φύσεώς
1262 2651 1397 2712 iam.
1443 2650 1695 2707 δύνασθαι
1724 2649 1850 2709 εἶναι
1878 2654 1974 2727 φύ-

390 2760 493 2807 σιν,
525 2741 606 2792 καί
658 2740 906 2815 ἐνέργειαν
951 2744 1019 2810 μὴ
1066 2737 1208 2810 ἔχειν
1258 2742 1492 2812 φύσεως;
1533 2740 1661 2813 ὅπερ
1714 2740 1827 2796 οὖδέ
1870 2747 1974 2800 ὐπὸ

394 2836 494 2885 τῶν
570 2830 831 2906 αίρετικῶν
916 2849 1040 2886 ποτε
1100 2828 1399 2903 ἐδοκιμάσθη
1463 2834 1696 2905 λέγεσθαι
1724 2849 1741 2865 ⁶
1798 2837 1974 2897 οἵτινες

390 2919 565 2991 πάσας
613 2922 709 2979 τὰς
762 2922 1100 2993 ἀνθρωπίνους
1147 2928 1478 2997 πανουργίας,
1505 2928 1586 2979 καί
1628 2927 1829 2987 σκολιάς
1878 2932 1970 2991 ζη-

2082 477 2432 545 dignoscitur,
2475 476 2674 546 exigua
2725 476 2795 532 de
2840 479 3141 533 numerosis
3190 480 3315 533 huic
3358 481 3661 535 humillime

2078 566 2403 635 suggestioni
2459 567 2700 621 inserere
2749 576 3061 623 sanctorum
3111 568 3328 623 Patrum
3364 572 3659 625 testimonia

2079 657 2462 710 maturavimus
2497 658 2662 724 :.quia
2710 668 2764 711 et
2819 657 2921 713 hoc
2975 660 3390 727 incomparabile
3434 661 3588 715 nimis
3611 673 3659 715 et

2080 760 2332 814 magnum
2361 753 2464 809 est,
2500 756 2559 800 ut
2607 749 2768 802 totius
2816 749 3130 818 reipublica:
3170 749 3495 804 Christiana:
3539 768 3658 805 cura

2082 837 2353 906 paulisper
2379 838 2648 904 submota,
2678 854 2773 907 pro
2813 853 2999 896 amore
3025 850 3188 909 atque
3220 856 3365 895 verre
3398 845 3657 913 religionis

2081 927 2381 997 ﬂagrantia,
2410 930 2725 997 apostolica:
2766 930 3166 998 praedicationis
3195 931 3499 985 doctrinam
3529 948 3655 986 enu-

2079 1018 2308 1073 cleatius
2338 1032 2633 1089 agnoscere
2665 1021 2845 1088 cupiat
2886 1021 3265 1090 augustissima
3296 1030 3353 1076 et
3380 1022 3657 1092 religiosis—

2081 1111 2215 1163 sima
2238 1121 2415 1166 vestra
2443 1110 2752 1166 clementia.
2808 1110 3096 1167 Enimvero
3126 1128 3190 1167 ex
3214 1113 3446 1167 diversis
3481 1116 3657 1180 proha-

2081 1200 2279 1255 bilibus
2305 1199 2555 1256 Patribus
2576 1202 2891 1258 orthodoxae
2921 1204 3044 1259 ﬁdei
3075 1203 3276 1259 veritas
3303 1205 3516 1269 claruit,
3542 1206 3655 1259 licet

2079 1291 2294 1363 exiguis
2326 1293 2649 1348 testimoniis
2680 1311 2693 1347 :
2725 1295 2849 1363 quia
2876 1310 2989 1350 rem
3042 1306 3282 1365 apertam
3321 1304 3379 1351 et
3418 1298 3654 1350 omnibus

2080 1385 2281 1438 claram
2311 1383 2493 1441 Patres
2523 1384 2817 1441 laudabiles
2845 1386 3171 1455 superﬂuum
3221 1404 3345 1443 esse
3377 1389 3652 1443 censebant

2081 1475 2367 1531 disserere.
2398 1477 2529 1542 Quis
2555 1476 2719 1543 enim,
2747 1477 2871 1532 licet
2902 1477 3085 1533 tardus
3129 1480 3200 1533 sit
3241 1478 3308 1533 ad
3362 1478 3653 1549 intelligen-

2082 1567 2234 1631 tiam,
2266 1582 2369 1621 non
2404 1566 2586 1620 videat
2616 1566 2756 1636 quod
2783 1567 3030 1623 omnibus
3072 1569 3255 1636 patet?
3301 1569 3435 1633 Quia
3467 1570 3654 1639 impos-

2081 1658 2236 1713 sibile
2262 1667 2316 1714 et
2343 1668 2530 1714 contra
2560 1661 2803 1715 ordinem
2859 1668 3060 1714 naturae
3110 1668 3193 1714 est
3233 1675 3395 1729 posse
3423 1671 3652 1715 naturam

2078 1755 2134 1802 et
2184 1749 2551 1817 Operationem
2605 1765 2711 1805 non
2764 1747 2966 1805 habere
3016 1759 3222 1805 natura:
3252 1766 3267 1806 :
3299 1752 3443 1820 quod
3473 1766 3567 1806 nec
3594 1756 3657 1805 ah

2078 1839 2346 1895 haereticis
2372 1853 2607 1910 unquam
2640 1848 2900 1896 tentatum
2941 1849 3022 1895 est
3070 1840 3201 1907 dici,
3234 1842 3321 1909 qui
3351 1856 3539 1896 omnes
3568 1844 3655 1896 ad-

2079 1949 2266 1989 versus
2300 1935 2679 1990 rectitudinem
2704 1933 2823 1989 ﬁdei
2857 1934 3113 1988 humanas
3144 1935 3409 1989 versutias
3436 1945 3489 1989 et
3514 1936 3657 1989 calli-

2075 2026 2173 2081 das
2200 2028 2546 2094 qumstiones,
2579 2036 2739 2096 atque
2770 2027 3112 2082 collectiones
3164 2029 3375 2083 illorum
3428 2030 3653 2098 pravita-

2076 2118 2216 2173 tibus
2247 2133 2534 2189 congruas,
2569 2127 2906 2187 repererunt.
2956 2118 3233 2186 Quomodo
3289 2119 3471 2190 itaque
3515 2127 3649 2192 quod

2076 2224 2176 2264 nec
2197 2224 2226 2263 a
2248 2210 2448 2265 sanctis
2472 2209 2787 2265 orthodoxis
2806 2211 3050 2265 Patribns
3077 2211 3275 2266 dictum
3294 2221 3377 2267 est
3402 2229 3649 2282 unquwm,

2077 2313 2176 2355 nec
2216 2315 2244 2352 a
2278 2300 2513 2365 profanis
2545 2300 2812 2356 haereticis
2837 2291 3212 2370 pra-sumptum
3268 2313 3351 2357 est
3404 2306 3651 2366 inveniri,

2077 2405 2219 2446 nunc
2248 2391 2443 2459 poterit
2483 2391 2773 2455 autumari,
2819 2398 2876 2445 ut
2924 2391 3144 2445 duarum
3194 2391 3395 2447 ChriSIi
3447 2402 3655 2447 natura-

2076 2496 2218 2547 rum,
2242 2482 2439 2536 divinat
2468 2481 2672 2537 scilicet
2700 2492 2754 2536 et
2776 2480 3045 2545 humanae,
3068 2498 3291 2552 quarum
3323 2493 3376 2538 et
3421 2485 3654 2553 proprie-

2077 2582 2213 2628 tates
2251 2575 2418 2628 salvaz
2446 2589 2567 2629 esse
2610 2582 2904 2628 noscuntur
2929 2574 2980 2629 in
3006 2575 3239 2643 Christo,
3266 2589 3424 2629 unam
3460 2575 3652 2630 habere

2076 2663 2262 2738 [Forte
2302 2664 2442 2734 esse]
2495 2666 2860 2734 operationem
2908 2665 3182 2735 quisquam
3227 2674 3372 2721 recte
3413 2668 3652 2720 sentiens

2075 2755 2245 2824 possit
2275 2754 2683 2810 demonstrare?
2712 2771 2833 2810 cum
2864 2758 2908 2811 si
2934 2772 3034 2810 una
3063 2764 3166 2821 est,
3215 2757 3419 2821 dicant,
3451 2760 3494 2811 si
3520 2767 3650 2809 tem-

2076 2853 2295 2921 poralis,
2328 2867 2394 2905 an
2426 2860 2626 2905 aeterna
2651 2850 2871 2906 dicenda
2904 2860 2986 2905 est
3014 2869 3025 2903 :
3058 2851 3255 2917 divina,
3307 2865 3372 2904 an
3421 2850 3675 2915 humana;

2076 2938 2368 3011 incondita,
2394 2956 2460 2994 an
2491 2942 2704 2995 condita
2738 2961 2749 2994 :
2784 2942 2970 2997 eadem
3011 2957 3217 3011 quoque
3263 2951 3319 2996 et
3345 2941 3517 2995 Patris
3546 2953 3649 3004 εει,

388 3015 561 3072 τήσεις
593 3013 726 3068 κατά
754 3021 843 3074 τῆς
880 3013 1149 3089 ὀρθότητος
1175 3022 1267 3075 τῆς
1296 3017 1543 3083 πίστεως,
1576 3020 1661 3073 καί
1695 3021 1969 3094 συναθροι-

2075 3050 2141 3088 an
2192 3034 2356 3088 altera
2398 3042 2751 3102 prasterqnam
2801 3033 2990 3089 Patris.
3019 3034 3074 3089 Si
3119 3033 3273 3102 igitur
3303 3048 3407 3087 una
3439 3044 3540 3096 est,
3563 3050 3653 3085 ea.

389 3106 552 3174 σμούς
606 3113 727 3166 ταῖς
775 3103 1080 3179 φαυλότησιν
1132 3108 1300 3162 αὐτῶν
1355 3106 1678 3185 προσφόρους
1746 3110 1970 3185 ἐφεῦρον.

389 3202 500 3260 ιιῷς
530 3189 616 3248 οὖν
652 3193 779 3271 ὅπερ
808 3193 923 3250 οὔτε
964 3195 1067 3250 ἀπό
1096 3202 1197 3250 τῶν
1227 3195 1383 3269 ἁγίων
1419 3196 1696 3265 ὀρθοδόξων
1740 3203 1973 3275 Πατέρων

384 3285 558 3360 ὶρῥέθη
611 3287 737 3340 ποτὲ
766 3324 782 3350 ,
835 3282 951 3339 οὔτε
1000 3285 1103 3341 ἀπὸ
1151 3291 1252 3339 τῶν
1299 3286 1525 3356 βεϐήλων
1569 3288 1831 3362 αἱρετικῶν
1882 3292 1979 3346 τες

386 3376 636 3447 τόλμηται
672 3376 952 3450 εὑρεθῆναι,
985 3375 1069 3429 ἐπί
1111 3381 1205 3432 τοῦ
1242 3376 1494 3451 παρόντος
1540 3374 1813 3436 δυνήσεται
1839 3401 1968 3452 προ·

387 3468 719 3533 πετευθῆναι,
773 3468 858 3522 ἶνα
908 3472 1008 3522 τῶν
1061 3464 1153 3521 δύο
1202 3468 1402 3539 φύσεων
1456 3472 1546 3522 τοῦ
1597 3464 1838 3543 Χριστοῦ,
1879 3479 1971 3532 τῆς

386 3557 528 3619 θείας
583 3555 809 3617 δηλονότι
851 3558 937 3611 καί
982 3565 1074 3617 τῆς
1113 3558 1457 3632 ἀνθρωπίνης,
1490 3556 1703 3614 ὧντινων
1739 3561 1791 3614 αἱ
1852 3559 1972 3616 ἰδιό-

389 3667 537 3709 τητες
580 3648 802 3720 ἀκέραιοι
845 3642 971 3703 εἶναι
1021 3649 1351 3721 γνωρίζονται
1389 3649 1437 3701 ἐν
1487 3657 1561 3721 τῷ
1602 3658 1807 3723 Χριστῷ
1853 3654 1973 3721 μίαν

391 3738 424 3794 ἒ
424 3760 541 3812 χειν
562 3737 689 3811 [ἴση
711 3734 859 3807 εἶναι]
887 3739 1150 3813 ἐνέργειαν,
1180 3741 1258 3800 τίς
1283 3758 1405 3795 ποτε
1434 3739 1587 3811 ὀρθῶς
1614 3748 1801 3812 φρονῶν
1826 3738 1974 3802 δυνή-

386 3848 540 3887 σηται
584 3827 879 3894 ἀποδείξας
912 3826 1103 3883 ὁπόταν
1132 3829 1216 3882 ἐὰν
1236 3834 1329 3899 μία
1371 3831 1530 3893 ἒστίν,
1554 3828 1757 3885 εἴπωσιν
1783 3830 1813 3889 ἦ
1844 3838 1974 3909 χρο-

388 3924 496 3979 worn
534 3923 564 3979 ἧ
589 3916 749 3979 ἀΐδιος
787 3919 1117 3988 λεχθήσεται,
1140 3920 1249 3973 θεία
1277 3918 1307 3978 ἣ
1346 3920 1643 3993 ἀνθρωπίνη,
1674 3918 1912 3981 ἅκτιστος
1940 3922 1972 3980 ἧ

384 4012 605 4076 κτιστηδ,
653 4010 686 4067 ἡ
728 4010 882 4074 αὕτη,
926 4010 1038 4067 ἥτις
1084 4010 1167 4063 καί
1214 4015 1305 4063 τοῦ
1349 4006 1544 4082 Πατρός
1573 4009 1734 4075 ἐστιν,
1766 4008 1798 4068 ἦ
1824 4010 1972 4084 ἑτέρα

384 4106 529 4178 παρά
578 4104 663 4160 τὸν
712 4105 925 4175 Πατέρα.
973 4105 1033 4156 Ei
1079 4105 1247 4159 τοίνυν
1451 4102 1563 4157 ἔστί
1606 4105 1692 4157 καί
1742 4105 1772 4161 ἡ
1815 4104 1967 4168 αὐτή,

384 4198 481 4265 μία
520 4197 608 4250 καί
644 4203 737 4256 τῆς
762 4195 996 4257 θεότητος
1024 4197 1107 4250 καί
1152 4204 1246 4256 τῆς
1291 4193 1677 4267 ἀνθρωπότητος
1721 4202 1808 4251 τοῦ
1856 4207 1969 4272 Χριο

382 4290 510 4340 στοῦ
538 4287 675 4344 κοινή
709 4284 867 4348 ἔστιν,
900 4283 1026 4356 ὅπερ
1052 4282 1316 4339 ἀλλόκοτόν
1351 4284 1465 4340 ἔστι
1491 4284 1749 4358 λέγεσθαι,
1791 4286 1971 4339 οὐκοῦν

2075 3128 2306 3196 demque
2332 3140 2434 3179 una
2458 3132 2513 3178 et
2532 3122 2823 3178 divinitatis
2838 3134 2892 3179 et
2919 3124 3255 3179 humanitatis
3282 3122 3481 3178 Christi
3505 3140 3653 3178 corn.

2076 3220 2250 3273 munis
2281 3227 2363 3273 est
2391 3215 2553 3285 (quod
2584 3215 2869 3270 absurdum
2898 3224 2980 3271 est
3007 3215 3155 3287 dici),
3178 3230 3304 3286 ergo
3329 3216 3455 3269 dum
3482 3216 3652 3269 Filius

2077 3310 2169 3365 Dei
2192 3310 2431 3381 quidem,
2456 3308 2546 3378 qui
2576 3308 2715 3363 Deus
2741 3316 2796 3362 et
2825 3309 2983 3362 homo
3032 3300 3387 3374 esu-humana
3419 3318 3501 3361 est
3516 3324 3650 3376 ope-

2076 3414 2223 3459 ratus
2256 3404 2309 3458 in
2337 3403 2521 3467 terris,
2552 3403 2748 3470 pariter
2775 3410 2829 3456 et
2874 3400 3028 3456 Pater
3077 3414 3192 3456 cum
3238 3415 3304 3454 eo
3333 3400 3651 3452 naturaliter

2076 3505 2327 3563 Operatus
2372 3502 2494 3548 est:
2524 3494 2647 3562 quia
2695 3507 2815 3562 quae
2864 3492 3022 3547 Pater
3076 3491 3215 3557 facit,
3259 3491 3371 3545 hmc
3404 3501 3456 3544 ct
3487 3490 3653 3543 Filius

2076 3584 2202 3640 facit
2233 3585 2478 3639 similiter
2502 3581 2679 3655 (Joan.
2706 3581 2784 3653 ν).
2811 3582 2902 3637 Sin
2930 3591 3099 3637 autem
3123 3581 3283 3652 (quod
3304 3584 3504 3655 feritas
3520 3598 3647 3635 con.

2076 3677 2230 3746 tinet)
2253 3676 2377 3730 dum
2406 3647 2633 3729 humana
2664 3647 2906 3743 quaedam
2930 3647 3179 3742 operatus
3196 3684 3272 3728 est
3295 3647 3561 3732 Christus,
3585 3676 3651 3723 ad

2073 3768 2241 3822 solam
2272 3770 2387 3837 ejus
2407 3777 2463 3820 ut
2492 3766 2612 3821 Filii
2643 3779 2923 3834 personam
2969 3764 3234 3836 redigitur,
3266 3781 3383 3834 qua:
3432 3780 3537 3818 non
3567 3774 3647 3817 eq

2073 3860 2259 3914 eadem
2312 3874 2430 3928 qua:
2458 3867 2511 3913 et
2541 3857 2748 3919 Patris;
2780 3855 3070 3910 secundum
3119 3856 3252 3909 aliud
3302 3855 3543 3923 profecto
3598 3872 3651 3910 et

2072 3951 2215 4006 aliud
2246 3960 2500 4019 operatus
2529 3958 2610 4002 est
2658 3947 2903 4002 Christus
2930 3965 2943 4001 :
2988 3958 3043 4003 ut
3080 3949 3359 4002 secundum
3389 3948 3649 4002 divinita-

2075 4052 2204 4110 tem,
2238 4057 2357 4112 qua)
2387 4039 2512 4095 facit
2538 4041 2712 4105 Pater,
2736 4040 2921 4095 eadem
2952 4050 3006 4095 et
3050 4040 3207 4095 Filius
3234 4040 3423 4094 faciat:
3454 4043 3645 4095 simiii-

2074 4144 2157 4188 ter
2186 4133 2479 4189 secundum
2515 4130 2920 4200 humanitatem,
2950 4146 3066 4201 qua:
3092 4142 3212 4185 sunt
3254 4130 3485 4186 hominis
3512 4150 3648 4202 prn-

2076 4229 2211 4296 pria,
2246 4226 2383 4280 idem
2422 4227 2536 4294 ipse
2564 4224 2902 4293 operabatur,
2934 4234 2988 4278 ut
3016 4223 3191 4289 homo,
3230 4225 3345 4292 quia
3378 4239 3537 4278 verus
3562 4238 3651 4279 e-l

2073 4329 2126 4372 et
2177 4318 2316 4372 Deus
2341 4326 2393 4369 et
2425 4317 2603 4367 homo.
2634 4313 2784 4368 Unde
2830 4324 2883 4369 et
2910 4314 3167 4368 veraciter
3201 4314 3450 4375 creditur,
3496 4322 3649 4381 quad

384 4375 513 4429 ἕπάν
558 4374 585 4429 ὁ
632 4376 749 4435 Υἱὸς
792 4381 887 4431 τοῦ
935 4373 1063 4431 Θεοῦ
1116 4374 1143 4431 ὃ
1191 4374 1347 4437 αὐτὸς
1390 4377 1514 4436 Θεὸς
1566 4378 1649 4430 καὶ
1707 4373 1969 4449 ἄνθρωπός

2076 4409 2211 4463 idem
2241 4408 2376 4476 ipse,
2407 4422 2526 4459 cum
2558 4419 2694 4459 unus
2722 4406 2812 4468 sit,
2839 4404 2970 4459 duas
3014 4405 3172 4460 habet
3218 4406 3475 4459 naturales
3501 4422 3649 4475 ουρ-

383 4464 515 4531 ἔστι,
567 4464 633 4518 τὰ
680 4465 971 4537 ἀνθρώπινα
1016 4468 1291 4539 ἐνεργήσας
1337 4466 1421 4520 ἐπὶ
1467 4473 1561 4525 τῆς
1605 4475 1699 4536 γῆς
1724 4507 1738 4531 ,
1782 4465 1967 4537 ὁμοίως

380 4554 478 4607 σῦν
527 4548 669 4622 αὗτῷ
717 4556 798 4607 καί
842 4553 868 4608 ὁ
912 4559 1084 4628 Πατὴρ
1124 4562 1352 4625 φυσικῶς
1400 4556 1693 4629 ὶνήργησεν,
1734 4555 1907 4616 ἔπειδή
1934 4557 1966 4611 ἃ

385 4640 411 4695 ό
452 4646 618 4714 Πατήρ
658 4650 811 4706 ποιεῖ,
839 4648 1005 4698 ταῦτα
1038 4648 1117 4698 καὶ
1152 4644 1178 4698 ό
1216 4646 1332 4701 Υἱὸς
1372 4646 1558 4715 ὁμοίως
1600 4651 1759 4701 ποιεῖ.
1794 4649 1849 4699 Εἰ
1886 4645 1963 4714 δὲ,

386 4736 518 4813 ὅπερ
546 4740 576 4796 ἡ
608 4737 808 4795 ἀλήθεια
842 4741 1095 4811 περιέχει,
1127 4741 1177 4794 ἐν
1210 4738 1314 4810 ὅσῳ
1353 4742 1638 4812 ἀνθρώπινά
1682 4762 1794 4796 τινα
1826 4740 1967 4813 ἐντόρ-

381 4849 533 4900 γησεν
587 4825 614 4881 ό
655 4827 905 4891 Χριστὸς,
951 4829 1079 4900 πρὸς
1142 4828 1292 4897 μόνον
1342 4831 1400 4885 τὸ
1466 4831 1745 4906 πρόσωπον
1805 4834 1964 4885 αὺτοῦ

382 4920 451 4980 ὥς
500 4920 623 4975 Υίοῦ
676 4917 1079 4992 ἐπαναφέρεται.
1134 4918 1167 4970 ἆ
1211 4939 1323 4973 τινα
1374 4922 1461 4973 οὐκ
1513 4921 1633 4977 ἔστι
1683 4924 1749 4976 τὰ
1794 4922 1964 4987 αὐτὰ,

380 5007 463 5066 οἵα
514 5014 593 5065 καί
622 5015 711 5063 τοῦ
761 5009 974 5085 Πατρός,
1008 5005 1157 5081 [ὅπερ
1195 5010 1287 5061 οὐκ
1326 5008 1442 5065 ἔστι
1478 5013 1663 5066 ταύτὸν
1691 5020 1762 5081 τῷ
1790 5015 1965 5087 Πατρί.

348 5099 625 5179 ωκειτόἶλλο
667 5117 730 5155 ea
777 5097 919 5170 [ἂμ]
972 5096 1222 5154 κατ’ἆλλο
1268 5096 1488 5157 δηλονότι
1528 5107 1615 5156 καὶ
1658 5100 1776 5157 ἄλλο
1825 5105 1969 5177 Eurip-

380 5214 535 5266 γησεν
582 5192 609 5251 ὃ
662 5193 894 5255 Ωιι-τός’
944 5194 1028 5249 ’ἱνα
1074 5193 1205 5250 κατά
1250 5196 1342 5250 τήν
1392 5194 1641 5261 θεότητα,
1689 5194 1722 5250 ἂ
1762 5204 1899 5251 ποιεῖ
1938 5198 1965 5249 ό

382 5292 572 5362 Πατήρ.
615 5293 780 5345 ταῦτα
825 5290 912 5343 καί
956 5286 982 5343 ὁ
1021 5288 1135 5348 Υἱὸς
1172 5286 1355 5357 ὁμοίως
1396 5295 1540 5360 ποιῇ,
1589 5289 1718 5343 κατά
1769 5287 1828 5344 δέ
1878 5296 1970 5349 τήν

382 5378 766 5455 ἀνθρωπότητα,
797 5380 830 5435 ἆ
856 5384 955 5437 εἱσι
982 5387 1073 5437 τοῦ
1117 5382 1385 5454 ἁνθρὼπου
1414 5378 1544 5444 ἴδια,
1576 5380 1602 5435 ό
1626 5382 1779 5442 αὐτὸς
1817 5378 1968 5443 οὗτος

384 5466 592 5540 [ait-ua:
622 5471 817 5544 ἐνήργει
854 5474 920 5535 ὡς
954 5470 1239 5549 ἅνθρωπος,
1271 5469 1446 5531 iusth
1493 5472 1675 5533 ἀληθής
1721 5472 1834 5527 ἐστι
1888 5476 1973 5527 καί

383 5561 506 5619 θεὸς
541 5562 619 5617 καί
664 5558 946 5637 ἄνθρωπος.
974 5564 1120 5622 Ὀθεν
1156 5568 1243 5622 καί
1288 5564 1481 5626 ἀληθῶς
1522 5567 1852 5629 πιστεύεται,
1890 5562 1971 5619 ὄτι

2073 4500 2331 4561 rationes,
2364 4498 2593 4552 divinam
2642 4494 2846 4551 scilicet
2893 4507 2946 4551 et
2993 4496 3286 4561 humanam,
3316 4497 3649 4550 inconditam

2073 4603 2127 4647 et
2154 4592 2446 4654 conditam,
2473 4602 2531 4643 ut
2560 4604 2720 4644 verus
2747 4598 2800 4644 et
2849 4589 3108 4658 perfectus
3150 4590 3302 4655 Deus,
3332 4603 3487 4643 verus
3515 4606 3648 4659 per-

2069 4681 2239 4736 fectus
2267 4682 2448 4747 homo,
2481 4696 2613 4733 unus
2639 4680 2776 4734 idem
2803 4681 2911 4747 ipse
2939 4680 3189 4735 mediator
3228 4678 3314 4735 Dei
3354 4691 3408 4733 et
3462 4681 3645 4735 hami-

2072 4789 2196 4828 num
2244 4772 2501 4825 Dominus
2552 4770 2707 4825 Jesus
2763 4770 3001 4824 Christus
3028 4769 3080 4841 (1
3108 4769 3234 4823 Tim.
3265 4772 3343 4840 ll).
3373 4771 3641 4836 Quocirra

2069 4875 2125 4921 et
2148 4880 2210 4919 ex
2234 4878 2453 4932 Operum
2478 4864 2819 4933 qualitatibus
2854 4874 3152 4917 naturarum
3174 4878 3395 4933 quoque,
3422 4880 3539 4931 qua:
3584 4867 3639 4916 in

2069 4954 2282 5010 Christo
2312 4970 2406 5024 per
2431 4955 2722 5009 unitionem
2747 4971 2864 5024 qua:
2912 4955 3194 5010 secundum
3239 4956 3635 5009 subsistentiani

2068 5048 2414 5111 coiiveniunt,
2446 5045 2743 5101 diﬂ‘erentia
2766 5045 3018 5100 inoﬂ’eusa
3045 5047 3394 5115 cognoscitur.
3422 5044 3487 5101 lIt
3534 5062 3635 5098 au-

2071 5152 2176 5196 tem
2199 5152 2252 5196 et
2277 5137 2464 5214 [Forte
2485 5137 2589 5209 his]
2620 5138 2729 5193 Deo
2772 5138 3040 5193 odibilium
3085 5138 3459 5201 haereticorum,
3488 5150 3631 5201 ouo-

2069 5247 2187 5289 rum
2214 5233 2348 5285 sicut
2376 5230 2629 5285 vocabula
2674 5231 2868 5297 pariter
2909 5230 3265 5285 abominamur
3302 5237 3355 5282 et
3396 5228 3625 5281 δίειμι-ι

2069 5323 2573 5381 demonstrationem
2599 5321 2855 5376 duntaxat
2892 5336 3070 5376 eorum
3117 5336 3243 5391 quos
3267 5320 3385 5374 novi
3402 5319 3621 5385 dogma-

2072 5419 2137 5472 tis
2164 5417 2466 5470 inventores
2497 5429 2652 5467 unam
2677 5413 2729 5468 in
2753 5413 2961 5468 Christo
2989 5412 3206 5468 dicendo
3232 5413 3539 5464 voluntatem
3562 5420 3617 5461 et

2071 5508 2432 5579 operationem
2463 5507 2629 5563 secuti
2673 5514 2817 5573 sunt,
2868 5522 3033 5577 pauca
3075 5506 3304 5577 quredam
3333 5521 3393 5560 ex
3429 5517 3611 5558 eorum

457 5696 483 5722 ⁸
524 5690 621 5745 llic
656 5692 932 5751 evidenter
964 5695 1115 5756 deest
1144 5716 1245 5755 vox
1279 5698 1653 5771 ιῦσεςιστάτη,
1688 5710 1775 5757 aut
1807 5700 1909 5755 alia
1942 5692 2181 5766 ejusdem
2212 5689 2637 5759 significationis.
2672 5687 2827 5742 Eutr.

1356 5894 1393 5919 ‘L
