3926 6174
201 363 337 420 1201

1629 357 2008 416 Εριετοωε.

3326 358 3476 417 ,ηοι

196 475 616 534 exsecrabilibus
636 473 792 531 dictis
817 474 1154 531 innexuimus
1173 490 1187 529 :
1207 473 1527 544 Apollinaris
1550 475 1785 532 heretici

1905 474 2103 536 ἱαύτὸς
2157 472 2305 537 οὗτος
2351 473 2421 537 εἷς
2448 475 2587 549 [ὧν]
2634 477 2726 534 δύο
2773 479 2987 551 φυσικὰς
3026 477 3146 561 Ιἔχει
3202 477 3473 552 ἐνεργείας,

195 578 388 623 contra
441 566 761 631 Diodorum,
810 566 1105 623 secundum
1151 567 1290 637 quod
1341 566 1568 635 positum
1611 574 1696 623 est
1733 567 1787 621 in

195 658 379 714 edicto
409 656 733 711 orthodoxa
754 655 880 712 (idet
912 656 1197 712 Justiniani
1247 657 1345 727 βίῳ
1385 656 1656 711 memorite
1680 656 1789 710 Au-

197 752 336 822 gusti
371 770 384 805 :
416 751 704 821 Organum,
758 759 814 805 et
842 751 980 820 quod
1030 758 1226 817 movet,
1276 766 1434 805 unam
1461 752 1597 807 solet
1625 753 1788 820 perli-

195 858 321 898 eere
351 843 716 911 operationem
751 856 1015 910 :quorum
1067 851 1246 897 autem
1293 857 1395 897 una
1423 852 1504 899 est
1523 843 1786 913 operatio,

198 935 392 988 horum
423 947 527 988 una
557 942 643 987 est
669 934 922 987 essentia.
974 932 1087 989 Una
1119 948 1248 1003 ergo
1278 934 1510 988 essentia
1542 933 1677 989 facta
1707 943 1788 989 est

200 1022 363 1078 Verbi
415 1031 468 1078 et
510 1022 710 1077 carnis.
744 1021 874 1077 Item
906 1023 1145 1092 ejusdem
1196 1023 1251 1077 in
1302 1037 1548 1078 sermone
1575 1024 1666 1094 qui
1692 1039 1791 1079 su-

207 1115 543 1185 perseriptus
570 1123 652 1170 est
681 1115 735 1169 in
762 1114 1045 1185 epiphania
1072 1115 1446 1172 incarnationis
1473 1116 1585 1172 Dei.

1889 570 1980 625 τήν
2022 568 2156 621 θείαν
2200 566 2425 624 δηλονότι
2470 571 2552 622 καί
2598 574 2690 627 τήν
2732 569 3075 641 ἀνθρωπίνην,
3106 572 3196 626 τήν
3237 565 3477 624 ἄκτιστον

1890 658 1975 709 καί
2026 661 2255 720 πιστὴν,
2296 659 2365 717 ὡς
2418 658 2640 718 ἀληθινὸς
2691 660 2777 713 καὶ
2839 659 3023 717 τέλειος
3062 656 3211 718 Θεὸς,
3253 656 3479 717 ἀληθινὰς

1892 749 1973 800 καί
2021 748 2205 808 τέλειος
2253 744 2533 819 ἅνθρωπος,
2573 746 2641 808 εἷς
2680 750 2706 801 ὁ
2748 750 2904 807 αὐτὸς
2950 749 3161 817 μεσίτης
3201 753 3353 808 Θεοῦ,
3394 749 3479 799 καί

1892 837 2172 910 ἀνθρώπων
2234 840 2419 911 Κύριος
2461 836 2659 898 Ἰησοῦς
2705 836 2946 909 Χριστός.
3012 837 3096 889 Διό
3144 835 3331 905 ὁμοίως
3395 834 3478 885 καί

1891 926 1948 979 ἐκ
1990 932 2089 981 τῶν
2133 931 2413 984 ποιοτήτων
2472 932 2573 982 τῶν
2636 926 2821 1002 ἔργων,
2870 933 2969 981 τῶν
3014 927 3243 997 φύσεων,
3294 926 3480 982 αἵτινες

1894 1016 1944 1069 έν
1994 1023 2069 1088 τῷ
2145 1024 2354 1091 Χριστῷ
2429 1019 2557 1072 κατά
2635 1022 2725 1075 τήν
2798 1016 2906 1071 καθ’
2928 1017 3219 1071 ύπὸστασιν
3300 1014 3481 1067 ἕνωσιν

1892 1109 2163 1172 συνῆλθον,
2211 1111 2243 1167 ἡ
2286 1108 2496 1187 διαφορά
2550 1110 2875 1187 ἀπρόσκοπος
2944 1112 3258 1183 γνωρίζεται.
3304 1104 3479 1166 ὀπως

1890 1197 2143 1271 [τούτων]
2174 1199 2227 1255 δέ
2268 1203 2353 1255 καί
2393 1208 2492 1256 τῶν
2528 1202 2841 1271 θεομισήτων
2886 1200 3172 1274 αἱρετικῶν,
3199 1195 3267 1252 ὧν
3312 1198 3478 1255 καθὼς

196 1286 290 1347 τὰς
329 1289 678 1362 προσηγορίας
716 1284 900 1356 ὁμοίως
937 1285 1312 1359 βδελυττόμεθα
1349 1292 1432 1343 καί
1462 1289 1527 1343 τὰ
1574 1289 1777 1366 ῥήματα
1798 1326 1815 1353 ,
1858 1292 1984 1367 πρὸς
2013 1290 2214 1358 ἔνδειξιν
2256 1297 2338 1348 καὶ
2390 1293 2537 1366 μόνον
2570 1294 2787 1360 τούτων,
2814 1290 2889 1356 οἷς
2930 1317 3064 1351 τισιν
3092 1294 3135 1348 oi
3172 1296 3262 1346 τοῦ
3304 1299 3479 1346 καινοῦ

196 1375 456 1450 δόγματος
516 1374 780 1451 έφευρεταί
834 1375 884 1430 έν
932 1378 983 1431 έν
1024 1385 1097 1451 τῷ
1138 1386 1346 1451 Χριστῷ
1387 1379 1610 1451 λέγοντες
1655 1382 1843 1451 θέλημα
1890 1386 1974 1437 καί
2024 1385 2276 1458 ἐνέργειαν
2320 1386 2695 1453 ἠκολούθησαν,
2727 1388 2869 1457 ὀλίγα
2915 1390 3031 1443 τινὰ
3080 1388 3132 1440 ἐκ
3176 1393 3285 1441 τῶν
3329 1406 3487 1438 κατα·

196 1472 371 1546 ράτων
433 1470 601 1524 αὐτῶν
659 1469 897 1543 ῥημάτων
962 1468 1363 1539 έπισυνήψαμεν·
1421 1468 1800 1546 ’Δπολλιναρίου
1868 1473 2122 1547 αίρετικοῦ
2192 1476 2325 1530 κατά
2386 1475 2638 1552 Διοδώρου
2704 1478 2836 1550 πρὸς
2905 1477 2963 1533 τὸ
3025 1478 3245 1546 κείμενον
3301 1473 3355 1529 έν
3407 1481 3480 1540 τῷ

197 1562 392 1631 ἠδίκτῳ
426 1567 518 1621 τῆς
565 1558 823 1633 ὀρθοδὰξου
853 1562 1079 1621 πίστεως
1116 1567 1204 1615 τοῦ
1247 1561 1297 1614 ἐν
1336 1561 1540 1616 εὐσεϐεῖ
1579 1570 1643 1635 τῇ
1694 1566 1864 1635 μνήμῃ
1902 1561 2256 1620 ’1ουστινιανοῦ
2306 1572 2397 1621 τοῦ
2450 1567 2716 1637 βασιλέως·
2777 1564 3027 1638 Ὀργανον
3076 1569 3160 1620 καί
3211 1565 3271 1619 τὸ
3324 1569 3488 1619 κινοῦν

196 1656 321 1724 μίαν
350 1654 561 1724 πέφυκεν
594 1650 854 1707 ἀποτελεῖν
881 1655 969 1709 τήν
998 1651 1258 1727 ἐνέργειαν*
1287 1649 1352 1704 ὧν
1381 1649 1435 1705 δέ
1459 1653 1552 1721 μέα
1590 1652 1830 1729 ἐνέργεια,
1862 1656 2058 1709 τούτων
2079 1658 2170 1725 μία
2208 1657 2348 1710 ἐστίν
2386 1657 2558 1722 οὐσία,
2585 1660 2680 1726 μία
2729 1653 2828 1727 ἄρα
2877 1657 3026 1710 οὐσία
3051 1660 3138 1709 τοῦ
3181 1652 3346 1724 Λόγου
3398 1656 3484 1708 καί

196 1751 293 1804 τῆς
320 1742 534 1817 σαρκός.
563 1746 662 1795 Τοῦ
689 1741 852 1795 αὐτοῦ
894 1742 945 1793 ἒν
967 1747 1042 1812 τῷ
1068 1741 1200 1813 λόγῳ
1226 1748 1299 1812 τῷ
1336 1746 1789 1819 προγεγραμμένῳ,
1818 1747 1901 1806 Εἰς
1929 1747 1993 1800 τὰ
2020 1747 2251 1817 ἕπιφάνια
2276 1755 2367 1808 τῆς
2395 1749 2815 1822 ἂνανθρωπήσεως
2837 1753 2928 1803 τοῦ
2960 1753 3087 1802 Θεοῦ
3105 1747 3293 1820 Λόγου.

277 1835 428 1890 Unus
457 1833 600 1890 enim
629 1831 876 1886 Christus
920 1831 1096 1886 divina
1141 1841 1343 1887 tantum
1378 1833 1650 1889 voluntate
1676 1849 1789 1888 mo-

1976 1849 2031 1891 ‘O
2064 1836 2133 1898 εἷς
2170 1840 2270 1913 γὰρ
2298 1840 2701 1911 Χριστὸς,θεῐκῷ
2738 1838 2874 1911 μόνῳ
2901 1839 3143 1909 θελήματι
3170 1840 3483 1909 κινούμενος,

202 1926 454 1994 vehatur,
483 1923 778 1980 secundum
808 1923 951 1993 quod
971 1933 1026 1979 et
1057 1939 1217 1979 unam
1247 1925 1364 1993 ejus
1394 1927 1645 1981 novimus
1664 1941 1793 1996 ope-

1905 1930 2017 1984 καθό
2065 1932 2149 1983 καί
2186 1932 2307 2000 μίαν
2348 1928 2549 1999 οἴδαμεν
2593 1932 2749 1985 αὐτοῦ
2797 1933 2886 1989 τὴν
2935 1930 3183 2004 ἐνέργειαν
3218 1930 3268 1982 έν
3313 1928 3486 1999 διαφό-

202 2019 496 2084 rationem,
528 2024 583 2072 et
630 2015 683 2070 in
731 2014 960 2069 diversis
987 2016 1256 2070 miraculis
1285 2028 1340 2072 et
1377 2016 1709 2086 passionibus
1731 2018 1796 2073 de

202 2125 314 2167 una
342 2108 458 2179 eius
483 2107 779 2177 composita
821 2114 1008 2160 natura
1037 2107 1435 2175 procedentem.
1490 2109 1632 2166 Deus
1652 2112 1795 2166 enim

201 2217 427 2260 carnem
483 2199 702 2255 indutus
757 2207 839 2253 est
871 2197 1121 2269 [earneus
1158 2198 1281 2270 est],
1327 2210 1380 2255 et
1409 2200 1670 2256 creditur.
1700 2200 1798 2256 Sc-

200 2309 374 2351 verus
419 2292 704 2348 haereticus
750 2289 805 2345 in
851 2289 1264 2359 prosphonetico
1294 2303 1545 2347 sermone
1570 2290 1712 2347 facto
1743 2293 1797 2346 in

204 2384 436 2455 Daphne
455 2382 508 2437 in
538 2378 800 2451 martyrio
820 2388 1020 2435 sancta:
1062 2380 1395 2449 Euphemite,
1444 2381 1531 2436 ubi
1570 2381 1651 2437 sic
1678 2383 1793 2438 ait:

200 2476 739 2535 Anathematizamus
766 2481 943 2528 autem
975 2472 1239 2542 synodum
1278 2472 1793 2539 Cltalcedonensem,

197 2568 307 2627 sed
327 2577 383 2626 et
405 2576 605 2623 tomum
633 2564 828 2621 Leonis
856 2564 1099 2636 praesulis
1131 2563 1381 2619 Romans.-
1410 2562 1683 2631 Ecclesiae,
1741 2572 1798 2621 et

201 2672 309 2716 eos
337 2658 426 2727 qui
453 2656 638 2712 dicunt
663 2654 747 2710 vel
769 2654 1024 2709 dixerunt
1066 2654 1120 2708 in
1148 2654 1356 2711 duabus
1408 2652 1614 2709 naturis
1634 2668 1795 2708 unum

201 2747 496 2805 Dominum
520 2754 760 2802 nostrum
782 2744 964 2801 Jesum
1013 2741 1283 2799 Christum
1324 2753 1444 2813 post
1474 2742 1796 2800 ineﬂ'abilem

196 2850 267 2897 et
317 2833 911 2907 inconipreltensihilem
959 2834 1278 2901 unitionem,
1305 2841 1359 2888 et
1388 2841 1674 2903 sequenter
1694 2847 1799 2889 ea-

197 2946 331 2989 rum
361 2930 497 2985 duas
516 2927 859 2999 operationes
879 2935 972 2981 aut
993 2927 1367 2996 proprietates.
1400 2925 1529 2979 Item
1557 2924 1796 2994 ejusdem

196 3022 399 3079 Severi
438 3018 505 3074 ad
551 3017 796 3088 Sergium
819 3016 1242 3086 grammaticum,
1278 3015 1368 3070 ubi
1400 3018 1474 3069 ait
1500 3033 1513 3068 :
1536 3014 1796 3082 Quoniam

197 3114 372 3186 igitur
391 3126 528 3170 unus
556 3119 639 3167 est
663 3124 914 3181 operans,
942 3123 1045 3164 una
1066 3117 1149 3166 est
1172 3108 1288 3179 ejus
1307 3110 1566 3179 operatio,
1591 3118 1646 3164 et
1675 3122 1793 3165 mo-

200 3207 293 3264 tio
318 3206 559 3275 operaria
583 3200 953 3277 [operatoria].
987 3203 1115 3257 Item
1151 3217 1217 3258 ex
1250 3201 1388 3257 libro
1434 3202 1669 3262 secundo
1692 3201 1799 3258 Ne-

196 3298 367 3357 storii
399 3294 756 3360 hominieolm,
784 3306 946 3364 quem
977 3293 1254 3363 inscripsit
1286 3291 1596 3361 praeclaram
1626 3290 1804 3347 initia-

198 3390 418 3445 tionem
444 3404 457 3441 :
490 3383 811 3441 lnconfusas.
832 3381 1168 3439 custodimus
1219 3390 1456 3446 naturas,
1480 3397 1587 3437 non
1613 3395 1804 3437 secun-

194 3479 344 3534 dum
376 3473 728 3532 substantiam
755 3477 780 3505 ⁸³
798 3473 1023 3529 arbitrio
1044 3481 1248 3528 tantum
1276 3473 1568 3541 copulatas,
1588 3480 1804 3542 propter

195 3567 358 3640 quod
383 3580 567 3621 earum
599 3579 756 3620 unam
780 3562 1108 3625 voluntatem
1141 3574 1196 3618 et
1236 3565 1599 3632 operationem
1620 3572 1675 3619 et
1701 3564 1802 3619 do-

196 3656 562 3714 minationem
595 3653 837 3710 videmus
867 3652 1217 3725 [statuimus],
1265 3653 1537 3722 dignitatis
1576 3652 1799 3723 equali-

190 3758 327 3806 tate
358 3757 624 3803 ostensas.
658 3746 800 3801 Deus
821 3745 968 3801 enim
1013 3745 1266 3808 Verbum,
1318 3756 1600 3798 assumens
1644 3758 1803 3813 quem

199 3839 627 3913 praedestinavit
675 3838 974 3905 hominem,
1004 3851 1100 3907 per
1126 3835 1405 3905 potestatis
1435 3834 1715 3897 rationem,
1738 3833 1803 3887 ad

196 3949 343 3993 eum
393 3946 499 3988 non
547 3940 631 3987 est
680 3938 920 3986 secretus
978 3937 1197 3999 propter
1247 3926 1601 3996 praestitutum
1627 3923 1807 3996 [Forte

193 4020 628 4100 praecognitum]
657 4022 928 4078 affectum.

285 4115 574 4172 Theodosii
604 4112 844 4169 haeretici
874 4110 1217 4167 Alexandrini
1263 4109 1330 4163 de
1357 4118 1500 4163 torno
1527 4108 1593 4165 ab
1616 4108 1804 4164 eodem

1899 2042 2007 2096 ροις
2044 2023 2272 2092 θαύμασι
2314 2024 2400 2077 καί
2439 2024 2736 2093 παθήμασιν
2764 2023 2816 2075 έκ
2854 2030 2946 2083 τῆς
2992 2027 3116 2092 μιᾶς
3158 2025 3319 2077 αὑτοῦ
3361 2043 3485 2077 συνο

1899 2114 2047 2166 θέτου
2083 2113 2280 2184 φύσεως
2316 2118 2621 2188 προϊοῦσαν.
2677 2113 2803 2173 Θεὸς
2839 2116 2938 2187 γάρ
2978 2111 3218 2189 ἴνσαρκός
3257 2112 3366 2167 έστι
3401 2114 3489 2168 καί

1899 2204 2217 2258 πιστεύεται.
2274 2204 2488 2277 Σεϐἦρος
2527 2202 2553 2258 ὁ
2590 2203 2841 2278 αερετικὸς
2877 2203 2983 2260 ἀπὸ
3030 2209 3121 2258 τοῦ
3173 2223 3486 2278 προσφωνη-

1898 2304 2040 2354 τικοῦ
2080 2299 2231 2371 λόγου
2269 2304 2360 2353 τοῦ
2404 2300 2668 2371 γενομένου
2703 2298 2751 2351 έν
2788 2306 2850 2373 τῇ
2900 2298 3091 2369 Δάφνῃ,
3133 2295 3183 2349 έν
3239 2303 3313 2368 τῷ
3350 2316 3486 2368 μαρ-

1899 2391 2058 2462 τυρίω
2124 2397 2217 2448 τῆς
2261 2386 2411 2458 ἁγίας
2461 2388 2711 2460 Εὖφημῐας
2762 2387 2896 2441 οῦτω
2946 2390 3118 2459 φησίν⁹
3166 2386 3490 2456 ’Δναθεματίο

1898 2481 2050 2547 ζομεν
2086 2476 2141 2534 δέ
2181 2481 2264 2532 καί
2298 2483 2389 2536 τήν
2427 2477 2642 2533 σύνοδον
2698 2476 3037 2538 Χαλκηδόνος,
3078 2478 3161 2529 καί
3210 2476 3297 2529 τὸν
3338 2473 3489 2544 τὸμον

1900 2570 2108 2630 Λέοντος
2155 2574 2249 2624 τοῦ
2311 2576 2403 2628 τῆς
2438 2576 2541 2623 τῶν
2590 2568 2842 2638 Ῥωμαίων
2877 2567 3169 2628 Ἐκκλησίας
3228 2568 3489 2639 ἡγησαμέ-

1901 2683 2020 2726 νου,
2063 2664 2148 2716 καί
2205 2664 2323 2723 τούς
2380 2661 2653 2733 λέγοντας,
2701 2658 2731 2718 ἦ
2776 2660 3009 2719 εἰπόντας
3048 2659 3101 2713 έν
3151 2656 3246 2713 δύο
3300 2659 3487 2728 φύσεσι

1899 2755 1987 2811 τὸν
2020 2755 2109 2809 ἕνα
2145 2756 2333 2827 Κύριον
2368 2756 2507 2823 ἡμῶν
2534 2752 2726 2811 Ἰησοῦν
2773 2756 2994 2826 Χριστῇν
3041 2753 3169 2821 μετά
3196 2757 3289 2810 τήν
3331 2749 3491 2825 ἄφρα-

1902 2864 2024 2900 στον
2080 2846 2166 2899 καί
2217 2844 2550 2918 ἀπερινὸητον
2587 2844 2769 2898 ἕνωσιν
2788 2881 2803 2906 ,
2843 2846 2925 2896 καί
2964 2844 3166 2911 ,τούτων
3203 2840 3491 2900 ἀκολούθως

1901 2932 1995 2989 δύο
2037 2934 2305 3007 ἐνεργείας,
2343 2933 2373 2992 ἦ
2421 2931 2698 2993 ἰδιότητας.
2749 2930 2960 3004 Ὁμοίως
2996 2936 3086 2986 τοῦ
3136 2928 3290 2986 αὐτοῦ
3338 2930 3490 2989 2:315-

1902 3046 1996 3099 ρου
2052 3024 2180 3099 πρὸς
2236 3026 2433 3096 Σέργιον
2482 3022 2835 3099 γραμματικὸν
2889 3019 3011 3076 ἔνθα
3063 3020 3245 3093 φησίν·
3277 3018 3485 3079 ἐπειδή

1901 3116 2002 3190 γὰρ
2053 3111 2123 3174 εἷς
2161 3112 2188 3169 ὁ
2228 3114 2466 3185 ἐνεργῶν,
2523 3114 2608 3166 καί
2664 3113 2757 3181 μία
2809 3112 2971 3167 αὐτοῦ
3009 3112 3040 3169 ἦ
3083 3111 3343 3184 ἐνέργεια,
3401 3108 3493 3165 καὶ

1905 3207 2101 3266 κίνησις
2156 3206 2475 3276 ένεργητική.
2528 3202 2802 3264 Ὡσαύτως
2847 3205 2931 3256 καί
2978 3204 3033 3257 έκ
3089 3207 3183 3257 τοῦ
3249 3200 3488 3277 δευτέρω

1910 3294 2108 3365 βιϐλίου
2155 3296 2426 3371 Neo-rapiat)
2479 3299 2570 3349 τοῦ
2627 3294 3082 3367 ἀνθρωπολὸπρου,
3142 3290 3202 3348 οὗ
3262 3291 3493 3369 ἔγραψεν

1910 3383 2202 3457 Ἐπιφανοῦς
2231 3387 2467 3455 μυήσεως
2490 3399 2505 3415 ⁶
2531 3381 2895 3455 ’Δσυγχύτους
2926 3382 3241 3456 φυλάττομεν
3266 3386 3363 3444 τὰς
3398 3385 3494 3456 φύ-

1900 3498 2022 3538 σεις
2068 3480 2125 3531 οὐ
2178 3476 2517 3542 κατόύσίαν,
2557 3479 2732 3548 γνώμῃ
2779 3475 2834 3530 δέ
2887 3476 3225 3548 συνημμένας.
3279 3476 3362 3531 Διὸ
3411 3479 3495 3531 καί

1912 3574 2031 3640 μίαν
2068 3572 2231 3627 αὐτῶν
2265 3576 2358 3630 τήν
2394 3571 2589 3628 θέλησιν
2610 3609 2626 3634 ,
2666 3571 2915 3643 ένέργειάν
2964 3590 3018 3625 τε
3056 3572 3142 3624 καί
3197 3568 3494 3627 δεσποτείαν

1913 3658 2145 3735 ὁρίζομεν
2183 3661 2324 3723 ἀξίας
2362 3659 2580 3717 ἰσότητα
2618 3656 2955 3728 δεικνυμένοις.
2989 3670 3044 3714 ‘0
3085 3660 3183 3735 γάρ
3232 3660 3355 3720 Θεὸς
3392 3659 3495 3714 Λό-

1910 3771 2000 3821 γος
2038 3749 2328 3813 ἀναλαϐὼν,
2382 3746 2435 3802 ὃν
2484 3750 2769 3822 προώρισεν
2815 3746 3110 3821 ἄνθρωπον,
3162 3749 3294 3819 πρὸς
3344 3747 3497 3803 αὐτὸν

1912 3841 1968 3893 ού
2034 3838 2250 3911 διεκρίθη
2321 3838 2405 3894 διὰ
2477 3844 2568 3898 τήν
2642 3840 3056 3913 προγνωσθεῖσαν
3128 3839 3262 3907 αὐτῷ
3331 3837 3494 3894 διάθε-

1914 3952 2015 3987 σιν.

1984 4101 2256 4159 Θεοδοσίου
2320 4104 2571 4179 αἱρετικοῦ
2627 4100 2982 4171 ’Δλεξανδρέως
3034 4102 3134 4156 ἀπὸ
3184 4108 3278 4157 τοῦ
3332 4102 3489 4171 τὸμου

1912 4200 2003 4248 τοῦ
2042 4193 2166 4268 παρ’
2186 4194 2341 4247 αὐτοῦ
2388 4193 2665 4263 γραφέντος
2709 4189 2948 4265 Θεοδὼρᾳ
2984 4198 3046 4264 τῇ
3091 4190 3491 4264 ΔύγούστῃοὨς

1911 4283 2083 4337 λοιπὸν
2121 4285 2209 4336 καὶ
2245 4283 2489 4355 ένέργειαν
2527 4278 2653 4338 εἶναι
2690 4288 2781 4335 τοῦ
2820 4284 3196 4354 συναμφοτέρου
3236 4285 3489 4361 θεοπρεπῆ

1911 4376 2049 4444 μίαν,
2107 4375 2217 4428 ἐπεὶ
2262 4377 2344 4429 καί
2400 4374 2509 4435 ένὸς
2568 4369 2695 4429 εἶναι
2742 4375 2827 4427 καὶ
2875 4380 2966 4456 τοῦ
3030 4376 3189 4430 αὐτοῦ
3226 4396 3386 4446 φαμεν
3422 4378 3493 4432 τά

182 4208 422 4277 scripto
453 4203 752 4261 'l‘heodoraa
803 4205 1057 4273 Augusta
1088 4218 1101 4253 :
1143 4199 1423 4269 Reliquum
1453 4204 1556 4263 est,
1605 4204 1665 4252 ut
1701 4212 1804 4251 una

185 4298 284 4354 sit
322 4292 572 4364 operatio
616 4307 685 4348 ex
729 4291 970 4361 utrisque
1022 4289 1234 4353 deities,
1273 4287 1525 4357 quoniam
1567 4294 1624 4341 et
1648 4286 1805 4341 unius

189 4397 338 4442 esse
367 4390 425 4438 et
451 4381 693 4451 ejusdem
739 4379 973 4435 dicimus
1012 4378 1125 4434 Deo
1171 4376 1418 4433 decibilia
1446 4375 1722 4442 miracula,
1752 4384 1805 4430 et

190 4474 494 4535 naturales
523 4487 734 4538 omnes,
778 4482 940 4541 atque
981 4469 1479 4541 irreprehensibiles
1508 4468 1797 4539 passiones.

1912 4472 2165 4541 θεοπρεπῆ
2201 4468 2474 4538 θαύματα,
2523 4467 2607 4522 καί
2659 4467 2727 4521 τά
2772 4467 2963 4538 φυσικά
3012 4467 3181 4523 πάντα
3216 4469 3301 4522 καί
3345 4465 3493 4524 ἀδιά-

187 4571 282 4627 Et
308 4573 431 4635 post
456 4578 625 4635 pauca
657 4579 675 4619 :
705 4564 770 4619 Et
797 4578 956 4618 unam
987 4576 1110 4619 esse
1153 4561 1506 4630 eamdemque
1526 4560 1683 4616 unius
1708 4560 1797 4615 Do-

1915 4560 2073 4618 ϐλητα
2121 4559 2278 4618 πάθη.
2336 4562 2422 4613 Ital
2463 4558 2573 4628 μετ’
2593 4558 2737 4629 ὀλίγα
2757 4573 2770 4589 ⁸
2822 4560 2913 4614 Καὶ
2958 4560 3078 4628 μίαν
3114 4554 3240 4615 εἶναι
3276 4562 3361 4616 καί
3402 4566 3497 4624 τήν

186 4661 347 4721 mini
380 4659 553 4715 nostri
582 4656 711 4714 Jesu
738 4657 965 4723 Christi,
991 4664 1046 4713 et
1070 4656 1178 4712 Deo
1205 4656 1419 4725 dignam
1468 4653 1797 4723 sapientiam,

1910 4654 2066 4711 αὐτὴν
2092 4657 2184 4707 τοῦ
2222 4650 2328 4710 ἐνὸς
2362 4651 2549 4725 Κυρίου
2592 4647 2760 4708 Ἰησοῦ
2794 4654 3017 4720 Χριστοῦ
3056 4656 3149 4705 τοῦ
3186 4656 3315 4706 Θεοῦ
3352 4653 3494 4722 ἡμῶν

182 4751 612 4821 scientiamque
663 4750 937 4815 omnium,
996 4760 1050 4804 et
1103 4747 1459 4819 cognitionem
1513 4746 1797 4803 secundum

1912 4746 1997 4799 καί
2051 4748 2141 4802 τήν
2195 4744 2450 4814 θεοπρεπῆ
2501 4742 2693 4814 σοφίαν,
2732 4744 2920 4814 γνῶσίν
2969 4762 3023 4797 τε
3076 4749 3174 4796 τῶν
3226 4741 3373 4809 ὅλων,
3411 4746 3494 4798 καί

180 4855 531 4913 utrumque,
556 4842 611 4897 id
641 4850 749 4908 est,
776 4841 1067 4898 secundum
1098 4840 1214 4910 ejus
1254 4840 1614 4905 divinitatem,
1639 4848 1693 4895 et
1722 4853 1797 4895 se-

1909 4832 2100 4892 εἴδησιν
2158 4834 2290 4889 κατά
2351 4835 2412 4889 τὸ
2457 4832 2866 4911 συναμφότερον,
2929 4834 3165 4890 τουτέστι
3226 4837 3360 4889 κατά
3402 4838 3494 4892 τὸν

178 4934 453 4996 cundum
482 4933 597 5002 ejus
626 4931 1032 4997 humanitatem,
1064 4931 1189 5001 quia
1230 4940 1286 4985 et
1328 4946 1488 4985 unam
1538 4928 1797 4998 Operatio-

1908 4924 2062 4979 αὐτοῦ
2106 4923 2338 4982 θεότητα,
2367 4924 2450 4977 καί
2487 4924 2619 4977 κατά
2648 4927 2737 4980 τήν
2774 4923 2934 4977 αὐτοῦ
2974 4920 3353 4997 ἀνθρωπότητει,
3380 4919 3491 4988 in}!

180 5042 345 5086 nem
365 5023 693 5081 conﬁtemur
720 5023 830 5078 Deo
860 5023 1096 5093 dignam,
1150 5022 1289 5076 sicut
1333 5020 1582 5088 superius
1605 5019 1797 5075 dictum

1909 5016 1995 5068 καὶ
2032 5014 2276 5087 ἐνέργειαν
2311 5013 2431 5085 μίαν
2470 5011 2805 5087 ὁμολογοῦμεν
2842 5014 3117 5088 θεοπρεπῆ,
3150 5014 3217 5071 ὡς
3242 5009 3337 5071 ἤδη
3360 5031 3490 5084 προσ

178 5124 325 5177 est.
360 5116 431 5171 Et
454 5115 649 5171 iterum
679 5132 691 5167 :
724 5113 836 5169 Deo
856 5113 1015 5183 digna
1042 5121 1219 5167 autem
1247 5112 1365 5181 ejus
1381 5111 1689 5178 operatione
1705 5123 1797 5163 una

1908 5109 2152 5164 λέλεκται.
2194 5110 2297 5162 Καὶ
2336 5107 2517 5163 πιιὶλιν⁹
2559 5114 2659 5167 Τῆς
2714 5109 3021 5180 θεοπρεποῦς
3074 5104 3318 5177 ἐνεργείας
3365 5108 3488 5173 μιᾶς·

176 5211 513 5275 existente,
545 5219 771 5265 necesse
797 5215 881 5263 est
910 5214 967 5261 et
1005 5205 1357 5273 inseparatam
1386 5201 1476 5272 [Ο.
1506 5201 1797 5269 impartibi-

1908 5197 2063 5259 οὔσης
2106 5195 2297 5263 αὐτοῦ,
2338 5199 2526 5271 ἀνάγκη
2576 5201 2661 5252 καί
2700 5198 2973 5272 ἀμέριστον
3019 5188 3141 5248 εἶναι
3177 5190 3366 5251 ταύτην
3402 5199 3489 5249 καί

175 5298 353 5372 lem]
382 5314 501 5356 eam
535 5312 680 5364 esse,
708 5308 865 5367 atque
896 5296 1197 5351 intlivissm.
1225 5294 1293 5347 Et
1320 5294 1512 5348 iterum
1538 5308 1552 5345 :
1585 5290 1797 5361 Propria

1908 5286 2211 5363 ἀδιαίρετον.
2252 5290 2338 5343 ἰαί
2389 5287 2572 5343 πάλιν*
2615 5285 2968 5353 Οίκειούμενος
3031 5282 3119 5349 μέν
3176 5281 3243 5335 τά
3299 5282 3489 5348 αὐτῆς,

175 5392 323 5456 sibi
350 5392 575 5458 iaciens,
603 5405 727 5462 qua:
755 5388 873 5460 ejus
918 5396 1065 5452 sunt,
1099 5386 1151 5442 id
1194 5394 1296 5451 est,
1320 5399 1438 5455 qua:
1465 5386 1640 5440 carnis
1660 5392 1797 5450 sunt,

1908 5382 2149 5437 τουτέστι
2178 5377 2250 5436 ῒτά
2295 5388 2388 5441 τῆς
2432 5378 2644 5452 σαρκὸς,
2681 5378 2967 5447 ἐμποιήσας
3008 5372 3060 5428 δέ
3099 5376 3182 5428 καί
3224 5373 3355 5447 αὐτῇ
3396 5381 3490 5436 τῆς

172 5487 537 5555 {sciensque
558 5485 614 5539 in
643 5497 705 5539 ea
737 5482 1105 5555 [inserensque
1134 5476 1207 5550 ei]
1237 5492 1347 5532 suat
1373 5485 1577 5531 natura
1617 5488 1797 5544 opera-

1909 5473 2042 5536 ἰδίας
2093 5476 2293 5547 φύσεως
2320 5478 2409 5532 τήν
2435 5472 2700 5545 ἐνέργειαν.
2731 5470 2798 5523 τὸ
2846 5464 2903 5521 δέ
2937 5483 2956 5519 ι
2987 5466 3266 5535 ἐμποιήσας
3311 5467 3438 5538 αὐτῇ
3464 5482 3487 5519 >

172 5580 451 5637 tionem.
476 5574 679 5630 Facere
709 5568 991 5646 [inserere]
1025 5583 1156 5625 vero
1196 5570 1248 5623 in
1286 5581 1349 5625 ea
1375 5564 1500 5637 quid
1548 5574 1650 5630 est,
1701 5563 1797 5619 nisi

1908 5566 2031 5623 αὐτὸ
2077 5567 2137 5622 τὸ
2173 5564 2572 5622 καταπλουτίσαι
2606 5567 2673 5633 τῇ
2713 5557 2840 5631 πρὸς
2876 5557 2961 5613 τὸν
3000 5565 3125 5614 Θεον
3169 5566 3325 5627 Δογον
3368 5555 3491 5610 ένῶ-

166 5670 538 5740 locupletari
563 5669 659 5739 per
681 5642 972 5722 unitionem
1004 5662 1160 5719 Verbi
1186 5661 1301 5731 ejus
1344 5661 1456 5717 Deo
1491 5658 1649 5730 digna
1677 5672 1797 5729 ope-

1906 5678 1985 5714 σιι
2032 5660 2121 5719 τήν
2172 5655 2325 5711 αὐτοῦ
2387 5654 2643 5725 θεοπρεπῆ
2692 5650 2973 5723 ἐνέργειαν,
3023 5666 3117 5708 m.
3166 5642 3489 5718 ἀσυγχύτους

301 5768 325 5795 ⁸
350 5763 431 5819 Et
453 5760 662 5828 Graeco,
694 5760 780 5813 sed
810 5755 1041 5812 arbitrio.
1074 5752 1245 5809 Hsnn.
