4008 6176
343 306 364 359 Ι
375 304 479 359 205

1759 293 2130 352 EPISTULJ‘Z.

3448 296 3581 351 1206

339 416 478 469 dicat
508 429 525 468 :
556 421 611 468 et
633 411 687 468 in
716 410 916 467 ecthesi
947 423 1159 464 onmem
1200 408 1433 462 divinam
1479 416 1531 463 et
1572 422 1784 461 omnem
1811 407 1902 460 hu-

2010 408 2109 473 ρῶν
2159 404 2409 464 τούτους,
2455 421 2479 453 ο
2553 422 2681 461 τινες
2733 400 2942 461 ἐαυτούς
2989 401 3092 456 ἀπὸ
3138 399 3294 475 ἄκρας
3345 402 3582 464 εἰδησεως

340 517 552 557 manam
582 500 947 571 operationem
976 500 1135 552 unius
1178 511 1298 552 esse
1324 497 1517 550 Christi
1555 498 1858 564 pronuntiat
1889 510 1903 548 τ

336 603 389 648 et
414 594 800 660 subsequenter
824 604 854 644 e
871 589 1141 643 contrario
1161 587 1410 652 al‘tirmat,
1435 601 1591 639 unam
1638 586 1906 653 operatio-

338 696 461 735 nem
490 695 521 734 a
546 678 858 747 quibusdam
903 676 1150 731 Patribus
1192 691 1312 731 esse
1363 676 1557 729 dictam
1593 676 1643 729 in
1673 675 1909 740 Christo,

337 770 471 823 duas
518 776 695 820 autem
723 768 1060 835 operationes
1108 781 1135 819 a
1166 768 1311 819 nullo
1340 784 1351 817 :
1405 780 1501 821 nec
1539 780 1698 819 unam
1734 774 1911 818 tamen

338 860 726 928 operationem,
760 872 859 912 nec
887 857 1043 923 duas,
1081 857 1267 911 deﬁnit
1309 857 1507 911 debere
1563 858 1667 910 dici
1715 856 1765 909 in
1808 870 1912 910 uno

344 949 566 1002 Domino
609 954 794 1001 nostro
845 945 974 1001 Jesu
1027 945 1265 1000 Christo.
1327 946 1564 1014 Itemque
1596 946 1828 1015 Pyrrhus
1858 946 1908 999 in

340 1047 366 1073 ⁸
391 1036 816 1090 conformatione
843 1037 974 1106 typi,
1022 1043 1079 1090 et
1129 1036 1184 1088 in
1233 1035 1353 1089 aliis
1382 1050 1475 1104 pro
1510 1036 1650 1106 Cyro
1678 1038 1912 1090 Alexan-

335 1128 494 1182 drino
514 1125 872 1191 satisfaciens,
900 1140 1059 1179 uuam
1100 1125 1425 1181 voluntatem
1456 1137 1511 1181 et
1542 1141 1696 1180 unam
1724 1142 1910 1194 opera.

339 1222 539 1275 tionem
570 1219 867 1291 intelligere
904 1233 964 1275 se
1006 1218 1359 1274 demonstrat.
1405 1218 1470 1272 Et
1519 1218 1572 1273 in
1603 1219 1816 1287 scriptis
1844 1219 1909 1273 ad

337 1319 539 1365 sancta:
554 1311 825 1367 memoria:
853 1312 1115 1367 Joannem
1148 1322 1356 1379 papam,
1379 1322 1536 1361 unam
1561 1307 1907 1377 voluntatem,

336 1412 392 1456 et
458 1418 613 1457 unam
681 1402 1046 1470 operationem
1104 1402 1386 1456 Dominum
1445 1410 1684 1455 nostrum
1731 1401 1910 1455 Jesum

336 1492 606 1547 Christum
637 1493 833 1548 habere
858 1492 1159 1547 conﬁrmat.
1208 1492 1276 1545 Et
1322 1491 1463 1545 idem
1508 1491 1623 1561 ipse
1653 1493 1705 1545 in
1734 1491 1911 1546 libello

339 1582 485 1647 tidei,
514 1596 633 1635 cum
663 1589 968 1637 sanctorum
999 1582 1214 1636 Patrum
1248 1583 1566 1637 testimoniis
1594 1584 1724 1638 duas
1760 1592 1910 1636 natu-

336 1672 475 1727 rales
501 1673 802 1729 voluntates
830 1673 1027 1729 habere
1070 1674 1383 1742 comprobat
1415 1676 1695 1730 Dominum
1728 1676 1910 1730 Salva-

337 1773 528 1817 torem.
556 1761 793 1833 Itemque
825 1764 1017 1818 Paulus
1046 1763 1164 1833 ejus
1218 1778 1519 1830 successor,
1571 1766 1627 1819 in
1685 1765 1907 1832 epistula

334 1855 399 1906 ad
446 1854 788 1909 Theodorum
831 1854 1134 1923 apostolica!
1186 1856 1458 1909 memoriae
1506 1869 1711 1923 papam,
1746 1872 1901 1908 unam

336 1945 662 1997 voluntatem
712 1944 908 1999 habere
958 1944 1228 1999 Christum
1281 1947 1608 2013 pronuntiat.
1670 1944 1898 1999 lztidetn

344 2036 459 2102 ipse
482 2033 533 2087 in
565 2035 952 2101 compositione
976 2035 1107 2103 typi,
1125 2049 1222 2089 nec
1252 2050 1405 2089 unam
1431 2050 1527 2090 nec
1551 2035 1682 2088 duas
1708 2035 1904 2089 debere

335 2123 439 2176 dici
471 2123 772 2178 vohmtates
804 2133 892 2177 aut
921 2126 1262 2192 operationes
1305 2124 1507 2180 statuit.
1558 2124 1744 2179 Petrus
1773 2140 1903 2191 quo-

333 2228 458 2281 que,
490 2222 544 2267 et
563 2228 741 2273 unam.
797 2222 849 2266 et
889 2212 1020 2266 duas
1048 2213 1348 2266 voluntates
1385 2222 1438 2266 et
1483 2213 1819 2279 Operationcs
1849 2212 1901 2265 in

333 2303 734 2370 dispensatione
777 2303 1162 2355 incarnationis
1221 2302 1509 2358 Salvatoris
1553 2302 1720 2357 nostri
1776 2302 1901 2357 Jesu

336 2394 537 2446 Christi
560 2407 745 2460 sapere
772 2406 831 2447 se
855 2401 1180 2461 protestatur
1205 2412 1217 2445 :
1244 2404 1298 2446 et
1324 2391 1689 2470 unusquisque
1716 2408 1899 2447 eorum

338 2488 495 2539 aliter
511 2495 811 2540 asserentes
828 2485 1170 2551 condemnat,
1183 2485 1579 2539 excommunica
1589 2494 1731 2554 tque,
1747 2488 1902 2554 atque

335 2576 402 2628 de
434 2590 655 2631 numero
686 2575 938 2629 Ecclesiae
976 2573 1204 2644 proiicit.
1236 2574 1478 2628 Attendat
1518 2574 1674 2643 igitur
1719 2574 1901 2627 aDeo

335 2666 632 2719 institutum
664 2674 851 2719 vestra:
877 2663 1170 2717 clementiae
1194 2663 1453 2733 fastigium
1474 2666 1684 2718 interno
1705 2665 1899 2719 disere-

336 2756 492 2809 tionis
516 2754 660 2808 illius
690 2753 843 2827 [suae]
870 2754 1045 2818 oculo,
1075 2768 1234 2821 quem
1263 2754 1327 2806 ad
1353 2752 1768 2823 dispensandum
1800 2767 1897 2822 p0«

335 2850 487 2916 puios
516 2849 875 2914 Christianos,
918 2847 1092 2901 divina
1142 2849 1308 2916 gratia
1363 2848 1679 2912 illustrante,
1732 2848 1899 2915 perci-

333 2954 459 3005 pere
482 2936 695 3003 meruit,
721 2950 1003 3005 quemnam
1050 2935 1232 2989 talium
1275 2936 1550 2990 doctorum
1571 2936 1897 3005 sequendum

331 3037 550 3083 censeat
578 3027 803 3097 pepulus
833 3027 1185 3090 Christianus,
1207 3026 1358 3096 ctijus
1390 3026 1573 3081 horum
1602 3026 1896 3091 doctrinam

330 3120 523 3172 debeat
544 3118 815 3187 amplecti,
844 3127 903 3171 ut
945 3118 1112 3185 possit
1162 3117 1378 3180 salvari,
1415 3117 1589 3186 quiet
1609 3132 1816 3179 omnes,
1844 3127 1898 3171 et

330 3213 558 3261 alterum
583 3208 950 3276 unusquisque
971 3222 1155 3261 eorum
1198 3206 1539 3266 condemnat.
1579 3207 1713 3260 sicut
1740 3206 1895 3259 vaiia:
1922 3245 1970 3305 ο

332 3315 415 3352 eo:
431 3314 520 3351 um
547 3307 600 3351 et
622 3297 895 3351 instabiles
914 3296 1249 3350 deﬁnitiones
1270 3296 1320 3348 in
1345 3295 1554 3363 scriptis
1571 3304 1895 3359 asseverant,

332 3390 491 3443 nitido
520 3404 676 3443 unam
708 3389 1033 3443 voluntatem
1058 3396 1110 3441 et
1136 3402 1295 3441 unam
1320 3387 1708 3455 Operationem,
1742 3386 1899 3440 modo

331 3495 431 3533 nec
455 3495 609 3533 unam
638 3494 734 3533 nec
773 3478 905 3532 duas
934 3477 1290 3546 operationes,
1342 3477 1499 3531 modo
1529 3492 1685 3531 unam
1716 3476 1899 3531 volun-

331 3581 489 3621 lalt‘ﬂl
519 3578 572 3621 et
593 3569 975 3635 Operationem,
1025 3576 1078 3619 et
1107 3582 1315 3620 rursum
1364 3568 1493 3620 duas
1521 3568 1814 3621 voluntates
1846 3576 1901 3621 et

329 3661 461 3711 duas
484 3659 844 3727 opcrationes,
874 3659 1104 3726 itemque
1132 3672 1288 3711 unam
1321 3658 1642 3711 voluntatem
1667 3666 1718 3711 et
1741 3674 1898 3711 uuam

329 3752 719 3818 operationem,
751 3759 805 3805 et
834 3749 1008 3804 denuo
1054 3762 1155 3804 nec
1181 3763 1360 3816 unam,
1384 3763 1479 3803 nec
1506 3749 1657 3816 duas,
1690 3758 1745 3803 et
1771 3749 1903 3804 alius

334 3856 494 3894 unam
520 3850 574 3895 et
601 3841 755 3894 duas.

2014 497 2340 569 κηρυκτικούς
2394 494 2693 565 ἐλογίζοντο,
2742 501 2856 554 ταῖς
2914 494 3095 565 παγίσι
3150 496 3582 567 περιπεπτωκέναι

2014 596 2102 645 τῆς
2149 587 2403 659 σίρετικῆς
2450 585 2639 643 πλάνης
2668 583 2788 656 [καί
2828 586 2922 643 τὰς
2962 582 3183 656 παγίδας
3222 585 3464 654 ἐκτέμνειν
3493 595 3582 646 τῆς

2010 678 2263 751 αέρετικῆς
2286 676 2473 734 πλάνης
2495 673 2531 744 ι,
2562 678 2687 743 μήτε
2732 675 2781 727 ἐν
2823 674 2954 750 αὐτῇ
2993 680 3055 745 τῇ
3100 672 3259 742 πλάνῃ
3294 670 3582 744 ’σταθεροὺς

2011 761 2137 818 εἶναι
2163 804 2178 827 ,
2228 762 2427 817 eam;
2486 764 2773 826 ἀστάτους;
2816 760 2934 817 Ὀτε
2980 763 3069 830 μέν
3134 755 3220 815 οὖν
3280 764 3479 833 Σέργιος
3534 766 3581 816 ἐν

2012 851 2177 912 ἄλλοις
2224 856 2307 907 καί
2356 854 2406 905 ἐν
2452 850 2615 911 ἄλλοις
2659 854 2951 923 γράμμασιν
3002 848 3050 901 ἓν
3098 850 3283 918 θέλημα
3333 854 3413 903 καί
3463 855 3580 921 μίαν

2011 944 2256 1019 ἐνέργειαν
2307 944 2392 997 τὸν
2465 944 2648 1014 Κύριον
2702 943 2840 1010 ἡμῶν
2899 937 3357 1012 ἸησοῦννΧριστόν
3435 940 3581 1011 ἔχειν

2010 1036 2367 1106 προκηρύττει·
2402 1036 2487 1087 καὶ
2535 1034 2584 1085 ἐν
2628 1040 2690 1106 τῇ
2731 1031 2923 1085 ἐκθέσει
2968 1036 3143 1085 πᾶσαν
3180 1033 3334 1095 θείαν,
3363 1035 3443 1085 καί
3480 1039 3583 1087 πᾶς-

2013 1148 2108 1180 σαν
2176 1128 2474 1200 ἀνθρωπίνην
2542 1125 2790 1197 ἐνέργειαν
2858 1128 2949 1177 τοῦ
3016 1122 3121 1181 ἐνὸς
3175 1130 3392 1195 Χριστοῦ
3459 1119 3583 1176 εἶναι

2010 1218 2419 1291 τερμαναγγέλλει.
2474 1219 2562 1269 καί
2606 1216 2859 1285 ἐπομένως
2910 1216 2963 1268 ἐκ
3006 1220 3097 1268 τοῦ
3147 1214 3363 1268 ἐναντίου
3411 1214 3581 1269 διαϐε-

2014 1311 2268 1375 ϐαιοῦται,
2302 1311 2419 1378 μίαν
2458 1309 2701 1381 ἐνέργειαν
2745 1307 2846 1360 ἀπὸ
2891 1326 3037 1359 τινων
3080 1308 3310 1380 Πατίρων
3354 1312 3580 1381 εἰρῆσθαι

2012 1405 2098 1456 ἰπὶ
2126 1410 2395 1477 χριστοῦ,
2451 1400 2542 1455 δύο
2591 1399 2665 1465 δέ,
2702 1399 2803 1453 ἀπὸ
2852 1396 3069 1463 οὐδενὸς,
3099 1398 3363 1472 ἐνεργείας.
3410 1396 3582 1468 Ὀμως

2012 1484 2293 1560 ούτενμίαν
2348 1492 2623 1566 ἐνέργειαν,
2680 1485 2796 1541 οὔτε
2849 1484 2946 1540 δύο
2987 1485 3143 1560 ὁρίζει
3199 1487 3399 1556 ὀφείλειν
3448 1487 3582 1557 λέγε-

2011 1586 2130 1638 σθαι
2188 1584 2239 1635 ἐν
2301 1589 2374 1654 τῷ
2440 1581 2509 1634 ivi
2578 1580 2740 1653 κυρίῳ
2790 1584 2949 1635 Ἰησοῦ
3020 1574 3244 1651 Χριστῷ.
3320 1581 3583 1639 Ὡσαύτως

2011 1674 2203 1753 Πύρρος
2251 1676 2299 1728 ἐν
2348 1682 2409 1748 τῇ
2456 1673 2731 1742 βεϐαιώσει
2782 1677 2869 1724 τοῦ
2926 1670 3123 1733 τύπου,
3172 1672 3258 1723 καὶ
3309 1669 3357 1722 ἐν
3418 1665 3583 1730 ἄλλοις

2011 1768 2143 1837 ύπέρ
2186 1766 2347 1839 Κύρου
2393 1769 2505 1819 τοῦ,
2533 1758 2899 1831 Ἀλεξανδρείας
2949 1757 3363 1831 ἀπολογούμενος,
3401 1759 3450 1812 ἓν
3496 1762 3575 1813 θέ-

2010 1858 2145 1925 λημα
2186 1858 2267 1908 καί
2301 1856 2417 1917 μίαν
2462 1853 2711 1924 ἐνέργειαν
2738 1858 2867 1903 νοεῖν
2916 1850 3061 1904 αὐτὸν
3108 1848 3458 1905 ἀποδείκνυσι.
3491 1854 3579 1903 Καὶ

2008 1948 2263 2019 ἐγγράφως
2310 1945 2435 2017 rvpi;
2487 1943 2573 1996 τὸν
2617 1944 2667 1994 iv
2712 1939 2872 2010 ἁγίοις
2913 1938 3138 1996 Ἰωάννην
3177 1942 3262 1993 τὸν
3306 1942 3484 1994 πάπαν
3528 1939 3578 1994 ἓν

2004 2036 2212 2105 θέλημα,
2236 2037 2319 2087 καὶ
2345 2034 2461 2103 μίιν
2505 2033 2752 2105 ἐνέργειαν
2790 2032 2873 2084 τὸν
2921 2032 3090 2101 κύριον
3133 2030 3320 2088 Ἰηἳοῦν
3358 2033 3576 2105 Χριστὸν

2005 2127 2165 2197 ἔχειν
2192 2121 2598 2181 διαϐεϐαιοῦται.
2652 2126 2733 2175 Καὶ
2766 2122 2790 2175 ὁ
2819 2122 2966 2180 αὐτὸς
3013 2118 3159 2180 οὗτος
3187 2122 3237 2173 ἐν
3276 2129 3348 2191 τῷ
3376 2122 3575 2190 λιϐἐλλῳ

2004 2227 2094 2276 τῆς
2137 2220 2359 2275 πίστεως
2386 2218 2516 2285 μετὰ
2555 2219 2975 2288 τῶνμαρτυριῶν
3020 2220 3119 2264 τίν
3157 2210 3309 2281 ἁγίων
3347 2214 3576 2286 Πατέρνιην

2003 2306 2097 2362 δύο
2122 2310 2310 2379 φυσικά
2355 2306 2609 2374 θελήματα
2660 2302 2801 2373 ἔχειν
2850 2305 3085 2378 ἐπικρίνει
3127 2305 3213 2357 τὸν
3261 2312 3462 2378 Σωτῆρα
3496 2309 3579 2357 κύ-

2000 2418 2127 2471 ριον.
2173 2396 2436 2455 Ὠσαύτως
2481 2392 2672 2455 Παῦλος
2704 2394 2729 2448 ὀ
2758 2392 2938 2448 τούτου
2984 2392 3228 2462 διάδοχος
3273 2396 3320 2446 ἐν
3371 2403 3431 2467 τῇ
3472 2397 3575 2449 ἐπι-

2003 2492 2155 2564 στολῇ
2182 2498 2242 2563 τῇ
2285 2490 2410 2561 πρὸς
2459 2487 2714 2560 Θεόδωρον
2746 2487 2830 2539 τὸν
2871 2494 2961 2544 τῆς
3006 2487 3340 2545 ἀποστολινῆς
3381 2492 3575 2559 μνήμης

2001 2583 2173 2633 πάπαν
2208 2579 2258 2632 ἓν
2288 2580 2474 2648 θέλημα
2511 2578 2541 2631 ἕ
2544 2598 2658 2647 χειν
2683 2578 2768 2631 τὸν
2805 2574 2978 2650 κύριον
3009 2580 3201 2645 μηνύει.
3244 2580 3340 2630 Καὶ
3374 2577 3577 2639 ὁαύτός

2000 2665 2149 2729 οὗτος
2198 2671 2247 2723 ἐν
2297 2677 2359 2741 τῇ
2413 2670 2639 2721 συνθέσει
2687 2675 2776 2721 τοῦ
2823 2670 2986 2721 τύπου
3036 2666 3149 2721 οἵτε
3196 2666 3275 2729 ἓν,
3321 2666 3436 2723 οὔτε
3484 2669 3574 2723 δύο

1999 2757 2248 2827 θελήματα
2283 2756 2487 2826 ὀφείλειν
2530 2756 2780 2826 λέγεσθαι,
2814 2756 2842 2813 ἡ
2869 2757 3138 2828 ἐνεργείας,
3178 2760 3355 2829 ὥρισε.
3399 2758 3577 2829 Πέτρος

2000 2847 2184 2918 ὁμοίως
2229 2850 2314 2899 καὶ
2367 2845 2416 2899 ἓν
2465 2849 2546 2898 καί
2602 2845 2694 2899 δύο
2746 2847 3025 2915 θελήματα,
3072 2850 3149 2900 καί
3203 2848 3448 2919 ἐνεργείας
3499 2850 3581 2901 ἐπὶ

1998 2949 2089 2997 τῆς
2135 2938 2411 3006 οἰκονομίας
2444 2944 2533 2995 τῆς
2588 2936 3007 3007 ἐνανθρωπήσεως
3044 2944 3133 2990 τοῦ
3184 2945 3407 3011 Σωτῆρος
3438 2940 3575 3003 ἡμῶν

1998 3029 2170 3088 Ἰησοῦ
2218 3034 2440 3102 Χριστοῦ
2492 3036 2684 3099 φρονεῖν
2731 3028 3165 3100 προμαρτύρεται.
3208 3032 3305 3081 Καὶ
3350 3026 3419 3088 εἷς
3462 3030 3577 3083 ἐκα-

2000 3141 2123 3179 στος
2173 3119 2334 3172 αὐτῶν
2377 3120 2492 3176 τοὺς
2543 3113 2699 3174 ἄλλως
2747 3114 3240 3188 δικαιολογουμένους
3272 3115 3461 3187 [ἄλλως
3498 3118 3576 3173 δι·

2002 3204 2429 3277 καιολογούμενοι]
2476 3206 2797 3281 κατακρίνει,
2828 3210 3157 3260 ἀποκοινωνεῖ
3183 3248 3196 3267 ,
3249 3211 3341 3269 καί,
3385 3210 3437 3262 ἐκ
3488 3216 3574 3263 τοῦ

2005 3297 2285 3368 καταλόγου
2331 3302 2419 3355 τῆς
2461 3294 2753 3353 Ἐκκλησίας
2802 3295 3162 3350 ἀποϐὰλλεται.
3220 3296 3437 3370 Πρόσχῃ
3475 3300 3579 3351 τοίη·

2004 3408 2094 3441 νυν
2128 3388 2157 3444 ἡ
2184 3387 2526 3445 θεοσύστατος
2568 3393 2659 3447 τῆς
2693 3388 2940 3461 ύμετίρας
2981 3387 3348 3462 φιλανθρωπίας
3392 3395 3578 3463 κορυφὴ

2005 3485 2077 3547 τῷ
2120 3476 2369 3548 ἐνδοτάτω
2414 3483 2505 3530 τοῦ
2551 3474 2857 3552 διακριτικοῦ
2894 3480 3048 3537 αὐτῆς
3086 3479 3335 3550 ὀφθαλμῷ,
3374 3476 3424 3532 ὃν
3454 3481 3580 3552 πρὸς

2005 3569 2278 3636 οἰκονομίαν
2350 3574 2449 3620 τῶν
2520 3569 3021 3639 Χριστιανικωτάτων
3088 3568 3218 3622 λαῶν
3286 3578 3379 3631 τῆς
3441 3571 3576 3628 θείας

2008 3659 2225 3732 χάριτος
2284 3657 2634 3728 ἐλλαμπούσης
2692 3656 3001 3731 παραλαϐεῖν
3048 3660 3263 3722 ἠξιώθη,
3323 3664 3420 3715 τίνι
3484 3669 3581 3713 τῶν

2004 3750 2248 3803 τοιούτων
2296 3747 2607 3803 διδασκάλων
2654 3755 2811 3821 κρινεῖ
2858 3748 3139 3803 ἀκολουθεῖν
3189 3749 3214 3803 ὀ
3268 3758 3577 3822 Χριστιανῶν

2005 3840 2148 3904 λαός,
2184 3844 2315 3901 τί.ος
2352 3842 2543 3895 τούτων
2587 3845 2675 3897 τήν
2720 3838 3048 3893 διδασκαλίαν
3082 3840 3256 3911 ὀφείλει
3296 3841 3585 3913 περιπτύσο-

2002 3932 2225 3995 ασθαι,
2273 3932 2356 3984 ἶνα
2405 3930 2592 3999 δυνηθῇ
2662 3931 2899 3986 σωθῆναι.
2972 3930 3161 3987 Οἶτινες
3220 3931 3302 3981 καὶ
3347 3931 3578 3991 πάντας,

327 4023 415 4073 καὶ
468 4019 704 4079 ἀλλήλους
751 4015 819 4078 εἷς
880 4019 1094 4078 ἕκαστος
1154 4018 1318 4072 αὐτῶν
1363 4019 1663 4091 κατακρίνει,
1710 4019 1870 4078 καθώς
1913 4022 1958 4075 οἱ
2008 4024 2220 4077 ποικίλοι
2270 4023 2438 4075 αὐτῶν
2501 4023 2581 4071 καὶ
2621 4016 2830 4072 ἅστατοι
2868 4023 2967 4070 τῶν
3010 4017 3265 4087 ἐγγράφων
3314 4016 3424 4089 ὅροι
3462 4018 3577 4071 δια·

328 4114 666 4173 ϐεϐαιοῦνται,
715 4111 835 4163 ποτέ
888 4112 975 4179 μέν
1024 4108 1074 4161 ἓν
1127 4111 1313 4177 θέλημα
1372 4110 1454 4160 καὶ
1500 4110 1618 4175 μίαν
1657 4108 1923 4181 ἐνέργειαν,
1959 4112 2082 4165 ποτέ
2137 4108 2189 4163 δέ
2236 4108 2351 4162 οὔτε
2399 4106 2470 4171 ἓν,
2520 4106 2636 4161 οὔτε
2678 4106 2766 4160 δύο
2829 4105 3107 4178 ἐνεργείας*
3139 4109 3262 4160 ποτέ
3308 4106 3357 4158 ἓν
3386 4108 3578 4179 θέλημα

325 4209 409 4257 καὶ
458 4206 574 4273 μίαν
618 4204 883 4275 ἐνέργειαν
930 4203 1013 4253 καί
1055 4200 1201 4254 πάλιν
1246 4197 1338 4253 δύο
1394 4199 1668 4267 θελήματα.
1701 4202 1779 4251 καὶ
1828 4197 1919 4253 δύο
1972 4202 2234 4277 ἐνεργείας.
2303 4201 2516 4269 Ὁμοίως
2558 4198 2607 4251 ἓν
2651 4200 2838 4267 θέλημα
2878 4200 2964 4252 καί
3003 4196 3120 4268 μίαν
3181 4198 3443 4272 ἐνέργειαν,
3495 4206 3578 4255 καὶ

323 4293 506 4347 ἔπειτα
546 4290 660 4347 οὔτε
690 4294 829 4361 μίαν,
861 4288 974 4344 οὔτε
1012 4287 1129 4354 δύο,
1162 4291 1242 4341 καί
1287 4286 1433 4347 ἄλλος
1468 4290 1586 4357 μίαν
1624 4291 1707 4343 καί
1735 4286 1847 4342 δύο.

398 4380 530 4445 Quis
569 4386 889 4441 exaestuans,
945 4377 1162 4443 piissimi
1202 4376 1427 4440 domini,
1453 4388 1611 4430 tanta:
1642 4376 1892 4431 caecitatis

2070 4387 2210 4439 Ποῐος
2256 4380 2556 4454 παράφρων,
2586 4378 2876 4454 παρακαλῶ,
2917 4380 3276 4435 εύσεϐίστατοι
3302 4378 3577 4452 δεσπόται,

323 4482 541 4525 errores
574 4484 676 4523 non
699 4466 1035 4521 abominetur
1081 4475 1135 4525 et
1178 4476 1383 4531 caveat,
1416 4466 1459 4519 si
1494 4468 1674 4532 utique
1701 4467 1895 4521 salvari

2006 4476 2090 4527 τῆς
2132 4471 2389 4528 τοσαύτης
2428 4470 2733 4539 τυφλότητος
2778 4471 2872 4529 τὰς
2914 4468 3103 4530 πλάνας
3144 4474 3211 4539 μή
3262 4466 3576 4539 ῥδελύξηται,

324 4562 620 4624 desiderat,
663 4567 714 4613 et
756 4560 1142 4611 immaculatam
1197 4572 1307 4611 sua:
1350 4556 1469 4609 tidei
1527 4556 1898 4611 rectitudincm

325 4652 558 4707 venienti
582 4650 808 4704 Domino
830 4650 976 4717 cupit
995 4648 1225 4704 offerre?
1256 4649 1546 4702 Eximenda
1578 4648 1817 4716 proinJe,
1838 4662 1900 4703 ac

320 4741 550 4795 summis
595 4738 872 4793 conatibus
928 4752 1045 4791 cum
1093 4737 1184 4791 Dei
1246 4737 1491 4804 ptmsidio
1523 4737 1790 4792 liberanda
1818 4746 1900 4793 est

327 4839 513 4883 sancta
540 4827 631 4881 Dei
661 4826 901 4881 Ecclesia
921 4824 1354 4879 Cbristianissimi
1381 4827 1539 4879 vestri
1569 4827 1773 4894 imperii
1791 4842 1900 4880 ma-

326 4928 413 4971 ter
444 4918 511 4972 de
542 4918 722 4971 talium
778 4916 1058 4969 doctorum
1103 4916 1404 4979 erroribus,
1452 4926 1505 4969 et
1545 4916 1898 4985 evangelieaiu

326 5021 489 5079 atque
519 5009 865 5077 apostolicam
896 5008 1204 5062 orthodoxae
1226 5008 1347 5062 tidei
1376 5009 1899 5077 rectitudinem,qu:e

324 5100 543 5155 fundata
575 5109 658 5155 est
686 5115 844 5169 super
877 5100 1080 5153 ﬁrmam
1131 5110 1333 5169 petram
1383 5100 1536 5168 hujus
1592 5101 1731 5154 beati
1762 5102 1897 5155 l‘etri

322 5188 692 5256 apostolorum
741 5188 991 5256 principis
1042 5189 1318 5253 Ecclesiae,
1373 5204 1492 5256 qua:
1551 5190 1667 5256 t'jus
1732 5193 1895 5258 gratia

319 5294 484 5349 atque
530 5280 777 5347 praesidio
813 5281 891 5335 ab
946 5280 1090 5334 omni
1140 5294 1320 5334 errore
1372 5280 1895 5348 illibataspcrmauet,

319 5373 501 5423 ωηιιίε
533 5369 816 5437 ριέιξειιιιιιη
853 5384 1106 5423 numerus
1160 5384 1221 5422 ac
1269 5368 1625 5433 sacerdotum,
1658 5371 1804 5435 cleri,
1838 5387 1897 5425 ac

326 5464 663 5530 populorum,
697 5459 1014 5513 unanimiter
1044 5459 1109 5512 ad
1141 5460 1450 5527 placendum
1485 5457 1612 5522 Deo,
1641 5460 1894 5515 animatu-

400 5602 423 5626 ⁸
456 5591 660 5656 Graece,
694 5589 981 5661 βεϐαιιῖισίι,
1013 5591 1411 5657 σοηίῖνηιίιιὲοιιυ.
1462 5588 1628 5642 ".ttu).

2001 4561 2085 4610 καί
2114 4558 2553 4632 παραφυλάξηται,
2593 4559 2677 4610 ἐάν
2723 4556 2911 4616 δηλαδή
2963 4560 3185 4615 σωθῆναι
3232 4560 3471 4633 ἐπιθυμῇ,
3497 4566 3581 4615 καὶ

2000 4645 2210 4718 ἄμωμον
2263 4657 2352 4707 τῆς
2401 4648 2582 4702 ἑαυτοῦ
2626 4652 2847 4708 πίστεως
2880 4654 2983 4706 -τήν
3035 4650 3281 4723 ὀρθότητα
3318 4653 3579 4726 ἐρχομένῳ

1998 4747 2071 4809 τῷ
2136 4740 2300 4812 Κυρίῳ
2362 4738 2575 4810 ἐπιποθῇ
2630 4746 2979 4811 προσαγαγεῖν
3004 4738 3040 4806 ;ζ
3082 4740 3263 4815 Διόπερ
3318 4741 3578 4812 λυτρωτέα

2003 4830 2113 4884 ἐστὶ
2140 4827 2581 4903 [λυτρωθήσεται],
2612 4833 2689 4883 καὶ
2733 4832 2783 4893 ἐξ
2812 4829 2924 4889 ὅλης
2965 4838 3055 4890 τῆς
3100 4834 3290 4900 ἰσχύος
3330 4834 3457 4898 μιτά
3488 4841 3577 4890 τῆς

2000 4928 2090 4977 τοῦ
2148 4927 2271 4975 Θεοῦ
2328 4922 2557 4991 βοηθείας
2615 4920 2946 4993 ἑλενθερωτία
2993 4918 3505 4993 [ἐλευθερωθήσεται]
3544 4922 3574 4977 ἠ

2001 5010 2121 5079 άγία
2176 5017 2266 5065 τοῦ
2319 5017 2443 5063 Θεοῦ
2483 5008 2744 5068 Ἐκκλησία
2784 5012 2816 5067 ἡ
2860 5015 3024 5085 μήτηρ
3076 5016 3164 5061 τοῦ
3212 5018 3575 5078 Χριστιανικω-

2000 5104 2153 5156 τάτου
2210 5104 2352 5171 ὑμῶν
2398 5104 2634 5175 κράτους,
2684 5103 2786 5157 διπό
2829 5111 2918 5160 τῆς
2964 5102 3153 5158 πλάνης
3204 5104 3302 5151 τῶν
3336 5097 3575 5151 τοιούτων

2000 5191 2329 5248 διδασκάλων.
2360 5190 2462 5248 Ἰνα
2500 5199 2588 5251 τήν
2631 5193 2945 5265 εύαγγελικήν
2992 5193 3077 5245 καί
3124 5188 3459 5245 ἀποστολικην
3484 5198 3575 5249 τῆς

2006 5279 2269 5358 ὀρίοδοξου
2321 5287 2539 5344 πίστεως
2592 5286 2870 5355 ὀρθότητα,
2924 5283 3035 5340 ἥτις
3092 5279 3440 5350 τεθεμελίωται
3492 5280 3574 5333 ἐπὶ

2002 5379 2091 5429 τήν
2139 5376 2357 5446 στερεὰν
2422 5376 2610 5442 πέτραν
2657 5374 2848 5429 ταύτης
2904 5378 2994 5429 τῆς
3046 5376 3134 5424 τοῦ
3182 5372 3570 5443 μακαριωτάτου

2003 5465 2279 5534 κορυφαίου
2338 5470 2435 5516 τῶν
2489 5461 2785 5515 ἀποστόλων
2842 5460 3026 5531 Πέτρου
3085 5456 3412 5525 Ἐκκλησίας,
3460 5462 3569 5520 ἥτις
