  <div class='ocr_page' id='page_1' title='image "/cluster/home/n/w/nwhite01/storage/ocr_20150623/87/hvd.32044054758917/612.png"; bbox 0 0 3926 6174; ppageno 0'>
   <div class='ocr_carea' id='block_1_1' title="bbox 237 328 381 387">
    <p class='ocr_par' dir='ltr' id='par_1_1' title="bbox 237 328 381 387">
     <span class='ocr_line' id='line_1_1' title="bbox 237 328 381 387; baseline 0 0"><span class='ocrx_word' id='word_1_1' title='bbox 237 328 381 387; x_wconf 73' lang='grc'><strong>1209</strong></span> 
     </span>
    </p>
   </div>
   <div class='ocr_carea' id='block_1_2' title="bbox 1691 327 2067 384">
    <p class='ocr_par' dir='ltr' id='par_1_2' title="bbox 1691 327 2067 384">
     <span class='ocr_line' id='line_1_2' title="bbox 1691 327 2067 384; baseline 0.008 -3"><span class='ocrx_word' id='word_1_2' title='bbox 1691 327 2067 384; x_wconf 62' lang='grc' dir='ltr'>ΕυδτοιΑζ.</span> 
     </span>
    </p>
   </div>
   <div class='ocr_carea' id='block_1_3' title="bbox 3385 321 3521 384">
    <p class='ocr_par' dir='ltr' id='par_1_3' title="bbox 3385 321 3521 384">
     <span class='ocr_line' id='line_1_3' title="bbox 3385 321 3521 384; baseline -0.007 -6"><span class='ocrx_word' id='word_1_3' title='bbox 3385 321 3521 384; x_wconf 67' lang='lat' dir='ltr'><strong>ﬂio</strong></span> 
     </span>
    </p>
   </div>
   <div class='ocr_carea' id='block_1_4' title="bbox 236 437 1828 516">
    <p class='ocr_par' dir='ltr' id='par_1_4' title="bbox 236 441 1822 515">
     <span class='ocr_line' id='line_1_4' title="bbox 236 441 1822 515; baseline -0.001 -17"><span class='ocrx_word' id='word_1_4' title='bbox 236 444 359 498; x_wconf 69' lang='lat' dir='ltr'><strong>ficte</strong></span> <span class='ocrx_word' id='word_1_5' title='bbox 386 441 510 499; x_wconf 85' lang='lat' dir='ltr'><strong>fidei</strong></span> <span class='ocrx_word' id='word_1_6' title='bbox 534 450 828 497; x_wconf 73' lang='lat' dir='ltr'><strong>sectatores</strong></span> <span class='ocrx_word' id='word_1_7' title='bbox 858 456 976 497; x_wconf 86' lang='lat' dir='ltr'><strong>esse</strong></span> <span class='ocrx_word' id='word_1_8' title='bbox 1000 444 1302 500; x_wconf 84' lang='lat' dir='ltr'><strong>noluerunt.</strong></span> <span class='ocrx_word' id='word_1_9' title='bbox 1319 445 1676 515; x_wconf 72' lang='lat' dir='ltr'><strong>Quapropter,</strong></span> <span class='ocrx_word' id='word_1_10' title='bbox 1697 445 1822 513; x_wconf 88' lang='lat' dir='ltr'><strong>quia</strong></span> 
     </span>
    </p>
   </div>
   <div class='ocr_carea' id='block_1_5' title="bbox 1931 437 3524 516">
    <p class='ocr_par' dir='ltr' id='par_1_5' title="bbox 1932 437 3524 516">
     <span class='ocr_line' id='line_1_5' title="bbox 1932 437 3524 516; baseline -0.001 -19"><span class='ocrx_word' id='word_1_11' title='bbox 1932 442 2013 499; x_wconf 83' lang='grc' dir='ltr'><strong>ότι</strong></span> <span class='ocrx_word' id='word_1_12' title='bbox 2041 444 2084 496; x_wconf 89' lang='grc' dir='ltr'><strong>οί</strong></span> <span class='ocrx_word' id='word_1_13' title='bbox 2120 451 2211 500; x_wconf 77' lang='grc' dir='ltr'><strong>τοῦ</strong></span> <span class='ocrx_word' id='word_1_14' title='bbox 2244 440 2564 516; x_wconf 74' lang='grc' dir='ltr'>[ἐξουδενωθῇ</span> <span class='ocrx_word' id='word_1_15' title='bbox 2593 444 2677 496; x_wconf 86' lang='grc' dir='ltr'><strong>καί</strong></span> <span class='ocrx_word' id='word_1_16' title='bbox 2705 439 2871 499; x_wconf 79' lang='grc' dir='ltr'>ἐπειδὴ</span> <span class='ocrx_word' id='word_1_17' title='bbox 2903 441 2950 495; x_wconf 79' lang='lat' dir='ltr'><strong>oi</strong></span> <span class='ocrx_word' id='word_1_18' title='bbox 2988 438 3104 512; x_wconf 80' lang='grc' dir='ltr'>τοῦ]</span> <span class='ocrx_word' id='word_1_19' title='bbox 3136 445 3310 495; x_wconf 90' lang='grc' dir='ltr'>καινοῦ</span> <span class='ocrx_word' id='word_1_20' title='bbox 3338 437 3524 513; x_wconf 86' lang='grc' dir='ltr'>δόγμα-</span> 
     </span>
    </p>
   </div>
   <div class='ocr_carea' id='block_1_6' title="bbox 234 537 1827 609">
    <p class='ocr_par' dir='ltr' id='par_1_6' title="bbox 234 537 1827 609">
     <span class='ocr_line' id='line_1_6' title="bbox 234 537 1827 609; baseline 0.003 -19"><span class='ocrx_word' id='word_1_21' title='bbox 234 548 292 591; x_wconf 89' lang='lat' dir='ltr'><strong>et</strong></span> <span class='ocrx_word' id='word_1_22' title='bbox 324 540 523 592; x_wconf 88' lang='lat' dir='ltr'><strong>veritas</strong></span> <span class='ocrx_word' id='word_1_23' title='bbox 541 537 737 591; x_wconf 84' lang='lat' dir='ltr'><strong>claruit</strong></span> <span class='ocrx_word' id='word_1_24' title='bbox 764 538 868 591; x_wconf 84' lang='lat' dir='ltr'><strong>Deo</strong></span> <span class='ocrx_word' id='word_1_25' title='bbox 897 538 1189 606; x_wconf 79' lang='lat' dir='ltr'><strong>inspirante</strong></span> <span class='ocrx_word' id='word_1_26' title='bbox 1216 551 1403 594; x_wconf 54' lang='lat' dir='ltr'><strong>vestra!</strong></span> <span class='ocrx_word' id='word_1_27' title='bbox 1429 541 1641 609; x_wconf 87' lang='lat' dir='ltr'><strong>pietatis</strong></span> <span class='ocrx_word' id='word_1_28' title='bbox 1668 540 1827 596; x_wconf 86' lang='lat' dir='ltr'><strong>obtu-</strong></span> 
     </span>
    </p>
   </div>
   <div class='ocr_carea' id='block_1_7' title="bbox 240 628 1827 701">
    <p class='ocr_par' dir='ltr' id='par_1_7' title="bbox 240 628 1827 701">
     <span class='ocr_line' id='line_1_7' title="bbox 240 628 1827 701; baseline 0.002 -19"><span class='ocrx_word' id='word_1_29' title='bbox 240 630 475 693; x_wconf 86' lang='lat' dir='ltr'><strong>tibus,et</strong></span> <span class='ocrx_word' id='word_1_30' title='bbox 507 628 712 682; x_wconf 85' lang='lat' dir='ltr'><strong>falsitas</strong></span> <span class='ocrx_word' id='word_1_31' title='bbox 737 631 1079 694; x_wconf 90' lang='lat' dir='ltr'><strong>denotata,et</strong></span> <span class='ocrx_word' id='word_1_32' title='bbox 1101 646 1202 701; x_wconf 88' lang='lat' dir='ltr'><strong>qua</strong></span> <span class='ocrx_word' id='word_1_33' title='bbox 1232 631 1390 701; x_wconf 82' lang='lat' dir='ltr'><strong>digna</strong></span> <span class='ocrx_word' id='word_1_34' title='bbox 1424 630 1827 695; x_wconf 87' lang='lat' dir='ltr'><strong>est,abomina-</strong></span> 
     </span>
    </p>
   </div>
   <div class='ocr_carea' id='block_1_8' title="bbox 240 721 1831 784">
    <p class='ocr_par' dir='ltr' id='par_1_8' title="bbox 240 721 1831 784">
     <span class='ocr_line' id='line_1_8' title="bbox 240 721 1831 784; baseline 0.003 -12"><span class='ocrx_word' id='word_1_35' title='bbox 240 722 443 774; x_wconf 78' lang='lat' dir='ltr'><strong>lienem</strong></span> <span class='ocrx_word' id='word_1_36' title='bbox 474 728 784 784; x_wconf 76' lang='lat' dir='ltr'><strong>consecuta,</strong></span> <span class='ocrx_word' id='word_1_37' title='bbox 816 729 981 774; x_wconf 77' lang='lat' dir='ltr'><strong>restat</strong></span> <span class='ocrx_word' id='word_1_38' title='bbox 1013 730 1067 773; x_wconf 88' lang='lat' dir='ltr'><strong>ut</strong></span> <span class='ocrx_word' id='word_1_39' title='bbox 1104 736 1134 774; x_wconf 90' lang='lat' dir='ltr'><strong>a</strong></span> <span class='ocrx_word' id='word_1_40' title='bbox 1187 721 1297 776; x_wconf 89' lang='lat' dir='ltr'><strong>Deo</strong></span> <span class='ocrx_word' id='word_1_41' title='bbox 1344 732 1613 784; x_wconf 67' lang='lat' dir='ltr'><strong>coronata:</strong></span> <span class='ocrx_word' id='word_1_42' title='bbox 1638 731 1831 777; x_wconf 63' lang='lat' dir='ltr'><strong>vestrae</strong></span> 
     </span>
    </p>
   </div>
   <div class='ocr_carea' id='block_1_9' title="bbox 238 810 1829 878">
    <p class='ocr_par' dir='ltr' id='par_1_9' title="bbox 238 810 1829 878">
     <span class='ocr_line' id='line_1_9' title="bbox 238 810 1829 878; baseline 0.003 -16"><span class='ocrx_word' id='word_1_43' title='bbox 238 810 542 865; x_wconf 66' lang='grc' dir='ltr'>ριυιηοιιῑίιυ</span> <span class='ocrx_word' id='word_1_44' title='bbox 574 811 672 878; x_wconf 73' lang='lat' dir='ltr'><strong>piis</strong></span> <span class='ocrx_word' id='word_1_45' title='bbox 706 810 977 865; x_wconf 74' lang='lat' dir='ltr'><strong>favoribus</strong></span> <span class='ocrx_word' id='word_1_46' title='bbox 1009 811 1247 867; x_wconf 67' lang='lat' dir='ltr'><strong>victoriae</strong></span> <span class='ocrx_word' id='word_1_47' title='bbox 1273 828 1527 867; x_wconf 77' lang='lat' dir='ltr'><strong>coronam</strong></span> <span class='ocrx_word' id='word_1_48' title='bbox 1580 814 1829 869; x_wconf 86' lang='lat' dir='ltr'><strong>redimita</strong></span> 
     </span>
    </p>
   </div>
   <div class='ocr_carea' id='block_1_10' title="bbox 238 904 1833 973">
    <p class='ocr_par' dir='ltr' id='par_1_10' title="bbox 238 904 1833 973">
     <span class='ocr_line' id='line_1_10' title="bbox 238 904 1833 973; baseline -0.001 -17"><span class='ocrx_word' id='word_1_49' title='bbox 238 905 441 958; x_wconf 79' lang='lat' dir='ltr'><strong>veritas</strong></span> <span class='ocrx_word' id='word_1_50' title='bbox 472 904 691 973; x_wconf 79' lang='lat' dir='ltr'><strong>fulgeat,</strong></span> <span class='ocrx_word' id='word_1_51' title='bbox 727 914 781 956; x_wconf 89' lang='lat' dir='ltr'><strong>et</strong></span> <span class='ocrx_word' id='word_1_52' title='bbox 803 905 1053 959; x_wconf 85' lang='lat' dir='ltr'><strong>novitatis</strong></span> <span class='ocrx_word' id='word_1_53' title='bbox 1082 922 1233 961; x_wconf 85' lang='lat' dir='ltr'><strong>error</strong></span> <span class='ocrx_word' id='word_1_54' title='bbox 1260 920 1381 960; x_wconf 91' lang='lat' dir='ltr'><strong>cum</strong></span> <span class='ocrx_word' id='word_1_55' title='bbox 1413 907 1522 960; x_wconf 88' lang='lat' dir='ltr'><strong>suis</strong></span> <span class='ocrx_word' id='word_1_56' title='bbox 1575 908 1833 962; x_wconf 78' lang='lat' dir='ltr'><strong>invento-</strong></span> 
     </span>
    </p>
   </div>
   <div class='ocr_carea' id='block_1_11' title="bbox 240 991 1833 1066">
    <p class='ocr_par' dir='ltr' id='par_1_11' title="bbox 240 991 1833 1066">
     <span class='ocr_line' id='line_1_11' title="bbox 240 991 1833 1066; baseline 0.003 -21"><span class='ocrx_word' id='word_1_57' title='bbox 240 993 412 1057; x_wconf 67' lang='lat' dir='ltr'><strong>ribus,</strong></span> <span class='ocrx_word' id='word_1_58' title='bbox 438 1001 491 1046; x_wconf 89' lang='lat' dir='ltr'><strong>et</strong></span> <span class='ocrx_word' id='word_1_59' title='bbox 521 991 585 1046; x_wconf 91' lang='lat' dir='ltr'><strong>iis</strong></span> <span class='ocrx_word' id='word_1_60' title='bbox 615 994 703 1061; x_wconf 89' lang='lat' dir='ltr'><strong>qui</strong></span> <span class='ocrx_word' id='word_1_61' title='bbox 734 1008 922 1047; x_wconf 86' lang='lat' dir='ltr'><strong>eorum</strong></span> <span class='ocrx_word' id='word_1_62' title='bbox 956 995 1253 1048; x_wconf 85' lang='lat' dir='ltr'><strong>doctrinam</strong></span> <span class='ocrx_word' id='word_1_63' title='bbox 1308 996 1477 1050; x_wconf 77' lang='lat' dir='ltr'><strong>seculi</strong></span> <span class='ocrx_word' id='word_1_64' title='bbox 1527 1006 1674 1063; x_wconf 72' lang='lat' dir='ltr'><strong>stunt,</strong></span> <span class='ocrx_word' id='word_1_65' title='bbox 1708 1013 1833 1066; x_wconf 84' lang='lat' dir='ltr'><strong>pro-</strong></span> 
     </span>
    </p>
   </div>
   <div class='ocr_carea' id='block_1_12' title="bbox 238 1081 1832 1149">
    <p class='ocr_par' dir='ltr' id='par_1_12' title="bbox 238 1081 1832 1149">
     <span class='ocr_line' id='line_1_12' title="bbox 238 1081 1832 1149; baseline 0.005 -18"><span class='ocrx_word' id='word_1_66' title='bbox 238 1081 373 1148; x_wconf 76' lang='lat' dir='ltr'><strong>prize</strong></span> <span class='ocrx_word' id='word_1_67' title='bbox 422 1082 854 1149; x_wconf 63' lang='lat' dir='ltr'><strong>prmsuutptitinis</strong></span> <span class='ocrx_word' id='word_1_68' title='bbox 904 1097 1114 1149; x_wconf 91' lang='lat' dir='ltr'><strong>poenam</strong></span> <span class='ocrx_word' id='word_1_69' title='bbox 1173 1083 1436 1148; x_wconf 78' lang='lat' dir='ltr'><strong>exsolvat,</strong></span> <span class='ocrx_word' id='word_1_70' title='bbox 1481 1085 1626 1140; x_wconf 84' lang='lat' dir='ltr'><strong>etde</strong></span> <span class='ocrx_word' id='word_1_71' title='bbox 1656 1085 1832 1140; x_wconf 88' lang='lat' dir='ltr'><strong>medio</strong></span> 
     </span>
    </p>
   </div>
   <div class='ocr_carea' id='block_1_13' title="bbox 238 1172 1831 1243">
    <p class='ocr_par' dir='ltr' id='par_1_13' title="bbox 238 1172 1831 1243">
     <span class='ocr_line' id='line_1_13' title="bbox 238 1172 1831 1243; baseline 0.003 -19"><span class='ocrx_word' id='word_1_72' title='bbox 238 1172 670 1225; x_wconf 82' lang='lat' dir='ltr'><strong>orthodoxorum</strong></span> <span class='ocrx_word' id='word_1_73' title='bbox 695 1172 992 1226; x_wconf 81' lang='lat' dir='ltr'><strong>antistitum</strong></span> <span class='ocrx_word' id='word_1_74' title='bbox 1020 1188 1117 1243; x_wconf 90' lang='lat' dir='ltr'><strong>pro</strong></span> <span class='ocrx_word' id='word_1_75' title='bbox 1138 1188 1248 1229; x_wconf 61' lang='lat' dir='ltr'><strong>suae</strong></span> <span class='ocrx_word' id='word_1_76' title='bbox 1298 1175 1549 1230; x_wconf 80' lang='lat' dir='ltr'><strong>novitatis</strong></span> <span class='ocrx_word' id='word_1_77' title='bbox 1581 1175 1831 1230; x_wconf 64' lang='lat' dir='ltr'><strong>haeretica</strong></span> 
     </span>
    </p>
   </div>
   <div class='ocr_carea' id='block_1_14' title="bbox 238 1261 1833 1332">
    <p class='ocr_par' dir='ltr' id='par_1_14' title="bbox 238 1261 1833 1332">
     <span class='ocr_line' id='line_1_14' title="bbox 238 1261 1833 1332; baseline 0.004 -19"><span class='ocrx_word' id='word_1_78' title='bbox 238 1265 506 1328; x_wconf 85' lang='lat' dir='ltr'><strong>pravitate</strong></span> <span class='ocrx_word' id='word_1_79' title='bbox 537 1261 822 1331; x_wconf 73' lang='lat' dir='ltr'><strong>pellantur,</strong></span> <span class='ocrx_word' id='word_1_80' title='bbox 854 1279 1011 1332; x_wconf 86' lang='lat' dir='ltr'><strong>quam</strong></span> <span class='ocrx_word' id='word_1_81' title='bbox 1046 1263 1182 1319; x_wconf 88' lang='lat' dir='ltr'><strong>intra</strong></span> <span class='ocrx_word' id='word_1_82' title='bbox 1208 1280 1365 1318; x_wconf 90' lang='lat' dir='ltr'><strong>unam</strong></span> <span class='ocrx_word' id='word_1_83' title='bbox 1388 1275 1625 1319; x_wconf 82' lang='lat' dir='ltr'><strong>sanctam</strong></span> <span class='ocrx_word' id='word_1_84' title='bbox 1649 1266 1833 1319; x_wconf 83' lang='lat' dir='ltr'><strong>catho-</strong></span> 
     </span>
    </p>
   </div>
   <div class='ocr_carea' id='block_1_15' title="bbox 237 1351 1834 1421">
    <p class='ocr_par' dir='ltr' id='par_1_15' title="bbox 237 1351 1834 1421">
     <span class='ocr_line' id='line_1_15' title="bbox 237 1351 1834 1421; baseline 0.001 -16"><span class='ocrx_word' id='word_1_85' title='bbox 237 1351 399 1406; x_wconf 83' lang='lat' dir='ltr'><strong>licam</strong></span> <span class='ocrx_word' id='word_1_86' title='bbox 458 1364 618 1421; x_wconf 85' lang='lat' dir='ltr'><strong>atque</strong></span> <span class='ocrx_word' id='word_1_87' title='bbox 656 1354 1002 1420; x_wconf 82' lang='lat' dir='ltr'><strong>apostolicam</strong></span> <span class='ocrx_word' id='word_1_88' title='bbox 1059 1353 1257 1408; x_wconf 84' lang='lat' dir='ltr'><strong>Christi</strong></span> <span class='ocrx_word' id='word_1_89' title='bbox 1310 1354 1601 1409; x_wconf 86' lang='lat' dir='ltr'><strong>Ecclesiam</strong></span> <span class='ocrx_word' id='word_1_90' title='bbox 1656 1352 1834 1409; x_wconf 86' lang='lat' dir='ltr'><strong>conati</strong></span> 
     </span>
    </p>
   </div>
   <div class='ocr_carea' id='block_1_16' title="bbox 237 1442 1833 1514">
    <p class='ocr_par' dir='ltr' id='par_1_16' title="bbox 237 1442 1833 1514">
     <span class='ocr_line' id='line_1_16' title="bbox 237 1442 1833 1514; baseline 0.002 -17"><span class='ocrx_word' id='word_1_91' title='bbox 237 1452 367 1497; x_wconf 75' lang='lat' dir='ltr'><strong>Stint</strong></span> <span class='ocrx_word' id='word_1_92' title='bbox 391 1442 756 1508; x_wconf 83' lang='lat' dir='ltr'><strong>introducere,</strong></span> <span class='ocrx_word' id='word_1_93' title='bbox 781 1454 833 1497; x_wconf 90' lang='lat' dir='ltr'><strong>et</strong></span> <span class='ocrx_word' id='word_1_94' title='bbox 857 1444 1185 1499; x_wconf 87' lang='lat' dir='ltr'><strong>individuum</strong></span> <span class='ocrx_word' id='word_1_95' title='bbox 1215 1453 1374 1514; x_wconf 86' lang='lat' dir='ltr'><strong>atque</strong></span> <span class='ocrx_word' id='word_1_96' title='bbox 1422 1445 1681 1500; x_wconf 88' lang='lat' dir='ltr'><strong>illibatum</strong></span> <span class='ocrx_word' id='word_1_97' title='bbox 1714 1460 1833 1500; x_wconf 85' lang='lat' dir='ltr'><strong>cor-</strong></span> 
     </span>
    </p>
   </div>
   <div class='ocr_carea' id='block_1_17' title="bbox 240 1533 1832 1605">
    <p class='ocr_par' dir='ltr' id='par_1_17' title="bbox 240 1533 1832 1605">
     <span class='ocr_line' id='line_1_17' title="bbox 240 1533 1832 1605; baseline 0.004 -22"><span class='ocrx_word' id='word_1_98' title='bbox 240 1548 344 1601; x_wconf 86' lang='lat' dir='ltr'><strong>pus</strong></span> <span class='ocrx_word' id='word_1_99' title='bbox 372 1533 625 1587; x_wconf 72' lang='lat' dir='ltr'><strong>Ecclesia:</strong></span> <span class='ocrx_word' id='word_1_100' title='bbox 654 1534 974 1603; x_wconf 84' lang='lat' dir='ltr'><strong>centagione</strong></span> <span class='ocrx_word' id='word_1_101' title='bbox 1033 1536 1310 1605; x_wconf 82' lang='lat' dir='ltr'><strong>pravitatis</strong></span> <span class='ocrx_word' id='word_1_102' title='bbox 1355 1535 1619 1590; x_wconf 66' lang='lat' dir='ltr'><strong>haeretica:</strong></span> <span class='ocrx_word' id='word_1_103' title='bbox 1649 1549 1832 1589; x_wconf 88' lang='lat' dir='ltr'><strong>macu-</strong></span> 
     </span>
    </p>
   </div>
   <div class='ocr_carea' id='block_1_18' title="bbox 236 1624 1832 1695">
    <p class='ocr_par' dir='ltr' id='par_1_18' title="bbox 236 1624 1832 1695">
     <span class='ocr_line' id='line_1_18' title="bbox 236 1624 1832 1695; baseline 0.001 -18"><span class='ocrx_word' id='word_1_104' title='bbox 236 1624 376 1679; x_wconf 82' lang='lat' dir='ltr'><strong>lare.</strong></span> <span class='ocrx_word' id='word_1_105' title='bbox 434 1624 542 1679; x_wconf 80' lang='lat' dir='ltr'><strong>Nec</strong></span> <span class='ocrx_word' id='word_1_106' title='bbox 604 1625 747 1680; x_wconf 89' lang='lat' dir='ltr'><strong>enim</strong></span> <span class='ocrx_word' id='word_1_107' title='bbox 812 1641 1026 1695; x_wconf 78' lang='lat' dir='ltr'><strong>aequum</strong></span> <span class='ocrx_word' id='word_1_108' title='bbox 1091 1634 1174 1680; x_wconf 85' lang='lat' dir='ltr'><strong>est</strong></span> <span class='ocrx_word' id='word_1_109' title='bbox 1241 1635 1297 1679; x_wconf 93' lang='lat' dir='ltr'><strong>ut</strong></span> <span class='ocrx_word' id='word_1_110' title='bbox 1360 1636 1613 1680; x_wconf 78' lang='lat' dir='ltr'><strong>nocentes</strong></span> <span class='ocrx_word' id='word_1_111' title='bbox 1676 1625 1832 1678; x_wconf 87' lang='lat' dir='ltr'><strong>inno-</strong></span> 
     </span>
    </p>
   </div>
   <div class='ocr_carea' id='block_1_19' title="bbox 237 1716 1832 1781">
    <p class='ocr_par' dir='ltr' id='par_1_19' title="bbox 237 1716 1832 1781">
     <span class='ocr_line' id='line_1_19' title="bbox 237 1716 1832 1781; baseline 0 -12"><span class='ocrx_word' id='word_1_112' title='bbox 237 1717 489 1772; x_wconf 86' lang='lat' dir='ltr'><strong>centibus</strong></span> <span class='ocrx_word' id='word_1_113' title='bbox 553 1725 820 1781; x_wconf 84' lang='lat' dir='ltr'><strong>noceant,</strong></span> <span class='ocrx_word' id='word_1_114' title='bbox 876 1726 967 1770; x_wconf 88' lang='lat' dir='ltr'><strong>aut</strong></span> <span class='ocrx_word' id='word_1_115' title='bbox 1025 1716 1290 1772; x_wconf 88' lang='lat' dir='ltr'><strong>immunes</strong></span> <span class='ocrx_word' id='word_1_116' title='bbox 1346 1717 1571 1771; x_wconf 89' lang='lat' dir='ltr'><strong>aliorum</strong></span> <span class='ocrx_word' id='word_1_117' title='bbox 1638 1716 1832 1771; x_wconf 90' lang='lat' dir='ltr'><strong>delicta</strong></span> 
     </span>
    </p>
   </div>
   <div class='ocr_carea' id='block_1_20' title="bbox 1930 531 3520 609">
    <p class='ocr_par' dir='ltr' id='par_1_20' title="bbox 1930 531 3520 609">
     <span class='ocr_line' id='line_1_20' title="bbox 1930 531 3520 609; baseline 0 -21"><span class='ocrx_word' id='word_1_118' title='bbox 1930 556 2016 595; x_wconf 85' lang='grc' dir='ltr'><strong>τος</strong></span> <span class='ocrx_word' id='word_1_119' title='bbox 2064 535 2324 609; x_wconf 68' lang='grc' dir='ltr'>ἐφευρεταί</span> <span class='ocrx_word' id='word_1_120' title='bbox 2387 542 2489 589; x_wconf 80' lang='grc' dir='ltr'>τῶν</span> <span class='ocrx_word' id='word_1_121' title='bbox 2547 534 2806 607; x_wconf 82' lang='grc' dir='ltr'>αἱρετικῶν</span> <span class='ocrx_word' id='word_1_122' title='bbox 2861 533 3120 588; x_wconf 86' lang='grc' dir='ltr'>ἀκόλουθοι</span> <span class='ocrx_word' id='word_1_123' title='bbox 3173 531 3520 603; x_wconf 76' lang='grc' dir='ltr'><strong>ἐδείχθησαν,</strong></span> 
     </span>
    </p>
   </div>
   <div class='ocr_carea' id='block_1_21' title="bbox 1931 621 3519 699">
    <p class='ocr_par' dir='ltr' id='par_1_21' title="bbox 1931 621 3519 699">
     <span class='ocr_line' id='line_1_21' title="bbox 1931 621 3519 699; baseline 0.001 -21"><span class='ocrx_word' id='word_1_124' title='bbox 1931 628 2011 678; x_wconf 83' lang='grc' dir='ltr'><strong>καί</strong></span> <span class='ocrx_word' id='word_1_125' title='bbox 2052 626 2276 695; x_wconf 35' lang='grc' dir='ltr'>οὐστοῖς</span> <span class='ocrx_word' id='word_1_126' title='bbox 2342 624 2500 697; x_wconf 81' lang='grc' dir='ltr'>ἁγίοις</span> <span class='ocrx_word' id='word_1_127' title='bbox 2553 625 2808 699; x_wconf 84' lang='grc' dir='ltr'>Πατράσιν</span> <span class='ocrx_word' id='word_1_128' title='bbox 2867 621 3139 694; x_wconf 78' lang='grc' dir='ltr'>ἑπόμενοι,</span> <span class='ocrx_word' id='word_1_129' title='bbox 3192 628 3320 695; x_wconf 75' lang='grc' dir='ltr'>μήτε</span> <span class='ocrx_word' id='word_1_130' title='bbox 3364 630 3519 681; x_wconf 85' lang='grc' dir='ltr'>τοῦτο</span> 
     </span>
    </p>
   </div>
   <div class='ocr_carea' id='block_1_22' title="bbox 1933 712 3526 789">
    <p class='ocr_par' dir='ltr' id='par_1_22' title="bbox 1933 712 3526 789">
     <span class='ocr_line' id='line_1_22' title="bbox 1933 712 3526 789; baseline -0.001 -19"><span class='ocrx_word' id='word_1_131' title='bbox 1933 717 2196 786; x_wconf 77' lang='grc' dir='ltr'>ἀπέμεινεν</span> <span class='ocrx_word' id='word_1_132' title='bbox 2238 712 2552 788; x_wconf 70' lang='grc' dir='ltr'>[ἀπομείνῃ]</span> <span class='ocrx_word' id='word_1_133' title='bbox 2590 712 2872 788; x_wconf 59' lang='grc' dir='ltr'>ἄγνωστον</span> <span class='ocrx_word' id='word_1_134' title='bbox 2904 722 3172 789; x_wconf 83' lang='grc' dir='ltr'>τοιγαροῦν</span> <span class='ocrx_word' id='word_1_135' title='bbox 3211 713 3526 775; x_wconf 72' lang='grc' dir='ltr'>όσονδῆποτί</span> 
     </span>
    </p>
   </div>
   <div class='ocr_carea' id='block_1_23' title="bbox 1932 808 3522 883">
    <p class='ocr_par' dir='ltr' id='par_1_23' title="bbox 1932 808 3522 883">
     <span class='ocr_line' id='line_1_23' title="bbox 1932 808 3522 883; baseline 0 -22"><span class='ocrx_word' id='word_1_136' title='bbox 1932 830 2010 868; x_wconf 90' lang='grc' dir='ltr'><strong>τις</strong></span> <span class='ocrx_word' id='word_1_137' title='bbox 2057 816 2147 868; x_wconf 77' lang='grc' dir='ltr'>τήν</span> <span class='ocrx_word' id='word_1_138' title='bbox 2198 808 2325 864; x_wconf 83' lang='grc' dir='ltr'>ἰδίαν</span> <span class='ocrx_word' id='word_1_139' title='bbox 2378 810 2566 867; x_wconf 86' lang='grc' dir='ltr'>πλάνην</span> <span class='ocrx_word' id='word_1_140' title='bbox 2617 810 2815 867; x_wconf 78' lang='grc' dir='ltr'>θελήσει</span> <span class='ocrx_word' id='word_1_141' title='bbox 2871 811 3225 883; x_wconf 82' lang='grc' dir='ltr'>χρωματίσαι,</span> <span class='ocrx_word' id='word_1_142' title='bbox 3276 808 3380 863; x_wconf 85' lang='grc' dir='ltr'><strong>ἀπό</strong></span> <span class='ocrx_word' id='word_1_143' title='bbox 3430 813 3522 863; x_wconf 90' lang='grc' dir='ltr'><strong>τοῦ</strong></span> 
     </span>
    </p>
   </div>
   <div class='ocr_carea' id='block_1_24' title="bbox 1932 900 3524 974">
    <p class='ocr_par' dir='ltr' id='par_1_24' title="bbox 1932 900 3524 974">
     <span class='ocr_line' id='line_1_24' title="bbox 1932 900 3524 974; baseline 0.001 -21"><span class='ocrx_word' id='word_1_144' title='bbox 1932 901 2093 972; x_wconf 79' lang='grc' dir='ltr'>φωτὸς</span> <span class='ocrx_word' id='word_1_145' title='bbox 2123 909 2214 960; x_wconf 80' lang='grc' dir='ltr'>τῆς</span> <span class='ocrx_word' id='word_1_146' title='bbox 2259 901 2487 964; x_wconf 78' lang='grc' dir='ltr'>ἀληθείας</span> <span class='ocrx_word' id='word_1_147' title='bbox 2528 903 2820 974; x_wconf 75' lang='grc' dir='ltr'><strong>ἐλέγχεται,</strong></span> <span class='ocrx_word' id='word_1_148' title='bbox 2852 902 3017 962; x_wconf 76' lang='grc' dir='ltr'>καθὼς</span> <span class='ocrx_word' id='word_1_149' title='bbox 3058 900 3193 955; x_wconf 86' lang='grc' dir='ltr'><strong>καίὸ</strong></span> <span class='ocrx_word' id='word_1_150' title='bbox 3220 900 3524 960; x_wconf 75' lang='grc' dir='ltr'>’Δπόστολος</span> 
     </span>
    </p>
   </div>
   <div class='ocr_carea' id='block_1_25' title="bbox 1933 991 3525 1068">
    <p class='ocr_par' dir='ltr' id='par_1_25' title="bbox 1933 991 3525 1068">
     <span class='ocr_line' id='line_1_25' title="bbox 1933 991 3525 1068; baseline 0 -23"><span class='ocrx_word' id='word_1_151' title='bbox 1933 998 2035 1045; x_wconf 84' lang='grc' dir='ltr'>τῶν</span> <span class='ocrx_word' id='word_1_152' title='bbox 2089 994 2235 1045; x_wconf 79' lang='grc' dir='ltr'>ἐθνῶν</span> <span class='ocrx_word' id='word_1_153' title='bbox 2292 991 2539 1047; x_wconf 77' lang='grc' dir='ltr'><strong>διδάσκει·</strong></span> <span class='ocrx_word' id='word_1_154' title='bbox 2581 1009 2598 1043; x_wconf 79' lang='grc' dir='ltr'><strong>ι</strong></span> <span class='ocrx_word' id='word_1_155' title='bbox 2627 998 2728 1045; x_wconf 74' lang='grc' dir='ltr'>ιιᾶν</span> <span class='ocrx_word' id='word_1_156' title='bbox 2759 994 2857 1065; x_wconf 82' lang='grc' dir='ltr'>γὰρ</span> <span class='ocrx_word' id='word_1_157' title='bbox 2903 993 2964 1048; x_wconf 88' lang='grc' dir='ltr'><strong>τὸ</strong></span> <span class='ocrx_word' id='word_1_158' title='bbox 3013 992 3370 1068; x_wconf 75' lang='grc' dir='ltr'><strong>φανερούμενον</strong></span> <span class='ocrx_word' id='word_1_159' title='bbox 3421 996 3525 1063; x_wconf 76' lang='grc' dir='ltr'><strong>φῶς</strong></span> 
     </span>
    </p>
   </div>
   <div class='ocr_carea' id='block_1_26' title="bbox 1934 1080 3521 1156">
    <p class='ocr_par' dir='ltr' id='par_1_26' title="bbox 1934 1080 3521 1156">
     <span class='ocr_line' id='line_1_26' title="bbox 1934 1080 3521 1156; baseline 0.004 -23"><span class='ocrx_word' id='word_1_160' title='bbox 1934 1081 2117 1135; x_wconf 86' lang='grc' dir='ltr'>ἐστιν·</span> <span class='ocrx_word' id='word_1_161' title='bbox 2153 1098 2171 1131; x_wconf 73' lang='grc' dir='ltr'><strong>ι</strong></span> <span class='ocrx_word' id='word_1_162' title='bbox 2208 1080 2381 1139; x_wconf 71' lang='grc' dir='ltr'>ἐπειδὴ</span> <span class='ocrx_word' id='word_1_163' title='bbox 2435 1084 2463 1140; x_wconf 77' lang='grc' dir='ltr'>ἡ</span> <span class='ocrx_word' id='word_1_164' title='bbox 2517 1082 2722 1139; x_wconf 78' lang='grc' dir='ltr'>ἀλήθεια</span> <span class='ocrx_word' id='word_1_165' title='bbox 2773 1084 2854 1136; x_wconf 85' lang='grc' dir='ltr'><strong>ἀεί</strong></span> <span class='ocrx_word' id='word_1_166' title='bbox 2902 1082 3128 1156; x_wconf 75' lang='grc' dir='ltr'><strong>σταθερά</strong></span> <span class='ocrx_word' id='word_1_167' title='bbox 3182 1084 3270 1137; x_wconf 87' lang='grc' dir='ltr'><strong>καί</strong></span> <span class='ocrx_word' id='word_1_168' title='bbox 3311 1083 3342 1139; x_wconf 75' lang='grc' dir='ltr'><strong><em>ἦ</em></strong></span> <span class='ocrx_word' id='word_1_169' title='bbox 3391 1082 3521 1139; x_wconf 72' lang='grc' dir='ltr'>αὐτή</span> 
     </span>
    </p>
   </div>
   <div class='ocr_carea' id='block_1_27' title="bbox 1935 1170 3523 1245">
    <p class='ocr_par' dir='ltr' id='par_1_27' title="bbox 1935 1170 3523 1245">
     <span class='ocr_line' id='line_1_27' title="bbox 1935 1170 3523 1245; baseline 0.003 -19"><span class='ocrx_word' id='word_1_170' title='bbox 1935 1170 2192 1244; x_wconf 76' lang='grc' dir='ltr'>διαμένει,</span> <span class='ocrx_word' id='word_1_171' title='bbox 2248 1174 2305 1227; x_wconf 86' lang='grc' dir='ltr'><strong>τὸ</strong></span> <span class='ocrx_word' id='word_1_172' title='bbox 2350 1172 2403 1227; x_wconf 84' lang='grc' dir='ltr'>δὲ</span> <span class='ocrx_word' id='word_1_173' title='bbox 2453 1173 2641 1245; x_wconf 67' lang='grc' dir='ltr'>ψεῦδος</span> <span class='ocrx_word' id='word_1_174' title='bbox 2695 1176 2774 1228; x_wconf 75' lang='grc' dir='ltr'>ἀεὶ</span> <span class='ocrx_word' id='word_1_175' title='bbox 2836 1174 3179 1239; x_wconf 77' lang='grc' dir='ltr'>ποικίλλεται,</span> <span class='ocrx_word' id='word_1_176' title='bbox 3224 1177 3306 1229; x_wconf 89' lang='grc' dir='ltr'><strong>καί</strong></span> <span class='ocrx_word' id='word_1_177' title='bbox 3356 1176 3406 1228; x_wconf 83' lang='grc' dir='ltr'>ἐν</span> <span class='ocrx_word' id='word_1_178' title='bbox 3448 1180 3523 1244; x_wconf 84' lang='grc' dir='ltr'><strong>τῷ</strong></span> 
     </span>
    </p>
   </div>
   <div class='ocr_carea' id='block_1_28' title="bbox 1934 1266 3525 1341">
    <p class='ocr_par' dir='ltr' id='par_1_28' title="bbox 1934 1266 3525 1341">
     <span class='ocr_line' id='line_1_28' title="bbox 1934 1266 3525 1341; baseline 0.001 -22"><span class='ocrx_word' id='word_1_179' title='bbox 1934 1267 2276 1321; x_wconf 83' lang='grc' dir='ltr'>ποικίλλεσθαι</span> <span class='ocrx_word' id='word_1_180' title='bbox 2306 1272 2631 1341; x_wconf 73' lang='grc' dir='ltr'>φανεροῦται,</span> <span class='ocrx_word' id='word_1_181' title='bbox 2658 1270 2745 1321; x_wconf 83' lang='grc' dir='ltr'><strong>καί</strong></span> <span class='ocrx_word' id='word_1_182' title='bbox 2792 1267 3111 1337; x_wconf 69' lang='grc' dir='ltr'><strong>ἐξελέγχεται</strong></span> <span class='ocrx_word' id='word_1_183' title='bbox 3160 1266 3326 1336; x_wconf 73' lang='grc' dir='ltr'>ἑαυτῷ</span> <span class='ocrx_word' id='word_1_184' title='bbox 3372 1271 3525 1337; x_wconf 82' lang='grc' dir='ltr'>τοῦτο</span> 
     </span>
    </p>
   </div>
   <div class='ocr_carea' id='block_1_29' title="bbox 1936 1357 3528 1437">
    <p class='ocr_par' dir='ltr' id='par_1_29' title="bbox 1936 1357 3528 1437">
     <span class='ocr_line' id='line_1_29' title="bbox 1936 1357 3528 1437; baseline 0.001 -25"><span class='ocrx_word' id='word_1_185' title='bbox 1936 1359 2154 1416; x_wconf 82' lang='grc' dir='ltr'>ἐναντίον</span> <span class='ocrx_word' id='word_1_186' title='bbox 2199 1357 2344 1416; x_wconf 80' lang='grc' dir='ltr'>εἶναι.</span> <span class='ocrx_word' id='word_1_187' title='bbox 2396 1371 2475 1416; x_wconf 84' lang='grc' dir='ltr'>Ἐκ</span> <span class='ocrx_word' id='word_1_188' title='bbox 2519 1359 2701 1417; x_wconf 67' lang='grc' dir='ltr'>τούτου</span> <span class='ocrx_word' id='word_1_189' title='bbox 2751 1363 2850 1437; x_wconf 84' lang='grc' dir='ltr'><strong>γάρ</strong></span> <span class='ocrx_word' id='word_1_190' title='bbox 2901 1362 2988 1416; x_wconf 79' lang='grc' dir='ltr'><strong>καί</strong></span> <span class='ocrx_word' id='word_1_191' title='bbox 3028 1360 3243 1421; x_wconf 70' lang='grc' dir='ltr'>ἑαυτοὺς</span> <span class='ocrx_word' id='word_1_192' title='bbox 3290 1363 3358 1415; x_wconf 87' lang='grc' dir='ltr'><strong>τά</strong></span> <span class='ocrx_word' id='word_1_193' title='bbox 3396 1361 3528 1415; x_wconf 74' lang='grc' dir='ltr'>ἐναν-</span> 
     </span>
    </p>
   </div>
   <div class='ocr_carea' id='block_1_30' title="bbox 1936 1450 3529 1525">
    <p class='ocr_par' dir='ltr' id='par_1_30' title="bbox 1936 1450 3529 1525">
     <span class='ocr_line' id='line_1_30' title="bbox 1936 1450 3529 1525; baseline -0.001 -18"><span class='ocrx_word' id='word_1_194' title='bbox 1936 1454 2021 1507; x_wconf 75' lang='grc' dir='ltr'><strong>τία</strong></span> <span class='ocrx_word' id='word_1_195' title='bbox 2050 1451 2306 1509; x_wconf 81' lang='grc' dir='ltr'>διδάσκειν</span> <span class='ocrx_word' id='word_1_196' title='bbox 2349 1451 2653 1523; x_wconf 76' lang='grc' dir='ltr'>ἐδείχθησαν</span> <span class='ocrx_word' id='word_1_197' title='bbox 2679 1453 2726 1508; x_wconf 78' lang='lat' dir='ltr'><strong>oi</strong></span> <span class='ocrx_word' id='word_1_198' title='bbox 2757 1450 2847 1507; x_wconf 67' lang='grc' dir='ltr'><strong>τοῦ</strong></span> <span class='ocrx_word' id='word_1_199' title='bbox 2887 1457 3060 1508; x_wconf 60' lang='grc' dir='ltr'>καινοῦ</span> <span class='ocrx_word' id='word_1_200' title='bbox 3095 1450 3351 1525; x_wconf 85' lang='grc' dir='ltr'>δόγματος</span> <span class='ocrx_word' id='word_1_201' title='bbox 3391 1452 3529 1525; x_wconf 71' lang='grc' dir='ltr'>ἐφευ-</span> 
     </span>
    </p>
   </div>
   <div class='ocr_carea' id='block_1_31' title="bbox 1936 1542 3530 1620">
    <p class='ocr_par' dir='ltr' id='par_1_31' title="bbox 1936 1542 3530 1620">
     <span class='ocr_line' id='line_1_31' title="bbox 1936 1542 3530 1620; baseline -0.003 -21"><span class='ocrx_word' id='word_1_202' title='bbox 1936 1549 2102 1620; x_wconf 87' lang='grc' dir='ltr'>ρεταὶ,</span> <span class='ocrx_word' id='word_1_203' title='bbox 2148 1544 2225 1601; x_wconf 85' lang='grc' dir='ltr'>ὅτι</span> <span class='ocrx_word' id='word_1_204' title='bbox 2272 1554 2363 1607; x_wconf 75' lang='grc' dir='ltr'>τῆς</span> <span class='ocrx_word' id='word_1_205' title='bbox 2414 1545 2733 1617; x_wconf 75' lang='grc' dir='ltr'>εὐαγγελικῆς</span> <span class='ocrx_word' id='word_1_206' title='bbox 2782 1546 2869 1599; x_wconf 76' lang='grc' dir='ltr'>καὶ</span> <span class='ocrx_word' id='word_1_207' title='bbox 2920 1542 3261 1602; x_wconf 85' lang='grc' dir='ltr'>ἀποστολικῆς</span> <span class='ocrx_word' id='word_1_208' title='bbox 3304 1542 3530 1605; x_wconf 87' lang='grc' dir='ltr'>πίστεως</span> 
     </span>
    </p>
   </div>
   <div class='ocr_carea' id='block_1_32' title="bbox 1937 1630 3527 1695">
    <p class='ocr_par' dir='ltr' id='par_1_32' title="bbox 1937 1630 3527 1695">
     <span class='ocr_line' id='line_1_32' title="bbox 1937 1630 3527 1695; baseline -0.003 -5"><span class='ocrx_word' id='word_1_209' title='bbox 1937 1637 2198 1691; x_wconf 88' lang='grc' dir='ltr'>ἀκόλουθοι</span> <span class='ocrx_word' id='word_1_210' title='bbox 2240 1633 2366 1690; x_wconf 82' lang='grc' dir='ltr'>εἶναι</span> <span class='ocrx_word' id='word_1_211' title='bbox 2412 1634 2507 1690; x_wconf 68' lang='grc' dir='ltr'>οὒκ</span> <span class='ocrx_word' id='word_1_212' title='bbox 2552 1635 2816 1695; x_wconf 74' lang='grc' dir='ltr'>ἠθέλησαν.</span> <span class='ocrx_word' id='word_1_213' title='bbox 2861 1633 2943 1689; x_wconf 88' lang='grc' dir='ltr'><strong>Διό</strong></span> <span class='ocrx_word' id='word_1_214' title='bbox 2995 1630 3168 1691; x_wconf 77' lang='grc' dir='ltr'>ἔπειδή</span> <span class='ocrx_word' id='word_1_215' title='bbox 3208 1634 3294 1686; x_wconf 87' lang='grc' dir='ltr'><strong>καί</strong></span> <span class='ocrx_word' id='word_1_216' title='bbox 3328 1633 3359 1691; x_wconf 80' lang='grc' dir='ltr'>ἡ</span> <span class='ocrx_word' id='word_1_217' title='bbox 3401 1631 3527 1691; x_wconf 78' lang='grc' dir='ltr'>διλή-</span> 
     </span>
    </p>
   </div>
   <div class='ocr_carea' id='block_1_33' title="bbox 1937 1718 3529 1799">
    <p class='ocr_par' dir='ltr' id='par_1_33' title="bbox 1937 1718 3529 1799">
     <span class='ocr_line' id='line_1_33' title="bbox 1937 1718 3529 1799; baseline -0.004 -20"><span class='ocrx_word' id='word_1_218' title='bbox 1937 1726 2046 1780; x_wconf 83' lang='grc' dir='ltr'>θεια</span> <span class='ocrx_word' id='word_1_219' title='bbox 2090 1727 2242 1797; x_wconf 67' lang='grc' dir='ltr'>ἐφάνη</span> <span class='ocrx_word' id='word_1_220' title='bbox 2282 1733 2346 1799; x_wconf 72' lang='grc' dir='ltr'>τῇ</span> <span class='ocrx_word' id='word_1_221' title='bbox 2403 1724 2664 1795; x_wconf 69' lang='grc' dir='ltr'>ἐπισκέψει</span> <span class='ocrx_word' id='word_1_222' title='bbox 2710 1732 2800 1787; x_wconf 79' lang='grc' dir='ltr'>τῆς</span> <span class='ocrx_word' id='word_1_223' title='bbox 2845 1723 3197 1778; x_wconf 78' lang='grc' dir='ltr'>Θεοπνεύστον</span> <span class='ocrx_word' id='word_1_224' title='bbox 3249 1722 3391 1792; x_wconf 63' lang='grc' dir='ltr'>ὑμῶν</span> <span class='ocrx_word' id='word_1_225' title='bbox 3442 1718 3529 1776; x_wconf 72' lang='grc' dir='ltr'><strong>εὖ·</strong></span> 
     </span>
    </p>
   </div>
   <div class='ocr_carea' id='block_1_34' title="bbox 238 1799 1828 1883">
    <p class='ocr_par' dir='ltr' id='par_1_34' title="bbox 238 1806 1828 1877">
     <span class='ocr_line' id='line_1_34' title="bbox 238 1806 1828 1877; baseline 0.001 -16"><span class='ocrx_word' id='word_1_226' title='bbox 238 1808 541 1877; x_wconf 83' lang='lat' dir='ltr'><strong>percellant</strong></span> <span class='ocrx_word' id='word_1_227' title='bbox 585 1824 596 1858; x_wconf 93' lang='lat'>:</span> <span class='ocrx_word' id='word_1_228' title='bbox 639 1821 761 1862; x_wconf 91' lang='lat' dir='ltr'><strong>cum</strong></span> <span class='ocrx_word' id='word_1_229' title='bbox 808 1807 907 1862; x_wconf 88' lang='lat' dir='ltr'><strong>etsi</strong></span> <span class='ocrx_word' id='word_1_230' title='bbox 966 1807 1019 1861; x_wconf 90' lang='lat' dir='ltr'><strong>in</strong></span> <span class='ocrx_word' id='word_1_231' title='bbox 1066 1806 1167 1862; x_wconf 90' lang='lat' dir='ltr'><strong>hoc</strong></span> <span class='ocrx_word' id='word_1_232' title='bbox 1212 1808 1412 1863; x_wconf 66' lang='lat' dir='ltr'><strong>smculo</strong></span> <span class='ocrx_word' id='word_1_233' title='bbox 1466 1806 1828 1863; x_wconf 78' lang='lat' dir='ltr'><strong>condemnatis</strong></span> 
     </span>
    </p>
   </div>
   <div class='ocr_carea' id='block_1_35' title="bbox 1931 1799 3525 1883">
    <p class='ocr_par' dir='ltr' id='par_1_35' title="bbox 1941 1809 3525 1883">
     <span class='ocr_line' id='line_1_35' title="bbox 1941 1809 3525 1883; baseline -0.004 -13"><span class='ocrx_word' id='word_1_234' title='bbox 1941 1816 2169 1883; x_wconf 77' lang='grc' dir='ltr'>σεϐείας,</span> <span class='ocrx_word' id='word_1_235' title='bbox 2218 1819 2298 1871; x_wconf 86' lang='grc' dir='ltr'><strong>καί</strong></span> <span class='ocrx_word' id='word_1_236' title='bbox 2338 1816 2395 1871; x_wconf 88' lang='grc' dir='ltr'><strong>τὸ</strong></span> <span class='ocrx_word' id='word_1_237' title='bbox 2433 1816 2620 1876; x_wconf 66' lang='grc' dir='ltr'>σκότος</span> <span class='ocrx_word' id='word_1_238' title='bbox 2664 1813 3045 1883; x_wconf 78' lang='grc' dir='ltr'>ἀπεσημιιὼθη,</span> <span class='ocrx_word' id='word_1_239' title='bbox 3086 1814 3167 1866; x_wconf 89' lang='grc' dir='ltr'><strong>καί</strong></span> <span class='ocrx_word' id='word_1_240' title='bbox 3218 1809 3277 1872; x_wconf 75' lang='grc' dir='ltr'>ἧς</span> <span class='ocrx_word' id='word_1_241' title='bbox 3321 1812 3525 1879; x_wconf 77' lang='grc' dir='ltr'><strong>ἠξιώθη,</strong></span> 
     </span>
    </p>
   </div>
   <div class='ocr_carea' id='block_1_36' title="bbox 241 1896 1831 1968">
    <p class='ocr_par' dir='ltr' id='par_1_36' title="bbox 241 1896 1831 1968">
     <span class='ocr_line' id='line_1_36' title="bbox 241 1896 1831 1968; baseline 0.001 -19"><span class='ocrx_word' id='word_1_242' title='bbox 241 1907 517 1966; x_wconf 84' lang='lat' dir='ltr'><strong>parcatur,</strong></span> <span class='ocrx_word' id='word_1_243' title='bbox 586 1896 725 1952; x_wconf 89' lang='lat' dir='ltr'><strong>sicut</strong></span> <span class='ocrx_word' id='word_1_244' title='bbox 788 1897 889 1965; x_wconf 90' lang='lat' dir='ltr'><strong>ipsi</strong></span> <span class='ocrx_word' id='word_1_245' title='bbox 957 1897 1152 1966; x_wconf 85' lang='lat' dir='ltr'><strong>quibus</strong></span> <span class='ocrx_word' id='word_1_246' title='bbox 1212 1898 1468 1968; x_wconf 88' lang='lat' dir='ltr'><strong>parcitur,</strong></span> <span class='ocrx_word' id='word_1_247' title='bbox 1527 1898 1730 1953; x_wconf 89' lang='lat' dir='ltr'><strong>nullum</strong></span> <span class='ocrx_word' id='word_1_248' title='bbox 1779 1898 1831 1952; x_wconf 90' lang='lat' dir='ltr'><strong>in</strong></span> 
     </span>
    </p>
   </div>
   <div class='ocr_carea' id='block_1_37' title="bbox 241 1987 1833 2059">
    <p class='ocr_par' dir='ltr' id='par_1_37' title="bbox 241 1987 1833 2059">
     <span class='ocr_line' id='line_1_37' title="bbox 241 1987 1833 2059; baseline 0.001 -18"><span class='ocrx_word' id='word_1_249' title='bbox 241 1987 342 2042; x_wconf 88' lang='lat' dir='ltr'><strong>Dei</strong></span> <span class='ocrx_word' id='word_1_250' title='bbox 363 1987 564 2057; x_wconf 82' lang='lat' dir='ltr'><strong>judicio</strong></span> <span class='ocrx_word' id='word_1_251' title='bbox 592 1987 835 2043; x_wconf 89' lang='lat' dir='ltr'><strong>sentiunt</strong></span> <span class='ocrx_word' id='word_1_252' title='bbox 866 1988 1135 2056; x_wconf 88' lang='lat' dir='ltr'><strong>parcendo</strong></span> <span class='ocrx_word' id='word_1_253' title='bbox 1195 1988 1534 2056; x_wconf 83' lang='lat' dir='ltr'><strong>beneficium,</strong></span> <span class='ocrx_word' id='word_1_254' title='bbox 1587 1990 1659 2043; x_wconf 92' lang='lat' dir='ltr'><strong>ita</strong></span> <span class='ocrx_word' id='word_1_255' title='bbox 1714 2006 1833 2059; x_wconf 85' lang='lat' dir='ltr'><strong>par-</strong></span> 
     </span>
    </p>
   </div>
   <div class='ocr_carea' id='block_1_38' title="bbox 238 2078 1833 2153">
    <p class='ocr_par' dir='ltr' id='par_1_38' title="bbox 238 2078 1833 2153">
     <span class='ocr_line' id='line_1_38' title="bbox 238 2078 1833 2153; baseline 0.002 -20"><span class='ocrx_word' id='word_1_256' title='bbox 238 2078 485 2133; x_wconf 87' lang='lat' dir='ltr'><strong>centibus</strong></span> <span class='ocrx_word' id='word_1_257' title='bbox 552 2093 660 2134; x_wconf 93' lang='lat' dir='ltr'><strong>non</strong></span> <span class='ocrx_word' id='word_1_258' title='bbox 718 2078 998 2133; x_wconf 88' lang='lat' dir='ltr'><strong>minimum</strong></span> <span class='ocrx_word' id='word_1_259' title='bbox 1066 2080 1317 2149; x_wconf 80' lang='lat' dir='ltr'><strong>ingerunt</strong></span> <span class='ocrx_word' id='word_1_260' title='bbox 1378 2079 1683 2153; x_wconf 70' lang='lat' dir='ltr'><strong>[ingeritur]</strong></span> <span class='ocrx_word' id='word_1_261' title='bbox 1737 2096 1833 2151; x_wconf 85' lang='lat' dir='ltr'><strong>pro</strong></span> 
     </span>
    </p>
   </div>
   <div class='ocr_carea' id='block_1_39' title="bbox 241 2170 1834 2241">
    <p class='ocr_par' dir='ltr' id='par_1_39' title="bbox 241 2170 1834 2241">
     <span class='ocr_line' id='line_1_39' title="bbox 241 2170 1834 2241; baseline 0.004 -18"><span class='ocrx_word' id='word_1_262' title='bbox 241 2170 433 2226; x_wconf 90' lang='lat' dir='ltr'><strong>illicita</strong></span> <span class='ocrx_word' id='word_1_263' title='bbox 483 2171 861 2241; x_wconf 83' lang='lat' dir='ltr'><strong>compassione</strong></span> <span class='ocrx_word' id='word_1_264' title='bbox 918 2173 1239 2241; x_wconf 88' lang='lat' dir='ltr'><strong>periculum.</strong></span> <span class='ocrx_word' id='word_1_265' title='bbox 1295 2173 1418 2228; x_wconf 83' lang='lat' dir='ltr'><strong>llaec</strong></span> <span class='ocrx_word' id='word_1_266' title='bbox 1472 2183 1655 2228; x_wconf 90' lang='lat' dir='ltr'><strong>autem</strong></span> <span class='ocrx_word' id='word_1_267' title='bbox 1710 2174 1834 2230; x_wconf 89' lang='lat' dir='ltr'><strong>ideo</strong></span> 
     </span>
    </p>
   </div>
   <div class='ocr_carea' id='block_1_40' title="bbox 244 2261 1830 2330">
    <p class='ocr_par' dir='ltr' id='par_1_40' title="bbox 244 2261 1830 2330">
     <span class='ocr_line' id='line_1_40' title="bbox 244 2261 1830 2330; baseline 0.002 -15"><span class='ocrx_word' id='word_1_268' title='bbox 244 2261 417 2315; x_wconf 79' lang='lat' dir='ltr'><strong>Deum</strong></span> <span class='ocrx_word' id='word_1_269' title='bbox 472 2262 897 2330; x_wconf 82' lang='lat' dir='ltr'><strong>omnipOtenlem</strong></span> <span class='ocrx_word' id='word_1_270' title='bbox 956 2262 1204 2319; x_wconf 85' lang='lat' dir='ltr'><strong>felicibus</strong></span> <span class='ocrx_word' id='word_1_271' title='bbox 1259 2274 1452 2320; x_wconf 68' lang='lat' dir='ltr'><strong>vestrte</strong></span> <span class='ocrx_word' id='word_1_272' title='bbox 1520 2273 1830 2319; x_wconf 86' lang='lat' dir='ltr'><strong>mansuetu-</strong></span> 
     </span>
    </p>
   </div>
   <div class='ocr_carea' id='block_1_41' title="bbox 238 2350 1832 2410">
    <p class='ocr_par' dir='ltr' id='par_1_41' title="bbox 238 2350 1832 2410">
     <span class='ocr_line' id='line_1_41' title="bbox 238 2350 1832 2410; baseline 0.001 -5"><span class='ocrx_word' id='word_1_273' title='bbox 238 2350 385 2405; x_wconf 88' lang='lat' dir='ltr'><strong>dinis</strong></span> <span class='ocrx_word' id='word_1_274' title='bbox 440 2352 507 2406; x_wconf 88' lang='lat' dir='ltr'><strong>ad</strong></span> <span class='ocrx_word' id='word_1_275' title='bbox 561 2352 956 2408; x_wconf 86' lang='lat' dir='ltr'><strong>emendandum</strong></span> <span class='ocrx_word' id='word_1_276' title='bbox 1014 2354 1285 2410; x_wconf 88' lang='lat' dir='ltr'><strong>credimus</strong></span> <span class='ocrx_word' id='word_1_277' title='bbox 1340 2369 1642 2410; x_wconf 84' lang='lat' dir='ltr'><strong>reservasse</strong></span> <span class='ocrx_word' id='word_1_278' title='bbox 1699 2363 1832 2408; x_wconf 87' lang='lat' dir='ltr'><strong>tem-</strong></span> 
     </span>
    </p>
   </div>
   <div class='ocr_carea' id='block_1_42' title="bbox 243 2441 1832 2513">
    <p class='ocr_par' dir='ltr' id='par_1_42' title="bbox 243 2441 1832 2513">
     <span class='ocr_line' id='line_1_42' title="bbox 243 2441 1832 2513; baseline 0.003 -18"><span class='ocrx_word' id='word_1_279' title='bbox 243 2441 485 2510; x_wconf 76' lang='lat' dir='ltr'><strong>poribus,</strong></span> <span class='ocrx_word' id='word_1_280' title='bbox 520 2452 578 2497; x_wconf 91' lang='lat' dir='ltr'><strong>ut</strong></span> <span class='ocrx_word' id='word_1_281' title='bbox 622 2443 798 2497; x_wconf 87' lang='lat' dir='ltr'><strong>locum</strong></span> <span class='ocrx_word' id='word_1_282' title='bbox 852 2452 907 2499; x_wconf 90' lang='lat' dir='ltr'><strong>et</strong></span> <span class='ocrx_word' id='word_1_283' title='bbox 954 2443 1129 2499; x_wconf 83' lang='lat' dir='ltr'><strong>zelum</strong></span> <span class='ocrx_word' id='word_1_284' title='bbox 1179 2445 1345 2513; x_wconf 89' lang='lat' dir='ltr'><strong>ipsius</strong></span> <span class='ocrx_word' id='word_1_285' title='bbox 1398 2442 1609 2500; x_wconf 90' lang='lat' dir='ltr'><strong>Domini</strong></span> <span class='ocrx_word' id='word_1_286' title='bbox 1664 2444 1832 2500; x_wconf 90' lang='lat' dir='ltr'><strong>nostri</strong></span> 
     </span>
    </p>
   </div>
   <div class='ocr_carea' id='block_1_43' title="bbox 237 2533 1830 2606">
    <p class='ocr_par' dir='ltr' id='par_1_43' title="bbox 237 2533 1830 2606">
     <span class='ocr_line' id='line_1_43' title="bbox 237 2533 1830 2606; baseline 0 -17"><span class='ocrx_word' id='word_1_287' title='bbox 237 2534 375 2589; x_wconf 82' lang='lat' dir='ltr'><strong>Jesu</strong></span> <span class='ocrx_word' id='word_1_288' title='bbox 402 2533 627 2599; x_wconf 83' lang='lat' dir='ltr'><strong>Christi,</strong></span> <span class='ocrx_word' id='word_1_289' title='bbox 661 2533 751 2604; x_wconf 90' lang='lat' dir='ltr'><strong>qui</strong></span> <span class='ocrx_word' id='word_1_290' title='bbox 777 2546 1013 2590; x_wconf 88' lang='lat' dir='ltr'><strong>vestrum</strong></span> <span class='ocrx_word' id='word_1_291' title='bbox 1041 2535 1326 2605; x_wconf 87' lang='lat' dir='ltr'><strong>imperium</strong></span> <span class='ocrx_word' id='word_1_292' title='bbox 1357 2550 1616 2590; x_wconf 89' lang='lat' dir='ltr'><strong>coronare</strong></span> <span class='ocrx_word' id='word_1_293' title='bbox 1642 2536 1830 2606; x_wconf 85' lang='lat' dir='ltr'><strong>digna-</strong></span> 
     </span>
    </p>
   </div>
   <div class='ocr_carea' id='block_1_44' title="bbox 240 2624 1833 2697">
    <p class='ocr_par' dir='ltr' id='par_1_44' title="bbox 240 2624 1833 2697">
     <span class='ocr_line' id='line_1_44' title="bbox 240 2624 1833 2697; baseline 0.001 -18"><span class='ocrx_word' id='word_1_294' title='bbox 240 2635 329 2681; x_wconf 83' lang='lat' dir='ltr'><strong>tus</strong></span> <span class='ocrx_word' id='word_1_295' title='bbox 360 2636 462 2691; x_wconf 92' lang='lat' dir='ltr'><strong>est,</strong></span> <span class='ocrx_word' id='word_1_296' title='bbox 489 2624 745 2682; x_wconf 88' lang='lat' dir='ltr'><strong>facientes</strong></span> <span class='ocrx_word' id='word_1_297' title='bbox 786 2626 839 2681; x_wconf 93' lang='lat' dir='ltr'><strong>in</strong></span> <span class='ocrx_word' id='word_1_298' title='bbox 870 2627 1028 2681; x_wconf 90' lang='lat' dir='ltr'><strong>terris</strong></span> <span class='ocrx_word' id='word_1_299' title='bbox 1054 2667 1069 2691; x_wconf 94' lang='lat'><strong>,</strong></span> <span class='ocrx_word' id='word_1_300' title='bbox 1118 2641 1213 2695; x_wconf 89' lang='lat' dir='ltr'><strong>pro</strong></span> <span class='ocrx_word' id='word_1_301' title='bbox 1251 2628 1369 2694; x_wconf 83' lang='lat' dir='ltr'><strong>ejus</strong></span> <span class='ocrx_word' id='word_1_302' title='bbox 1400 2626 1704 2697; x_wconf 89' lang='lat' dir='ltr'><strong>evangelica</strong></span> <span class='ocrx_word' id='word_1_303' title='bbox 1750 2637 1833 2682; x_wconf 84' lang='lat' dir='ltr'><strong>at-</strong></span> 
     </span>
    </p>
   </div>
   <div class='ocr_carea' id='block_1_45' title="bbox 237 2715 1826 2787">
    <p class='ocr_par' dir='ltr' id='par_1_45' title="bbox 237 2715 1826 2787">
     <span class='ocr_line' id='line_1_45' title="bbox 237 2715 1826 2787; baseline -0.001 -15"><span class='ocrx_word' id='word_1_304' title='bbox 237 2733 348 2787; x_wconf 91' lang='lat' dir='ltr'><strong>que</strong></span> <span class='ocrx_word' id='word_1_305' title='bbox 376 2718 665 2787; x_wconf 82' lang='lat' dir='ltr'><strong>apOStolica</strong></span> <span class='ocrx_word' id='word_1_306' title='bbox 693 2717 916 2773; x_wconf 84' lang='lat' dir='ltr'><strong>veritate</strong></span> <span class='ocrx_word' id='word_1_307' title='bbox 962 2718 1163 2784; x_wconf 87' lang='lat' dir='ltr'><strong>justum</strong></span> <span class='ocrx_word' id='word_1_308' title='bbox 1202 2715 1461 2786; x_wconf 86' lang='lat' dir='ltr'><strong>judicium</strong></span> <span class='ocrx_word' id='word_1_309' title='bbox 1506 2716 1826 2787; x_wconf 85' lang='lat' dir='ltr'><strong>proferatis:</strong></span> 
     </span>
    </p>
   </div>
   <div class='ocr_carea' id='block_1_46' title="bbox 238 2806 1831 2879">
    <p class='ocr_par' dir='ltr' id='par_1_46' title="bbox 238 2806 1831 2879">
     <span class='ocr_line' id='line_1_46' title="bbox 238 2806 1831 2879; baseline 0.003 -19"><span class='ocrx_word' id='word_1_310' title='bbox 238 2808 368 2878; x_wconf 84' lang='lat' dir='ltr'><strong>quia</strong></span> <span class='ocrx_word' id='word_1_311' title='bbox 396 2807 521 2862; x_wconf 91' lang='lat' dir='ltr'><strong>dum</strong></span> <span class='ocrx_word' id='word_1_312' title='bbox 556 2806 773 2861; x_wconf 82' lang='lat' dir='ltr'><strong>humani</strong></span> <span class='ocrx_word' id='word_1_313' title='bbox 816 2809 1027 2878; x_wconf 77' lang='lat' dir='ltr'><strong>generis</strong></span> <span class='ocrx_word' id='word_1_314' title='bbox 1073 2809 1379 2877; x_wconf 86' lang='lat' dir='ltr'><strong>redemptor</strong></span> <span class='ocrx_word' id='word_1_315' title='bbox 1411 2818 1570 2879; x_wconf 92' lang='lat' dir='ltr'><strong>atque</strong></span> <span class='ocrx_word' id='word_1_316' title='bbox 1600 2808 1831 2864; x_wconf 86' lang='lat' dir='ltr'><strong>salvator</strong></span> 
     </span>
    </p>
   </div>
   <div class='ocr_carea' id='block_1_47' title="bbox 237 2898 1831 2968">
    <p class='ocr_par' dir='ltr' id='par_1_47' title="bbox 237 2898 1831 2968">
     <span class='ocr_line' id='line_1_47' title="bbox 237 2898 1831 2968; baseline -0.001 -14"><span class='ocrx_word' id='word_1_317' title='bbox 237 2901 314 2954; x_wconf 88' lang='lat' dir='ltr'><strong>sit</strong></span> <span class='ocrx_word' id='word_1_318' title='bbox 339 2898 591 2967; x_wconf 83' lang='lat' dir='ltr'><strong>injuriam</strong></span> <span class='ocrx_word' id='word_1_319' title='bbox 626 2912 833 2967; x_wconf 88' lang='lat' dir='ltr'><strong>passus,</strong></span> <span class='ocrx_word' id='word_1_320' title='bbox 864 2913 1005 2953; x_wconf 89' lang='lat' dir='ltr'><strong>nunc</strong></span> <span class='ocrx_word' id='word_1_321' title='bbox 1033 2914 1200 2968; x_wconf 89' lang='lat' dir='ltr'><strong>usque</strong></span> <span class='ocrx_word' id='word_1_322' title='bbox 1230 2899 1508 2964; x_wconf 88' lang='lat' dir='ltr'><strong>sustinuit,</strong></span> <span class='ocrx_word' id='word_1_323' title='bbox 1533 2906 1831 2968; x_wconf 62' lang='lat' dir='ltr'><strong>vestraeque</strong></span> 
     </span>
    </p>
   </div>
   <div class='ocr_carea' id='block_1_48' title="bbox 239 2988 1829 3059">
    <p class='ocr_par' dir='ltr' id='par_1_48' title="bbox 239 2988 1829 3059">
     <span class='ocr_line' id='line_1_48' title="bbox 239 2988 1829 3059; baseline 0 -15"><span class='ocrx_word' id='word_1_324' title='bbox 239 2988 571 3045; x_wconf 82' lang='lat' dir='ltr'><strong>fortitudinis</strong></span> <span class='ocrx_word' id='word_1_325' title='bbox 619 2990 873 3058; x_wconf 85' lang='lat' dir='ltr'><strong>aspiravit</strong></span> <span class='ocrx_word' id='word_1_326' title='bbox 903 2989 1126 3059; x_wconf 89' lang='lat' dir='ltr'><strong>imperio</strong></span> <span class='ocrx_word' id='word_1_327' title='bbox 1152 3031 1168 3057; x_wconf 94' lang='lat'><strong>,</strong></span> <span class='ocrx_word' id='word_1_328' title='bbox 1220 2999 1275 3043; x_wconf 92' lang='lat' dir='ltr'><strong>ut</strong></span> <span class='ocrx_word' id='word_1_329' title='bbox 1321 2990 1435 3059; x_wconf 87' lang='lat' dir='ltr'><strong>ejus</strong></span> <span class='ocrx_word' id='word_1_330' title='bbox 1465 2989 1583 3044; x_wconf 82' lang='lat' dir='ltr'><strong>ﬁdei</strong></span> <span class='ocrx_word' id='word_1_331' title='bbox 1613 3003 1829 3046; x_wconf 86' lang='lat' dir='ltr'><strong>causam</strong></span> 
     </span>
    </p>
   </div>
   <div class='ocr_carea' id='block_1_49' title="bbox 239 3081 1832 3155">
    <p class='ocr_par' dir='ltr' id='par_1_49' title="bbox 239 3081 1832 3155">
     <span class='ocr_line' id='line_1_49' title="bbox 239 3081 1832 3155; baseline -0.001 -18"><span class='ocrx_word' id='word_1_332' title='bbox 239 3082 409 3153; x_wconf 88' lang='lat' dir='ltr'><strong>(sicut</strong></span> <span class='ocrx_word' id='word_1_333' title='bbox 452 3083 675 3153; x_wconf 80' lang='lat' dir='ltr'><strong>a-quitas</strong></span> <span class='ocrx_word' id='word_1_334' title='bbox 717 3082 907 3155; x_wconf 79' lang='lat' dir='ltr'><strong>exigit,</strong></span> <span class='ocrx_word' id='word_1_335' title='bbox 941 3090 995 3137; x_wconf 92' lang='lat' dir='ltr'><strong>et</strong></span> <span class='ocrx_word' id='word_1_336' title='bbox 1020 3092 1326 3139; x_wconf 87' lang='lat' dir='ltr'><strong>sanctorum</strong></span> <span class='ocrx_word' id='word_1_337' title='bbox 1358 3081 1574 3137; x_wconf 89' lang='lat' dir='ltr'><strong>Patrum</strong></span> <span class='ocrx_word' id='word_1_338' title='bbox 1596 3126 1609 3151; x_wconf 93' lang='lat'><strong>,</strong></span> <span class='ocrx_word' id='word_1_339' title='bbox 1640 3096 1832 3136; x_wconf 88' lang='lat' dir='ltr'><strong>sacra-</strong></span> 
     </span>
    </p>
   </div>
   <div class='ocr_carea' id='block_1_50' title="bbox 238 3155 1905 3244">
    <p class='ocr_par' dir='ltr' id='par_1_50' title="bbox 238 3155 1905 3244">
     <span class='ocr_line' id='line_1_50' title="bbox 238 3155 1905 3244; baseline -0.006 -15"><span class='ocrx_word' id='word_1_340' title='bbox 238 3191 473 3244; x_wconf 83' lang='lat' dir='ltr'><strong>rumque</strong></span> <span class='ocrx_word' id='word_1_341' title='bbox 501 3176 827 3244; x_wconf 82' lang='lat' dir='ltr'><strong>generalium</strong></span> <span class='ocrx_word' id='word_1_342' title='bbox 863 3174 1097 3243; x_wconf 87' lang='lat' dir='ltr'><strong>quinque</strong></span> <span class='ocrx_word' id='word_1_343' title='bbox 1126 3173 1449 3242; x_wconf 78' lang='lat' dir='ltr'><strong>synodorum</strong></span> <span class='ocrx_word' id='word_1_344' title='bbox 1481 3170 1717 3227; x_wconf 85' lang='lat' dir='ltr'><strong>decrevit</strong></span> <span class='ocrx_word' id='word_1_345' title='bbox 1750 3171 1830 3225; x_wconf 76' lang='lat' dir='ltr'><strong>in-</strong></span> <span class='ocrx_word' id='word_1_346' title='bbox 1856 3155 1905 3219; x_wconf 86' lang='lat' dir='ltr'><strong>C</strong></span> 
     </span>
    </p>
   </div>
   <div class='ocr_carea' id='block_1_51' title="bbox 238 3263 1831 3338">
    <p class='ocr_par' dir='ltr' id='par_1_51' title="bbox 238 3263 1831 3338">
     <span class='ocr_line' id='line_1_51' title="bbox 238 3263 1831 3338; baseline -0.003 -15"><span class='ocrx_word' id='word_1_347' title='bbox 238 3268 494 3338; x_wconf 75' lang='lat' dir='ltr'><strong>structio)</strong></span> <span class='ocrx_word' id='word_1_348' title='bbox 525 3266 743 3334; x_wconf 82' lang='lat' dir='ltr'><strong>exsequi</strong></span> <span class='ocrx_word' id='word_1_349' title='bbox 767 3264 1091 3336; x_wconf 78' lang='lat' dir='ltr'><strong>dignemini,</strong></span> <span class='ocrx_word' id='word_1_350' title='bbox 1127 3274 1180 3319; x_wconf 91' lang='lat' dir='ltr'><strong>et</strong></span> <span class='ocrx_word' id='word_1_351' title='bbox 1207 3263 1559 3333; x_wconf 87' lang='lat' dir='ltr'><strong>redemptoris</strong></span> <span class='ocrx_word' id='word_1_352' title='bbox 1588 3278 1649 3318; x_wconf 90' lang='lat' dir='ltr'><strong>ac</strong></span> <span class='ocrx_word' id='word_1_353' title='bbox 1677 3278 1831 3318; x_wconf 87' lang='lat' dir='ltr'><strong>core-</strong></span> 
     </span>
    </p>
   </div>
   <div class='ocr_carea' id='block_1_52' title="bbox 236 3354 1831 3428">
    <p class='ocr_par' dir='ltr' id='par_1_52' title="bbox 236 3354 1831 3428">
     <span class='ocr_line' id='line_1_52' title="bbox 236 3354 1831 3428; baseline -0.004 -14"><span class='ocrx_word' id='word_1_354' title='bbox 236 3360 486 3428; x_wconf 80' lang='lat' dir='ltr'><strong>gnatoris</strong></span> <span class='ocrx_word' id='word_1_355' title='bbox 535 3357 786 3428; x_wconf 87' lang='lat' dir='ltr'><strong>injuriam</strong></span> <span class='ocrx_word' id='word_1_356' title='bbox 835 3356 904 3411; x_wconf 91' lang='lat' dir='ltr'><strong>de</strong></span> <span class='ocrx_word' id='word_1_357' title='bbox 952 3370 1062 3409; x_wconf 81' lang='lat' dir='ltr'><strong>suae</strong></span> <span class='ocrx_word' id='word_1_358' title='bbox 1099 3354 1220 3409; x_wconf 88' lang='lat' dir='ltr'><strong>fidei</strong></span> <span class='ocrx_word' id='word_1_359' title='bbox 1250 3355 1705 3424; x_wconf 89' lang='lat' dir='ltr'><strong>contemptoribus</strong></span> <span class='ocrx_word' id='word_1_360' title='bbox 1737 3369 1831 3424; x_wconf 90' lang='lat' dir='ltr'><strong>per</strong></span> 
     </span>
    </p>
   </div>
   <div class='ocr_carea' id='block_1_53' title="bbox 235 3444 1830 3521">
    <p class='ocr_par' dir='ltr' id='par_1_53' title="bbox 235 3444 1830 3521">
     <span class='ocr_line' id='line_1_53' title="bbox 235 3444 1830 3521; baseline -0.004 -16"><span class='ocrx_word' id='word_1_361' title='bbox 235 3453 361 3521; x_wconf 85' lang='lat' dir='ltr'><strong>ejus</strong></span> <span class='ocrx_word' id='word_1_362' title='bbox 388 3449 695 3519; x_wconf 73' lang='lat' dir='ltr'><strong>praesidium</strong></span> <span class='ocrx_word' id='word_1_363' title='bbox 723 3448 1050 3504; x_wconf 82' lang='lat' dir='ltr'><strong>ulciscaniini</strong></span> <span class='ocrx_word' id='word_1_364' title='bbox 1075 3489 1090 3513; x_wconf 96' lang='lat'><strong>,</strong></span> <span class='ocrx_word' id='word_1_365' title='bbox 1129 3445 1499 3516; x_wconf 83' lang='lat' dir='ltr'><strong>prephelicum</strong></span> <span class='ocrx_word' id='word_1_366' title='bbox 1541 3444 1667 3500; x_wconf 91' lang='lat' dir='ltr'><strong>illud</strong></span> <span class='ocrx_word' id='word_1_367' title='bbox 1702 3444 1830 3499; x_wconf 88' lang='lat' dir='ltr'><strong>vati-</strong></span> 
     </span>
    </p>
   </div>
   <div class='ocr_carea' id='block_1_54' title="bbox 234 3534 1827 3607">
    <p class='ocr_par' dir='ltr' id='par_1_54' title="bbox 234 3534 1827 3607">
     <span class='ocr_line' id='line_1_54' title="bbox 234 3534 1827 3607; baseline -0.004 -11"><span class='ocrx_word' id='word_1_368' title='bbox 234 3543 447 3597; x_wconf 90' lang='lat' dir='ltr'><strong>cinium</strong></span> <span class='ocrx_word' id='word_1_369' title='bbox 477 3557 597 3595; x_wconf 91' lang='lat' dir='ltr'><strong>cum</strong></span> <span class='ocrx_word' id='word_1_370' title='bbox 628 3538 891 3607; x_wconf 81' lang='lat' dir='ltr'><strong>imperiali</strong></span> <span class='ocrx_word' id='word_1_371' title='bbox 921 3537 1204 3593; x_wconf 79' lang='lat' dir='ltr'><strong>clementia</strong></span> <span class='ocrx_word' id='word_1_372' title='bbox 1234 3535 1639 3605; x_wconf 80' lang='lat' dir='ltr'><strong>magnanimiler</strong></span> <span class='ocrx_word' id='word_1_373' title='bbox 1660 3534 1827 3589; x_wconf 87' lang='lat' dir='ltr'><strong>adim-</strong></span> 
     </span>
    </p>
   </div>
   <div class='ocr_carea' id='block_1_55' title="bbox 237 3628 1828 3703">
    <p class='ocr_par' dir='ltr' id='par_1_55' title="bbox 237 3628 1828 3703">
     <span class='ocr_line' id='line_1_55' title="bbox 237 3628 1828 3703; baseline -0.003 -17"><span class='ocrx_word' id='word_1_374' title='bbox 237 3638 475 3703; x_wconf 85' lang='lat' dir='ltr'><strong>plentes,</strong></span> <span class='ocrx_word' id='word_1_375' title='bbox 505 3647 610 3700; x_wconf 91' lang='lat' dir='ltr'><strong>quo</strong></span> <span class='ocrx_word' id='word_1_376' title='bbox 654 3647 751 3686; x_wconf 79' lang='lat' dir='ltr'><strong>rex</strong></span> <span class='ocrx_word' id='word_1_377' title='bbox 788 3639 843 3686; x_wconf 87' lang='lat' dir='ltr'><strong>et</strong></span> <span class='ocrx_word' id='word_1_378' title='bbox 886 3629 1147 3700; x_wconf 88' lang='lat' dir='ltr'><strong>propheta</strong></span> <span class='ocrx_word' id='word_1_379' title='bbox 1173 3628 1337 3682; x_wconf 87' lang='lat' dir='ltr'><strong>David</strong></span> <span class='ocrx_word' id='word_1_380' title='bbox 1368 3628 1433 3682; x_wconf 87' lang='lat' dir='ltr'><strong>ad</strong></span> <span class='ocrx_word' id='word_1_381' title='bbox 1462 3629 1627 3683; x_wconf 90' lang='lat' dir='ltr'><strong>Deum</strong></span> <span class='ocrx_word' id='word_1_382' title='bbox 1660 3628 1828 3697; x_wconf 90' lang='lat' dir='ltr'><strong>loqui-</strong></span> 
     </span>
    </p>
   </div>
   <div class='ocr_carea' id='block_1_56' title="bbox 237 3717 1826 3790">
    <p class='ocr_par' dir='ltr' id='par_1_56' title="bbox 237 3717 1826 3790">
     <span class='ocr_line' id='line_1_56' title="bbox 237 3717 1826 3790; baseline -0.004 -11"><span class='ocrx_word' id='word_1_383' title='bbox 237 3736 369 3779; x_wconf 85' lang='lat' dir='ltr'><strong>tur:</strong></span> <span class='ocrx_word' id='word_1_384' title='bbox 398 3723 552 3779; x_wconf 78' lang='lat' dir='ltr'><strong>Zelus</strong></span> <span class='ocrx_word' id='word_1_385' title='bbox 592 3724 772 3775; x_wconf 80' lang='lat' dir='ltr'><strong>domus</strong></span> <span class='ocrx_word' id='word_1_386' title='bbox 804 3731 924 3786; x_wconf 75' lang='lat' dir='ltr'><strong>tute,</strong></span> <span class='ocrx_word' id='word_1_387' title='bbox 968 3721 1231 3790; x_wconf 85' lang='lat' dir='ltr'><strong>inquiens,</strong></span> <span class='ocrx_word' id='word_1_388' title='bbox 1282 3721 1495 3773; x_wconf 81' lang='lat' dir='ltr'><strong>comedit</strong></span> <span class='ocrx_word' id='word_1_389' title='bbox 1535 3736 1616 3773; x_wconf 87' lang='lat' dir='ltr'><strong>me</strong></span> <span class='ocrx_word' id='word_1_390' title='bbox 1653 3717 1826 3789; x_wconf 69' lang='lat' dir='ltr'><strong>(Paul.</strong></span> 
     </span>
    </p>
   </div>
   <div class='ocr_carea' id='block_1_57' title="bbox 236 3808 1825 3882">
    <p class='ocr_par' dir='ltr' id='par_1_57' title="bbox 236 3808 1825 3882">
     <span class='ocr_line' id='line_1_57' title="bbox 236 3808 1825 3882; baseline -0.003 -14"><span class='ocrx_word' id='word_1_391' title='bbox 236 3813 454 3882; x_wconf 72' lang='lat' dir='ltr'><strong>uult).</strong></span> <span class='ocrx_word' id='word_1_392' title='bbox 519 3812 669 3866; x_wconf 86' lang='lat' dir='ltr'><strong>Unde</strong></span> <span class='ocrx_word' id='word_1_393' title='bbox 718 3826 811 3878; x_wconf 89' lang='lat' dir='ltr'><strong>pro</strong></span> <span class='ocrx_word' id='word_1_394' title='bbox 850 3810 938 3863; x_wconf 88' lang='lat' dir='ltr'><strong>tali</strong></span> <span class='ocrx_word' id='word_1_395' title='bbox 971 3809 1081 3864; x_wconf 89' lang='lat' dir='ltr'><strong>Deo</strong></span> <span class='ocrx_word' id='word_1_396' title='bbox 1108 3809 1304 3879; x_wconf 86' lang='lat' dir='ltr'><strong>placito</strong></span> <span class='ocrx_word' id='word_1_397' title='bbox 1332 3810 1447 3863; x_wconf 83' lang='lat' dir='ltr'><strong>zelo</strong></span> <span class='ocrx_word' id='word_1_398' title='bbox 1474 3808 1825 3872; x_wconf 84' lang='lat' dir='ltr'><strong>collaudatus,</strong></span> 
     </span>
    </p>
   </div>
   <div class='ocr_carea' id='block_1_58' title="bbox 234 3898 1822 3959">
    <p class='ocr_par' dir='ltr' id='par_1_58' title="bbox 234 3898 1822 3959">
     <span class='ocr_line' id='line_1_58' title="bbox 234 3898 1822 3959; baseline -0.003 0"><span class='ocrx_word' id='word_1_399' title='bbox 234 3905 392 3959; x_wconf 86' lang='lat' dir='ltr'><strong>illam</strong></span> <span class='ocrx_word' id='word_1_400' title='bbox 428 3902 636 3957; x_wconf 86' lang='lat' dir='ltr'><strong>beatam</strong></span> <span class='ocrx_word' id='word_1_401' title='bbox 679 3914 863 3955; x_wconf 81' lang='lat' dir='ltr'><strong>vocem</strong></span> <span class='ocrx_word' id='word_1_402' title='bbox 891 3898 1077 3953; x_wconf 88' lang='lat' dir='ltr'><strong>audire</strong></span> <span class='ocrx_word' id='word_1_403' title='bbox 1116 3915 1144 3954; x_wconf 89' lang='lat' dir='ltr'><strong>a</strong></span> <span class='ocrx_word' id='word_1_404' title='bbox 1173 3898 1425 3953; x_wconf 89' lang='lat' dir='ltr'><strong>Creatore</strong></span> <span class='ocrx_word' id='word_1_405' title='bbox 1452 3899 1688 3954; x_wconf 91' lang='lat' dir='ltr'><strong>omnium</strong></span> <span class='ocrx_word' id='word_1_406' title='bbox 1717 3915 1822 3954; x_wconf 86' lang='lat' dir='ltr'><strong>tne-</strong></span> 
     </span>
    </p>
   </div>
   <div class='ocr_carea' id='block_1_59' title="bbox 232 3990 1828 4065">
    <p class='ocr_par' dir='ltr' id='par_1_59' title="bbox 232 3990 1828 4065">
     <span class='ocr_line' id='line_1_59' title="bbox 232 3990 1828 4065; baseline -0.003 -16"><span class='ocrx_word' id='word_1_407' title='bbox 232 3995 349 4049; x_wconf 80' lang='lat' dir='ltr'><strong>ruit</strong></span> <span class='ocrx_word' id='word_1_408' title='bbox 376 4011 387 4046; x_wconf 90' lang='lat'>:</span> <span class='ocrx_word' id='word_1_409' title='bbox 423 3991 601 4046; x_wconf 84' lang='lat' dir='ltr'><strong>Inveni</strong></span> <span class='ocrx_word' id='word_1_410' title='bbox 628 3991 795 4046; x_wconf 81' lang='lat' dir='ltr'><strong>David</strong></span> <span class='ocrx_word' id='word_1_411' title='bbox 820 3991 1007 4065; x_wconf 85' lang='lat' dir='ltr'><strong>_virum</strong></span> <span class='ocrx_word' id='word_1_412' title='bbox 1054 3990 1332 4045; x_wconf 83' lang='lat' dir='ltr'><strong>secundum</strong></span> <span class='ocrx_word' id='word_1_413' title='bbox 1372 4007 1459 4045; x_wconf 88' lang='lat' dir='ltr'><strong>cor</strong></span> <span class='ocrx_word' id='word_1_414' title='bbox 1510 4007 1674 4044; x_wconf 83' lang='lat' dir='ltr'><strong>meum</strong></span> <span class='ocrx_word' id='word_1_415' title='bbox 1696 4033 1710 4058; x_wconf 91' lang='lat'><strong>,</strong></span> <span class='ocrx_word' id='word_1_416' title='bbox 1740 3992 1828 4061; x_wconf 86' lang='lat' dir='ltr'><strong>qui</strong></span> 
     </span>
    </p>
   </div>
   <div class='ocr_carea' id='block_1_60' title="bbox 235 4082 1827 4155">
    <p class='ocr_par' dir='ltr' id='par_1_60' title="bbox 235 4082 1827 4155">
     <span class='ocr_line' id='line_1_60' title="bbox 235 4082 1827 4155; baseline -0.001 -17"><span class='ocrx_word' id='word_1_417' title='bbox 235 4086 401 4155; x_wconf 71' lang='lat' dir='ltr'><strong>faciat</strong></span> <span class='ocrx_word' id='word_1_418' title='bbox 450 4099 621 4137; x_wconf 73' lang='lat' dir='ltr'><strong>onmes</strong></span> <span class='ocrx_word' id='word_1_419' title='bbox 668 4083 951 4137; x_wconf 80' lang='lat' dir='ltr'><strong>voluntates</strong></span> <span class='ocrx_word' id='word_1_420' title='bbox 994 4100 1128 4137; x_wconf 77' lang='lat' dir='ltr'><strong>meas</strong></span> <span class='ocrx_word' id='word_1_421' title='bbox 1170 4083 1314 4153; x_wconf 81' lang='lat' dir='ltr'><strong>(Act.</strong></span> <span class='ocrx_word' id='word_1_422' title='bbox 1350 4082 1499 4153; x_wconf 78' lang='lat' dir='ltr'><strong>xm).</strong></span> <span class='ocrx_word' id='word_1_423' title='bbox 1539 4082 1635 4137; x_wconf 89' lang='lat' dir='ltr'><strong>Cui</strong></span> <span class='ocrx_word' id='word_1_424' title='bbox 1672 4093 1727 4139; x_wconf 88' lang='lat' dir='ltr'><strong>et</strong></span> <span class='ocrx_word' id='word_1_425' title='bbox 1773 4087 1827 4138; x_wconf 91' lang='lat' dir='ltr'><strong>in</strong></span> 
     </span>
    </p>
   </div>
   <div class='ocr_carea' id='block_1_61' title="bbox 237 4172 1828 4243">
    <p class='ocr_par' dir='ltr' id='par_1_61' title="bbox 237 4172 1828 4243">
     <span class='ocr_line' id='line_1_61' title="bbox 237 4172 1828 4243; baseline 0 -13"><span class='ocrx_word' id='word_1_426' title='bbox 237 4174 471 4230; x_wconf 82' lang='lat' dir='ltr'><strong>Psalmis</strong></span> <span class='ocrx_word' id='word_1_427' title='bbox 501 4174 782 4243; x_wconf 88' lang='lat' dir='ltr'><strong>pollicetur</strong></span> <span class='ocrx_word' id='word_1_428' title='bbox 808 4191 819 4226; x_wconf 92' lang='lat'>:</span> <span class='ocrx_word' id='word_1_429' title='bbox 858 4172 1037 4227; x_wconf 81' lang='lat' dir='ltr'><strong>Inveni</strong></span> <span class='ocrx_word' id='word_1_430' title='bbox 1066 4173 1232 4227; x_wconf 82' lang='lat' dir='ltr'><strong>David</strong></span> <span class='ocrx_word' id='word_1_431' title='bbox 1254 4190 1453 4228; x_wconf 84' lang='lat' dir='ltr'><strong>servum</strong></span> <span class='ocrx_word' id='word_1_432' title='bbox 1484 4191 1647 4228; x_wconf 86' lang='lat' dir='ltr'><strong>meum</strong></span> <span class='ocrx_word' id='word_1_433' title='bbox 1668 4217 1683 4239; x_wconf 92' lang='lat'><strong>,</strong></span> <span class='ocrx_word' id='word_1_434' title='bbox 1717 4176 1828 4231; x_wconf 84' lang='lat' dir='ltr'><strong>oleo</strong></span> 
     </span>
    </p>
   </div>
   <div class='ocr_carea' id='block_1_62' title="bbox 234 4262 1826 4319">
    <p class='ocr_par' dir='ltr' id='par_1_62' title="bbox 234 4262 1826 4319">
     <span class='ocr_line' id='line_1_62' title="bbox 234 4262 1826 4319; baseline -0.001 0"><span class='ocrx_word' id='word_1_435' title='bbox 234 4262 421 4319; x_wconf 69' lang='lat' dir='ltr'><strong>amicta</strong></span> <span class='ocrx_word' id='word_1_436' title='bbox 447 4279 556 4317; x_wconf 88' lang='lat' dir='ltr'><strong>meo</strong></span> <span class='ocrx_word' id='word_1_437' title='bbox 582 4263 709 4317; x_wconf 75' lang='lat' dir='ltr'><strong>unxi</strong></span> <span class='ocrx_word' id='word_1_438' title='bbox 746 4279 862 4316; x_wconf 85' lang='lat' dir='ltr'><strong>cum</strong></span> <span class='ocrx_word' id='word_1_439' title='bbox 900 4278 1125 4317; x_wconf 77' lang='lat' dir='ltr'><strong>:manus</strong></span> <span class='ocrx_word' id='word_1_440' title='bbox 1163 4265 1298 4317; x_wconf 82' lang='lat' dir='ltr'><strong>enim</strong></span> <span class='ocrx_word' id='word_1_441' title='bbox 1341 4281 1452 4318; x_wconf 87' lang='lat' dir='ltr'><strong>mea</strong></span> <span class='ocrx_word' id='word_1_442' title='bbox 1494 4265 1826 4319; x_wconf 72' lang='lat' dir='ltr'><strong>auxiliabitur</strong></span> 
     </span>
    </p>
   </div>
   <div class='ocr_carea' id='block_1_63' title="bbox 234 4355 1824 4427">
    <p class='ocr_par' dir='ltr' id='par_1_63' title="bbox 234 4355 1824 4427">
     <span class='ocr_line' id='line_1_63' title="bbox 234 4355 1824 4427; baseline 0 -17"><span class='ocrx_word' id='word_1_443' title='bbox 234 4358 309 4421; x_wconf 75' lang='lat' dir='ltr'><strong>ei,</strong></span> <span class='ocrx_word' id='word_1_444' title='bbox 332 4364 382 4409; x_wconf 80' lang='grc' dir='ltr'><strong>ει</strong></span> <span class='ocrx_word' id='word_1_445' title='bbox 398 4355 659 4409; x_wconf 83' lang='lat' dir='ltr'><strong>brachium</strong></span> <span class='ocrx_word' id='word_1_446' title='bbox 688 4370 854 4409; x_wconf 81' lang='lat' dir='ltr'><strong>meum</strong></span> <span class='ocrx_word' id='word_1_447' title='bbox 876 4356 1180 4424; x_wconf 78' lang='lat' dir='ltr'><strong>confortabit</strong></span> <span class='ocrx_word' id='word_1_448' title='bbox 1204 4372 1315 4410; x_wconf 84' lang='lat' dir='ltr'><strong>eum</strong></span> <span class='ocrx_word' id='word_1_449' title='bbox 1341 4356 1510 4427; x_wconf 82' lang='grc' dir='ltr'><strong>(Ρεαι.</strong></span> <span class='ocrx_word' id='word_1_450' title='bbox 1543 4357 1824 4427; x_wconf 81' lang='lat' dir='ltr'><strong>Lxxxvttt),</strong></span> 
     </span>
    </p>
   </div>
   <div class='ocr_carea' id='block_1_64' title="bbox 238 4445 1823 4516">
    <p class='ocr_par' dir='ltr' id='par_1_64' title="bbox 238 4445 1823 4516">
     <span class='ocr_line' id='line_1_64' title="bbox 238 4445 1823 4516; baseline -0.001 -15"><span class='ocrx_word' id='word_1_451' title='bbox 238 4456 301 4501; x_wconf 88' lang='lat' dir='ltr'><strong>ut</strong></span> <span class='ocrx_word' id='word_1_452' title='bbox 329 4446 482 4516; x_wconf 84' lang='lat' dir='ltr'><strong>cujus</strong></span> <span class='ocrx_word' id='word_1_453' title='bbox 526 4460 743 4500; x_wconf 90' lang='lat' dir='ltr'><strong>causam</strong></span> <span class='ocrx_word' id='word_1_454' title='bbox 775 4445 1127 4514; x_wconf 81' lang='lat' dir='ltr'><strong>conﬂagranti</strong></span> <span class='ocrx_word' id='word_1_455' title='bbox 1168 4446 1345 4501; x_wconf 88' lang='lat' dir='ltr'><strong>studio</strong></span> <span class='ocrx_word' id='word_1_456' title='bbox 1385 4447 1625 4501; x_wconf 87' lang='lat' dir='ltr'><strong>elaborat</strong></span> <span class='ocrx_word' id='word_1_457' title='bbox 1666 4445 1823 4501; x_wconf 85' lang='lat' dir='ltr'><strong>Chri-</strong></span> 
     </span>
    </p>
   </div>
   <div class='ocr_carea' id='block_1_65' title="bbox 1936 1901 3529 1974">
    <p class='ocr_par' dir='ltr' id='par_1_65' title="bbox 1936 1901 3529 1974">
     <span class='ocr_line' id='line_1_65' title="bbox 1936 1901 3529 1974; baseline -0.003 -15"><span class='ocrx_word' id='word_1_458' title='bbox 1936 1905 2269 1965; x_wconf 66' lang='grc' dir='ltr'>ἀποϐλήσεως</span> <span class='ocrx_word' id='word_1_459' title='bbox 2330 1902 2560 1974; x_wconf 76' lang='grc' dir='ltr'>ἔτυχεν,</span> <span class='ocrx_word' id='word_1_460' title='bbox 2608 1902 3005 1967; x_wconf 74' lang='grc' dir='ltr'>ὑπολέλειπται,</span> <span class='ocrx_word' id='word_1_461' title='bbox 3062 1902 3148 1955; x_wconf 82' lang='grc' dir='ltr'>ἶνα</span> <span class='ocrx_word' id='word_1_462' title='bbox 3206 1907 3317 1962; x_wconf 88' lang='grc' dir='ltr'>ταῖς</span> <span class='ocrx_word' id='word_1_463' title='bbox 3382 1901 3529 1970; x_wconf 72' lang='grc' dir='ltr'>εὐμε-</span> 
     </span>
    </p>
   </div>
   <div class='ocr_carea' id='block_1_66' title="bbox 1936 1992 3527 2064">
    <p class='ocr_par' dir='ltr' id='par_1_66' title="bbox 1936 1992 3527 2064">
     <span class='ocr_line' id='line_1_66' title="bbox 1936 1992 3527 2064; baseline -0.003 -16"><span class='ocrx_word' id='word_1_464' title='bbox 1936 1997 2090 2054; x_wconf 75' lang='grc' dir='ltr'>νείαις</span> <span class='ocrx_word' id='word_1_465' title='bbox 2138 2002 2230 2054; x_wconf 77' lang='grc' dir='ltr'>τῆς</span> <span class='ocrx_word' id='word_1_466' title='bbox 2268 1995 2587 2050; x_wconf 80' lang='grc' dir='ltr'>Θεοστέπτου</span> <span class='ocrx_word' id='word_1_467' title='bbox 2640 1995 2782 2064; x_wconf 79' lang='grc' dir='ltr'>ὑμῶν</span> <span class='ocrx_word' id='word_1_468' title='bbox 2836 1992 3205 2063; x_wconf 81' lang='grc' dir='ltr'>φιλανθρωπίας</span> <span class='ocrx_word' id='word_1_469' title='bbox 3248 2000 3340 2054; x_wconf 71' lang='grc' dir='ltr'><strong>τῆς</strong></span> <span class='ocrx_word' id='word_1_470' title='bbox 3387 1993 3527 2054; x_wconf 82' lang='grc' dir='ltr'>νίκης</span> 
     </span>
    </p>
   </div>
   <div class='ocr_carea' id='block_1_67' title="bbox 1935 2080 3527 2156">
    <p class='ocr_par' dir='ltr' id='par_1_67' title="bbox 1935 2080 3527 2156">
     <span class='ocr_line' id='line_1_67' title="bbox 1935 2080 3527 2156; baseline -0.001 -17"><span class='ocrx_word' id='word_1_471' title='bbox 1935 2086 2020 2140; x_wconf 88' lang='grc' dir='ltr'><strong>τόν</strong></span> <span class='ocrx_word' id='word_1_472' title='bbox 2060 2084 2300 2156; x_wconf 75' lang='grc' dir='ltr'>στέφανον</span> <span class='ocrx_word' id='word_1_473' title='bbox 2350 2086 2380 2142; x_wconf 75' lang='grc' dir='ltr'>ἡ</span> <span class='ocrx_word' id='word_1_474' title='bbox 2418 2085 2615 2141; x_wconf 75' lang='grc' dir='ltr'>ἀλήθεια</span> <span class='ocrx_word' id='word_1_475' title='bbox 2650 2080 3001 2155; x_wconf 76' lang='grc' dir='ltr'>ἀναδησαμένη</span> <span class='ocrx_word' id='word_1_476' title='bbox 3041 2081 3296 2155; x_wconf 69' lang='grc' dir='ltr'>ἐκλάμψῃ,</span> <span class='ocrx_word' id='word_1_477' title='bbox 3322 2084 3527 2144; x_wconf 80' lang='grc' dir='ltr'>καὶτῆς</span> 
     </span>
    </p>
   </div>
   <div class='ocr_carea' id='block_1_68' title="bbox 1934 2179 3528 2255">
    <p class='ocr_par' dir='ltr' id='par_1_68' title="bbox 1934 2179 3528 2255">
     <span class='ocr_line' id='line_1_68' title="bbox 1934 2179 3528 2255; baseline -0.001 -22"><span class='ocrx_word' id='word_1_478' title='bbox 1934 2181 2227 2240; x_wconf 77' lang='grc' dir='ltr'>καινότητος</span> <span class='ocrx_word' id='word_1_479' title='bbox 2263 2182 2293 2238; x_wconf 78' lang='grc' dir='ltr'>ἡ</span> <span class='ocrx_word' id='word_1_480' title='bbox 2352 2180 2511 2239; x_wconf 80' lang='grc' dir='ltr'>πλάνη</span> <span class='ocrx_word' id='word_1_481' title='bbox 2565 2180 2693 2235; x_wconf 83' lang='grc' dir='ltr'>ιιετά</span> <span class='ocrx_word' id='word_1_482' title='bbox 2737 2186 2837 2234; x_wconf 85' lang='grc' dir='ltr'><strong>τῶν</strong></span> <span class='ocrx_word' id='word_1_483' title='bbox 2895 2179 3053 2240; x_wconf 77' lang='grc' dir='ltr'>αὐτῆς</span> <span class='ocrx_word' id='word_1_484' title='bbox 3100 2184 3397 2255; x_wconf 72' lang='grc' dir='ltr'>ιφευρετῶν,</span> <span class='ocrx_word' id='word_1_485' title='bbox 3441 2181 3528 2234; x_wconf 77' lang='grc' dir='ltr'><strong>καί</strong></span> 
     </span>
    </p>
   </div>
   <div class='ocr_carea' id='block_1_69' title="bbox 1935 2266 3527 2347">
    <p class='ocr_par' dir='ltr' id='par_1_69' title="bbox 1935 2266 3527 2347">
     <span class='ocr_line' id='line_1_69' title="bbox 1935 2266 3527 2347; baseline -0.001 -22"><span class='ocrx_word' id='word_1_486' title='bbox 1935 2279 2033 2325; x_wconf 84' lang='grc' dir='ltr'>τῶν</span> <span class='ocrx_word' id='word_1_487' title='bbox 2068 2280 2129 2347; x_wconf 73' lang='grc' dir='ltr'>τῇ</span> <span class='ocrx_word' id='word_1_488' title='bbox 2167 2270 2467 2345; x_wconf 74' lang='grc' dir='ltr'>διδασκαλίᾳ</span> <span class='ocrx_word' id='word_1_489' title='bbox 2524 2272 2689 2325; x_wconf 75' lang='grc' dir='ltr'>αὐτῶν</span> <span class='ocrx_word' id='word_1_490' title='bbox 2736 2266 3141 2325; x_wconf 74' lang='grc' dir='ltr'>ἀκολουθούντων</span> <span class='ocrx_word' id='word_1_491' title='bbox 3190 2276 3282 2330; x_wconf 77' lang='grc' dir='ltr'>τῆς</span> <span class='ocrx_word' id='word_1_492' title='bbox 3337 2269 3527 2331; x_wconf 86' lang='grc' dir='ltr'>οίκείας</span> 
     </span>
    </p>
   </div>
   <div class='ocr_carea' id='block_1_70' title="bbox 1933 2360 3528 2437">
    <p class='ocr_par' dir='ltr' id='par_1_70' title="bbox 1933 2360 3528 2437">
     <span class='ocr_line' id='line_1_70' title="bbox 1933 2360 3528 2437; baseline -0.001 -20"><span class='ocrx_word' id='word_1_493' title='bbox 1933 2362 2119 2431; x_wconf 78' lang='grc' dir='ltr'>τόλμης</span> <span class='ocrx_word' id='word_1_494' title='bbox 2166 2368 2257 2421; x_wconf 74' lang='grc' dir='ltr'>τήν</span> <span class='ocrx_word' id='word_1_495' title='bbox 2323 2366 2497 2421; x_wconf 73' lang='grc' dir='ltr'>ποινήν</span> <span class='ocrx_word' id='word_1_496' title='bbox 2558 2362 2810 2437; x_wconf 72' lang='grc' dir='ltr'>ἀποτίσῃ⁶</span> <span class='ocrx_word' id='word_1_497' title='bbox 2854 2362 2937 2416; x_wconf 87' lang='grc' dir='ltr'><strong>καί</strong></span> <span class='ocrx_word' id='word_1_498' title='bbox 2986 2360 3039 2414; x_wconf 77' lang='grc' dir='ltr'>εκ</span> <span class='ocrx_word' id='word_1_499' title='bbox 3079 2367 3171 2415; x_wconf 89' lang='grc' dir='ltr'><strong>τοῦ</strong></span> <span class='ocrx_word' id='word_1_500' title='bbox 3226 2361 3388 2431; x_wconf 72' lang='grc' dir='ltr'>μέσον</span> <span class='ocrx_word' id='word_1_501' title='bbox 3427 2368 3528 2417; x_wconf 88' lang='grc' dir='ltr'><strong>τῶν</strong></span> 
     </span>
    </p>
   </div>
   <div class='ocr_carea' id='block_1_71' title="bbox 1936 2450 3523 2527">
    <p class='ocr_par' dir='ltr' id='par_1_71' title="bbox 1936 2450 3523 2527">
     <span class='ocr_line' id='line_1_71' title="bbox 1936 2450 3523 2527; baseline -0.002 -20"><span class='ocrx_word' id='word_1_502' title='bbox 1936 2451 2208 2527; x_wconf 79' lang='grc' dir='ltr'>ὀρθοδόξων</span> <span class='ocrx_word' id='word_1_503' title='bbox 2253 2451 2513 2526; x_wconf 78' lang='grc' dir='ltr'>προέδρων</span> <span class='ocrx_word' id='word_1_504' title='bbox 2562 2452 2696 2526; x_wconf 73' lang='grc' dir='ltr'>ὑπὲρ</span> <span class='ocrx_word' id='word_1_505' title='bbox 2739 2461 2830 2511; x_wconf 82' lang='grc' dir='ltr'>τῆς</span> <span class='ocrx_word' id='word_1_506' title='bbox 2883 2450 3175 2513; x_wconf 76' lang='grc' dir='ltr'>καινότητος</span> <span class='ocrx_word' id='word_1_507' title='bbox 3219 2459 3309 2511; x_wconf 78' lang='grc' dir='ltr'>τῆς</span> <span class='ocrx_word' id='word_1_508' title='bbox 3353 2452 3523 2506; x_wconf 74' lang='grc' dir='ltr'>αὐτῶν</span> 
     </span>
    </p>
   </div>
   <div class='ocr_carea' id='block_1_72' title="bbox 1932 2542 3529 2616">
    <p class='ocr_par' dir='ltr' id='par_1_72' title="bbox 1932 2542 3529 2616">
     <span class='ocr_line' id='line_1_72' title="bbox 1932 2542 3529 2616; baseline 0 -19"><span class='ocrx_word' id='word_1_509' title='bbox 1932 2543 2183 2616; x_wconf 69' lang='grc' dir='ltr'>αἱρετιτεῆς</span> <span class='ocrx_word' id='word_1_510' title='bbox 2235 2542 2539 2613; x_wconf 81' lang='grc' dir='ltr'>φαυλότητος</span> <span class='ocrx_word' id='word_1_511' title='bbox 2606 2542 2932 2605; x_wconf 77' lang='grc' dir='ltr'>ἕξωσθῶσιν·</span> <span class='ocrx_word' id='word_1_512' title='bbox 3002 2542 3060 2599; x_wconf 74' lang='grc' dir='ltr'>ἣν</span> <span class='ocrx_word' id='word_1_513' title='bbox 3116 2543 3165 2595; x_wconf 77' lang='grc' dir='ltr'>ἐν</span> <span class='ocrx_word' id='word_1_514' title='bbox 3222 2544 3368 2613; x_wconf 81' lang='grc' dir='ltr'>μέσῳ</span> <span class='ocrx_word' id='word_1_515' title='bbox 3436 2551 3529 2603; x_wconf 81' lang='grc' dir='ltr'>τῆς</span> 
     </span>
    </p>
   </div>
   <div class='ocr_carea' id='block_1_73' title="bbox 1933 2634 3527 2708">
    <p class='ocr_par' dir='ltr' id='par_1_73' title="bbox 1933 2634 3527 2708">
     <span class='ocr_line' id='line_1_73' title="bbox 1933 2634 3527 2708; baseline -0.002 -18"><span class='ocrx_word' id='word_1_516' title='bbox 1933 2635 2082 2708; x_wconf 86' lang='grc' dir='ltr'>ἀγίας</span> <span class='ocrx_word' id='word_1_517' title='bbox 2119 2636 2378 2697; x_wconf 65' lang='grc' dir='ltr'>καθολικσῗκ</span> <span class='ocrx_word' id='word_1_518' title='bbox 2422 2638 2506 2690; x_wconf 87' lang='grc' dir='ltr'><strong>καί</strong></span> <span class='ocrx_word' id='word_1_519' title='bbox 2545 2634 2894 2694; x_wconf 78' lang='grc' dir='ltr'>ἁποστολικῆς</span> <span class='ocrx_word' id='word_1_520' title='bbox 2934 2641 3025 2689; x_wconf 90' lang='grc' dir='ltr'><strong>τοῦ</strong></span> <span class='ocrx_word' id='word_1_521' title='bbox 3057 2641 3282 2706; x_wconf 79' lang='grc' dir='ltr'>Χριστοῦ</span> <span class='ocrx_word' id='word_1_522' title='bbox 3320 2634 3527 2693; x_wconf 75' lang='grc' dir='ltr'>Ἐκκληο</span> 
     </span>
    </p>
   </div>
   <div class='ocr_carea' id='block_1_74' title="bbox 1931 2722 3525 2802">
    <p class='ocr_par' dir='ltr' id='par_1_74' title="bbox 1931 2722 3525 2802">
     <span class='ocr_line' id='line_1_74' title="bbox 1931 2722 3525 2802; baseline -0.003 -20"><span class='ocrx_word' id='word_1_523' title='bbox 1931 2731 2053 2788; x_wconf 85' lang='grc' dir='ltr'>σίας</span> <span class='ocrx_word' id='word_1_524' title='bbox 2105 2729 2456 2802; x_wconf 75' lang='grc' dir='ltr'>ἐπεχείρησαν</span> <span class='ocrx_word' id='word_1_525' title='bbox 2516 2727 2838 2797; x_wconf 70' lang='grc' dir='ltr'>εἰσαγαγεῖν,</span> <span class='ocrx_word' id='word_1_526' title='bbox 2874 2727 2958 2779; x_wconf 82' lang='grc' dir='ltr'><strong>καί</strong></span> <span class='ocrx_word' id='word_1_527' title='bbox 3005 2725 3063 2779; x_wconf 87' lang='grc' dir='ltr'><strong>τό</strong></span> <span class='ocrx_word' id='word_1_528' title='bbox 3112 2722 3395 2802; x_wconf 69' lang='grc' dir='ltr'>ἀδιαίρετον</span> <span class='ocrx_word' id='word_1_529' title='bbox 3443 2725 3525 2779; x_wconf 80' lang='grc' dir='ltr'><strong>καί</strong></span> 
     </span>
    </p>
   </div>
   <div class='ocr_carea' id='block_1_75' title="bbox 1932 2815 3523 2890">
    <p class='ocr_par' dir='ltr' id='par_1_75' title="bbox 1932 2815 3523 2890">
     <span class='ocr_line' id='line_1_75' title="bbox 1932 2815 3523 2890; baseline -0.001 -18"><span class='ocrx_word' id='word_1_530' title='bbox 1932 2815 2195 2890; x_wconf 77' lang='grc' dir='ltr'>ἄχραντον</span> <span class='ocrx_word' id='word_1_531' title='bbox 2250 2824 2403 2886; x_wconf 84' lang='grc' dir='ltr'>σῶμα</span> <span class='ocrx_word' id='word_1_532' title='bbox 2458 2824 2550 2875; x_wconf 77' lang='grc' dir='ltr'>τῆς</span> <span class='ocrx_word' id='word_1_533' title='bbox 2618 2815 2917 2874; x_wconf 81' lang='grc' dir='ltr'>Ἐκκλησὶας</span> <span class='ocrx_word' id='word_1_534' title='bbox 2988 2819 3079 2867; x_wconf 88' lang='grc' dir='ltr'><strong>τοῦ</strong></span> <span class='ocrx_word' id='word_1_535' title='bbox 3156 2820 3379 2889; x_wconf 80' lang='grc' dir='ltr'>Χριστοῦ</span> <span class='ocrx_word' id='word_1_536' title='bbox 3447 2822 3523 2884; x_wconf 80' lang='grc' dir='ltr'>τῷ</span> 
     </span>
    </p>
   </div>
   <div class='ocr_carea' id='block_1_76' title="bbox 1931 2901 3523 2981">
    <p class='ocr_par' dir='ltr' id='par_1_76' title="bbox 1931 2901 3523 2981">
     <span class='ocr_line' id='line_1_76' title="bbox 1931 2901 3523 2981; baseline -0.003 -19"><span class='ocrx_word' id='word_1_537' title='bbox 1931 2909 2176 2981; x_wconf 81' lang='grc' dir='ltr'>μολυσμῷ</span> <span class='ocrx_word' id='word_1_538' title='bbox 2233 2916 2325 2967; x_wconf 77' lang='grc' dir='ltr'>τῆς</span> <span class='ocrx_word' id='word_1_539' title='bbox 2387 2907 2645 2981; x_wconf 81' lang='grc' dir='ltr'>αἱρετικῆς</span> <span class='ocrx_word' id='word_1_540' title='bbox 2701 2904 3005 2976; x_wconf 59' lang='grc' dir='ltr'>γαυλότητος</span> <span class='ocrx_word' id='word_1_541' title='bbox 3056 2903 3337 2959; x_wconf 84' lang='grc' dir='ltr'>σπιλῶσοιι.</span> <span class='ocrx_word' id='word_1_542' title='bbox 3397 2901 3523 2958; x_wconf 76' lang='grc' dir='ltr'><strong>Οὐδᾶ</strong></span> 
     </span>
    </p>
   </div>
   <div class='ocr_carea' id='block_1_77' title="bbox 1932 2996 3525 3072">
    <p class='ocr_par' dir='ltr' id='par_1_77' title="bbox 1932 2996 3525 3072">
     <span class='ocr_line' id='line_1_77' title="bbox 1932 2996 3525 3072; baseline -0.001 -20"><span class='ocrx_word' id='word_1_543' title='bbox 1932 3000 2031 3072; x_wconf 85' lang='grc' dir='ltr'><strong>γάρ</strong></span> <span class='ocrx_word' id='word_1_544' title='bbox 2080 2996 2282 3068; x_wconf 73' lang='grc' dir='ltr'>εὔλογόν</span> <span class='ocrx_word' id='word_1_545' title='bbox 2326 2998 2495 3060; x_wconf 81' lang='grc' dir='ltr'>ἐστιν,</span> <span class='ocrx_word' id='word_1_546' title='bbox 2533 2997 2617 3049; x_wconf 81' lang='grc' dir='ltr'>ἶνα</span> <span class='ocrx_word' id='word_1_547' title='bbox 2666 2996 2711 3050; x_wconf 91' lang='grc' dir='ltr'><strong>οί</strong></span> <span class='ocrx_word' id='word_1_548' title='bbox 2745 2996 3014 3050; x_wconf 67' lang='grc' dir='ltr'>ὑπεύθυνοι</span> <span class='ocrx_word' id='word_1_549' title='bbox 3062 2998 3185 3059; x_wconf 74' lang='grc' dir='ltr'>τοὺς</span> <span class='ocrx_word' id='word_1_550' title='bbox 3223 2997 3525 3057; x_wconf 78' lang='grc' dir='ltr'>ἀνευθύνους</span> 
     </span>
    </p>
   </div>
   <div class='ocr_carea' id='block_1_78' title="bbox 1933 3083 3523 3160">
    <p class='ocr_par' dir='ltr' id='par_1_78' title="bbox 1933 3083 3523 3160">
     <span class='ocr_line' id='line_1_78' title="bbox 1933 3083 3523 3160; baseline -0.001 -17"><span class='ocrx_word' id='word_1_551' title='bbox 1933 3088 2233 3160; x_wconf 68' lang='grc' dir='ltr'>βλάψωσιν,</span> <span class='ocrx_word' id='word_1_552' title='bbox 2273 3087 2303 3148; x_wconf 71' lang='grc' dir='ltr'><strong>ἦ</strong></span> <span class='ocrx_word' id='word_1_553' title='bbox 2341 3090 2462 3148; x_wconf 79' lang='grc' dir='ltr'>τοὺς</span> <span class='ocrx_word' id='word_1_554' title='bbox 2508 3089 2767 3148; x_wconf 76' lang='grc' dir='ltr'>ἀναιτίους</span> <span class='ocrx_word' id='word_1_555' title='bbox 2818 3092 2919 3141; x_wconf 85' lang='grc' dir='ltr'>τῶν</span> <span class='ocrx_word' id='word_1_556' title='bbox 2970 3083 3130 3143; x_wconf 76' lang='grc' dir='ltr'>ἄλλων</span> <span class='ocrx_word' id='word_1_557' title='bbox 3175 3088 3245 3142; x_wconf 80' lang='grc' dir='ltr'>τὰ</span> <span class='ocrx_word' id='word_1_558' title='bbox 3290 3088 3523 3159; x_wconf 75' lang='grc' dir='ltr'>πλημμεο</span> 
     </span>
    </p>
   </div>
   <div class='ocr_carea' id='block_1_79' title="bbox 1932 3170 3521 3251">
    <p class='ocr_par' dir='ltr' id='par_1_79' title="bbox 1932 3170 3521 3251">
     <span class='ocr_line' id='line_1_79' title="bbox 1932 3170 3521 3251; baseline -0.001 -18"><span class='ocrx_word' id='word_1_559' title='bbox 1932 3180 2137 3251; x_wconf 78' lang='grc' dir='ltr'>λήματα</span> <span class='ocrx_word' id='word_1_560' title='bbox 2214 3178 2575 3235; x_wconf 67' lang='grc' dir='ltr'>καταλάϐωσιν</span> <span class='ocrx_word' id='word_1_561' title='bbox 2610 3194 2623 3209; x_wconf 82' lang='grc'><strong><em>⁸</em></strong></span> <span class='ocrx_word' id='word_1_562' title='bbox 2713 3176 2901 3233; x_wconf 83' lang='grc' dir='ltr'>ὁπόταν</span> <span class='ocrx_word' id='word_1_563' title='bbox 2967 3170 3068 3234; x_wconf 77' lang='grc' dir='ltr'><strong>κᾶν</strong></span> <span class='ocrx_word' id='word_1_564' title='bbox 3121 3180 3165 3233; x_wconf 85' lang='grc' dir='ltr'><strong>εί</strong></span> <span class='ocrx_word' id='word_1_565' title='bbox 3233 3178 3282 3234; x_wconf 73' lang='grc' dir='ltr'>ἐν</span> <span class='ocrx_word' id='word_1_566' title='bbox 3351 3180 3521 3249; x_wconf 77' lang='grc' dir='ltr'>τούτῳ</span> 
     </span>
    </p>
   </div>
   <div class='ocr_carea' id='block_1_80' title="bbox 1932 3270 3517 3345">
    <p class='ocr_par' dir='ltr' id='par_1_80' title="bbox 1932 3270 3517 3345">
     <span class='ocr_line' id='line_1_80' title="bbox 1932 3270 3517 3345; baseline -0.003 -18"><span class='ocrx_word' id='word_1_567' title='bbox 1932 3277 2007 3343; x_wconf 85' lang='grc' dir='ltr'>τῷ</span> <span class='ocrx_word' id='word_1_568' title='bbox 2040 3272 2218 3343; x_wconf 82' lang='grc' dir='ltr'>κόσμῳ</span> <span class='ocrx_word' id='word_1_569' title='bbox 2249 3278 2358 3331; x_wconf 87' lang='grc' dir='ltr'>τοῖς</span> <span class='ocrx_word' id='word_1_570' title='bbox 2387 3270 2826 3342; x_wconf 69' lang='grc' dir='ltr'>κατακεκριμένοις</span> <span class='ocrx_word' id='word_1_571' title='bbox 2848 3270 3204 3345; x_wconf 71' lang='grc' dir='ltr'>συγχωρηθῇ,</span> <span class='ocrx_word' id='word_1_572' title='bbox 3236 3270 3396 3330; x_wconf 74' lang='grc' dir='ltr'>καθώς</span> <span class='ocrx_word' id='word_1_573' title='bbox 3425 3272 3517 3325; x_wconf 80' lang='grc' dir='ltr'><strong>αὐ-</strong></span> 
     </span>
    </p>
   </div>
   <div class='ocr_carea' id='block_1_81' title="bbox 1931 3360 3510 3438">
    <p class='ocr_par' dir='ltr' id='par_1_81' title="bbox 1931 3360 3510 3438">
     <span class='ocr_line' id='line_1_81' title="bbox 1931 3360 3510 3438; baseline -0.003 -19"><span class='ocrx_word' id='word_1_574' title='bbox 1931 3366 2008 3419; x_wconf 91' lang='grc' dir='ltr'><strong>τοί</strong></span> <span class='ocrx_word' id='word_1_575' title='bbox 2035 3364 2080 3416; x_wconf 75' lang='grc' dir='ltr'>οἱ</span> <span class='ocrx_word' id='word_1_576' title='bbox 2109 3360 2533 3438; x_wconf 70' lang='grc' dir='ltr'>συγχωρούμενοι</span> <span class='ocrx_word' id='word_1_577' title='bbox 2563 3360 2799 3431; x_wconf 81' lang='grc' dir='ltr'>οὐδεμιᾶς</span> <span class='ocrx_word' id='word_1_578' title='bbox 2843 3363 3137 3435; x_wconf 71' lang='grc' dir='ltr'>εὐεργεσίας</span> <span class='ocrx_word' id='word_1_579' title='bbox 3191 3361 3510 3419; x_wconf 65' lang='grc' dir='ltr'>αἰσθάνονται</span> 
     </span>
    </p>
   </div>
   <div class='ocr_carea' id='block_1_82' title="bbox 1933 3446 3521 3523">
    <p class='ocr_par' dir='ltr' id='par_1_82' title="bbox 1933 3446 3521 3523">
     <span class='ocr_line' id='line_1_82' title="bbox 1933 3446 3521 3523; baseline 0 -20"><span class='ocrx_word' id='word_1_580' title='bbox 1933 3446 2337 3521; x_wconf 70' lang='grc' dir='ltr'>[αἰσθάνοντας]</span> <span class='ocrx_word' id='word_1_581' title='bbox 2367 3451 2417 3503; x_wconf 83' lang='grc' dir='ltr'>ἐν</span> <span class='ocrx_word' id='word_1_582' title='bbox 2442 3456 2505 3523; x_wconf 78' lang='grc' dir='ltr'>τῇ</span> <span class='ocrx_word' id='word_1_583' title='bbox 2551 3450 2711 3523; x_wconf 79' lang='grc' dir='ltr'>κρίσει</span> <span class='ocrx_word' id='word_1_584' title='bbox 2753 3454 2844 3503; x_wconf 79' lang='grc' dir='ltr'><strong>τοῦ</strong></span> <span class='ocrx_word' id='word_1_585' title='bbox 2894 3454 3052 3512; x_wconf 85' lang='grc' dir='ltr'>Θεοῦ,</span> <span class='ocrx_word' id='word_1_586' title='bbox 3087 3448 3221 3503; x_wconf 75' lang='grc' dir='ltr'>οὕτω</span> <span class='ocrx_word' id='word_1_587' title='bbox 3273 3456 3381 3510; x_wconf 84' lang='grc' dir='ltr'>τοῖς</span> <span class='ocrx_word' id='word_1_588' title='bbox 3419 3470 3521 3521; x_wconf 78' lang='grc' dir='ltr'>φει-</span> 
     </span>
    </p>
   </div>
   <div class='ocr_carea' id='block_1_83' title="bbox 1932 3538 3520 3616">
    <p class='ocr_par' dir='ltr' id='par_1_83' title="bbox 1932 3538 3520 3616">
     <span class='ocr_line' id='line_1_83' title="bbox 1932 3538 3520 3616; baseline -0.001 -20"><span class='ocrx_word' id='word_1_589' title='bbox 1932 3540 2156 3612; x_wconf 77' lang='grc' dir='ltr'>δομένοις</span> <span class='ocrx_word' id='word_1_590' title='bbox 2185 3543 2271 3596; x_wconf 82' lang='grc' dir='ltr'>οὐκ</span> <span class='ocrx_word' id='word_1_591' title='bbox 2313 3540 2586 3612; x_wconf 80' lang='grc' dir='ltr'>ἐλάχιστος</span> <span class='ocrx_word' id='word_1_592' title='bbox 2649 3541 2782 3614; x_wconf 74' lang='grc' dir='ltr'>ὑπὲρ</span> <span class='ocrx_word' id='word_1_593' title='bbox 2818 3549 2911 3602; x_wconf 83' lang='grc' dir='ltr'>τῆς</span> <span class='ocrx_word' id='word_1_594' title='bbox 2953 3538 3257 3616; x_wconf 81' lang='grc' dir='ltr'>ἀναρμοδίου</span> <span class='ocrx_word' id='word_1_595' title='bbox 3306 3562 3520 3611; x_wconf 82' lang='grc' dir='ltr'>συμπα-</span> 
     </span>
    </p>
   </div>
   <div class='ocr_carea' id='block_1_84' title="bbox 1931 3629 3524 3707">
    <p class='ocr_par' dir='ltr' id='par_1_84' title="bbox 1931 3629 3524 3707">
     <span class='ocr_line' id='line_1_84' title="bbox 1931 3629 3524 3707; baseline -0.001 -21"><span class='ocrx_word' id='word_1_596' title='bbox 1931 3636 2070 3694; x_wconf 88' lang='grc' dir='ltr'>θείας</span> <span class='ocrx_word' id='word_1_597' title='bbox 2103 3633 2126 3687; x_wconf 90' lang='grc' dir='ltr'><strong>ό</strong></span> <span class='ocrx_word' id='word_1_598' title='bbox 2165 3631 2388 3692; x_wconf 84' lang='grc' dir='ltr'>κίνδυνος</span> <span class='ocrx_word' id='word_1_599' title='bbox 2431 3629 2823 3707; x_wconf 72' lang='grc' dir='ltr'>ἐπισωρεῦίται.</span> <span class='ocrx_word' id='word_1_600' title='bbox 2883 3637 3061 3687; x_wconf 85' lang='grc' dir='ltr'>Ταῦτα</span> <span class='ocrx_word' id='word_1_601' title='bbox 3098 3630 3183 3687; x_wconf 85' lang='grc' dir='ltr'><strong>διά</strong></span> <span class='ocrx_word' id='word_1_602' title='bbox 3229 3637 3408 3689; x_wconf 85' lang='grc' dir='ltr'>τοῦτον</span> <span class='ocrx_word' id='word_1_603' title='bbox 3439 3634 3524 3687; x_wconf 90' lang='grc' dir='ltr'><strong>τὸν</strong></span> 
     </span>
    </p>
   </div>
   <div class='ocr_carea' id='block_1_85' title="bbox 1932 3724 3525 3800">
    <p class='ocr_par' dir='ltr' id='par_1_85' title="bbox 1932 3724 3525 3800">
     <span class='ocr_line' id='line_1_85' title="bbox 1932 3724 3525 3800; baseline -0.003 -18"><span class='ocrx_word' id='word_1_604' title='bbox 1932 3724 2310 3797; x_wconf 76' lang='grc' dir='ltr'>παντοδόναμον</span> <span class='ocrx_word' id='word_1_605' title='bbox 2361 3726 2482 3782; x_wconf 87' lang='grc' dir='ltr'>Θεὸν</span> <span class='ocrx_word' id='word_1_606' title='bbox 2519 3732 2624 3785; x_wconf 84' lang='grc' dir='ltr'>τοῖς</span> <span class='ocrx_word' id='word_1_607' title='bbox 2663 3727 2912 3794; x_wconf 79' lang='grc' dir='ltr'>ἐσχάτοις</span> <span class='ocrx_word' id='word_1_608' title='bbox 2942 3733 2967 3762; x_wconf 77' lang='grc'><strong>⁸</strong></span> <span class='ocrx_word' id='word_1_609' title='bbox 3000 3725 3209 3800; x_wconf 73' lang='grc' dir='ltr'>χρόνοις</span> <span class='ocrx_word' id='word_1_610' title='bbox 3243 3732 3334 3784; x_wconf 77' lang='grc' dir='ltr'>τῆς</span> <span class='ocrx_word' id='word_1_611' title='bbox 3383 3726 3525 3795; x_wconf 71' lang='grc' dir='ltr'>ὑμῶν</span> 
     </span>
    </p>
   </div>
   <div class='ocr_carea' id='block_1_86' title="bbox 1930 3813 3517 3890">
    <p class='ocr_par' dir='ltr' id='par_1_86' title="bbox 1930 3813 3517 3890">
     <span class='ocr_line' id='line_1_86' title="bbox 1930 3813 3517 3890; baseline -0.003 -17"><span class='ocrx_word' id='word_1_612' title='bbox 1930 3816 2239 3889; x_wconf 72' lang='grc' dir='ltr'>ἡμερότητος</span> <span class='ocrx_word' id='word_1_613' title='bbox 2282 3819 2354 3876; x_wconf 89' lang='grc' dir='ltr'><strong>είς</strong></span> <span class='ocrx_word' id='word_1_614' title='bbox 2400 3818 2459 3870; x_wconf 89' lang='grc' dir='ltr'><strong>τὸ</strong></span> <span class='ocrx_word' id='word_1_615' title='bbox 2492 3813 2871 3890; x_wconf 80' lang='grc' dir='ltr'>διορθώσασθαι</span> <span class='ocrx_word' id='word_1_616' title='bbox 2920 3816 3232 3886; x_wconf 81' lang='grc' dir='ltr'>πιστεύομεν</span> <span class='ocrx_word' id='word_1_617' title='bbox 3282 3816 3517 3887; x_wconf 74' lang='grc' dir='ltr'>φυλάξαι,</span> 
     </span>
    </p>
   </div>
   <div class='ocr_carea' id='block_1_87' title="bbox 1927 3904 3516 3974">
    <p class='ocr_par' dir='ltr' id='par_1_87' title="bbox 1927 3904 3516 3974">
     <span class='ocr_line' id='line_1_87' title="bbox 1927 3904 3516 3974; baseline -0.001 -17"><span class='ocrx_word' id='word_1_618' title='bbox 1927 3905 2009 3959; x_wconf 82' lang='grc' dir='ltr'>ἵνα</span> <span class='ocrx_word' id='word_1_619' title='bbox 2045 3909 2132 3958; x_wconf 85' lang='grc' dir='ltr'><strong>καί</strong></span> <span class='ocrx_word' id='word_1_620' title='bbox 2174 3907 2259 3960; x_wconf 90' lang='grc' dir='ltr'><strong>τὸν</strong></span> <span class='ocrx_word' id='word_1_621' title='bbox 2306 3904 2496 3970; x_wconf 71' lang='grc' dir='ltr'>τόπον,</span> <span class='ocrx_word' id='word_1_622' title='bbox 2536 3907 2622 3958; x_wconf 89' lang='grc' dir='ltr'><strong>καί</strong></span> <span class='ocrx_word' id='word_1_623' title='bbox 2678 3905 2759 3958; x_wconf 84' lang='grc' dir='ltr'><strong>τὸν</strong></span> <span class='ocrx_word' id='word_1_624' title='bbox 2822 3904 2963 3967; x_wconf 74' lang='grc' dir='ltr'>ζῆλον</span> <span class='ocrx_word' id='word_1_625' title='bbox 3013 3904 3166 3958; x_wconf 80' lang='grc' dir='ltr'>αὐτοῦ</span> <span class='ocrx_word' id='word_1_626' title='bbox 3204 3909 3292 3958; x_wconf 87' lang='grc' dir='ltr'><strong>τοῦ</strong></span> <span class='ocrx_word' id='word_1_627' title='bbox 3332 3904 3516 3974; x_wconf 74' lang='grc' dir='ltr'>Κυρ³ου</span> 
     </span>
    </p>
   </div>
   <div class='ocr_carea' id='block_1_88' title="bbox 1930 3988 3521 4068">
    <p class='ocr_par' dir='ltr' id='par_1_88' title="bbox 1930 3988 3521 4068">
     <span class='ocr_line' id='line_1_88' title="bbox 1930 3988 3521 4068; baseline -0.001 -21"><span class='ocrx_word' id='word_1_628' title='bbox 1930 3996 2069 4064; x_wconf 78' lang='grc' dir='ltr'>ἡμῶν</span> <span class='ocrx_word' id='word_1_629' title='bbox 2095 3988 2263 4052; x_wconf 73' lang='grc' dir='ltr'>ἰησοῦ</span> <span class='ocrx_word' id='word_1_630' title='bbox 2298 4000 2527 4068; x_wconf 83' lang='grc' dir='ltr'>Χριστοῦ</span> <span class='ocrx_word' id='word_1_631' title='bbox 2558 4001 2651 4050; x_wconf 90' lang='grc' dir='ltr'><strong>τοῦ</strong></span> <span class='ocrx_word' id='word_1_632' title='bbox 2682 3994 2740 4047; x_wconf 89' lang='grc' dir='ltr'><strong>τὸ</strong></span> <span class='ocrx_word' id='word_1_633' title='bbox 2770 3994 3015 4065; x_wconf 80' lang='grc' dir='ltr'>ὑμέτερον</span> <span class='ocrx_word' id='word_1_634' title='bbox 3045 3994 3227 4065; x_wconf 77' lang='grc' dir='ltr'>κράτος</span> <span class='ocrx_word' id='word_1_635' title='bbox 3270 3994 3521 4055; x_wconf 82' lang='grc' dir='ltr'>καταξιώ-</span> 
     </span>
    </p>
   </div>
   <div class='ocr_carea' id='block_1_89' title="bbox 1930 4084 3520 4157">
    <p class='ocr_par' dir='ltr' id='par_1_89' title="bbox 1930 4084 3520 4157">
     <span class='ocr_line' id='line_1_89' title="bbox 1930 4084 3520 4157; baseline -0.001 -17"><span class='ocrx_word' id='word_1_636' title='bbox 1930 4108 2113 4146; x_wconf 87' lang='grc' dir='ltr'>σαντος</span> <span class='ocrx_word' id='word_1_637' title='bbox 2138 4086 2360 4157; x_wconf 64' lang='grc' dir='ltr'>στέψαι,</span> <span class='ocrx_word' id='word_1_638' title='bbox 2388 4092 2647 4146; x_wconf 90' lang='grc' dir='ltr'>ποιοῦντες</span> <span class='ocrx_word' id='word_1_639' title='bbox 2680 4085 2762 4138; x_wconf 68' lang='grc' dir='ltr'><strong>ἐπὶ</strong></span> <span class='ocrx_word' id='word_1_640' title='bbox 2789 4092 2881 4154; x_wconf 83' lang='grc' dir='ltr'>γῆς</span> <span class='ocrx_word' id='word_1_641' title='bbox 2906 4084 3037 4155; x_wconf 81' lang='grc' dir='ltr'>ὑπὲρ</span> <span class='ocrx_word' id='word_1_642' title='bbox 3068 4091 3159 4144; x_wconf 80' lang='grc' dir='ltr'><strong>τῆς</strong></span> <span class='ocrx_word' id='word_1_643' title='bbox 3188 4085 3341 4139; x_wconf 76' lang='grc' dir='ltr'>αὐτοῦ</span> <span class='ocrx_word' id='word_1_644' title='bbox 3370 4084 3520 4156; x_wconf 64' lang='lat' dir='ltr'><strong>otior/-</strong></span> 
     </span>
    </p>
   </div>
   <div class='ocr_carea' id='block_1_90' title="bbox 1927 4172 3518 4251">
    <p class='ocr_par' dir='ltr' id='par_1_90' title="bbox 1927 4172 3518 4251">
     <span class='ocr_line' id='line_1_90' title="bbox 1927 4172 3518 4251; baseline -0.001 -21"><span class='ocrx_word' id='word_1_645' title='bbox 1927 4179 2122 4251; x_wconf 80' lang='grc' dir='ltr'>γελικῆς</span> <span class='ocrx_word' id='word_1_646' title='bbox 2152 4181 2238 4231; x_wconf 86' lang='grc' dir='ltr'><strong>καί</strong></span> <span class='ocrx_word' id='word_1_647' title='bbox 2267 4177 2607 4235; x_wconf 83' lang='grc' dir='ltr'>άποστολικῆς</span> <span class='ocrx_word' id='word_1_648' title='bbox 2641 4175 2868 4234; x_wconf 83' lang='grc' dir='ltr'>ἀληθείας</span> <span class='ocrx_word' id='word_1_649' title='bbox 2898 4172 3096 4229; x_wconf 88' lang='grc' dir='ltr'>δικαίαν</span> <span class='ocrx_word' id='word_1_650' title='bbox 3148 4176 3315 4249; x_wconf 85' lang='grc' dir='ltr'>κρίσιν</span> <span class='ocrx_word' id='word_1_651' title='bbox 3358 4194 3518 4248; x_wconf 85' lang='grc' dir='ltr'>προα-</span> 
     </span>
    </p>
   </div>
   <div class='ocr_carea' id='block_1_91' title="bbox 1928 4264 3517 4341">
    <p class='ocr_par' dir='ltr' id='par_1_91' title="bbox 1928 4264 3517 4341">
     <span class='ocr_line' id='line_1_91' title="bbox 1928 4264 3517 4341; baseline 0.008 -21"><span class='ocrx_word' id='word_1_652' title='bbox 1928 4270 2115 4341; x_wconf 84' lang='grc' dir='ltr'>γάγητε</span> <span class='ocrx_word' id='word_1_653' title='bbox 2135 4283 2149 4297; x_wconf 81' lang='grc'><strong>⁸</strong></span> <span class='ocrx_word' id='word_1_654' title='bbox 2181 4265 2325 4329; x_wconf 86' lang='grc' dir='ltr'>ὅστις</span> <span class='ocrx_word' id='word_1_655' title='bbox 2356 4272 2446 4322; x_wconf 90' lang='grc' dir='ltr'><strong>τοῦ</strong></span> <span class='ocrx_word' id='word_1_656' title='bbox 2474 4267 2784 4339; x_wconf 78' lang='grc' dir='ltr'>ἀνθρωπίνου</span> <span class='ocrx_word' id='word_1_657' title='bbox 2812 4266 2988 4341; x_wconf 65' lang='grc' dir='ltr'>γένονς</span> <span class='ocrx_word' id='word_1_658' title='bbox 3014 4264 3275 4339; x_wconf 76' lang='grc' dir='ltr'>λυτρωτής</span> <span class='ocrx_word' id='word_1_659' title='bbox 3303 4267 3388 4319; x_wconf 68' lang='grc' dir='ltr'><strong>καὶ</strong></span> <span class='ocrx_word' id='word_1_660' title='bbox 3412 4286 3517 4320; x_wconf 82' lang='grc' dir='ltr'><strong>σω⁶</strong></span> 
     </span>
    </p>
   </div>
   <div class='ocr_carea' id='block_1_92' title="bbox 1927 4354 3517 4431">
    <p class='ocr_par' dir='ltr' id='par_1_92' title="bbox 1927 4354 3517 4431">
     <span class='ocr_line' id='line_1_92' title="bbox 1927 4354 3517 4431; baseline 0 -20"><span class='ocrx_word' id='word_1_661' title='bbox 1927 4362 2023 4428; x_wconf 84' lang='grc' dir='ltr'>τήρ</span> <span class='ocrx_word' id='word_1_662' title='bbox 2049 4358 2309 4431; x_wconf 72' lang='grc' dir='ltr'>ὑπάρχων</span> <span class='ocrx_word' id='word_1_663' title='bbox 2329 4398 2340 4417; x_wconf 87' lang='grc'><strong>,</strong></span> <span class='ocrx_word' id='word_1_664' title='bbox 2372 4358 2535 4429; x_wconf 81' lang='grc' dir='ltr'>μέχρι</span> <span class='ocrx_word' id='word_1_665' title='bbox 2562 4362 2652 4416; x_wconf 81' lang='grc' dir='ltr'>τῆς</span> <span class='ocrx_word' id='word_1_666' title='bbox 2679 4358 2901 4428; x_wconf 70' lang='grc' dir='ltr'>σήμερον</span> <span class='ocrx_word' id='word_1_667' title='bbox 2929 4354 3256 4428; x_wconf 68' lang='grc' dir='ltr'>ὑϐριζόμενος</span> <span class='ocrx_word' id='word_1_668' title='bbox 3293 4357 3517 4426; x_wconf 74' lang='grc' dir='ltr'>ἠνέσχε-</span> 
     </span>
    </p>
   </div>
   <div class='ocr_carea' id='block_1_93' title="bbox 1928 4443 3513 4522">
    <p class='ocr_par' dir='ltr' id='par_1_93' title="bbox 1928 4443 3513 4522">
     <span class='ocr_line' id='line_1_93' title="bbox 1928 4443 3513 4522; baseline 0 -21"><span class='ocrx_word' id='word_1_669' title='bbox 1928 4467 2018 4512; x_wconf 89' lang='grc' dir='ltr'><strong>το,</strong></span> <span class='ocrx_word' id='word_1_670' title='bbox 2050 4451 2229 4520; x_wconf 81' lang='grc' dir='ltr'>καὶτῷ</span> <span class='ocrx_word' id='word_1_671' title='bbox 2256 4448 2429 4521; x_wconf 85' lang='grc' dir='ltr'>κράτει</span> <span class='ocrx_word' id='word_1_672' title='bbox 2460 4454 2547 4506; x_wconf 81' lang='grc' dir='ltr'>τῆς</span> <span class='ocrx_word' id='word_1_673' title='bbox 2588 4447 2838 4522; x_wconf 71' lang='grc' dir='ltr'>ὑμετέρας</span> <span class='ocrx_word' id='word_1_674' title='bbox 2873 4443 3221 4521; x_wconf 81' lang='grc' dir='ltr'>ἀνδρειότητος</span> <span class='ocrx_word' id='word_1_675' title='bbox 3278 4447 3513 4504; x_wconf 74' lang='grc' dir='ltr'>ἐνέπνευ-</span> 
     </span>
    </p>
   </div>
   <div class='ocr_carea' id='block_1_94' title="bbox 232 4508 1828 4609">
    <p class='ocr_par' dir='ltr' id='par_1_94' title="bbox 232 4536 1824 4604">
     <span class='ocr_line' id='line_1_94' title="bbox 232 4536 1824 4604; baseline -0.003 -9"><span class='ocrx_word' id='word_1_676' title='bbox 232 4538 431 4595; x_wconf 77' lang='lat' dir='ltr'><strong>stiana:</strong></span> <span class='ocrx_word' id='word_1_677' title='bbox 453 4536 749 4591; x_wconf 72' lang='lat' dir='ltr'><strong>clementia:</strong></span> <span class='ocrx_word' id='word_1_678' title='bbox 772 4547 961 4590; x_wconf 77' lang='lat' dir='ltr'><strong>veStrte</strong></span> <span class='ocrx_word' id='word_1_679' title='bbox 986 4536 1252 4603; x_wconf 86' lang='lat' dir='ltr'><strong>piissimus</strong></span> <span class='ocrx_word' id='word_1_680' title='bbox 1275 4536 1598 4604; x_wconf 85' lang='lat' dir='ltr'><strong>principatus</strong></span> <span class='ocrx_word' id='word_1_681' title='bbox 1610 4536 1824 4590; x_wconf 87' lang='lat' dir='ltr'><strong>cfticere</strong></span> 
     </span>
    </p>
   </div>
   <div class='ocr_carea' id='block_1_95' title="bbox 1931 4508 3514 4609">
    <p class='ocr_par' dir='ltr' id='par_1_95' title="bbox 1931 4537 3514 4609">
     <span class='ocr_line' id='line_1_95' title="bbox 1931 4537 3514 4609; baseline 0.002 -17"><span class='ocrx_word' id='word_1_682' title='bbox 1931 4559 2049 4604; x_wconf 85' lang='grc' dir='ltr'>σεν,</span> <span class='ocrx_word' id='word_1_683' title='bbox 2075 4539 2155 4591; x_wconf 86' lang='grc' dir='ltr'><strong>ἶνα</strong></span> <span class='ocrx_word' id='word_1_684' title='bbox 2182 4545 2274 4598; x_wconf 80' lang='grc' dir='ltr'>τῆς</span> <span class='ocrx_word' id='word_1_685' title='bbox 2301 4539 2455 4593; x_wconf 73' lang='grc' dir='ltr'>αὑτοῦ</span> <span class='ocrx_word' id='word_1_686' title='bbox 2486 4537 2712 4598; x_wconf 88' lang='grc' dir='ltr'>πίστεως</span> <span class='ocrx_word' id='word_1_687' title='bbox 2760 4537 2819 4592; x_wconf 86' lang='grc' dir='ltr'><strong>τὸ</strong></span> <span class='ocrx_word' id='word_1_688' title='bbox 2862 4542 3097 4609; x_wconf 79' lang='grc' dir='ltr'>πρᾶγμα,</span> <span class='ocrx_word' id='word_1_689' title='bbox 3134 4539 3295 4599; x_wconf 81' lang='grc' dir='ltr'>καθὼς</span> <span class='ocrx_word' id='word_1_690' title='bbox 3327 4540 3387 4593; x_wconf 87' lang='grc' dir='ltr'><strong>τὸ</strong></span> <span class='ocrx_word' id='word_1_691' title='bbox 3433 4539 3514 4597; x_wconf 77' lang='grc' dir='ltr'><strong>δίο</strong></span> 
     </span>
    </p>
   </div>
   <div class='ocr_carea' id='block_1_96' title="bbox 233 4625 1822 4694">
    <p class='ocr_par' dir='ltr' id='par_1_96' title="bbox 233 4625 1822 4694">
     <span class='ocr_line' id='line_1_96' title="bbox 233 4625 1822 4694; baseline -0.003 -10"><span class='ocrx_word' id='word_1_692' title='bbox 233 4626 695 4684; x_wconf 84' lang='lat' dir='ltr'><strong>remunerationis</strong></span> <span class='ocrx_word' id='word_1_693' title='bbox 717 4626 905 4694; x_wconf 84' lang='lat' dir='ltr'><strong>gratia,</strong></span> <span class='ocrx_word' id='word_1_694' title='bbox 935 4639 1123 4678; x_wconf 89' lang='lat' dir='ltr'><strong>omnes</strong></span> <span class='ocrx_word' id='word_1_695' title='bbox 1147 4634 1298 4680; x_wconf 87' lang='lat' dir='ltr'><strong>actus</strong></span> <span class='ocrx_word' id='word_1_696' title='bbox 1328 4625 1605 4681; x_wconf 89' lang='lat' dir='ltr'><strong>fortissimi</strong></span> <span class='ocrx_word' id='word_1_697' title='bbox 1635 4641 1822 4681; x_wconf 90' lang='lat' dir='ltr'><strong>eorum</strong></span> 
     </span>
    </p>
   </div>
   <div class='ocr_carea' id='block_1_97' title="bbox 233 4714 1826 4788">
    <p class='ocr_par' dir='ltr' id='par_1_97' title="bbox 233 4714 1826 4788">
     <span class='ocr_line' id='line_1_97' title="bbox 233 4714 1826 4788; baseline -0.002 -14"><span class='ocrx_word' id='word_1_698' title='bbox 233 4718 457 4788; x_wconf 87' lang='lat' dir='ltr'><strong>imperii</strong></span> <span class='ocrx_word' id='word_1_699' title='bbox 489 4717 690 4781; x_wconf 87' lang='lat' dir='ltr'><strong>felices,</strong></span> <span class='ocrx_word' id='word_1_700' title='bbox 717 4725 770 4771; x_wconf 91' lang='lat' dir='ltr'><strong>et</strong></span> <span class='ocrx_word' id='word_1_701' title='bbox 793 4731 1079 4785; x_wconf 88' lang='lat' dir='ltr'><strong>prosperos</strong></span> <span class='ocrx_word' id='word_1_702' title='bbox 1105 4714 1290 4782; x_wconf 86' lang='lat' dir='ltr'><strong>faciat,</strong></span> <span class='ocrx_word' id='word_1_703' title='bbox 1326 4718 1488 4786; x_wconf 92' lang='lat' dir='ltr'><strong>quiin</strong></span> <span class='ocrx_word' id='word_1_704' title='bbox 1518 4718 1627 4772; x_wconf 87' lang='lat' dir='ltr'><strong>suis</strong></span> <span class='ocrx_word' id='word_1_705' title='bbox 1658 4719 1826 4772; x_wconf 88' lang='lat' dir='ltr'><strong>sacris</strong></span> 
     </span>
    </p>
   </div>
   <div class='ocr_carea' id='block_1_98' title="bbox 237 4805 1823 4877">
    <p class='ocr_par' dir='ltr' id='par_1_98' title="bbox 237 4805 1823 4877">
     <span class='ocr_line' id='line_1_98' title="bbox 237 4805 1823 4877; baseline -0.002 -13"><span class='ocrx_word' id='word_1_706' title='bbox 237 4808 550 4877; x_wconf 83' lang='lat' dir='ltr'><strong>Evangeliis</strong></span> <span class='ocrx_word' id='word_1_707' title='bbox 601 4807 927 4875; x_wconf 88' lang='lat' dir='ltr'><strong>repromittit</strong></span> <span class='ocrx_word' id='word_1_708' title='bbox 976 4805 1221 4875; x_wconf 89' lang='lat' dir='ltr'><strong>inquiens</strong></span> <span class='ocrx_word' id='word_1_709' title='bbox 1266 4823 1281 4860; x_wconf 85' lang='lat'><strong>:</strong></span> <span class='ocrx_word' id='word_1_710' title='bbox 1326 4806 1549 4874; x_wconf 79' lang='lat' dir='ltr'><strong>Quwrite</strong></span> <span class='ocrx_word' id='word_1_711' title='bbox 1600 4808 1823 4874; x_wconf 83' lang='lat' dir='ltr'><strong>primum</strong></span> 
     </span>
    </p>
   </div>
   <div class='ocr_carea' id='block_1_99' title="bbox 234 4895 1816 4970">
    <p class='ocr_par' dir='ltr' id='par_1_99' title="bbox 234 4895 1816 4970">
     <span class='ocr_line' id='line_1_99' title="bbox 234 4895 1816 4970; baseline -0.001 -18"><span class='ocrx_word' id='word_1_712' title='bbox 234 4914 459 4970; x_wconf 82' lang='lat' dir='ltr'><strong>regnum</strong></span> <span class='ocrx_word' id='word_1_713' title='bbox 488 4895 606 4962; x_wconf 88' lang='lat' dir='ltr'><strong>Dei,</strong></span> <span class='ocrx_word' id='word_1_714' title='bbox 636 4905 685 4952; x_wconf 85' lang='lat' dir='ltr'><strong>et</strong></span> <span class='ocrx_word' id='word_1_715' title='bbox 725 4896 834 4950; x_wconf 78' lang='lat' dir='ltr'><strong>Iiwc</strong></span> <span class='ocrx_word' id='word_1_716' title='bbox 856 4897 1032 4949; x_wconf 80' lang='lat' dir='ltr'><strong>omnia</strong></span> <span class='ocrx_word' id='word_1_717' title='bbox 1072 4896 1383 4965; x_wconf 73' lang='lat' dir='ltr'><strong>adjiciantur</strong></span> <span class='ocrx_word' id='word_1_718' title='bbox 1425 4896 1564 4950; x_wconf 74' lang='lat' dir='ltr'><strong>vobis</strong></span> <span class='ocrx_word' id='word_1_719' title='bbox 1599 4896 1816 4967; x_wconf 75' lang='lat' dir='ltr'><strong>(Matth.</strong></span> 
     </span>
    </p>
   </div>
   <div class='ocr_carea' id='block_1_100' title="bbox 238 4988 1825 5062">
    <p class='ocr_par' dir='ltr' id='par_1_100' title="bbox 238 4988 1825 5062">
     <span class='ocr_line' id='line_1_100' title="bbox 238 4988 1825 5062; baseline 0 -18"><span class='ocrx_word' id='word_1_720' title='bbox 238 4993 342 5062; x_wconf 84' lang='lat' dir='ltr'><strong>vi).</strong></span> <span class='ocrx_word' id='word_1_721' title='bbox 370 4992 568 5046; x_wconf 86' lang='lat' dir='ltr'><strong>Omnes</strong></span> <span class='ocrx_word' id='word_1_722' title='bbox 596 4989 762 5056; x_wconf 87' lang='lat' dir='ltr'><strong>enim,</strong></span> <span class='ocrx_word' id='word_1_723' title='bbox 794 4989 858 5043; x_wconf 89' lang='lat' dir='ltr'><strong>ad</strong></span> <span class='ocrx_word' id='word_1_724' title='bbox 889 5002 1023 5057; x_wconf 88' lang='lat' dir='ltr'><strong>quos</strong></span> <span class='ocrx_word' id='word_1_725' title='bbox 1049 5002 1322 5044; x_wconf 90' lang='lat' dir='ltr'><strong>sacrorum</strong></span> <span class='ocrx_word' id='word_1_726' title='bbox 1346 4988 1554 5058; x_wconf 88' lang='lat' dir='ltr'><strong>apicum</strong></span> <span class='ocrx_word' id='word_1_727' title='bbox 1579 4991 1825 5059; x_wconf 89' lang='lat' dir='ltr'><strong>pervenit</strong></span> 
     </span>
    </p>
   </div>
   <div class='ocr_carea' id='block_1_101' title="bbox 234 5079 1826 5151">
    <p class='ocr_par' dir='ltr' id='par_1_101' title="bbox 234 5079 1826 5151">
     <span class='ocr_line' id='line_1_101' title="bbox 234 5079 1826 5151; baseline -0.003 -12"><span class='ocrx_word' id='word_1_728' title='bbox 234 5080 456 5151; x_wconf 84' lang='lat' dir='ltr'><strong>notitia,</strong></span> <span class='ocrx_word' id='word_1_729' title='bbox 501 5090 555 5136; x_wconf 89' lang='lat' dir='ltr'><strong>ct</strong></span> <span class='ocrx_word' id='word_1_730' title='bbox 598 5080 719 5151; x_wconf 85' lang='lat' dir='ltr'><strong>quia</strong></span> <span class='ocrx_word' id='word_1_731' title='bbox 757 5080 835 5134; x_wconf 86' lang='lat' dir='ltr'><strong>sic</strong></span> <span class='ocrx_word' id='word_1_732' title='bbox 877 5079 1176 5148; x_wconf 85' lang='lat' dir='ltr'><strong>benigniter</strong></span> <span class='ocrx_word' id='word_1_733' title='bbox 1202 5090 1438 5149; x_wconf 79' lang='lat' dir='ltr'><strong>augustae</strong></span> <span class='ocrx_word' id='word_1_734' title='bbox 1471 5081 1826 5150; x_wconf 84' lang='lat' dir='ltr'><strong>magnanimi-</strong></span> 
     </span>
    </p>
   </div>
   <div class='ocr_carea' id='block_1_102' title="bbox 233 5171 1823 5231">
    <p class='ocr_par' dir='ltr' id='par_1_102' title="bbox 233 5171 1823 5231">
     <span class='ocr_line' id='line_1_102' title="bbox 233 5171 1823 5231; baseline -0.003 0"><span class='ocrx_word' id='word_1_735' title='bbox 233 5176 369 5231; x_wconf 63' lang='lat' dir='ltr'><strong>tatis</strong></span> <span class='ocrx_word' id='word_1_736' title='bbox 392 5183 582 5228; x_wconf 68' lang='lat' dir='ltr'><strong>vestra:</strong></span> <span class='ocrx_word' id='word_1_737' title='bbox 633 5171 1055 5226; x_wconf 85' lang='lat' dir='ltr'><strong>mansuetudinis</strong></span> <span class='ocrx_word' id='word_1_738' title='bbox 1100 5180 1181 5225; x_wconf 90' lang='lat' dir='ltr'><strong>est</strong></span> <span class='ocrx_word' id='word_1_739' title='bbox 1218 5172 1614 5226; x_wconf 86' lang='lat' dir='ltr'><strong>demonstratus</strong></span> <span class='ocrx_word' id='word_1_740' title='bbox 1646 5173 1823 5227; x_wconf 81' lang='lat' dir='ltr'><strong>inten-</strong></span> 
     </span>
    </p>
   </div>
   <div class='ocr_carea' id='block_1_103' title="bbox 232 5262 1823 5333">
    <p class='ocr_par' dir='ltr' id='par_1_103' title="bbox 232 5262 1823 5333">
     <span class='ocr_line' id='line_1_103' title="bbox 232 5262 1823 5333; baseline -0.001 -13"><span class='ocrx_word' id='word_1_741' title='bbox 232 5279 327 5321; x_wconf 75' lang='lat' dir='ltr'><strong>tizs</strong></span> <span class='ocrx_word' id='word_1_742' title='bbox 358 5308 373 5333; x_wconf 92' lang='lat'><strong>,</strong></span> <span class='ocrx_word' id='word_1_743' title='bbox 420 5264 727 5319; x_wconf 85' lang='lat' dir='ltr'><strong>innumeras</strong></span> <span class='ocrx_word' id='word_1_744' title='bbox 775 5263 1063 5331; x_wconf 80' lang='lat' dir='ltr'><strong>gratiarum</strong></span> <span class='ocrx_word' id='word_1_745' title='bbox 1111 5262 1346 5316; x_wconf 82' lang='lat' dir='ltr'><strong>aetiones</strong></span> <span class='ocrx_word' id='word_1_746' title='bbox 1388 5273 1440 5317; x_wconf 92' lang='lat' dir='ltr'><strong>et</strong></span> <span class='ocrx_word' id='word_1_747' title='bbox 1479 5264 1823 5319; x_wconf 52' lang='lat' dir='ltr'><strong>incessabiles</strong></span> 
     </span>
    </p>
   </div>
   <div class='ocr_carea' id='block_1_104' title="bbox 232 5353 1816 5425">
    <p class='ocr_par' dir='ltr' id='par_1_104' title="bbox 232 5353 1816 5425">
     <span class='ocr_line' id='line_1_104' title="bbox 232 5353 1816 5425; baseline -0.003 -11"><span class='ocrx_word' id='word_1_748' title='bbox 232 5358 465 5421; x_wconf 72' lang='lat' dir='ltr'><strong>laudes,</strong></span> <span class='ocrx_word' id='word_1_749' title='bbox 515 5356 760 5410; x_wconf 89' lang='lat' dir='ltr'><strong>admirati</strong></span> <span class='ocrx_word' id='word_1_750' title='bbox 808 5353 875 5408; x_wconf 88' lang='lat' dir='ltr'><strong>de</strong></span> <span class='ocrx_word' id='word_1_751' title='bbox 923 5362 1066 5407; x_wconf 86' lang='lat' dir='ltr'><strong>tanta</strong></span> <span class='ocrx_word' id='word_1_752' title='bbox 1102 5354 1398 5408; x_wconf 80' lang='lat' dir='ltr'><strong>clementia:</strong></span> <span class='ocrx_word' id='word_1_753' title='bbox 1429 5354 1816 5425; x_wconf 80' lang='lat' dir='ltr'><strong>magnitudine,</strong></span> 
     </span>
    </p>
   </div>
   <div class='ocr_carea' id='block_1_105' title="bbox 232 5444 1821 5522">
    <p class='ocr_par' dir='ltr' id='par_1_105' title="bbox 232 5444 1821 5522">
     <span class='ocr_line' id='line_1_105' title="bbox 232 5444 1821 5522; baseline -0.002 -17"><span class='ocrx_word' id='word_1_754' title='bbox 232 5448 580 5522; x_wconf 60' lang='lat' dir='ltr'><strong>proiiagatori</strong></span> <span class='ocrx_word' id='word_1_755' title='bbox 625 5444 789 5502; x_wconf 85' lang='lat' dir='ltr'><strong>vestri</strong></span> <span class='ocrx_word' id='word_1_756' title='bbox 832 5445 1104 5501; x_wconf 89' lang='lat' dir='ltr'><strong>fortissimi</strong></span> <span class='ocrx_word' id='word_1_757' title='bbox 1152 5445 1361 5514; x_wconf 87' lang='lat' dir='ltr'><strong>imperii</strong></span> <span class='ocrx_word' id='word_1_758' title='bbox 1409 5446 1821 5514; x_wconf 86' lang='lat' dir='ltr'><strong>persolverunt:</strong></span> 
     </span>
    </p>
   </div>
   <div class='ocr_carea' id='block_1_106' title="bbox 231 5534 1820 5610">
    <p class='ocr_par' dir='ltr' id='par_1_106' title="bbox 231 5534 1820 5610">
     <span class='ocr_line' id='line_1_106' title="bbox 231 5534 1820 5610; baseline 0.003 -20"><span class='ocrx_word' id='word_1_759' title='bbox 231 5542 361 5610; x_wconf 79' lang='lat' dir='ltr'><strong>quia</strong></span> <span class='ocrx_word' id='word_1_760' title='bbox 414 5550 538 5591; x_wconf 82' lang='lat' dir='ltr'><strong>vere</strong></span> <span class='ocrx_word' id='word_1_761' title='bbox 559 5574 578 5603; x_wconf 87' lang='lat'><strong>,</strong></span> <span class='ocrx_word' id='word_1_762' title='bbox 626 5543 690 5591; x_wconf 84' lang='lat' dir='ltr'><strong>ut.</strong></span> <span class='ocrx_word' id='word_1_763' title='bbox 718 5535 937 5603; x_wconf 90' lang='lat' dir='ltr'><strong>piissimi</strong></span> <span class='ocrx_word' id='word_1_764' title='bbox 978 5545 1034 5590; x_wconf 83' lang='lat' dir='ltr'><strong>et</strong></span> <span class='ocrx_word' id='word_1_765' title='bbox 1056 5534 1346 5604; x_wconf 65' lang='lat' dir='ltr'><strong>mquissimi</strong></span> <span class='ocrx_word' id='word_1_766' title='bbox 1382 5537 1671 5607; x_wconf 89' lang='lat' dir='ltr'><strong>principes,</strong></span> <span class='ocrx_word' id='word_1_767' title='bbox 1700 5553 1820 5606; x_wconf 65' lang='lat' dir='ltr'><strong>qua}</strong></span> 
     </span>
    </p>
   </div>
   <div class='ocr_carea' id='block_1_107' title="bbox 240 5628 1821 5703">
    <p class='ocr_par' dir='ltr' id='par_1_107' title="bbox 240 5628 1821 5703">
     <span class='ocr_line' id='line_1_107' title="bbox 240 5628 1821 5703; baseline 0.001 -15"><span class='ocrx_word' id='word_1_768' title='bbox 240 5634 335 5688; x_wconf 72' lang='lat' dir='ltr'><strong>Dei</strong></span> <span class='ocrx_word' id='word_1_769' title='bbox 382 5640 548 5698; x_wconf 90' lang='lat' dir='ltr'><strong>sunt,</strong></span> <span class='ocrx_word' id='word_1_770' title='bbox 596 5644 718 5685; x_wconf 88' lang='lat' dir='ltr'><strong>cum</strong></span> <span class='ocrx_word' id='word_1_771' title='bbox 765 5628 860 5684; x_wconf 83' lang='lat' dir='ltr'><strong>Dei</strong></span> <span class='ocrx_word' id='word_1_772' title='bbox 907 5631 1100 5685; x_wconf 89' lang='lat' dir='ltr'><strong>timore</strong></span> <span class='ocrx_word' id='word_1_773' title='bbox 1144 5631 1343 5701; x_wconf 79' lang='lat' dir='ltr'><strong>dignati</strong></span> <span class='ocrx_word' id='word_1_774' title='bbox 1381 5633 1510 5688; x_wconf 84' lang='lat' dir='ltr'><strong>estis</strong></span> <span class='ocrx_word' id='word_1_775' title='bbox 1542 5647 1821 5703; x_wconf 82' lang='lat' dir='ltr'><strong>peragere,</strong></span> 
     </span>
    </p>
   </div>
   <div class='ocr_carea' id='block_1_108' title="bbox 1932 4628 3513 4706">
    <p class='ocr_par' dir='ltr' id='par_1_108' title="bbox 1932 4628 3513 4706">
     <span class='ocr_line' id='line_1_108' title="bbox 1932 4628 3513 4706; baseline 0.001 -21"><span class='ocrx_word' id='word_1_776' title='bbox 1932 4651 2071 4685; x_wconf 89' lang='grc' dir='ltr'>καιον</span> <span class='ocrx_word' id='word_1_777' title='bbox 2095 4631 2334 4695; x_wconf 84' lang='grc' dir='ltr'>ἀπαιτεῖ,</span> <span class='ocrx_word' id='word_1_778' title='bbox 2382 4631 2465 4683; x_wconf 86' lang='grc' dir='ltr'><strong>καί</strong></span> <span class='ocrx_word' id='word_1_779' title='bbox 2508 4635 2607 4684; x_wconf 85' lang='grc' dir='ltr'>τῶν</span> <span class='ocrx_word' id='word_1_780' title='bbox 2634 4628 2788 4699; x_wconf 80' lang='grc' dir='ltr'>ἁγίων</span> <span class='ocrx_word' id='word_1_781' title='bbox 2814 4630 3049 4702; x_wconf 74' lang='grc' dir='ltr'>Πατίρων</span> <span class='ocrx_word' id='word_1_782' title='bbox 3098 4632 3181 4684; x_wconf 85' lang='grc' dir='ltr'><strong>καί</strong></span> <span class='ocrx_word' id='word_1_783' title='bbox 3218 4637 3316 4685; x_wconf 85' lang='grc' dir='ltr'><strong>τῶν</strong></span> <span class='ocrx_word' id='word_1_784' title='bbox 3366 4632 3513 4706; x_wconf 83' lang='grc' dir='ltr'>ἱερῶν</span> 
     </span>
    </p>
   </div>
   <div class='ocr_carea' id='block_1_109' title="bbox 1924 4717 3513 4791">
    <p class='ocr_par' dir='ltr' id='par_1_109' title="bbox 1924 4717 3513 4791">
     <span class='ocr_line' id='line_1_109' title="bbox 1924 4717 3513 4791; baseline 0.003 -17"><span class='ocrx_word' id='word_1_785' title='bbox 1924 4724 2281 4790; x_wconf 85' lang='grc' dir='ltr'>οἰκουμενικῶν</span> <span class='ocrx_word' id='word_1_786' title='bbox 2324 4720 2472 4776; x_wconf 83' lang='grc' dir='ltr'>πέντε</span> <span class='ocrx_word' id='word_1_787' title='bbox 2537 4717 2762 4773; x_wconf 88' lang='grc' dir='ltr'>συνόδων</span> <span class='ocrx_word' id='word_1_788' title='bbox 2814 4718 3094 4791; x_wconf 68' lang='grc' dir='ltr'>ἐψηφίσατο</span> <span class='ocrx_word' id='word_1_789' title='bbox 3130 4723 3160 4778; x_wconf 76' lang='grc' dir='ltr'>ἡ</span> <span class='ocrx_word' id='word_1_790' title='bbox 3208 4718 3513 4779; x_wconf 79' lang='grc' dir='ltr'>διδασκαλία</span> 
     </span>
    </p>
   </div>
   <div class='ocr_carea' id='block_1_110' title="bbox 1928 4808 3511 4884">
    <p class='ocr_par' dir='ltr' id='par_1_110' title="bbox 1928 4808 3511 4884">
     <span class='ocr_line' id='line_1_110' title="bbox 1928 4808 3511 4884; baseline 0.001 -18"><span class='ocrx_word' id='word_1_791' title='bbox 1928 4814 2273 4877; x_wconf 83' lang='grc' dir='ltr'>καταξιὼσητε</span> <span class='ocrx_word' id='word_1_792' title='bbox 2318 4811 2592 4875; x_wconf 73' lang='grc' dir='ltr'>ίπεξελθεῖν</span> <span class='ocrx_word' id='word_1_793' title='bbox 2615 4808 3076 4882; x_wconf 79' lang='grc' dir='ltr'>[ἐξακολουθῆναι],</span> <span class='ocrx_word' id='word_1_794' title='bbox 3095 4815 3290 4868; x_wconf 77' lang='grc' dir='ltr'>καὶτοῦ</span> <span class='ocrx_word' id='word_1_795' title='bbox 3317 4815 3511 4884; x_wconf 78' lang='grc' dir='ltr'>λυτρω-</span> 
     </span>
    </p>
   </div>
   <div class='ocr_carea' id='block_1_111' title="bbox 1928 4902 3505 4976">
    <p class='ocr_par' dir='ltr' id='par_1_111' title="bbox 1928 4902 3505 4976">
     <span class='ocr_line' id='line_1_111' title="bbox 1928 4902 3505 4976; baseline -0.001 -17"><span class='ocrx_word' id='word_1_796' title='bbox 1928 4912 2018 4959; x_wconf 86' lang='grc' dir='ltr'><strong>τοῦ</strong></span> <span class='ocrx_word' id='word_1_797' title='bbox 2044 4908 2126 4959; x_wconf 87' lang='grc' dir='ltr'><strong>καί</strong></span> <span class='ocrx_word' id='word_1_798' title='bbox 2148 4903 2505 4976; x_wconf 81' lang='grc' dir='ltr'>συμϐασιλέως</span> <span class='ocrx_word' id='word_1_799' title='bbox 2530 4907 2620 4961; x_wconf 80' lang='grc' dir='ltr'><strong>τήν</strong></span> <span class='ocrx_word' id='word_1_800' title='bbox 2637 4905 2755 4975; x_wconf 87' lang='grc' dir='ltr'>περί</span> <span class='ocrx_word' id='word_1_801' title='bbox 2784 4909 2874 4965; x_wconf 80' lang='grc' dir='ltr'><strong>τῆς</strong></span> <span class='ocrx_word' id='word_1_802' title='bbox 2898 4906 3120 4964; x_wconf 88' lang='grc' dir='ltr'>πίστεως</span> <span class='ocrx_word' id='word_1_803' title='bbox 3147 4905 3297 4957; x_wconf 80' lang='grc' dir='ltr'>αὐτοῦ</span> <span class='ocrx_word' id='word_1_804' title='bbox 3326 4902 3505 4976; x_wconf 77' lang='grc' dir='ltr'>ὕϐριν,</span> 
     </span>
    </p>
   </div>
   <div class='ocr_carea' id='block_1_112' title="bbox 1926 4992 3506 5068">
    <p class='ocr_par' dir='ltr' id='par_1_112' title="bbox 1926 4992 3506 5068">
     <span class='ocr_line' id='line_1_112' title="bbox 1926 4992 3506 5068; baseline -0.001 -20"><span class='ocrx_word' id='word_1_805' title='bbox 1926 4992 2010 5048; x_wconf 88' lang='grc' dir='ltr'><strong>διά</strong></span> <span class='ocrx_word' id='word_1_806' title='bbox 2056 5002 2148 5053; x_wconf 81' lang='grc' dir='ltr'>τῆς</span> <span class='ocrx_word' id='word_1_807' title='bbox 2186 4995 2341 5048; x_wconf 78' lang='grc' dir='ltr'>αὐτοῦ</span> <span class='ocrx_word' id='word_1_808' title='bbox 2391 4995 2718 5068; x_wconf 84' lang='grc' dir='ltr'>προστασίας</span> <span class='ocrx_word' id='word_1_809' title='bbox 2750 4994 2850 5048; x_wconf 89' lang='grc' dir='ltr'><strong>ἀπὸ</strong></span> <span class='ocrx_word' id='word_1_810' title='bbox 2878 5000 2978 5047; x_wconf 81' lang='grc' dir='ltr'><strong>τῶν</strong></span> <span class='ocrx_word' id='word_1_811' title='bbox 3022 4993 3506 5064; x_wconf 80' lang='grc' dir='ltr'>καταφρονησάντων</span> 
     </span>
    </p>
   </div>
   <div class='ocr_carea' id='block_1_113' title="bbox 1924 5082 3519 5189">
    <p class='ocr_par' dir='ltr' id='par_1_113' title="bbox 1924 5082 3519 5189">
     <span class='ocr_line' id='line_1_113' title="bbox 1924 5082 3519 5189; baseline 0.001 -52"><span class='ocrx_word' id='word_1_812' title='bbox 1924 5082 2251 5149; x_wconf 69' lang='grc' dir='ltr'>δκδικήσητε,</span> <span class='ocrx_word' id='word_1_813' title='bbox 2281 5085 2341 5139; x_wconf 86' lang='grc' dir='ltr'><strong>τὸ</strong></span> <span class='ocrx_word' id='word_1_814' title='bbox 2391 5085 2693 5158; x_wconf 68' lang='grc' dir='ltr'>προφητικὸν</span> <span class='ocrx_word' id='word_1_815' title='bbox 2739 5085 2891 5137; x_wconf 80' lang='grc' dir='ltr'>ἐκεῖνο</span> <span class='ocrx_word' id='word_1_816' title='bbox 2939 5082 3099 5155; x_wconf 89' lang='grc' dir='ltr'>λόγιον</span> <span class='ocrx_word' id='word_1_817' title='bbox 3144 5084 3273 5149; x_wconf 82' lang='grc' dir='ltr'><strong>μετά</strong></span> <span class='ocrx_word' id='word_1_818' title='bbox 3311 5083 3519 5189; x_wconf 64' lang='grc' dir='ltr'><strong>βασιλι-ι</strong></span> 
     </span>
    </p>
   </div>
   <div class='ocr_carea' id='block_1_114' title="bbox 1926 5176 3501 5252">
    <p class='ocr_par' dir='ltr' id='par_1_114' title="bbox 1926 5176 3501 5252">
     <span class='ocr_line' id='line_1_114' title="bbox 1926 5176 3501 5252; baseline -0.001 -23"><span class='ocrx_word' id='word_1_819' title='bbox 1926 5185 2016 5239; x_wconf 81' lang='grc' dir='ltr'>κῆς</span> <span class='ocrx_word' id='word_1_820' title='bbox 2057 5177 2423 5252; x_wconf 73' lang='grc' dir='ltr'>φιλανθρωπίας</span> <span class='ocrx_word' id='word_1_821' title='bbox 2469 5176 2850 5249; x_wconf 71' lang='grc' dir='ltr'>μεγαλοψύχως</span> <span class='ocrx_word' id='word_1_822' title='bbox 2900 5176 3325 5247; x_wconf 82' lang='grc' dir='ltr'>ἀναπληροῦντες,</span> <span class='ocrx_word' id='word_1_823' title='bbox 3396 5176 3501 5234; x_wconf 57' lang='grc' dir='ltr'>ὅθεν</span> 
     </span>
    </p>
   </div>
   <div class='ocr_carea' id='block_1_115' title="bbox 1928 5249 3517 5344">
    <p class='ocr_par' dir='ltr' id='par_1_115' title="bbox 1928 5249 3517 5344">
     <span class='ocr_line' id='line_1_115' title="bbox 1928 5249 3517 5344; baseline 0.001 -23"><span class='ocrx_word' id='word_1_824' title='bbox 1928 5267 2031 5340; x_wconf 79' lang='grc' dir='ltr'><strong>[ἷσ.</strong></span> <span class='ocrx_word' id='word_1_825' title='bbox 2052 5309 2067 5335; x_wconf 90' lang='grc'><strong>,</strong></span> <span class='ocrx_word' id='word_1_826' title='bbox 2099 5249 2262 5344; x_wconf 77' lang='grc' dir='ltr'>ὅπερ]</span> <span class='ocrx_word' id='word_1_827' title='bbox 2288 5274 2312 5320; x_wconf 82' lang='grc' dir='ltr'><strong>ὁ</strong></span> <span class='ocrx_word' id='word_1_828' title='bbox 2341 5269 2584 5341; x_wconf 77' lang='grc' dir='ltr'>βασιλεὺς</span> <span class='ocrx_word' id='word_1_829' title='bbox 2612 5271 2695 5321; x_wconf 84' lang='grc' dir='ltr'>καὶ</span> <span class='ocrx_word' id='word_1_830' title='bbox 2737 5269 2995 5341; x_wconf 77' lang='grc' dir='ltr'>προφήτης</span> <span class='ocrx_word' id='word_1_831' title='bbox 3039 5264 3193 5320; x_wconf 70' lang='grc' dir='ltr'>Δαϐὶδ</span> <span class='ocrx_word' id='word_1_832' title='bbox 3243 5267 3371 5341; x_wconf 79' lang='grc' dir='ltr'>πρὸς</span> <span class='ocrx_word' id='word_1_833' title='bbox 3416 5249 3517 5324; x_wconf 36' lang='grc' dir='ltr'>τόν.</span> 
     </span>
    </p>
   </div>
   <div class='ocr_carea' id='block_1_116' title="bbox 1926 5353 3498 5433">
    <p class='ocr_par' dir='ltr' id='par_1_116' title="bbox 1926 5353 3498 5433">
     <span class='ocr_line' id='line_1_116' title="bbox 1926 5353 3498 5433; baseline -0.003 -18"><span class='ocrx_word' id='word_1_834' title='bbox 1926 5362 2048 5415; x_wconf 83' lang='grc' dir='ltr'>Θεὸν</span> <span class='ocrx_word' id='word_1_835' title='bbox 2077 5361 2355 5433; x_wconf 73' lang='grc' dir='ltr'>φθέγγεται.</span> <span class='ocrx_word' id='word_1_836' title='bbox 2396 5377 2414 5411; x_wconf 83' lang='grc' dir='ltr'><strong>ι</strong></span> <span class='ocrx_word' id='word_1_837' title='bbox 2445 5370 2499 5412; x_wconf 83' lang='lat'><strong>‘0</strong></span> <span class='ocrx_word' id='word_1_838' title='bbox 2522 5360 2664 5421; x_wconf 83' lang='grc' dir='ltr'>ζῆλος</span> <span class='ocrx_word' id='word_1_839' title='bbox 2692 5362 2781 5412; x_wconf 88' lang='grc' dir='ltr'><strong>τοῦ</strong></span> <span class='ocrx_word' id='word_1_840' title='bbox 2819 5353 2960 5408; x_wconf 82' lang='grc' dir='ltr'>οἴκου</span> <span class='ocrx_word' id='word_1_841' title='bbox 2993 5375 3087 5408; x_wconf 89' lang='grc' dir='ltr'><strong>σου</strong></span> <span class='ocrx_word' id='word_1_842' title='bbox 3105 5395 3118 5419; x_wconf 91' lang='grc'><strong>,</strong></span> <span class='ocrx_word' id='word_1_843' title='bbox 3146 5354 3378 5427; x_wconf 81' lang='grc' dir='ltr'>φάσκων,</span> <span class='ocrx_word' id='word_1_844' title='bbox 3410 5379 3498 5412; x_wconf 85' lang='grc' dir='ltr'>κα-</span> 
     </span>
    </p>
   </div>
   <div class='ocr_carea' id='block_1_117' title="bbox 1928 5445 3501 5524">
    <p class='ocr_par' dir='ltr' id='par_1_117' title="bbox 1928 5445 3501 5524">
     <span class='ocr_line' id='line_1_117' title="bbox 1928 5445 3501 5524; baseline -0.004 -18"><span class='ocrx_word' id='word_1_845' title='bbox 1928 5451 2112 5524; x_wconf 68' lang='grc' dir='ltr'>τέφαγὲ</span> <span class='ocrx_word' id='word_1_846' title='bbox 2149 5471 2231 5521; x_wconf 88' lang='grc' dir='ltr'>με.</span> <span class='ocrx_word' id='word_1_847' title='bbox 2263 5467 2283 5501; x_wconf 70' lang='grc' dir='ltr'><strong>ε</strong></span> <span class='ocrx_word' id='word_1_848' title='bbox 2307 5447 2453 5504; x_wconf 85' lang='grc' dir='ltr'>Ὀθεν</span> <span class='ocrx_word' id='word_1_849' title='bbox 2484 5450 2613 5524; x_wconf 74' lang='grc' dir='ltr'>ὑπὲρ</span> <span class='ocrx_word' id='word_1_850' title='bbox 2643 5451 2732 5501; x_wconf 90' lang='grc' dir='ltr'><strong>τοῦ</strong></span> <span class='ocrx_word' id='word_1_851' title='bbox 2776 5446 3008 5500; x_wconf 77' lang='grc' dir='ltr'>τοιουτου</span> <span class='ocrx_word' id='word_1_852' title='bbox 3032 5446 3326 5516; x_wconf 73' lang='grc' dir='ltr'>Θεαρέστου</span> <span class='ocrx_word' id='word_1_853' title='bbox 3352 5445 3501 5509; x_wconf 71' lang='grc' dir='ltr'>ζήλου</span> 
     </span>
    </p>
   </div>
   <div class='ocr_carea' id='block_1_118' title="bbox 1926 5540 3497 5614">
    <p class='ocr_par' dir='ltr' id='par_1_118' title="bbox 1926 5540 3497 5614">
     <span class='ocr_line' id='line_1_118' title="bbox 1926 5540 3497 5614; baseline -0.003 -15"><span class='ocrx_word' id='word_1_854' title='bbox 1926 5546 2204 5607; x_wconf 74' lang='grc' dir='ltr'>ἑπαινεθείς</span> <span class='ocrx_word' id='word_1_855' title='bbox 2231 5547 2413 5603; x_wconf 65' lang='grc' dir='ltr'>ἐκείνην</span> <span class='ocrx_word' id='word_1_856' title='bbox 2443 5548 2529 5602; x_wconf 75' lang='grc' dir='ltr'><strong>τήν</strong></span> <span class='ocrx_word' id='word_1_857' title='bbox 2558 5541 2812 5614; x_wconf 86' lang='grc' dir='ltr'>μακαρίαν</span> <span class='ocrx_word' id='word_1_858' title='bbox 2832 5543 2995 5613; x_wconf 71' lang='grc' dir='ltr'>φωνήν</span> <span class='ocrx_word' id='word_1_859' title='bbox 3022 5540 3236 5595; x_wconf 86' lang='grc' dir='ltr'>ἀκοῦσαι</span> <span class='ocrx_word' id='word_1_860' title='bbox 3261 5541 3363 5595; x_wconf 77' lang='grc' dir='ltr'>διπό</span> <span class='ocrx_word' id='word_1_861' title='bbox 3401 5545 3497 5595; x_wconf 76' lang='grc' dir='ltr'><strong>τοῦ</strong></span> 
     </span>
    </p>
   </div>
   <div class='ocr_carea' id='block_1_119' title="bbox 1927 5628 3519 5722">
    <p class='ocr_par' dir='ltr' id='par_1_119' title="bbox 1927 5628 3519 5722">
     <span class='ocr_line' id='line_1_119' title="bbox 1927 5628 3519 5722; baseline 0 -31"><span class='ocrx_word' id='word_1_862' title='bbox 1927 5644 2238 5717; x_wconf 84' lang='grc' dir='ltr'>Δημιουργοῦ</span> <span class='ocrx_word' id='word_1_863' title='bbox 2267 5643 2369 5693; x_wconf 85' lang='grc' dir='ltr'>τῶν</span> <span class='ocrx_word' id='word_1_864' title='bbox 2393 5633 2516 5691; x_wconf 84' lang='grc' dir='ltr'>ὅλων</span> <span class='ocrx_word' id='word_1_865' title='bbox 2534 5633 2733 5699; x_wconf 73' lang='grc' dir='ltr'>ἠξιώθη·</span> <span class='ocrx_word' id='word_1_866' title='bbox 2767 5649 2787 5685; x_wconf 77' lang='grc' dir='ltr'><strong>ι</strong></span> <span class='ocrx_word' id='word_1_867' title='bbox 2818 5628 2981 5722; x_wconf 65' lang='lat' dir='ltr'><strong>utipr</strong></span> <span class='ocrx_word' id='word_1_868' title='bbox 3006 5630 3163 5689; x_wconf 77' lang='grc' dir='ltr'>Δαϐίδ</span> <span class='ocrx_word' id='word_1_869' title='bbox 3186 5630 3344 5709; x_wconf 78' lang='grc' dir='ltr'>ἄνδρα</span> <span class='ocrx_word' id='word_1_870' title='bbox 3370 5650 3461 5701; x_wconf 64' lang='grc' dir='ltr'><strong>κατ</strong></span> <span class='ocrx_word' id='word_1_871' title='bbox 3493 5640 3519 5691; x_wconf 77' lang='grc' dir='ltr'><strong>ὸ</strong></span> 
     </span>
    </p>
   </div>
   <div class='ocr_carea' id='block_1_120' title="bbox 317 5743 2045 5821">
    <p class='ocr_par' dir='ltr' id='par_1_120' title="bbox 317 5743 2045 5821">
     <span class='ocr_line' id='line_1_120' title="bbox 317 5743 2045 5821; baseline 0.003 -22"><span class='ocrx_word' id='word_1_872' title='bbox 317 5760 341 5784; x_wconf 72' lang='grc' dir='ltr'>α</span> <span class='ocrx_word' id='word_1_873' title='bbox 380 5748 520 5816; x_wconf 69' lang='lat' dir='ltr'><strong>Lege</strong></span> <span class='ocrx_word' id='word_1_874' title='bbox 547 5758 611 5801; x_wconf 82' lang='lat' dir='ltr'><strong>ex</strong></span> <span class='ocrx_word' id='word_1_875' title='bbox 644 5744 958 5814; x_wconf 85' lang='lat' dir='ltr'><strong>primigenio</strong></span> <span class='ocrx_word' id='word_1_876' title='bbox 996 5743 1140 5803; x_wconf 84' lang='lat' dir='ltr'><strong>fonte</strong></span> <span class='ocrx_word' id='word_1_877' title='bbox 1168 5745 1376 5817; x_wconf 81' lang='lat' dir='ltr'><strong>Latino,</strong></span> <span class='ocrx_word' id='word_1_878' title='bbox 1406 5751 1829 5821; x_wconf 76' lang='grc' dir='ltr'>ιύτνχεστάτοις.</span> <span class='ocrx_word' id='word_1_879' title='bbox 1875 5750 2045 5807; x_wconf 76' lang='lat' dir='ltr'><strong>limo.</strong></span> 
     </span>
    </p>
   </div>
   <div class='ocr_carea' id='block_1_121' title="bbox 1762 5900 1827 5935">
    <p class='ocr_par' dir='ltr' id='par_1_121' title="bbox 1762 5900 1827 5935">
     <span class='ocr_line' id='line_1_121' title="bbox 1762 5900 1827 5935; baseline 0 0"><span class='ocrx_word' id='word_1_880' title='bbox 1762 5900 1827 5935; x_wconf 38' lang='lat'><strong>~45</strong></span> 
     </span>
    </p>
   </div>
  </div>
