4008 6176
418 311 553 372 ιειι

1681 299 1740 356 S.
1782 298 2170 357 AGATHONIS
2208 300 2413 358 PAPIE

3557 300 3699 358 1212

417 433 507 487 τήν
535 420 747 501 καρδίαν
785 438 906 491 μου,
937 414 993 478 ὃς
1029 410 1233 476 ποιήσει
1265 411 1439 472 πάντα
1466 412 1534 470 τά
1555 413 1813 485 θελήματὰ
1839 431 1998 487 μου.)
2034 463 2043 476 ,

2149 430 2326 472 mnem
2376 415 2770 473 immunitatem
2825 428 2854 469 a
2897 420 3081 470 nostra
3111 414 3373 486 parvitate
3412 414 3703 487 dirigendis

414 514 580 587 ’ῼτινι
604 515 688 567 καί
726 513 776 565 ἐν
800 516 912 570 τοῖς
931 508 1155 582 Ψαλμοῖς
1178 507 1233 562 ἐπ
1244 506 1569 581 αγγέλλεται’
1605 522 1625 556 ε
1647 502 1807 577 Ηῦρον
1852 504 2011 561 Δαϐίδ

417 610 504 663 τόν
535 602 711 661 δοῦλόν
759 622 878 673 μου,
915 602 966 654 ἐν
1001 600 1150 671 ἐλαίῳ
1199 598 1334 674 ἁγίῳ
1388 620 1487 671 μου
1539 596 1737 673 ἕχρισα
1764 597 1954 654 αὐτόν·
1980 600 2011 657 ἦ

420 699 521 770 γὰρ
544 696 665 769 χείρ
689 715 790 767 μου
820 690 1253 759 συναντιλήψεται
1293 692 1452 761 αὐτῷ,
1478 688 1612 744 καίό
1640 688 1880 762 βραχίων
1915 709 2011 758 μου

420 785 739 855 κατισχύσει
780 783 952 847 αὐτὸν,
986 799 1003 831 ι
1037 779 1175 841 ὅπως
1195 777 1385 840 οὗτινος
1412 781 1467 834 τὸ
1496 786 1709 856 πρᾶγμα
1741 787 1798 854 τῇ
1829 780 2015 853 ζεούσῃ

424 876 627 952 σπουδῇ
652 878 684 936 ἡ
710 884 802 936 τῆς
850 877 1357 949 Χριστιανικωτοίτης
1386 874 1528 945 ὑμῶν
1559 873 1827 945 βασιλείας
1865 874 2015 926 εὐσέ-

424 971 538 1024 ϐεια
567 970 867 1040 ἀγωνίζεται
890 969 1193 1022 ἀποτελέσαι
1211 1008 1226 1032 ,
1252 968 1423 1025 πάσας
1451 967 1541 1025 τὰς
1572 966 1782 1041 πράξεις
1812 970 1903 1019 τοῦ
1932 966 2019 1018 ἀν·

421 1061 717 1136 δρειοτάτον
745 1061 886 1130 ὑμῶν
912 1060 1127 1135 κράτους
1181 1060 1423 1127 εὐτυχεῖς
1452 1058 1538 1109 καί
1583 1058 1753 1115 αἰσίας
1798 1058 2017 1127 ποιήσῃ,

424 1151 479 1213 ὃς
537 1153 587 1207 ἓν
636 1160 744 1211 τοῖς
810 1151 994 1213 ἑαυτοῦ
1052 1149 1212 1221 ἁγίας
1277 1149 1593 1219 Ebur/sliat;
1661 1147 2021 1219 ἐπαγγέλλεται

424 1245 661 1315 φάσκων
700 1260 718 1292 ι
754 1248 956 1298 Ζητεῖτε
988 1246 1187 1314 πρῶτον
1216 1243 1305 1297 τήν
1332 1238 1591 1311 βασιλείαν
1626 1244 1714 1291 τοῦ
1747 1244 1870 1291 Θεοῦ
1893 1278 1907 1301 ,
1940 1239 2023 1290 καί

425 1340 595 1388 ταῦτα
621 1332 789 1387 πάντα
816 1331 1218 1406 προστεθήσεται
1237 1328 1415 1396 ὑμῖν.)
1434 1329 1619 1386 Πάντες
1643 1328 1745 1397 γὰρ
1775 1325 1903 1398 πρὸς
1934 1324 2023 1385 οὒς

427 1425 697 1481 κατέλαϐεν
731 1427 761 1482 ἡ
790 1431 888 1479 τῶν
919 1424 1060 1476 θείων
1090 1422 1230 1491 ὑμῶν
1259 1428 1478 1508 κεραιῶν
1503 1419 1722 1483 εἴδησις,
1755 1421 1841 1472 καὶ
1867 1418 1891 1472 ὁ
1919 1438 2026 1473 τοι·

427 1526 581 1579 οὗτος
619 1516 838 1585 εὓμενῶς
865 1522 956 1576 τῆς
988 1515 1275 1584 σεϐασμίας
1322 1511 1717 1585 μεγαλοψυχίας
1745 1518 1838 1571 τῆς
1882 1511 2026 1582 ὑμῶν

430 1610 745 1684 ἡμερότητος
801 1604 1084 1676 ἀπεδείχθη
1137 1604 1351 1668 σκοπός,
1390 1604 1765 1677 ἀναριθμήτους
1813 1602 2027 1674 εὐχαρι-

428 1704 608 1764 στίας,
659 1704 743 1753 καί
784 1697 1140 1757 ἀδικλείπτους
1197 1697 1466 1756 ἐπαίνους,
1508 1696 1864 1763 θαυμάσαντες
1908 1694 2029 1764 περὶ

2114 510 2360 579 personis
2410 508 2648 578 polliciti.
2686 510 2753 564 Et
2789 507 3111 565 conﬁdimus
3151 509 3273 578 quia
3304 524 3426 578 quae
3457 509 3702 578 promisit

2116 610 2295 656 vestra
2332 602 2416 670 pia
2444 601 2756 667 clementia,
2790 608 2978 670 potens
2994 609 3075 654 est
3097 609 3147 654 et
3172 599 3409 669 efﬁcere,
3441 608 3701 670 quatenus

2116 694 2257 763 quod
2292 692 2403 748 Deo
2429 708 2460 747 a
2501 702 2692 749 vestra:
2736 692 3156 748 Christianitatis
3196 691 3422 761 imperio
3457 692 3699 762 religiosa

2119 783 2445 839 humanitate
2471 783 2726 839 devotum
2760 792 2842 838 est
2869 792 2923 838 et
2951 783 3297 851 promissum,
3356 782 3703 837 nihilominus

2118 874 2235 942 ejus
2277 874 2573 929 auxiliante
2617 873 3006 943 omnipotentia
3054 872 3358 939 impleatur.
3440 872 3595 928 Unde
3640 882 3700 928 et

2121 964 2235 1019 laus
2264 965 2332 1019 ab
2357 966 2608 1020 omnibus
2645 966 2951 1021 nationibus
2980 964 3327 1030 Christianis,
3374 972 3429 1017 et
3456 964 3705 1032 perennis

2124 1059 2407 1122 memoria,
2435 1066 2491 1113 et
2520 1057 2773 1127 frequens
2803 1058 2972 1112 oratio
3003 1070 3099 1127 pro
3121 1057 3410 1122 sosititate,
3440 1064 3499 1109 et
3521 1056 3706 1109 trium-

2122 1148 2410 1218 phalibus,
2462 1163 2524 1203 ac
2566 1148 2816 1217 perchtis
2868 1148 3105 1203 victoriis
3153 1146 3537 1212 consedendis,
3584 1156 3709 1201 ante

2123 1238 2397 1293 Christum
2448 1238 2754 1305 Dominum,
2810 1239 2961 1306 cujus
3019 1252 3177 1292 causa
3234 1247 3335 1303 est,
3385 1235 3704 1302 effundatur,

2125 1339 2389 1399 quatenus
2434 1344 2681 1400 supernae
2731 1330 3025 1400 majestatis
3061 1340 3261 1385 terrore
3291 1331 3553 1398 perculsa:
3581 1343 3707 1399 gen-

2128 1423 2256 1478 linm
2291 1420 2568 1486 nationes,
2607 1420 2705 1476 sub
2731 1421 2958 1490 sceptris
2991 1420 3150 1474 vestri
3183 1419 3539 1475 robustissimi
3568 1418 3708 1487 prin-

2128 1515 2339 1584 cipatus
2370 1512 2646 1569 humiliter
2675 1513 2812 1568 colla
2843 1520 3222 1583 prosternant,
3272 1521 3327 1567 ut
3359 1511 3584 1581 piissimi
3625 1524 3710 1566 ve-

2128 1608 2223 1663 stri
2254 1607 2406 1676 regni
2437 1606 2777 1661 continuetur
2823 1605 3061 1675 potentia
3082 1646 3098 1671 ,
3146 1604 3270 1658 dum
3306 1602 3583 1673 temporali
3616 1600 3715 1656 int-

2130 1700 2280 1768 perio
2325 1698 2511 1753 aeterni
2560 1698 2711 1767 regni
2757 1697 2997 1753 succedit
3029 1696 3274 1765 perennis
3316 1695 3565 1751 felicitas.
3607 1693 3718 1750 Nec

436 1802 524 1851 τοῦ
561 1796 818 1849 τοσούτου
849 1800 940 1851 τῆς
976 1791 1298 1861 συμπαθείας
1329 1788 1591 1858 μεγέθους,
1618 1793 1691 1858 τῷ
1736 1785 2026 1858 κατορθωτῇ

2147 1791 2275 1845 enim
2310 1791 2503 1860 poterit
2531 1789 2671 1844 aliud
2699 1787 3034 1844 simillimum
3060 1787 3317 1853 inveniri,
3351 1787 3495 1856 quod
3526 1795 3719 1840 vestra

433 1893 524 1941 τοῦ
552 1883 909 1959 ἀνδρειοτάτου
953 1882 1097 1951 ὑμῶν
1145 1880 1364 1952 κράτους
1411 1875 1813 1932 ἀποδεδώκασιν
1855 1872 2028 1941 ἐπειδή

435 1980 506 2038 ὡς
533 1976 750 2039 ἀληθῶς,
775 1973 1130 2027 εὐσεϐέστατοι
1166 1971 1254 2022 καί
1281 1967 1586 2023 διάιότατοι
1611 1967 1862 2037 βασιλεῖς,
1895 1964 2029 2038 ἅπερ

436 2068 537 2121 είσὶ
563 2072 655 2120 τοῦ
694 2070 820 2118 Θεοῦ
852 2063 982 2133 μετά
1012 2060 1165 2133 φόϐου
1211 2056 1337 2114 Θεοῦ
1385 2060 1729 2121 κατηξιώσατε
1779 2056 2033 2131 διαπράτ-

439 2160 647 2219 τεσθαι,
681 2162 858 2211 πᾶσαν
888 2155 1165 2209 ἀϐλάϐειαν
1204 2159 1309 2211 τοῖς
1359 2151 1700 2221 στελλομένοις
1751 2149 1872 2221 παρ’
1897 2150 2035 2218 ἡμῶν

444 2251 735 2320 προσώποις
760 2245 1138 2315 ὑποσχόμενοι.
1182 2246 1267 2297 Καί
1297 2243 1609 2315 θαρροῦμεν,
1641 2239 1723 2296 ὅτι
1751 2239 1882 2314 ἅπερ
1908 2240 2037 2294 ὑπέ-

445 2359 615 2411 σχετο
660 2340 690 2397 ἠ
738 2337 962 2408 ὑμετέρα
991 2334 1202 2394 εὐσεϐής
1234 2334 1460 2404 εὐμένεια
1482 2372 1496 2397 ,
1531 2330 1744 2386 δύναται
1788 2332 1870 2384 καί
1907 2331 2036 2384 ἀπο·

447 2432 666 2495 τελέσαι,
695 2426 833 2489 ὅπως
866 2425 992 2503 ὅπερ
1033 2433 1105 2498 τῷ
1134 2432 1244 2497 Θεῷ
1277 2425 1551 2499 ἀφιέρωται
1589 2422 1831 2477 Θεοσεῆεῖ
1871 2420 2039 2490 φιλαν-

444 2523 643 2596 θρωπίᾳ
669 2520 811 2594 παρὰ
837 2512 928 2573 τοῦ
959 2517 1295 2591 φιλοχρίστου
1324 2515 1466 2584 ὑμῶν
1495 2514 1746 2587 κράτους,
1772 2508 1912 2565 οὐδὲν
1950 2508 2040 2569 ἧτ-

446 2635 532 2667 τοιν
560 2621 652 2672 τῆς
680 2614 837 2666 αὐτοῦ
888 2612 1328 2682 παντοκρατορίας
1364 2607 1713 2679 συνεργούσης
1740 2605 1822 2656 καί
1853 2604 1885 2661 ἠ
1914 2600 2041 2656 ὑπό-

453 2724 646 2774 σχεσις
678 2702 936 2777 πληρωθῇ.
983 2698 1125 2755 Ὀθεν
1157 2702 1242 2754 καί
1287 2699 1490 2759 ἔπαινος
1539 2700 1643 2753 ἀπὸ
1687 2699 1889 2753 πάντων
1942 2703 2042 2750 τῶν

445 2798 596 2852 ἐθνῶν
624 2801 723 2851 τῶν
746 2800 1093 2868 Χριστιανῶν,
1124 2795 1211 2846 καί
1244 2794 1550 2855 αίωνίζουσα
1577 2794 1745 2861 μνήμη
1763 2828 1778 2854 ,
1811 2791 1895 2842 καί
1923 2808 2041 2842 συν-

456 2890 580 2957 εχής
616 2886 753 2956 εὐχή
792 2885 1058 2939 πλεονάσει
1093 2884 1222 2961 ὑπέρ
1249 2883 1483 2959 ῥώσεως,
1515 2884 1601 2936 καί
1629 2888 1721 2940 τῆς
1750 2878 2044 2949 δωρηθησο-

458 2980 607 3051 μένης
635 2979 997 3056 τροπαιοῦχον
1029 2977 1110 3029 καί
1160 2976 1353 3036 τελείας
1392 2977 1531 3035 νίκης
1574 2974 1675 3028 ἀπὸ
1707 2978 1798 3027 τοῦ
1852 2972 2043 3027 Δεσπό-

452 3089 542 3125 του
579 3074 807 3142 Χριστοῦ
830 3107 844 3130 ,
876 3064 1071 3126 οὗτινος
1099 3068 1185 3119 καί
1216 3066 1274 3119 τό
1312 3065 1532 3135 πρᾶγμά
1576 3064 1729 3126 ἐστιν,
1765 3060 1904 3121 ὅπως
1947 3069 2041 3121 τῆς

455 3161 721 3223 ἀνωτάτης
771 3161 1160 3233 μεγαλειότητος
1208 3166 1281 3227 τῷ
1330 3158 1469 3230 φόϐῳ
1516 3158 1769 3228 πληγέντα
1817 3152 1884 3211 τά
1926 3157 2042 3226 γένη

456 3261 557 3310 τῶν
588 3254 735 3306 ἐθνῶν
768 3252 869 3305 όπό
892 3257 1000 3309 τοῖς
1025 3252 1309 3324 σκήπτροις
1336 3255 1427 3301 τοῦ
1465 3247 1725 3320 ωμαλέου
1751 3248 1889 3316 ὑμῶν
1920 3248 2045 3319 κρά-

456 3363 579 3405 τους
600 3346 718 3404 τοὺς
752 3343 951 3397 ἑαυτῶν
983 3341 1213 3408 αὐχένας
1259 3340 1648 3399 ταπεινωθέντες
1694 3340 2050 3411 ὑποστρώσωο

461 3455 566 3496 σιν,
596 3436 678 3489 ’ἱνα
708 3441 799 3491 τῆς
843 3432 1095 3505 ὑμετέρας
1123 3430 1367 3490 εὐσεϐοῦς
1396 3428 1656 3503 βασιλείας
1705 3430 1994 3503 κραταιωθῇ
2019 3430 2050 3487 ἡ

466 3525 775 3584 δυναστεία,
830 3521 925 3580 ἕως
979 3522 1037 3574 τὸ
1089 3523 1325 3596 χρονικὸν
1379 3523 1559 3595 κράτος
1607 3523 1637 3578 ἡ
1692 3519 2052 3584 διαιωνίζουσα

464 3613 780 3686 μακαριότης
814 3619 906 3671 τῆς
934 3612 1163 3685 οὐρανίου
1192 3608 1412 3681 [ἀϊδίου]
1442 3610 1731 3675 διαδέξηται
1761 3612 2047 3687 βασιλείας.

465 3703 599 3758 οὐδὲ
626 3706 726 3777 γὰρ
776 3702 1051 3761 δυνήσεται
1097 3700 1216 3757 ἄλλο
1260 3702 1425 3774 ὅμοιον
1470 3704 1760 3779 εὑρεθῆναι,
1805 3701 1929 3777 ὅπερ
1964 3710 2055 3763 τὴν

463 3795 823 3869 φνλανθρωπίαν
869 3800 960 3852 τῆς
1003 3795 1257 3863 ὑμετέρας
1286 3795 1540 3850 ἀηττήτου
1578 3791 1807 3868 ἀνδρείας
1848 3801 1909 3867 τῇ
1947 3796 2054 3867 θείᾳ

462 3885 817 3957 παραθήσεται
836 3882 1204 3953 μεγαλειότητι,
1224 3887 1267 3936 εἰ
1289 3888 1358 3954 μή
1376 3883 1457 3936 ἶνα
1482 3883 1787 3946 ἐξωσθέντων
1810 3890 1906 3939 τῶν
1927 3884 2057 3939 πλα-

464 3976 695 4044 νωμένων
732 3976 835 4027 ἀπὸ
877 3981 967 4027 τοῦ
1008 3982 1100 4033 τῆς
1144 3974 1377 4033 ἀληθείας
1408 3974 1631 4037 κανόνος,
1661 3981 1753 4033 τῆς
1801 3974 2056 4048 εὐαγγελι-

465 4073 556 4124 κῆς
588 4068 673 4118 καί
703 4065 1041 4123 ἀποστολικῆς
1083 4066 1218 4135 ἡμῶν
1247 4066 1471 4124 πίστεως
1501 4071 1770 4133 πανταχοῦ
1800 4066 2056 4139 φανερωθῇ

468 4158 551 4212 καί
578 4158 811 4229 κηρυχθρ
843 4161 897 4208 τό
946 4157 1190 4230 ἀκέραιον.
1226 4157 1313 4208 Δεά
1340 4162 1523 4219 τοῦτο,
1571 4155 1930 4209 εὐσεϐέστατοι
1977 4158 2059 4210 καί

474 4246 790 4305 Θεοδίδακτοι
838 4246 1085 4302 δεσπόται
1114 4252 1198 4301 καί
1226 4250 1393 4313 τέκνα,
1428 4250 1511 4302 ἐὰν
1540 4255 1719 4303 τοῦτον
1747 4251 1832 4303 τόν
1883 4248 2060 4304 κανόνα

466 4347 567 4392 τῶν
616 4338 772 4411 ἀγῖων
804 4347 1029 4411 Γραφῶν,
1059 4349 1156 4395 τῶν
1188 4341 1482 4411 σεϐασμίων
1509 4339 1750 4407 συνόδων,
1784 4348 1881 4394 τῶν
1906 4363 2059 4396 πνευ-

2133 1880 2497 1937 invictissima:
2528 1880 2857 1936 fortitudinis
2901 1881 3092 1935 divina:
3132 1879 3397 1950 majestati
3435 1892 3717 1935 commen-

2134 1974 2226 2029 det
2252 1975 2592 2030 clementiam
2613 2014 2627 2041 ,
2657 1989 2813 2044 quam
2845 1982 2903 2029 ut
2944 1972 3173 2043 repulsis
3211 1988 3240 2027 a
3272 1973 3451 2045 regula
3480 1976 3722 2030 veritatis

2135 2066 2464 2131 errantibus,
2502 2066 2822 2135 evangelica:
2852 2074 3012 2133 atque
3044 2065 3351 2135 apostolicze
3373 2076 3573 2121 nostra:
3598 2066 3719 2121 ﬁdei

2139 2158 2335 2228 ubique
2372 2158 2669 2213 illnstretur
2696 2167 2749 2212 et
2778 2155 3095 2227 praedicetur
3127 2156 3427 2227 integritas.
3472 2156 3722 2226 Promer-

2138 2263 2222 2311 ea,
2253 2248 2479 2317 piissimi
2526 2259 2578 2303 et
2627 2264 2655 2302 a
2689 2249 2796 2303 Deo
2836 2249 3081 2303 instructi
3112 2248 3312 2304 domini
3350 2249 3468 2315 filii,
3503 2249 3551 2303 si
3585 2249 3721 2303 hanc

2139 2351 2414 2393 sacrarum
2491 2337 2888 2408 Scripturarunt
2956 2338 3339 2395 veneraliilium
3391 2338 3722 2409 synodorum

2139 2431 2497 2501 Spiritualium
2562 2432 2779 2486 Patrum
2846 2430 3373 2501 irreprehensibilcm
3438 2432 3725 2500 apostolici

2140 2524 2408 2595 dogmatis
2434 2524 2693 2593 regulam,
2722 2524 2871 2593 juxta
2893 2525 3251 2595 evangelicam
3273 2538 3460 2578 eorum
3484 2520 3726 2598 [earum]

2143 2614 2591 2687 intelligentiam,
2644 2629 2738 2683 per
2784 2628 2942 2684 quam
2990 2615 3230 2671 veritatis
3274 2614 3430 2670 nobis
3476 2614 3734 2678 formula,

2143 2704 2333 2775 spiritu
2382 2713 2677 2768 reserante,
2708 2713 3002 2759 monstrata
3045 2715 3148 2770 est,
3183 2704 3737 2773 Constantinopolita-

2147 2815 2231 2856 nae
2267 2801 2463 2870 praesul
2508 2797 2766 2854 Ecclesia:
2804 2806 2987 2855 tenere
3024 2798 3300 2852 nobiscum
3337 2811 3400 2852 ac
3441 2795 3737 2865 praedicare

2144 2889 2445 2960 delegerit,
2494 2904 2593 2959 pax
2643 2890 2809 2944 multa
2856 2889 2958 2945 erit
3003 2888 3346 2959 diligentibus
3394 2879 3593 2943 nomen
3635 2886 3736 2941 Dei

2148 2980 2320 3053 (Psal.
2370 2980 2556 3051 cxvm)
2609 2991 2664 3037 et
2712 2981 2877 3036 ullum
2923 2995 3027 3035 non
3060 2980 3352 3036 remanebit
3380 2978 3739 3035 dissensionis

2148 3075 2455 3130 scandalum
2483 3118 2497 3143 ,
2553 3083 2607 3129 et
2655 3073 2745 3129 fiet
2792 3073 2933 3143 quod
2982 3075 3033 3129 in
3077 3073 3293 3129 Actibus
3337 3076 3737 3143 apostolorum,

2153 3165 2277 3221 dum
2310 3181 2404 3236 per
2432 3164 2654 3236 gratiam
2700 3166 2867 3221 sancti
2917 3164 3147 3235 Spiritus
3195 3165 3421 3236 populus
3450 3166 3518 3220 ad
3549 3164 3738 3235 cogni-

2155 3258 2354 3311 tionem
2385 3254 2803 3311 Christianitatis
2834 3257 3156 3323 accesserit,
3182 3258 3429 3313 omnibus
3460 3256 3615 3311 nobis
3642 3270 3742 3312 cor

2152 3361 2319 3401 unum
2350 3355 2405 3401 et
2432 3345 2609 3400 anima
2638 3359 2738 3400 una
2764 3345 2903 3414 (Acl.
2934 3346 3031 3416 ιν).
3086 3346 3178 3400 Sin
3207 3354 3384 3401 autem
3418 3345 3585 3416 (quod
3617 3359 3744 3414 por-

2155 3456 2215 3494 ro
2246 3440 2402 3510 longe
2446 3439 2538 3508 sit)
2570 3440 2856 3493 novitatem
2894 3453 3066 3507 nuper
3109 3438 3175 3492 ab
3215 3438 3336 3492 aliis
3379 3436 3739 3492 introductam

2156 3532 2403 3601 amplecti
2452 3531 2736 3595 maluerit,
2783 3543 2837 3585 et
2880 3531 3068 3585 alienis
3109 3546 3138 3585 a
3170 3530 3348 3598 regula
3381 3529 3623 3586 veritatis
3649 3544 3741 3583 or-

2156 3622 2403 3677 thodoxae
2448 3632 2607 3689 atque
2646 3621 2954 3690 apostnlica:
2994 3631 3191 3675 nostra:
3222 3620 3343 3674 fidei
3371 3634 3494 3675 sese
3520 3620 3741 3675 irretire

2158 3712 2437 3776 doctrinis,
2478 3729 2660 3783 quam,
2694 3722 2747 3767 ut
2776 3722 2899 3782 pote
2926 3713 3204 3767 animabus
3233 3713 3470 3777 noxiam,
3498 3710 3741 3765 declina-

2159 3820 2238 3869 re,
2269 3802 2631 3859 indesinenter
2660 3805 2727 3858 ab
2759 3803 3064 3872 apostolicis
3094 3817 3223 3857 mea:
3266 3802 3581 3856 humilitatis
3608 3816 3743 3870 pra-

2159 3895 2532 3951 deccssoribus
2561 3895 2824 3949 exhortati
2857 3904 3013 3964 atque
3042 3892 3382 3955 commoniti,
3416 3904 3585 3957 usque
3613 3891 3743 3944 hac-

2160 3977 2313 4042 tenus
2358 3986 2721 4049 distulerunt,
2790 3985 2903 4055 ipse
2955 3985 3184 4049 noverit,
3228 3982 3351 4053 quid
3399 3982 3468 4037 de
3499 3983 3588 4035 tali
3616 3996 3746 4037 con-

2161 4086 2363 4146 temptu
2417 4078 2467 4130 in
2521 4076 2698 4130 divino
2728 4075 2927 4129 Christi
2975 4076 3223 4129 examine
3270 4072 3560 4127 satisfaciet
3604 4070 3743 4140 apud

2157 4167 2390 4237 judicent
2417 4167 2655 4221 omnium
2689 4166 2776 4232 qui
2809 4167 2858 4218 in
2886 4166 3036 4220 cmlis
3059 4175 3161 4231 est,
3194 4164 3278 4218 cui
3305 4172 3359 4221 et
3388 4177 3486 4219 nos
3518 4161 3619 4230 ipsi
3650 4176 3748 4232 pro

2162 4268 2412 4329 suscepto
2460 4272 2600 4312 verte
2649 4255 3042 4324 pra-dicationis
3092 4253 3430 4318 ministerio,
3477 4252 3564 4307 vel
3613 4266 3748 4320 pre-

2163 4353 2467 4418 sumptione
2511 4349 2827 4405 Christianae
2877 4347 3117 4417 religioni
3164 4346 3469 4410 contraria,
3511 4345 3640 4399 dum
3680 4342 3747 4397 ad

468 4437 690 4498 ματικῶν
741 4432 967 4505 Πατέρων
997 4431 1328 4487 ἀνεπίληπτον
1360 4427 1448 4485 τοῦ
1506 4431 1839 4485 ἀποστολικοῦ
1870 4430 2043 4503 δόγμα·

2159 4440 2504 4512 jndicandum
2561 4440 2861 4501 advenerit.
2904 4437 3165 4495 reddituri
3206 4450 3390 4492 sumus
3435 4436 3745 4491 rationem:

467 4537 556 4576 τος
582 4521 711 4571 κα,τά
740 4523 829 4575 τὴν
861 4520 1175 4591 εὐαγγελικὴν
1203 4521 1366 4574 αὐτῶν
1397 4518 1613 4583 ἔννοιαν,
1643 4520 1708 4575 δι’
1736 4518 1794 4573 οὗ
1822 4530 1912 4582 τῆς
1940 4523 2060 4580 ἀλη-

469 4609 606 4669 θείας
651 4610 767 4679 ἡμῖν
795 4610 880 4663 τόν
907 4614 1065 4663 τύπον
1088 4651 1100 4673 ,
1130 4618 1220 4664 τοῦ
1270 4615 1556 4681 πνεύματος
1585 4613 2057 4679 ἀνακαλύπτοντος,

470 4698 686 4764 ἔδειξαν,
719 4699 744 4754 ό
771 4699 1011 4775 πρόεδρος
1040 4710 1130 4762 τῆς
1159 4704 1209 4755 ἓν
1238 4706 1750 4759 Κωνσταντινουπόλει
1771 4706 2063 4767 Ἑκκλησίας

475 4793 573 4844 σὺν
601 4792 723 4862 ἡμῖν
753 4800 951 4865 κρατεῖν
980 4801 1060 4844 και
1093 4794 1357 4869 κηρῦττειν
1382 4794 1687 4858 ἐπιλέξηται,
1716 4799 1879 4869 εἰρήνη
1907 4797 2063 4856 πολλή

473 4886 743 4955 γενήσεται
793 4890 903 4942 τοῖς
949 4884 1190 4954 ἀγαπῶσι
1235 4886 1293 4937 τό
1339 4883 1497 4956 ἕνομα
1542 4894 1631 4941 τοῦ
1667 4895 1823 4955 Θεοῦ,
1854 4892 1935 4942 καί
1983 4891 2066 4943 οὐκ

479 4977 725 5045 ἀπομενεῐ
748 4999 796 5030 τι
825 4974 1098 5029 σκάνδαλον
1121 4975 1399 5047 διχονοίας,
1417 4983 1498 5033 καί
1524 4984 1783 5052 γενήσεται
1804 4983 1858 5035 τὸ
1881 4986 1927 5034 ἐν
1951 4990 2065 5041 τα⁷ς

485 5066 637 5138 Πράξε
650 5087 699 5119 σι
721 5072 818 5119 τῶν
843 5066 1167 5132 ἀποστόλων,
1194 5069 1313 5121 ἐπὰν
1341 5067 1419 5124 διὰ
1442 5079 1532 5130 τῆς
1564 5072 1778 5146 χάριτος
1806 5078 1893 5126 τοῦ
1919 5071 2064 5145 ἀγίου

482 5158 775 5224 [instigatur
798 5156 822 5210 ό
848 5156 968 5216 λαὸς
994 5159 1124 5230 πρὸς
1150 5159 1416 5229 ἐπίγνωσιν
1448 5170 1533 5220 τῆς
1571 5165 2067 5232 Χριστιανικωτάτης

480 5243 953 5316 ιχριστιανότητος,
981 5262 1044 5299 ex
1065 5246 1207 5318 Lat]
1238 5251 1508 5323 προσέλθῃ,
1539 5258 1707 5306 πᾶσιν
1732 5256 1855 5323 ἡμῖν
1881 5257 2066 5327 καρδία

483 5342 573 5406 μία
614 5340 696 5390 καί
736 5336 889 5407 ψυχή
938 5342 1053 5407 μία.
1095 5338 1236 5393 Ἐπεί
1285 5340 1380 5411 [Εἰ
1423 5341 1629 5414 δὲ,Ι,.],
1658 5343 1787 5419 ὅπερ
1834 5347 2065 5409 ἀπέστω,

488 5433 567 5486 την
588 5429 687 5500 πρὸ
702 5423 887 5502 μικροῦ
910 5429 999 5481 ἀπ’
1016 5426 1172 5483 ἄλλων
1193 5433 1530 5502 είσαχθεῖσαν
1553 5434 1821 5493 καινότητα
1846 5434 2069 5489 ἔπισπά·

481 5522 671 5574 σασθαι
717 5521 942 5587 θελήσει,
970 5524 1055 5575 καί
1084 5531 1200 5582 ταῖς
1249 5523 1530 5597 ἀλλοτρίαις
1577 5523 1928 5588 διδασκαλίαις
1969 5527 2070 5580 ἀπό

483 5611 573 5666 τοῦ
604 5612 801 5672 κανόνος
829 5622 919 5675 τῆς
949 5614 1178 5677 ἀληθείας
1208 5625 1297 5677 τῆς
1329 5617 1588 5691 ὀρθοδόξου
1617 5623 1700 5675 καί
1739 5621 2070 5681 ἀποστολικῆς

485 5707 620 5771 ἡμῶν
660 5705 880 5767 πίστεως
928 5707 1106 5764 ἔαυτόν
1138 5717 1477 5785 σαγηνεῦσαι¹
1512 5715 1681 5772 ἥντινα
1719 5713 1807 5772 ἅτε
1864 5713 1923 5777 δή
1954 5722 2069 5778 ταῖς

2164 4533 2421 4603 nobisque
2483 4530 2646 4601 (quod
2698 4530 3008 4599 suppliciter
3040 4527 3227 4595 exoro)
3276 4527 3432 4581 liceat
3487 4523 3746 4595 apostoli-

2164 4640 2279 4683 eam
2329 4636 2486 4695 atque
2529 4623 2888 4693 evangelicam
2936 4629 3100 4677 recta:
3150 4619 3271 4675 fidei
3310 4618 3570 4688 regulam,
3596 4626 3650 4671 ut
3680 4618 3750 4671 ab

2165 4719 2388 4774 exordio
2438 4717 2807 4786 percepimus,
2857 4712 3133 4768 inconfuse
3176 4720 3234 4766 et
3271 4710 3437 4765 libere
3465 4723 3588 4764 cum
3617 4708 3750 4764 δίκην

2168 4810 2293 4880 plici
2371 4808 2599 4877 puritate
2660 4807 2919 4875 integram
2977 4812 3139 4873 atque
3195 4802 3453 4857 illibatam
3506 4813 3743 4855 servare.

2170 4899 2397 4955 Proinde
2437 4909 2627 4953 νοείτω
2671 4894 3059 4963 angustissima:
3103 4890 3375 4948 serenitatl
3418 4904 3514 4959 pro
3556 4888 3748 4943 εισι·οή

2167 5006 2229 5045 ac
2272 4987 2574 5045 reverentia
2605 4985 2882 5040 catholiete
2918 4994 3079 5051 atque
3119 4982 3425 5053 apostolica:
3474 4990 3631 5035 recta:
3684 4980 3747 5032 fi-

2169 5080 2275 5144 dei,
2308 5079 2373 5132 ab
2406 5078 2521 5146 ipso
2572 5083 2921 5144 coregnature
2948 5071 3235 5127 Christiani
3268 5071 3479 5140 imperii
3526 5070 3749 5125 Domino

2169 5172 2293 5227 Jesu
2320 5170 2553 5233 Christo,
2579 5167 2730 5235 cujus
2755 5179 2936 5220 veram
2959 5166 3346 5219 confessionem
3375 5164 3744 5217 intemeratam

2172 5262 2361 5328 cupitis
2407 5272 2766 5324 conservare,
2816 5256 3048 5325 perfecta
3080 5257 3285 5325 piorum
3320 5256 3559 5309 laborum
3592 5267 3748 5321 repn-

2174 5352 2369 5406 tabitur
2412 5364 2617 5404 merces
2644 5388 2659 5413 ,
2704 5349 2825 5416 quia
2872 5347 2996 5402 nihil
3031 5347 3081 5401 itt
3126 5347 3306 5416 aliquo
3345 5345 3635 5414 neglectum
3662 5352 3747 5395 est

2172 5442 2253 5496 vel
2307 5440 2562 5495 omissum
2609 5453 2638 5492 a
2693 5449 2871 5493 vestra
2918 5453 2945 5489 a
2995 5438 3102 5492 Deo
3149 5446 3403 5491 Coronnla
3446 5434 3742 5495 clementia,

2172 5532 2314 5603 quod
2349 5548 2453 5585 non
2485 5530 2656 5600 possit
2685 5530 2828 5583 salva
2861 5529 3169 5598 integritate
3206 5543 3350 5583 verat
3396 5527 3515 5581 fidei
3555 5524 3614 5578 ad
3643 5522 3741 5575 Ec-

2174 5624 2456 5679 clesiarum
2481 5619 2823 5677 concordiam
2850 5620 3116 5687 pertinere
3144 5636 3154 5670 :
3182 5621 3302 5687 quia
3329 5618 3487 5686 jndex
3515 5614 3743 5669 omnium

2176 5714 2315 5772 Deus
2349 5713 2678 5787 propositum
2715 5711 2907 5767 mentis
2940 5711 3195 5782 exquirit,
3233 5720 3282 5764 et
3315 5711 3545 5777 studium
3580 5706 3744 5776 pieta-
