3926 6174
253 327 393 385 12Ιὸ

1689 319 2062 382 EPISTOLIE.

3399 331 3539 386 12M

252 450 320 502 tis
365 449 613 515 acceptat
640 484 655 509 ,
698 440 791 513 qui
839 454 1123 498 causarum
1166 439 1375 507 exitus,
1414 440 1556 497 sicut
1581 441 1840 511 expedire

1957 443 2150 511 μυχαῖς
2214 436 2481 499 καταδίκην
2530 436 2846 516 [βλαϐερὰν]
2901 440 3120 496 ἐκκλῖναι
3193 442 3537 511 ἀδιαλείπτως

258 538 470 607 judicat
499 544 559 591 et
580 535 874 605 dispensat.
925 533 1160 590 Obsecro
1182 534 1388 603 itaque,
1418 532 1654 604 piissime
1682 542 1842 602 atque

252 628 681 695 clementissime
703 628 947 698 Auguste
966 669 981 693 ,
1014 636 1174 696 alque
1202 641 1308 682 una
1336 639 1457 681 cum
1488 640 1605 681 mea
1636 625 1844 691 exigui-

254 733 370 778 tate
415 720 589 774 omnis
612 718 790 773 anima
834 716 1139 772 Christiana
1179 716 1318 771 flexo
1345 730 1484 787 genu
1527 714 1840 785 suppliciter

261 812 608 878 deprecatur,
640 818 698 865 ut
726 809 975 864 omnibus
998 808 1111 864 Deo
1139 808 1349 878 placitis
1375 808 1526 863 bonis
1555 817 1714 877 atque
1745 807 1844 861 ad—

263 903 528 958 nyiraudis
550 900 923 970 imperialibus
950 901 1224 956 beneficiis
1253 915 1372 970 quae
1404 914 1497 969 per
1525 914 1709 954 eorum
1735 898 1842 953 Deo

253 992 589 1061 acceptabile
618 994 856 1047 studium
879 1006 1112 1062 superna
1138 991 1377 1061 dignatio
1408 990 1640 1045 humano
1659 988 1843 1060 generi

252 1086 556 1143 concedere
582 1085 792 1152 dignata
824 1092 929 1147 est,
955 1082 1115 1137 etiam
1144 1082 1246 1137 hoc
1272 1082 1340 1136 ad
1376 1083 1841 1151 reintegrationem

256 1172 514 1245 perfectae
562 1171 774 1240 pietatis
817 1170 1155 1241 coregnatori
1203 1170 1419 1225 Christo
1473 1170 1700 1225 Domino
1752 1170 1848 1225 ho-

255 1266 420 1321 stiam
446 1262 830 1331 acceptabilem
858 1261 1055 1317 aliene
1090 1261 1326 1332 jubeatis
1355 1261 1575 1318 verbum
1608 1261 1847 1332 impuni-

254 1357 387 1411 tatis
429 1355 833 1422 concedentes,
876 1364 932 1409 et
981 1354 1203 1410 liberam
1246 1354 1499 1424 loquendi
1540 1354 1846 1409 facultatem

254 1446 549 1515 unicuique
599 1443 743 1512 loqui
794 1442 1026 1509 volenti,
1071 1451 1126 1499 et
1171 1443 1390 1498 verbum
1415 1441 1724 1512 impendere
1753 1458 1849 1513 pro

257 1536 389 1603 title,
422 1550 580 1606 quam
611 1533 781 1594 credit
809 1541 866 1589 et
897 1543 1063 1600 tenet,
1091 1544 1352 1603 quatenus
1377 1532 1444 1589 ab
1469 1533 1715 1587 omnibus
1738 1548 1849 1587 ma-

257 1627 612 1683 nifestissime
658 1633 1013 1695 cognoscatur
1059 1624 1199 1695 quod
1247 1624 1393 1679 nullo
1430 1633 1662 1694 terrore,
1708 1626 1849 1681 nulla

253 1729 548 1793 potestate,
565 1720 707 1775 nulla
727 1719 1142 1775 comminatione
1169 1721 1253 1775 vel
1274 1720 1553 1775 aversione
1567 1718 1845 1789 quisquam

1944 535 2047 588 ἀπὸ
2072 540 2172 587 τῶν
2200 535 2632 607 προηγησαμένων
2660 538 2750 592 τήν
2780 536 3024 610 ἡμετέραν
3069 535 3381 611 μετριότητα
3414 561 3541 619 προ⁸

1944 624 2217 699 τραπέντες
2234 663 2250 688 ,
2278 626 2361 678 mi
2382 624 2785 691 ὑπομνησθέντες
2812 626 2974 700 μέχρι
2995 624 3186 682 τούτου
3209 630 3531 703 ὑπερέθεντο,

1945 719 2100 777 αὐτὸς
2125 720 2378 789 γνώσεται
2396 759 2411 782 ,
2467 720 2518 773 τί
2546 720 2665 792 περί
2692 727 2783 779 τῆς
2834 717 3077 780 τοιαύτης
3106 728 3537 795 καταφρονήσεως

1947 810 1997 862 έν
2024 804 2097 879 τῷ
2125 810 2239 879 θείῳ
2265 816 2351 864 τοῦ
2380 815 2602 883 Χριστοῦ
2632 812 2870 887 κριτηρίῳ
2899 812 3270 884 ἀπολογήσεται
3294 819 3437 892 παρά
3464 814 3537 887 τῷ

1947 900 2160 977 δικαστῇ
2202 904 2404 957 πάντων
2453 910 2524 974 τῷ
2554 903 2602 955 ἐν
2632 904 2856 976 οὐρανοῖς
2912 900 3014 960 ὄντι
3038 921 3052 935 ⁹
3094 902 3232 979 ᾧτινι
3272 910 3355 962 καί
3394 911 3541 977 ἡμεῖς

1948 998 2031 1049 καί
2058 995 2209 1054 αὐτὸς
2237 992 2342 1064 [uati
2357 996 2501 1065 ἡμεῖς
2523 991 2686 1063 αὐτοὶ]
2714 995 2845 1066 ὑπὲρ
2870 1004 2961 1056 τῆς
2988 998 3396 1069 προσληφθείσης
3422 998 3536 1055 δια-

1949 1087 2112 1145 κονίας
2139 1090 2230 1139 τοῦ
2260 1081 2471 1144 ἀ“·ηθοῦς
2499 1086 2823 1156 κηρύγματος
2841 1124 2855 1149 ,
2886 1085 2917 1144 ἣ
2962 1096 3054 1146 τῆς
3098 1088 3323 1149 ἐναντίας
3353 1090 3541 1165 προλή-

1949 1174 2086 1246 ψεως
2118 1181 2208 1232 τῆς
2234 1173 2732 1247 Χριστιανικωτάτης
2753 1175 2975 1235 πίστεως
2996 1213 3011 1237 ,
3040 1172 3162 1229 ὅταν
3193 1178 3319 1249 πρὸς
3348 1181 3406 1233 τὸ
3431 1180 3540 1255 κρί-

1950 1289 2052 1323 νειν
2104 1271 2457 1343 παραγένηται
2481 1309 2495 1332 ,
2555 1267 2700 1338 λόγον
2744 1264 3110 1336 ἀποδώσομεν·
3163 1270 3247 1320 καί
3300 1269 3416 1337 ἡμῖν
3457 1271 3548 1338 μὲν

1953 1355 2089 1428 [ἡμῖν
2117 1356 2169 1412 δέ
2192 1356 2225 1427 Ι,
2258 1355 2387 1431 ὅπερ
2416 1354 2651 1426 δεόμενος
2698 1356 3000 1431 παρακαλῶ,
3026 1358 3284 1428 ἐγγένηται
3310 1359 3394 1413 τὸν
3415 1360 3547 1413 ἀπο·

1955 1450 2215 1516 στολικόν,
2261 1450 2678 1521 καίεύασγγελικὸν
2715 1457 2808 1509 τῆς
2857 1450 3008 1522 ὀρθῆς
3060 1451 3286 1511 πίστεως
3336 1448 3547 1513 κανόνα,

1954 1540 2023 1598 ὡς
2068 1535 2355 1613 ἀπ’ἀρχῆς
2395 1536 2772 1611 παρελάϐομεν,
2820 1536 3168 1598 ἀδιασείστως
3219 1542 3302 1593 καί
3353 1540 3551 1594 έλευθεο

1953 1633 2078 1704 ρίως
2105 1630 2233 1700 μετά
2260 1628 2425 1689 ἁπλῆς
2448 1629 2793 1705 καθαρότητος
2820 1629 3055 1703 ἀκέραιον
3096 1630 3179 1683 καί
3204 1626 3433 1701 ἄτρωτον
3456 1650 3549 1700 9v-

1952 1720 2099 1784 λάξαι
2130 1758 2144 1773 .
2174 1720 2355 1795 Διόπερ
2407 1728 2470 1792 τῇ
2512 1720 2736 1795 ὑμετέρᾳ
2778 1719 3042 1793 σεϐασμίᾳ
3079 1720 3373 1791 γαληνότητι
3416 1720 3551 1793 ὑπὲρ

253 1827 359 1883 ιιι-ο
386 1817 612 1866 veritate
638 1809 918 1864 catholica:
947 1817 1104 1875 atque
1124 1809 1431 1878 apostolica:
1448 1808 1570 1863 fidei
1596 1808 1740 1878 loqui
1758 1822 1848 1862 vo-

1958 1818 2051 1868 τῆς
2095 1817 2318 1883 στοργῆς
2347 1812 2433 1863 καί
2474 1818 2625 1879 τιμῆς
2663 1818 2756 1870 τῆς
2792 1808 3052 1867 καθολικῆς
3083 1811 3170 1863 καί
3210 1808 3550 1870 ἀποστολικής

265 1903 419 1969 lens,
458 1900 758 1971 prohibitus
786 1910 877 1954 aut
906 1901 1150 1969 repulsus
1179 1910 1298 1966 est,
1347 1909 1607 1969 quatenus
1654 1912 1844 1953 omnes

254 1993 585 2047 unanimiter
615 2007 714 2062 pro
745 2000 891 2046 tanto
934 1999 989 2046 et
1031 2000 1135 2045 tam
1164 1989 1521 2045 inaestimabili
1572 1990 1713 2045 bono
1751 2004 1846 2058 per

217 2148 231 2163 ί
251 2090 510 2136 cunctum
541 2097 652 2137 sue
675 2083 796 2137 vitae
821 2082 1053 2155 spatium
1075 2082 1306 2136 divinam
1328 2083 1659 2151 maiestatem
1688 2081 1850 2151 glori-

255 2172 443 2236 ﬁcent,
468 2180 524 2227 et
545 2188 644 2243 pro
666 2173 1028 2227 incolumitate
1049 2182 1209 2242 atque
1225 2171 1550 2229 exultatione
1572 2171 1846 2229 fortissimi

254 2262 424 2318 ναιειή
456 2262 665 2331 imperii
688 2263 1007 2318 unanimiter
1033 2262 1378 2318 incessabiles
1396 2262 1607 2318 Christo
1624 2263 1849 2319 Domino

252 2368 446 2425 preces
484 2353 779 2410 eﬂundant.
806 2354 1157 2423 Subscriptio.
1191 2354 1562 2411 l’iissimorum
1605 2355 1854 2411 domino-

253 2459 375 2504 rum
406 2444 686 2513 imperium
716 2446 889 2517 gratia
918 2461 1148 2516 superna
1195 2446 1497 2518 custodiat,
1522 2448 1679 2519 eique
1727 2462 1855 2503 om-

252 2536 406 2590 nium
434 2536 672 2606 gentium
703 2536 842 2591 colla
870 2536 1194 2592 substernat.

1957 1900 2106 1975 ὀρθῆς
2135 1901 2357 1959 πίστεως
2386 1899 2477 1953 ἀπ⁸
2493 1901 2647 1954 αὐτοῦ
2677 1905 2770 1954 τοῦ
2801 1898 3156 1968 συμϐασιλέως
3183 1894 3273 1952 to;
3302 1908 3545 1974 Χριστιαο

1957 1989 2241 2044 νικωτάτου
2297 1988 2437 2059 ὑμῶν
2487 1990 2704 2062 κράτους
2743 1993 2835 2043 τοῦ
2877 1988 3139 2043 Δεσπότου
3184 1989 3323 2059 ήμῶν
3369 1989 3545 2046 Ἰησοῦ

1957 2085 2217 2151 Χριστοῦ,
2267 2074 2462 2139 οὗτινος
2501 2083 2592 2137 τήν
2634 2078 2788 2137 ἀληθῆ
2842 2079 3017 2133 πίστιν
3064 2075 3327 2155 ἄχραντον
3373 2080 3546 2134 ἐπιθυ·

1961 2176 2098 2224 ιιεῖτε
2141 2169 2437 2239 φυλάττειν,
2464 2168 2650 2231 τέλειος
2680 2168 2860 2239 μισθὸς
2901 2169 3390 2242 καταλογισθήσεται
3441 2176 3549 2228 τοῖς

1957 2260 2192 2316 εὐσεϐέσι
2226 2262 2494 2329 καμάτοις,
2522 2259 2606 2321 ὅτι
2650 2259 2680 2315 ἴ
2682 2282 2705 2314 ν
2750 2283 2843 2317 τινι
2872 2258 3017 2316 οὐδέν
3046 2260 3264 2331 ἠμελήθη
3286 2301 3301 2323 ν
3330 2258 3361 2319 ἦ
3399 2278 3555 2337 παρε-

1958 2352 2127 2426 ωράθη
2164 2351 2266 2404 ἀπὸ
2294 2359 2384 2411 τῆς
2428 2352 2568 2422 ὐμῶν
2590 2357 2905 2421 Θεοστεφοῦς
2943 2351 3202 2421 εὐμενείας
3223 2394 3237 2417 ,
3277 2347 3402 2424 ὅπερ
3429 2351 3549 2407 simio

1957 2463 2061 2498 κειν
2097 2442 2378 2502 δυνήσηται
2426 2452 2488 2516 τῇ
2524 2443 2670 2514 ὑγιεῖ
2710 2442 3037 2516 ἀκεραιότητι
3080 2450 3173 2501 τῆς
3218 2440 3429 2501 ἀληθοῦς
3474 2440 3556 2493 τινί⁴

1959 2554 2124 2594 στεως
2163 2536 2291 2608 πρὸς
2314 2540 2404 2592 τήν
2426 2530 2824 2593 τῶνἘκκλησ-ιῶν
2851 2532 3100 2604 ὁμόνοιαν,
3129 2529 3300 2589 ἐπειδη
3326 2530 3352 2584 ὁ
3378 2534 3551 2604 κριτής

1954 2634 2058 2683 τῶν
2101 2628 2308 2684 πάντων
2352 2629 2477 2689 Θεὸς
2504 2633 2594 2687 τήν
2632 2629 2871 2705 πρόθεσιν
2919 2629 3117 2692 ἐκζητεῖ
3172 2634 3261 2686 τῆς
3286 2622 3512 2683 διανοίας
3537 2664 3552 2686 ,

250 2714 348 2765 καί
393 2717 484 2774 τήν
532 2714 763 2775 σπονδήν
807 2724 899 2776 τῆς
938 2716 1203 2776 εὐσεϐείας
1249 2715 1634 2791 προσδέχεται·
1683 2714 1739 2777 ὃς
1775 2716 1867 2778 τὰς
1911 2717 2144 2780 έκϐἁσεις
2193 2728 2291 2777 τῶν
2340 2721 2683 2796 πραγμάτων,
2732 2722 2894 2780 καθώς
2944 2720 3228 2795 συμφέρειν
3274 2720 3428 2791 κρίνει
3472 2715 3556 2768 καί

251 2797 451 2859 διοικεῖ¹
503 2807 782 2883 Παρακαλῶ
832 2812 1026 2873 τοίνυν,
1062 2807 1425 2863 εὐσεϐέστατοι
1471 2812 1554 2863 καί
1597 2809 2064 2886 φιλανθρωπότατοι
2133 2811 2411 2882 βασιλέων,
2462 2815 2545 2867 καί
2591 2809 2901 2885 Aﬁr/ovaret,
2947 2816 3027 2866 καί
3073 2812 3182 2883 ἅμα
3223 2814 3317 2865 σὺν
3354 2819 3417 2885 τῇ
3460 2811 3556 2882 ἐμῇ

252 2896 538 2975 έλαχιστίᾳ
566 2907 715 2957 πᾶσα
757 2902 910 2971 ψυχή
956 2906 1660 2976 Χριστιανῶν³γονυπετοῦσα
1694 2901 1892 2967 δέεται,
1930 2903 2015 2956 ἵνα
2051 2910 2185 2959 πᾶσι
2224 2911 2331 2967 τοῖς
2372 2906 2660 2981 θεαρέστοις
2681 2907 2918 2980 ἀγαθοῖς,
2961 2908 3043 2959 καί
3084 2913 3197 2964 ταῖς
3226 2906 3553 2975 θαυμασταῖς

250 2997 342 3048 καί
371 2994 659 3062 βασιλικαῖς
688 2996 991 3070 εὐεργεσίαις
1013 3037 1024 3053 .
1056 2994 1269 3053 ἅστινας
1299 2994 1383 3050 διὰ
1419 3003 1510 3056 τῆς
1556 2996 1699 3067 ὑμῶν
1729 2997 2014 3069 Θεαρέστου
2046 2995 2276 3059 σπουδῆς
2304 3000 2335 3056 ή
2388 2998 2606 3069 ὕψιστος
2653 2998 2786 3070 ῥοπὴ
2813 3004 2888 3070 τῷ
2916 2998 3208 3070 ἀνθρωπίνῳ
3237 2995 3366 3067 γένει
3395 2999 3552 3067 χαρί·

253 3088 454 3141 σασθαι
505 3087 819 3149 κατηξίωσε,
874 3088 957 3139 καί
1001 3091 1154 3140 τοῦτο
1203 3089 1273 3146 εἰς
1319 3085 1578 3157 ὁλόκληρον
1622 3088 2045 3143 ἀποκατάστασιν
2091 3097 2181 3150 τῆς
2214 3091 2405 3149 τελείας
2447 3090 2711 3150 εὐσεϐείας
2742 3095 2813 3160 τῷ
2852 3088 3283 3159 συμϐασιλεύοντι
3309 3089 3544 3163 Δεσπότῃ

252 3187 462 3253 Χριστῷ
499 3176 863 3253 εὐπρόσδεκτον
906 3179 1085 3233 θυσίαν
1124 3188 1475 3255 προσαγαγεῖν
1519 3182 1809 3247 κελεύσητε,
1844 3183 1932 3237 τὸν
1975 3182 2118 3254 λὸγον
2146 3193 2236 3245 τῆς
2264 3186 2620 3261 ἀτιμωρησίας
2660 3183 3031 3259 χαρισάμενοι,
3066 3185 3154 3235 καί
3183 3182 3437 3257 ἐλευθέραν
3460 3190 3551 3237 τοῦ

250 3271 427 3326 λαλεῖν
452 3266 621 3323 ἄδειαν
660 3269 730 3322 ἐνί
760 3269 959 3341 έκάστῳ
987 3277 1059 3337 τῷ
1100 3270 1262 3325 λαλεῖν
1289 3272 1532 3336 ἐθέλοντι,
1561 3275 1647 3326 καί
1689 3273 1834 3345 λόγον
1860 3273 1993 3347 ὐπέρ
2023 3283 2116 3336 τῆς
2144 3280 2367 3337 πίστεως
2398 3275 2456 3337 ἧς
2487 3276 2718 3332 πιστεύει
2746 3278 2829 3331 καί
2867 3282 3076 3349 κρατεῖ,
3120 3272 3425 3336 ἀποδοῦιαι,
3473 3277 3554 3331 ἵνα

256 3367 363 3420 ἀπὸ
392 3364 591 3417 πάντων
615 3368 834 3435 φανερῶς
862 3361 1169 3435 ἐπιγνωσθῇ,
1190 3361 1270 3417 ὅτι
1299 3361 1455 3418 οὐδενὶ
1485 3358 1644 3436 φόϐῳ,
1677 3362 1882 3435 οὐδεμιᾷ
1905 3364 2203 3441 δυναστείᾳ,
2236 3366 2443 3438 οὐδεμιᾷ
2470 3369 2670 3442 ἀπειλῇ.
2699 3366 2729 3427 ἦ
2761 3370 3080 3439 ἀποστροφῇ,
3128 3370 3207 3426 τίς
3257 3387 3380 3420 ποτε
3418 3367 3555 3442 ὑπὲρ

252 3464 353 3515 τῆς
382 3452 613 3512 ἀληθείας
639 3460 730 3510 τῆς
757 3448 1014 3509 καθολικῆς
1042 3453 1123 3503 καί
1149 3450 1488 3512 ἀποστολικῆς
1515 3457 1740 3514 πίστεως
1767 3454 1937 3508 λαλεῖν
1962 3456 2112 3511 θέλων
2137 3457 2353 3516 ἐκωλύθη
2374 3498 2389 3518 ,
2420 3457 2451 3516 ἦ
2478 3458 2763 3523 ἀπεϐλήθη,
2809 3456 2951 3517 ὅπως
3003 3460 3191 3517 πάντες
3234 3457 3554 3528 ὁμοθυμαδὸν

249 3551 391 3619 ὑπέρ
419 3551 510 3601 τοῦ
555 3540 791 3600 τοιούτου
823 3544 906 3595 καί
934 3540 1098 3601 οὕτως
1147 3543 1441 3597 ἀνεικάστου
1490 3545 1681 3614 ἀγαθοῦ
1712 3549 1782 3606 είς
1810 3547 1975 3604 πάντα
2002 3549 2089 3602 τὸν
2119 3548 2306 3623 χρόνον
2344 3556 2435 3609 τῆς
2477 3548 2672 3605 ἑαυτῶν
2712 3553 2844 3613 ζωῆς
2888 3554 2978 3608 τήν
3020 3552 3154 3603 θείαν
3210 3551 3555 3621 μεγαλοσύνην

250 3640 535 3704 δοξάζωσι.
554 3640 637 3689 καί
679 3634 812 3715 ὐπὲρ
839 3631 1048 3705 ῥώσεως
1075 3634 1157 3684 καὶ
1180 3630 1430 3702 ὐφὼσεως
1458 3638 1550 3687 τοῦ
1579 3630 1935 3707 ἀνδρειοτάτου
1965 3635 2106 3705 ὐμῶν
2134 3638 2355 3712 κράτους
2382 3639 2818 3698 ἀκαταπαύστους
2848 3636 3171 3709 ὁμοθυμαδῖν
3207 3646 3281 3712 τῷ
3322 3643 3549 3715 Δεσπότῃ

251 3736 467 3806 Χριστῷ
517 3726 716 3787 δεήσεις
745 3726 1014 3795 ἐκχέωσιν.
1070 3733 1121 3777 Ἦ
1147 3722 1438 3797 ὐπονχραφή.
1465 3723 1533 3775 Τὸ
1562 3723 1928 3779 εὐσεϐέστατον
1978 3732 2081 3781 τῶν
2128 3724 2389 3784 δεσποτῶν
2420 3729 2603 3803 κράτος
2628 3728 2657 3786 ή
2687 3728 2901 3797 ὕψιστος
2932 3728 3093 3800 χάρις
3136 3724 3440 3798 διαφυλάξοι,
3464 3737 3548 3788 καὶ

247 3826 428 3894 τούτῳ
456 3823 657 3879 πάντων
680 3826 781 3876 τῶν
807 3819 952 3872 έθνῶν
991 3821 1111 3880 τούς
1145 3819 1370 3887 αὐχένας
1397 3818 1658 3882 ὐποτάξοι.

839 3947 1174 4007 EPISTULA
1207 3949 1266 4009 ll.

249 4067 544 4127 Decrelalis
600 4065 814 4135 ep’stola
857 4065 1138 4135 Agathonis
1181 4079 1331 4133 papte
1384 4065 1494 4132 regi
1538 4065 1850 4124 Merciorum

330 4138 665 4199 At‘tltelredo,
696 4134 969 4189 Theodoro
992 4134 1375 4204 archiepiscopo
1408 4135 1583 4200 Canl.,
1626 4135 1851 4204 Saxttllo

331 4210 646 4265 Merciorum
691 4207 949 4271 cpias-apo,
982 4214 1111 4268 etc.,
1150 4207 1365 4267 directa,
1397 4206 1446 4257 in
1477 4222 1579 4272 qua
1622 4206 1852 4260 abbatem

332 4280 543 4334 Medum
599 4279 726 4329 tedw
762 4276 983 4345 legatum
1035 4273 1321 4345 llomanum
1376 4276 1636 4327 constituit
1700 4293 1853 4345 super

331 4365 533 4403 omnem
588 4342 845 4413 Angliam,
904 4342 1225 4412 ejusdemque
1259 4347 1617 4397 monasterium
1668 4342 1853 4413 (instar

330 4420 571 4474 liminum
601 4415 974 4482 apostolorum)
990 4418 1100 4483 fore
1130 4430 1221 4481 pro
1252 4415 1569 4468 absolvendis
1592 4416 1719 4469 votis
1739 4432 1855 4483 qua:

329 4492 399 4542 de
428 4483 1045 4559 peregrinandaRomum
1071 4484 1555 4559 conceptahfuerint.
1578 4484 1667 4538 Est
1684 4495 1853 4539 autem

331 4552 717 4618 lledhamsted,
764 4555 816 4607 id
846 4555 981 4620 quod
1012 4564 1184 4625 postea
1214 4553 1275 4608 de
1302 4552 1475 4625 ljurgo
1505 4568 1850 4625 nuncupatur,

330 4630 601 4683 novissime
655 4625 1050 4695 Petriburgum,
1100 4623 1250 4693 uulgo
1306 4623 1687 4695 Peterburghp
1721 4627 1854 4695 forte

373 4700 473 4751 uod
498 4697 687 4751 liminis
712 4693 1048 4767 sangil’etri
1073 4695 1228 4747 vicem
1269 4696 1485 4755 exhibet.
1516 4693 1623 4767 (Ex
1653 4693 1850 4753 Clit-on.

332 4763 537 4829 Saxon.
574 4770 625 4820 in
645 4782 769 4820 ann.
792 4763 940 4833 675.)

334 4903 391 4957 ε.
435 4899 532 4955 Illo
564 4897 681 4967 ipso
707 4911 849 4952 anno
873 4895 1024 4969 (675)
1050 4895 1359 4952 Wulflterus
1390 4897 1583 4952 Penda:
1632 4898 1769 4954 filius
1798 4909 1851 4956 et

249 4988 580 5055 Aescvvinus
611 4985 992 5043 Cenfuvililius
1027 4987 1331 5057 pugnabant
1358 4986 1409 5041 in
1446 4988 1848 5053 Bedanheafde;

249 5094 307 5137 et
338 5080 431 5132 illo
457 5079 571 5146 ipso
606 5091 747 5131 anno
771 5075 1084 5136 Wulflterus
1114 5076 1241 5131 obiit
1273 5091 1333 5131 ac
1380 5077 1730 5134 Aethelredus
1773 5080 1853 5136 in-

249 5172 429 5237 caapit
449 5182 690 5238 regnare.
723 5167 833 5224 Suo
864 5178 1101 5236 tempore
1128 5168 1274 5227 misit
1305 5168 1524 5227 Romam
1549 5169 1850 5228 Wilfridutn

250 5226 577 5327 episcopum
610 5257 675 5309 ad
706 5270 897 5326 papam
943 5226 1016 5309 ibi
1051 5259 1354 5324 degentem,
1402 5260 1491 5328 qui
1523 5226 1730 5326 Agatho
1759 5277 1848 5329 ap~

1957 5227 2094 5281 ullus
2109 5226 2267 5281 homo
2287 5227 2654 5284 habeatullam
2672 5230 2723 5283 in

253 5349 598 5421 pellabalur,
643 5357 695 5401 et
728 5346 987 5401 nuntiavit
1025 5348 1075 5401 ei
1125 5348 1314 5403 litteris
1351 5360 1404 5404 et
1452 5350 1625 5404 verbis
1652 5391 1668 5414 ,
1706 5351 1845 5421 quod

256 5445 458 5496 fratres
486 5438 604 5503 ejus
634 5435 804 5491 Peada
833 5446 887 5491 et
918 5435 1228 5492 Wull‘lterus
1254 5446 1414 5505 atque
1445 5438 1610 5493 abbas
1652 5441 1850 5497 Saxul-

260 5534 352 5586 fus
412 5527 777 5584 esstruxerint
826 5528 1207 5583 monasterium
1264 5530 1728 5587 Medeshamstede
1772 5533 1849 5586 di-

259 5635 437 5682 ctum,
469 5629 521 5673 et
542 5618 671 5673 illud
702 5619 938 5673 immune
986 5619 1312 5675 reddiderint
1338 5636 1458 5674 cum
1504 5637 1625 5691 rege
1651 5633 1848 5678 etcum

261 5711 526 5782 epirCOPO
547 5727 577 5768 a
600 5710 833 5767 servitiis
858 5710 1128 5769 omnibus.
1153 5713 1393 5784 Eumque
1416 5715 1640 5785 rogavit,
1657 5726 1712 5771 ut
1738 5716 1851 5787 ipse

1876 3912 1925 3973 C
1956 3916 2156 3985 scripto
2193 3931 2293 3971 suo
2332 3933 2397 3973 ac
2437 3919 2808 3975 benedictione
2857 3934 2953 3974 sua
2998 3919 3125 3973 illud
3177 3921 3542 3976 conﬁrmaret.

1957 4008 2095 4077 Papa
2128 4009 2288 4078 igitur
2316 4012 2559 4067 mittebat
2587 4013 2681 4068 bas
2712 4027 2836 4068 suas
2865 4012 3065 4067 litteras
3098 4016 3146 4067 iu
3202 4015 3442 4083 Angliam
3473 4018 3543 4070 ita

1954 4115 2237 4169 tnqurens:

2023 4220 2079 4275 Ξ.
2110 4222 2218 4293 Ego
2249 4223 2455 4293 Agatho
2488 4238 2619 4294 papa
2644 4224 2921 4279 Romanus
2951 4225 3085 4279 bene
3105 4222 3281 4279 saluto
3310 4228 3543 4281 honora-

1955 4311 2115 4365 bilem
2147 4314 2224 4368 Ae
2251 4313 2525 4369 helredttm
2551 4314 2862 4370 Merciorum
2893 4332 3093 4385 regem,
3119 4328 3171 4371 et
3196 4318 3540 4374 Theodorum

1953 4403 2411 4475 archiepiscopum
2439 4405 2759 4469 Cantuarize,
2810 4417 2862 4462 et
2895 4407 3207 4461 Merciorum
3233 4410 3541 4480 episcopum

1950 4490 2257 4562 Saxulfutn,
2308 4496 2395 4565 qui
2450 4512 2620 4563 nuper
2654 4497 2818 4551 abbas
2848 4508 2983 4559 erat.
3007 4508 3062 4553 et
3105 4514 3294 4555 omnes
3322 4502 3546 4558 aliltates

1954 4584 2044 4652 qui
2091 4594 2215 4639 sunt
2261 4586 2312 4640 in
2372 4587 2587 4653 Anglia,
2640 4588 2733 4643 Dei
2778 4589 3099 4644 salutatione
3128 4600 3182 4645 et
3232 4607 3348 4645 mea
3382 4593 3550 4647 bene-

1953 4675 2205 4732 dictione.
2252 4677 2441 4732 Audivi
2490 4679 2630 4748 regis
2666 4680 2969 4735 Aethelredi
2998 4682 3347 4749 desiderium,
3381 4693 3435 4739 et
3462 4701 3550 4739 ar-

1955 4766 2278 4837 chiepisropi
2339 4769 2629 4837 Theodori,
2688 4781 2744 4825 et
2789 4774 3027 4842 episcopi
3062 4774 3339 4843 Saxulphi,
3370 4786 3424 4831 et
3449 4780 3546 4831 ab-

1955 4860 2091 4914 batis
2138 4861 2450 4927 Cutltbaldi;
2500 4872 2553 4917 et
2599 4863 2720 4919 volo
2747 4873 2801 4917 ut
2828 4866 3045 4918 omnino
3096 4868 3183 4919 liat
3221 4868 3288 4920 ita
3350 4876 3403 4919 ut
3449 4882 3544 4923 vos

1955 4953 2113 5007 locuti
2142 4954 2272 5007 estis
2297 4974 2311 5017 ;
2334 4968 2396 5009 ac
2418 4954 2585 5024 jubeo
2605 4971 2669 5011 ex
2704 4966 2853 5023 parte
2880 4959 2989 5021 Dei,
3012 4968 3062 5012 et
3093 4958 3259 5011 sancti
3297 4957 3456 5022 Petri,
3490 4967 3545 5013 et

1953 5045 2189 5100 omnium
2244 5056 2576 5111 sanctorum,
2635 5058 2687 5102 et
2728 5049 2962 5103 omnium
3011 5050 3179 5102 sacris
3208 5046 3538 5102 iuitiatornm

1954 5137 2183 5203 capitum
2213 5146 2265 5191 ut
2298 5151 2396 5191 nec
2425 5153 2538 5199 rex,
2583 5153 2681 5192 nec
2706 5140 3005 5210 episcOpns,
3055 5150 3152 5191 nec
3177 5150 3379 5204 cernes,
3438 5153 3539 5192 nec

2732 5230 3037 5290 tlictiOnem,
3051 5236 3137 5280 aut
3157 5227 3428 5282 tributum.
3449 5241 3539 5282 aut

1957 5320 2257 5389 pecuniam,
2289 5327 2381 5373 aut
2403 5320 2712 5383 exercitum,
2737 5327 2825 5372 aut
2844 5318 3005 5371 ullum
3034 5317 3244 5382 aiiqttotl
3264 5317 3538 5373 servitium

1957 5410 2133 5480 exigat
2152 5408 2341 5479 aliquis
2362 5411 2429 5465 ab
2456 5409 2541 5463 illa
2573 5408 2778 5464 abbatia
2802 5406 2867 5461 de
2892 5404 3368 5460 Medesltamstetle.

2029 5533 2081 5588 5.
2142 5532 2397 5601 Ριιωοίρίο
2435 5530 2591 5584 etiam
2637 5535 2695 5581 ιιι
2737 5527 3071 5581 dimcesanus
3112 5526 3394 5594 episcopus
3434 5541 3539 5581 non

1957 5624 2149 5677 audeat
2173 5622 2424 5676 ord'nare
2452 5619 2530 5672 vel
2557 5630 2873 5672 consecrare
2899 5615 2982 5671 vel
3014 5615 3188 5671 facere
3225 5614 3277 5669 in
3322 5613 3420 5667 hac
3445 5615 3541 5668 ab—

1959 5714 2121 5778 batia,
2175 5712 2279 5768 nisi
2332 5710 2383 5766 itl
2422 5710 2586 5765 abbas
2634 5709 2700 5764 ab
2750 5709 2867 5782 ipso
2916 5704 3159 5780 petierit,
3189 5704 3273 5765 vel
3320 5704 3537 5763 multam
