4008 6176
441 327 583 384 HIS

439 535 779 591 indictionem
808 535 1002 607 exigat.

509 626 563 679 4.
595 626 730 681 Volo
758 626 922 682 etiam
946 637 1001 682 ut
1023 627 1110 684 ille
1137 627 1300 684 abbas
1328 629 1586 685 habeatur
1617 630 1870 687 Romanae
1885 632 2029 688 sedis

438 719 641 789 legatus
669 733 767 790 per
789 729 950 775 lotam
978 721 1240 791 Angliam,
1266 732 1318 777 et
1349 731 1405 777 ut
1429 724 1733 794 quicunque
1755 726 1921 782 abbas
1950 726 2023 781 ibi

439 813 643 867 electus
699 813 856 868 fuerit
884 827 915 868 a
945 815 1243 882 monachis,
1275 826 1616 872 consecretur
1649 817 1718 873 ab
1761 818 2028 888 archiepi-

437 917 602 972 scopo
632 904 1024 963 Cantuariensi.

509 999 562 1052 5.
591 1000 724 1055 Volo
750 1009 806 1057 et
832 1001 1111 1065 confirmo,
1153 1010 1208 1055 ut
1251 1002 1550 1071 quicunque
1579 1003 1782 1058 voverit
1806 1003 2026 1058 Romam

437 1091 791 1158 peregrinari,
849 1099 902 1144 et
952 1090 1044 1144 ille
1102 1089 1202 1144 hoc
1260 1100 1514 1159 praestare
1557 1107 1660 1146 non
1702 1094 1889 1172 possit,
1943 1095 2026 1148 vel

436 1191 656 1249 propter
682 1182 1074 1251 aegritudinem.
1107 1183 1190 1238 vel
1230 1190 1445 1251 propter
1473 1184 1748 1238 servitium
1771 1173 2023 1252 ‘ﬂomiui,

436 1282 528 1329 aut
557 1272 752 1341 inopia:
801 1287 981 1336 causa,
1027 1281 1115 1326 aut
1145 1272 1279 1327 alius
1310 1274 1639 1330 necessitatis
1667 1274 2026 1344 cujuscunque

435 1364 562 1418 illuc
591 1364 740 1418 abire
769 1379 875 1419 non
904 1364 1095 1432 possit,
1127 1363 1241 1420 sive
1268 1365 1336 1418 sit
1375 1365 1592 1434 Anglus,
1626 1367 1736 1420 sive
1759 1381 1821 1421 ex
1846 1366 2023 1436 aliqua

387 1447 389 1450 ’
435 1455 538 1508 alia
567 1455 772 1520 insula;
832 1456 986 1510 adeat
1035 1457 1417 1511 monasterium
1445 1446 1512 1512 de
1541 1457 2020 1523 Medeshatnstede,

431 1553 487 1600 et
545 1546 788 1603 eamdem
855 1546 1047 1600 habeat
1112 1547 1480 1602 remissionem
1543 1562 1572 1601 a
1635 1547 1891 1613 Christo,
1969 1559 2025 1604 et

431 1644 619 1689 sancto
675 1633 871 1701 Petro,
925 1643 981 1688 et
1033 1633 1102 1690 ab
1155 1635 1348 1691 abbate
1403 1635 1530 1703 illo,
1587 1646 1639 1692 et
1673 1653 1701 1691 a
1749 1637 2023 1694 monachis

430 1723 557 1789 illis,
581 1738 739 1792 quam
769 1723 1044 1778 habuisset
1069 1724 1110 1778 si
1143 1726 1362 1779 Itomam
1387 1726 1656 1792 profectus
1679 1726 1884 1783 fuisset.

1694 331 1752 387 Β.
1795 329 2184 390 AGATllONlS
2224 331 2424 391 PAPzE

435 442 795 512 episcopalem
821 441 905 498 vel
930 441 1263 513 synodalcm,
1281 441 1364 498 vel
1393 441 1549 498 ullam
1572 441 1796 515 alicujus
1815 448 2024 516 generis
2053 451 2103 511 Α

3576 361 3710 417 12ιεί

2202 451 2289 506 10.
2347 451 2496 509 Τυηο
2533 455 2748 512 dicebat
2801 472 2926 514 rex:
2969 463 3146 519 omnia
3190 478 3309 536 qua:
3351 470 3511 526 frater
3563 484 3715 530 meus

2133 541 2328 612 Peada,
2360 554 2412 601 et
2441 544 2605 604 frater
2635 563 2787 606 meus
2816 550 3112 624 Wulferus,
3143 566 3199 612 et
3232 574 3387 616 soror
3418 561 3712 632 Kinehurh,

2132 644 2185 690 et
2246 635 2536 707 Kynesvith
2580 640 2879 712 dederunt,
2929 653 2982 700 et
3028 648 3474 706 confirmaverunt
3526 667 3714 711 sancta

2133 726 2290 781 Petro
2331 738 2386 784 et
2438 731 2639 799 abbati,
2698 742 2811 788 rata
2847 748 2968 790 esse
2993 737 3132 807 volo,
3165 748 3218 793 et
3265 741 3318 795 in
3363 742 3548 798 diebus
3581 748 3715 801 mei~

2132 816 2259 872 illud
2307 819 2529 890 implere
2579 823 2699 879 volo
2743 839 2839 895 pro
2872 840 3057 883 eorum
3099 829 3275 886 anima
3314 843 3368 889 et
3407 821 3502 902 pro
3534 839 3714 892 anima

2130 924 2268 964 ῙΠΘΩ.
3401 981 3414 990 ~
3481 964 3484 965 ,

2127 998 2130 1000 ⁷
2202 1002 2288 1056 ll.
2320 1001 2469 1059 Nunc
2490 1003 2558 1059 do
2583 1005 2742 1063 hodie
2761 1011 2929 1064 sancti
2950 1011 3095 1067 Petri
3113 1013 3355 1072 ecclesia:
3377 1017 3714 1074 Medesham-

2129 1092 2244 1148 sted
2274 1102 2441 1150 terras
2471 1096 2566 1152 has
2588 1105 2641 1154 et
2670 1114 2857 1156 omnes
2886 1102 3191 1173 adjacentes
3214 1107 3295 1173 ei,
3323 1109 3422 1165 hoc
3449 1121 3557 1166 est:
3588 1113 3716 1168 Bre-

2128 1183 2304 1252 dune,
2347 1184 2662 1258 llrepingas,
2713 1191 2979 1260 Cedenac,
3045 1196 3470 1266 Swineshaefed,
3537 1205 3717 1259 llean-

2127 1274 2297 1345 hyrig,
2332 1277 2628 1348 Lodeshac,
2672 1280 3036 1352 Suil‘anhalch,
3087 1288 3417 1358 Castesford,
3459 1292 3711 1361 Stretfor,

2128 1369 2531 1430 Waetellburne
2560 1415 2574 1441 ,
2629 1375 2892 1448 Lufgeard
2921 1419 2935 1446 ,
2995 1380 3474 1456 Aethelhuniglond
3507 1427 3523 1453 ,
3583 1388 3715 1442 Bar-

2127 1463 2326 1533 thanig.

2197 1555 2286 1610 ιν.
2331 1555 2436 1612 llas
2469 1566 2641 1614 terras
2680 1558 2824 1614 dono
2862 1569 3050 1630 sancto
3096 1565 3275 1632 Petro,
3331 1567 3464 1624 adeo
3493 1568 3716 1627 omnino

2126 1643 2314 1711 libere,
2365 1655 2420 1700 ut
2467 1662 2558 1704 eas
2585 1648 2811 1718 ipsemet
2857 1635 3216 1724 possideham,
3265 1667 3319 1712 et
3353 1659 3421 1712 ita
3451 1668 3509 1713 ut
3537 1661 3719 1718 nullus

2126 1752 2499 1795 successorum
2527 1756 2766 1822 meorum
2799 1743 3222 1816 aliquodcunque
3245 1749 3370 1804 inde
3399 1751 3715 1814 subtrahat;

503 1817 556 1871 6.
585 1817 874 1886 Propterea
907 1824 959 1871 te
990 1831 1140 1884 rogo,
1176 1818 1340 1870 frater
1381 1818 1682 1884 Theodore,
1740 1829 1796 1874 ut
1835 1819 2018 1890 jubere

2139 1829 2172 1884 si
2202 1831 2319 1901 quis
2348 1832 2450 1887 hoc
2497 1831 2679 1887 fecerit
2709 1817 2858 1903 papa:
2889 1837 3110 1891 llomani
3136 1839 3471 1896 maledictum
3501 1852 3556 1895 et
3597 1856 3720 1897 om-

431 1907 593 1962 facias
622 1921 716 1978 per
740 1917 902 1960 totam
936 1909 1177 1976 Angliam
1208 1909 1466 1978 synodth
1495 1911 1825 1976 congregari,
1845 1920 1896 1966 et
1919 1911 2020 1966 hoc

432 2000 601 2054 breve
634 2000 956 2067 perlegatur,
991 2008 1046 2053 et
1075 1998 1416 2053 observetur.
1451 1999 1520 2053 lta
1553 2003 1710 2055 etiam
1756 2001 1848 2055 tibi
1887 2018 2017 2070 praes

429 2092 568 2156 licio,
589 2089 1298 2159 Saxulphecpiscope,sicut
1331 2090 1526 2158 rogasti
1559 2099 1612 2145 ut
1637 2091 2019 2145 monasterium

429 2183 530 2236 huc
569 2182 639 2235 sit
697 2181 953 2235 liberum:
989 2180 1058 2233 ita
1101 2180 1192 2233 tibi
1238 2181 1516 2246 interdico,
1549 2191 1598 2235 et
1630 2181 1876 2236 omnibus
1902 2182 2020 2249 epi-

427 2273 606 2342 scopis
665 2271 1069 2327 successoribus
1115 2271 1261 2336 tuis,
1319 2285 1412 2340 per
1475 2270 1745 2328 Christum
1813 2281 1867 2326 et
1928 2287 2019 2341 per

427 2381 615 2423 omnes
658 2367 774 2435 ejus
819 2377 1079 2431 sanctos,
1150 2375 1206 2418 ut
1261 2365 1458 2419 nullam
1523 2365 1865 2419 indictionem
1928 2366 2021 2418 ha-

426 2456 598 2510 beatis
643 2471 708 2510 ex
747 2456 1075 2510 monasterio
1123 2455 1248 2522 illo,
1292 2455 1394 2509 nisi
1429 2465 1682 2524 quanturu
1720 2456 1883 2510 abbas
1930 2455 2020 2510 ille

425 2549 670 2604 voluerit.

509 2643 565 2695 7.
588 2641 736 2694 Nunc
770 2641 939 2694 verbo
962 2639 1236 2695 declarare
1261 2641 1403 2706 volo,
1437 2650 1494 2694 ut
1523 2641 1823 2710 quicunque
1852 2641 2021 2696 breve

431 2735 535 2788 hoc
575 2742 627 2788 et
680 2742 1000 2801 prmeeptum
1054 2732 1170 2801 ejus
1212 2734 1524 2800 sermverit,
1589 2732 1920 2798 habitaturus
1950 2734 2021 2788 sit

431 2837 646 2890 semper
676 2838 794 2875 cum
831 2821 940 2875 Deo
965 2824 1329 2890 omnipOtcnte
1372 2821 1421 2874 in
1453 2837 1614 2890 regno
1637 2823 1930 2886 caelorum;
1963 2832 2020 2876 et

427 2916 733 2984 quicunque
774 2913 901 2966 illud
953 2913 1230 2968 violaverit
1285 2914 1783 2968 excommunicatus
1823 2915 1912 2977 sit,
1966 2923 2021 2969 et

427 3007 742 3062 detrudatur
772 3021 893 3061 cum
924 3005 1080 3070 Juda,
1113 3014 1166 3060 et
1195 3021 1314 3060 cum
1343 3006 1588 3062 omnibus
1617 3004 1845 3060 diabolis
1871 3004 1921 3058 in
1945 3006 2020 3060 in-

423 3100 656 3163 fernum,
691 3099 788 3153 nisi
821 3099 1120 3169 resipuerit.
1151 3099 1341 3152 Amen.

493 3193 547 3248 8.
605 3193 715 3248 lloc
771 3193 934 3246 breve
983 3191 1240 3246 miserunt
1285 3191 1492 3259 Agatho
1538 3206 1670 3259 papa
1701 3231 1716 3258 ,
1778 3202 1832 3246 et
1870 3207 2093 3276 ωηο

421 3283 659 3352 episc0pi
707 3297 801 3351 per
839 3278 1142 3334 Wilfridum
1190 3281 1651 3350 arcltiepisc0puin
1705 3283 2012 3339 Eboraceno

422 3390 536 3430 sem
581 3375 634 3428 in
693 3374 955 3442 Angliam.
1008 3374 1116 3428 lloc
1181 3373 1374 3427 factum
1427 3385 1540 3429 erat
1592 3385 1712 3440 post
1767 3376 2014 3432 lncarna-

424 3466 618 3518 tionem
655 3464 859 3516 Domini
893 3464 1059 3517 nostri
1103 3463 1227 3531 630,
1274 3464 1415 3534 regis
1445 3464 1740 3521 Aithelrcdi
1770 3482 1912 3523 anno
1955 3469 2009 3525 6.

495 3555 549 3607 9.
582 3554 732 3608 Tunc
772 3553 1056 3608 mandabat
1105 3570 1198 3610 rex
1247 3557 1648 3628 archiepisc0po
1702 3561 2006 3630 Theodoro,

425 3653 486 3698 ut
539 3642 800 3699 indiceret
847 3647 1084 3699 omnium
1127 3649 1426 3715 sapientum
1487 3650 1767 3705 concilium
1817 3651 1869 3708 in
1921 3655 2011 3709 illo

423 3735 563 3801 loco,
610 3737 699 3804 qui
753 3744 972 3791 vocatur
1026 3738 1319 3794 lleatfelde.
1381 3741 1490 3795 lllis
1543 3741 1610 3794 ibi
1651 3746 2004 3813 congregatis,

418 3829 576 3897 jussit
615 3829 812 3899 perlegi
854 3829 1108 3899 scriptum
1153 3832 1252 3886 hoc
1282 3835 1420 3900 quod
1451 3849 1581 3903 papa
1622 3834 1744 3890 illuc
1771 3838 2008 3905 miserat,

422 3926 477 3970 et
516 3932 703 3972 omnes
735 3918 862 3973 illud
895 3929 1066 3974 ratum
1101 3920 1422 3988 habuerunt,
1454 3933 1506 3976 et
1546 3923 1780 3992 plenarie
1813 3925 2009 3981 contir-

421 4019 720 4065 tnaverunt.

2125 1922 2268 1976 nium
2314 1924 2685 1993 episcoporum
2736 1928 3072 1984 maledictum
3119 1929 3332 1986 habeat.
3368 1932 3434 1986 Et
3470 1934 3716 1988 omnium

2125 2014 2338 2070 illorum
2370 2017 2457 2086 qui
2483 2015 2570 2072 hic
2600 2029 2722 2071 sunt
2751 2029 2932 2074 testes.

2195 2109 2258 2162 Et
2286 2109 2383 2161 hoc
2403 2108 2663 2164 confirmo
2682 2111 2832 2180 signo
2848 2111 3018 2166 crucis
3041 2111 3254 2167 Christi.

2195 2197 2306 2266 Ego
2334 2197 2647 2254 Theodorus
2677 2201 3113 2270 archiepiseupus
3156 2203 3557 2260 Cantuariensis
3587 2192 3712 2262 s’nm

2125 2293 2275 2344 testis
2324 2288 2507 2359 scripti
2555 2288 2710 2358 hujus
2741 2291 2808 2346 de
2836 2291 3313 2358 Medeshamstede,
3363 2305 3416 2350 et
3446 2311 3546 2367 ego
3576 2313 3712 2352 con-

2124 2378 2278 2432 firmo
2315 2379 2516 2448 scripto
2547 2393 2696 2444 meo;
2748 2391 2800 2436 et
2844 2395 2942 2450 ego
2972 2384 3378 2440 excommunico
3409 2401 3598 2443 omnes
3620 2391 3714 2457 qui

2122 2468 2354 2535 aliquam
2398 2469 2513 2536 ejus
2555 2480 2760 2538 partem
2800 2469 3149 2540 violaverim,
3195 2481 3247 2528 et
3293 2475 3555 2531 benedico
3589 2493 3712 2532 om-

2125 2563 2280 2616 nibus
2310 2562 2398 2629 qui
2433 2561 2559 2616 illttd
2587 2563 3010 2618 observaverint.

2197 2677 2306 2746 Ego
2353 2675 2630 2732 Wilfridus
2685 2677 3113 2748 archiepiscopus
3168 2679 3526 2739 Eboracensis
3591 2701 3713 2739 sum

2127 2777 2274 2824 test:s
2323 2769 2508 2838 scripti
2567 2769 2753 2837 hujus,
2793 2777 2849 2824 et
2884 2772 3143 2824 conlirmo
3189 2771 3327 2826 idem
3368 2772 3500 2828 illud
3539 2775 3712 2829 male-

2124 2859 2343 2915 dictum.

2199 2977 2310 3047 Ego
2340 2976 2639 3044 Saxulphus
2687 2977 2774 3045 qui
2817 2975 3044 3044 primum
3094 2975 3258 3031 abbas
3284 2990 3454 3042 eram,
3485 2984 3540 3032 et
3568 2992 3712 3033 nunc

2125 3085 2244 3125 sum
2269 3068 2570 3137 episcopus,
2599 3067 2940 3123 maledictum
2990 3082 3168 3122 meum
3216 3077 3270 3122 et
3313 3071 3552 3123 omnium
3583 3084 3712 3125 suc-

2127 3177 2403 3218 cessorum
2437 3176 2675 3217 meorum
2716 3160 2971 3227 denuntio
3012 3160 3063 3214 in
3102 3176 3221 3216 eum
3251 3160 3340 3231 qui
3376 3160 3505 3217 illud
3537 3160 3710 3216 viola-

2123 3254 2280 3310 verit.

2191 3362 2303 3432 Ego
2324 3362 2538 3418 Ostride
2567 3361 2869 3417 Aethelredi
2901 3362 3078 3434 regina
3108 3361 3208 3418 hoc
3225 3370 3410 3419 testor.

2189 3455 2303 3524 Ego
2331 3453 2598 3509 Adrianus
2627 3453 2834 3523 legatus
2858 3453 2960 3508 hoc
2983 3455 3263 3510 confirmo.

2188 3546 2300 3615 Ego
2326 3545 2479 3602 Putta
2509 3545 2790 3614 episcopus
2824 3544 3091 3599 Rolfensis
3116 3545 3216 3598 hoc
3243 3543 3443 3599 scribo.

2188 3635 2302 3705 Ego
2350 3635 2672 3690 Waldherus
2727 3635 3010 3704 episcopus
3054 3634 3410 3690 Londineusis
3438 3634 3540 3691 hoc
3577 3648 3706 3690 oon-

2117 3724 2289 3778 firmo.

2193 3815 2306 3885 Ego
2353 3814 2680 3869 Cutlihaldus
2725 3813 2890 3869 abbas
2945 3814 3045 3868 hoc
3094 3813 3373 3876 confirmo.
3404 3812 3475 3867 ita
3503 3821 3562 3867 ut
3591 3811 3708 3880 qui-

2118 3919 2327 3974 cunque
2357 3903 2634 3958 riulaverit
2675 3903 2821 3968 illud,
2872 3903 3110 3957 omnium
3155 3904 3527 3972 episcoporum
3586 3916 3704 3957 ma-

2114 3993 2333 4058 ledicta,
2368 3995 2618 4049 etomnis
2647 3991 2934 4048 Christiani
2975 3993 3155 4063 populi
3200 3993 3412 4048 habeat.
3443 3995 3618 4048 Amen
3655 4001 3706 4057 ⁸,

1822 4083 2162 4141 EPISTOLA
2205 4083 2290 4138 Ill.

423 4187 658 4256 Epistola
692 4189 980 4258 Agathonis
1010 4201 1052 4242 et
1089 4189 1337 4244 Romana:
1367 4191 1779 4266 synodiccntum
1804 4193 1983 4266 viginti
2012 4194 2233 4266 quinque
2262 4194 2634 4266 epismpornm,
2660 4211 2774 4266 qum
2803 4196 2905 4263 fuit
2930 4196 3066 4250 velut
3095 4196 3362 4250 instructio
3391 4195 3697 4266 legatorum.

1378 4262 1467 4328 qui
1498 4263 1638 4315 missi
1671 4273 1790 4316 sunt
1820 4265 1888 4315 ad
1913 4265 2165 4333 synodum
2192 4274 2387 4318 sextam
2413 4262 2787 4319 celebrandam.

699 4373 980 4442 Ἐπιγραφὴ
1004 4377 1093 4428 τῆς
1120 4368 1383 4428 σννοδικῆς
1412 4372 1689 4444 ἀναρορᾶς.

494 4466 609 4517 Τοῖς
640 4458 1029 4517 εὐσεϐεστάτοις
1058 4457 1336 4518 δεσπόταις
1365 4461 1450 4512 καὶ
1476 4460 1834 4530 γαληνοτὰτοιε
1861 4482 1999 4519 νικη-

2429 4374 2748 4443 Subscriptio
2778 4372 3035 4443 synodica:
3059 4373 3416 4444 suggestionis.

2184 4461 2211 4502 δ
2252 4463 2514 4520 Piissiniis
2543 4465 2806 4531 dominis,
2840 4474 2894 4520 et
2930 4464 3292 4520 serenissimis
3320 4464 3612 4520 victoribus
3639 4480 3704 4521 ac

423 4554 536 4606 ταῖς
558 4551 639 4600 καί
669 4549 1066 4618 τροπαιούχοτ,
1082 4550 1318 4606 ποθητοῑς
1340 4547 1521 4607 τέκνοις
1549 4555 1638 4603 τοῦ
1660 4554 1787 4602 Θεοῦ
1813 4551 1899 4603 καὶ
1924 4561 2012 4603 Δε-

2139 4555 2636 4623 Lriumphaloribus,
2669 4554 2885 4610 dilectis
2917 4555 3038 4609 liliis
3072 4554 3164 4609 Dei
3194 4564 3249 4610 et
3279 4553 3487 4610 Domini
3530 4553 3694 4610 nostri

423 4639 617 4692 σπὸτου
655 4635 821 4694 ἰησοῦ
851 4635 1075 4713 Χριστοῦ
1106 4645 1197 4692 τοῦ
1225 4645 1352 4694 Θεοῦ
1375 4639 1515 4710 ἡμῶν
1539 4640 1894 4709 Κωνσταντίνῳ
1915 4659 2009 4707 με·

421 4732 554 4804 γάλῳ
594 4731 823 4802 βασιλεῖ,
857 4730 1126 4804 Ἡρακλείῳ
1152 4733 1233 4786 καὶ
1261 4731 1476 4805 Τιϐερίῳ
1505 4732 1832 4802 libr/odorem,
1866 4730 2013 4801 ’Λοχά-

421 4826 520 4876 θων
546 4825 823 4883 ἐπίσκοπος
854 4820 1028 4884 δοῦλος
1047 4830 1145 4877 τῶν
1172 4822 1360 4877 δούλων
1389 4827 1482 4877 τοῦ
1520 4827 1645 4877 Θεοῦ
1677 4823 1772 4877 σὺν
1813 4823 2014 4883 πάσαις

420 4926 540 4977 ταῖς
572 4913 804 4975 συνόδοις
848 4924 958 4975 ταῖς
987 4915 1284 4976 ἀνηκούσαις
1329 4923 1390 4990 τῇ
1441 4911 1638 4983 συνόδῳ
1664 4910 1756 4967 τοῦ
1789 4913 2015 4968 ἀποστο-

421 5009 554 5060 λικοῡ
580 5008 778 5080 θρόνου.
812 5011 1008 5060 Πάντων
1038 5012 1135 5060 τῶν
1164 5007 1360 5076 ἀγαθῶν
1404 5005 1542 5066 ἐλπὶς
1590 5004 1849 5079 ὑπάρχειν
1889 5026 2016 5075 7m-

421 5104 644 5172 ρίζεται,
673 5101 814 5157 ἡνίκα
843 5101 873 5156 ἡ
901 5097 1134 5171 βασιλική
1179 5103 1365 5174 κορυφὴ
1394 5099 1479 5153 τὸν
1509 5097 1775 5168 στέψαντα
1815 5100 1978 5156 αὐτὴν
1996 5137 2013 5164 ,

421 5194 500 5248 καὶ
528 5200 632 5250 τοῖς
663 5193 944 5264 ἀνθρώποις
976 5191 1422 5263 ἐγκαταστήσαντα
1449 5191 1578 5264 πρὸς
1608 5189 1910 5265 σωτηριώδη
1928 5211 2017 5246 κυ-

426 5281 688 5354 ϐἔρνησιν,
705 5282 1111 5352 ἐπιγινώσκονσα
1125 5287 1214 5340 τήν
1235 5285 1349 5358 περὶ
1367 5282 1516 5336 αὐτοῦ
1546 5283 1699 5342 ἀληθῆ
1726 5281 2015 5356 ὁμολογίαν,

425 5371 552 5446 ᾗτινι
593 5371 715 5442 μόνῃ
759 5373 890 5446 ὑπὲρ
920 5373 1087 5428 πάντα
1139 5373 1202 5426 τὰ
1244 5371 1384 5446 δῶρα
1427 5375 1786 5448 ἐπιτέρπεται,
1813 5379 2018 5435 πιστῶς

423 5462 684 5528 ἐπιζητιῐ,
724 5464 805 5517 καὶ
848 5464 1264 5538 ἀναζωπυροῦντι
1311 5463 1540 5536 λογισμῷ
1579 5463 2017 5536 περιπτύσσεσθαι

496 5571 522 5597 ⁸
549 5559 694 5625 lianc
717 5572 994 5640 epistolam
1034 5571 1185 5629 dedit
1216 5571 1458 5627 Labbeus
1479 5584 1541 5626 ex
1573 5569 1823 5625 versione
1855 5569 2015 5640 Spel-

425 5642 624 5693 manui.
654 5638 785 5709 Ego,
809 5657 870 5697 ea
902 5642 1182 5707 subducta,
1213 5639 1635 5697 substituendam
1681 5638 1869 5709 censui
1905 5638 2014 5694 ἠο-

425 5724 544 5760 vain
589 5725 653 5762 ex
706 5708 972 5767 Saxonico
1031 5713 1330 5766 versionem
1355 5709 1656 5766 Wilekinsii
1683 5708 1894 5779 qualem
1919 5709 2015 5764 ille

428 5788 776 5842 repraesentat
795 5794 917 5834 cum
946 5782 1340 5836 accessionibus
1365 5797 1430 5838 cx
1462 5778 1727 5840 Saxonico
1749 5778 2017 5837 Chronico

2121 4644 2249 4699 .lesu
2280 4643 2518 4711 Christi,
2548 4643 2900 4700 Constantino
2932 4658 3125 4712 magno
3156 4644 3500 4712 imperatori,
3535 4645 3700 4700 [lera-

2123 4736 2227 4791 clio
2269 4745 2324 4790 et
2355 4735 2571 4791 Tiberio
2617 4735 2908 4805 Augustis,
2939 4735 3146 4805 Agatho
3184 4735 3474 4805 episcopus
3515 4749 3699 4792 servus

2120 4840 2402 4882 servorum
2437 4825 2562 4892 Dei,
2591 4840 2713 4879 cum
2748 4825 3010 4879 universis
3039 4824 3262 4895 synodis
3302 4824 3701 4894 subjaeentibus

2124 4917 2357 4972 concilio
2403 4916 2712 4984 apostolica:
2757 4915 2925 4969 sedis.
2973 4914 3224 4969 Omnium
3269 4915 3533 4970 bonorum
3577 4928 3700 4984 spes

2121 5008 2300 5064 inesse
2326 5008 2699 5077 praenoscitur,
2729 5007 2855 5061 dum
2889 5005 3163 5073 imperiale
3193 5004 3460 5074 fastigium
3491 5004 3685 5074 ejus,a

2113 5111 2228 5167 quo
2256 5110 2316 5152 se
2345 5108 2659 5152 coronatum
2691 5106 2744 5151 et
2775 5095 3081 5150 hominibus
3123 5094 3486 5163 pra-Stitutum
3521 5096 3587 5148 ad
3615 5111 3695 5150 sa—

2121 5191 2352 5248 lubriter
2378 5189 2780 5263 gubernandum
2823 5189 3134 5258 cognoscit,
3166 5203 3346 5241 veram
3391 5185 3684 5240 confessio—
3724 5217 3735 5266 ε

2119 5297 2241 5340 nem
2263 5322 2280 5350 ,
2311 5297 2414 5352 qua
2458 5283 2572 5337 sola
2613 5296 2721 5351 prze
2752 5281 3002 5336 omnibus
3035 5278 3349 5333 muneribus
3378 5275 3684 5334 delectatur,
3727 5271 3733 5277 '

2126 5374 2352 5444 inquirit
2383 5373 2636 5439 fideliter,
2667 5381 2722 5428 et
2749 5371 3003 5425 vivacitcr
3029 5369 3276 5438 amplecti
3308 5367 3597 5423 desiderat.
3631 5361 3689 5416 Et

2126 5466 2227 5520 hoc
2252 5464 2345 5521 Dei
2372 5461 2862 5535 praestantissimum
2906 5475 3096 5517 munus
3121 5469 3239 5530 est,
3269 5473 3298 5513 a
3327 5473 3432 5529 quo
3463 5457 3688 5528 procedit

2121 5571 2315 5642 ibidem
2345 5570 2412 5625 ab
2439 5584 2504 5626 eo
2523 5568 2682 5623 datis.
2715 5569 2906 5642 MANsl.
2941 5637 2970 5642 _
3238 5637 3250 5642 _
3315 5635 3328 5642 _
3391 5634 3423 5642 __
3572 5632 3602 5642 η

2189 5641 2218 5682 δ
2247 5640 2413 5696 Vetus
2438 5641 2804 5706 interpretatio
2834 5653 2899 5693 ex
2933 5637 3139 5702 Graeco,
3169 5637 3252 5690 cui
3282 5634 3512 5706 similem
3539 5633 3681 5686 aliam

2119 5721 2358 5771 asscrvat
2385 5705 2670 5781 collegium
2701 5709 3003 5766 Parisiense
3027 5722 3138 5764 soc.
3165 5706 3310 5762 .lcsu.
3347 5705 3517 5760 Hann.
