3926 6174
143 330 283 388 121⁸1

1595 320 1977 378 EPISTOLIE.

3296 330 3432 389 1218

106 428 111 431 ’
141 457 306 501 omne
329 440 471 514 quod
502 439 700 497 bonum
730 448 811 496 est
841 457 852 493 :
884 438 950 494 ad
982 452 1139 507 quem
1180 437 1463 508 redigitur,
1491 436 1632 507 quod
1661 435 1730 501 de

1849 440 2091 512 ῑπιθυμεῖ.
2128 443 2226 496 Καὶ
2245 445 2396 497 τοῦτο
2419 447 2548 496 Θεοῦ
2580 442 2720 497 ἐστιν
2748 443 3072 511 ὲξοχώτατον
3099 441 3277 521 δῶρον,
3300 445 3349 509 ἐξ
3374 443 3431 500 οὗ

141 538 262 606 ejus
313 534 593 605 majestate
637 541 955 603 perceptum
993 540 1077 587 est
1103 549 1118 587 :
1149 531 1300 600 cujus
1345 531 1535 602 spiritu
1598 544 1737 599 prte-

1841 533 1991 584 πᾶσα
2016 526 2156 590 δόσις
2182 531 2345 600 ἀγαθή
2371 532 2690 604 προέρχεται
2710 544 2724 559 ⁸
2756 530 2889 606 πρὸς
2932 527 2986 584 όν
3030 532 3397 607 ἐπαναφέρεται
3414 574 3429 595 ,

144 637 388 685 struente
408 625 461 681 in
498 626 694 682 mentis
716 626 945 690 arcanis,
960 633 1015 680 et
1034 624 1443 680 convalescente
1466 620 1734 692 Spirituali

1849 617 1972 694 ὅπερ
2014 620 2333 691 προσελήφθη
2361 620 2466 674 ἀπό
2506 628 2598 681 tm“:
2622 615 2772 674 αὐτοῦ
2801 619 3210 692 μεγαλειότητος⁶
3233 618 3432 682 οὗτινος

144 718 450 788 flagrantia,
475 716 577 787 pia:
602 715 918 771 intentionis
942 714 1079 769 radii
1107 702 1525 783 circumquaque
1555 712 1734 782 perlu-

141 820 352 877 strant,
381 817 437 864 et
463 806 750 864 suavitatis
777 806 913 861 odor
940 808 1009 861 de
1038 806 1306 861 sacriﬁcio
1336 804 1516 861 cordis
1543 817 1735 859 ascen-

142 904 222 959 dit
251 902 319 957 ad
352 901 635 957 Dominum
658 939 673 964 ,
702 898 793 968 qui
824 898 912 952 tali
940 910 1165 953 munere
1186 896 1570 966 complacatur,
1595 894 1738 952 unde

142 996 278 1051 etin
305 991 649 1049 terrestribus
669 987 979 1045 felicitatem
1004 987 1169 1043 donet
1195 995 1247 1042 et
1273 996 1461 1057 gentes
1490 986 1741 1057 subjuget

148 1086 456 1147 universas,
484 1096 622 1153 quas
643 1072 710 1135 ad
739 1095 881 1135 verre
906 1079 973 1134 de
1004 1092 1064 1134 se
1092 1078 1417 1149 cognitionis
1446 1078 1741 1134 confessio-

144 1191 272 1232 nem
298 1174 558 1241 asciscat,
588 1187 727 1243 quas
773 1169 1046 1239 subiectas
1088 1170 1391 1225 Christiano
1423 1170 1647 1239 imperio
1674 1171 1741 1227 de

143 1272 417 1337 potestate
444 1264 643 1319 liberet
673 1259 1015 1317 tenebrarum
1036 1300 1053 1328 ,
1081 1270 1139 1315 ut
1163 1260 1347 1316 felices
1376 1258 1534 1315 faciat
1561 1262 1767 1315 humi--

143 1356 491 1436 liatosJ‘quos
515 1351 805 1410 infeliciter
826 1352 1049 1407 exaltari
1078 1351 1145 1407 ad
1171 1365 1358 1407 eorum
1385 1351 1739 1421 dejectionem

142 1449 493 1520 permiserat.
519 1445 653 1514 Quia
678 1460 828 1511 vero,
854 1444 1080 1513 piissimi
1107 1452 1266 1514 atque
1291 1443 1565 1499 fortissimi
1594 1444 1742 1516 prin-

143 1544 333 1612 cipum
371 1538 635 1612 Augusti,
684 1546 877 1593 vestrae
920 1537 1135 1607 pietatis
1160 1550 1281 1591 cum
1316 1535 1474 1591 laude
1505 1536 1740 1590 admira-

140 1647 269 1689 mur
298 1631 409 1688 Deo
452 1631 670 1700 dignum
701 1629 1070 1699 propositum,
1102 1628 1244 1698 quod
1281 1629 1425 1683 circa
1470 1628 1734 1697 apostoli-

140 1738 270 1780 cam
295 1732 532 1778 nostram
564 1720 724 1776 fidem
752 1719 954 1776 habere
975 1719 1273 1790 dignamini
1293 1757 1309 1784 ,
1340 1719 1448 1775 Deo
1474 1721 1740 1775 secretius

138 1814 547 1881 satisfaciente,
575 1826 681 1867 non
710 1812 888 1867 verbis
919 1810 1245 1875 ﬂuentibus,
1280 1825 1381 1866 nec
1409 1810 1735 1882 loquacitate
1768 1799 1813 1859 Β

144 1904 368 1970 fallaci,
400 1902 493 1960 sed
522 1902 705 1959 divina
731 1916 827 1957 sua
856 1901 1024 1972 gratia
1051 1911 1455 1969 commonente,
1483 1903 1738 1972 omnique

142 1993 502 2064 ambiguitate
525 1992 755 2053 sublata,
777 1992 1100 2047 desideratis
1125 2006 1475 2062 cognoscere,
1501 2007 1619 2062 qua:
1649 2006 1735 2046 ve-

138 2085 290 2148 ritas
314 2084 627 2140 orthodoxae
648 2092 705 2140 et
723 2084 1033 2154 apostolicae
1057 2084 1179 2138 ﬁdei
1207 2084 1478 2138 contineat
1495 2123 1512 2145 ,
1551 2096 1740 2138 omnes

138 2190 252 2231 nos
292 2175 468 2245 exigui
513 2172 875 2229 Ecclesiarum
920 2174 1213 2243 praesules,
1244 2175 1408 2230 vestri
1440 2173 1737 2229 Christiani

144 2266 365 2334 imperii
427 2263 651 2330 famuli,
702 2263 754 2318 in
805 2264 1319 2332 septentrionalibus
1368 2263 1454 2319 Vel
1502 2263 1740 2318 occiduis

140 2357 393 2427 partibus
422 2355 701 2411 constituti
725 2398 741 2424 ,
778 2354 901 2409 licet
930 2355 1077 2425 parvi
1107 2363 1162 2410 et
1189 2355 1461 2425 simplices
1490 2356 1737 2419 scientia,

142 2449 260 2505 fide
289 2457 464 2503 tamen
498 2461 593 2518 per
622 2447 716 2503 Dei
742 2445 967 2516 gratiam
999 2444 1243 2511 stabiles,
1274 2460 1371 2514 pro
1398 2445 1465 2501 iis
1494 2460 1613 2515 quae
1646 2461 1741 2514 per

140 2543 388 2599 divalem
428 2555 636 2597 sacram
684 2549 953 2609 praecepta
995 2539 1379 2608 cognovimus,
1422 2538 1739 2608 coregnanti

140 2651 209 2692 ac
266 2633 604 2703 dispensanti
648 2632 924 2687 vobiscum
970 2629 1237 2685 conditori
1282 2638 1337 2685 et
1380 2629 1741 2700 dispensatori

137 2726 399 2781 omnium
437 2723 547 2779 Deo
579 2721 895 2786 exhilarati,
935 2735 1032 2791 pro
1061 2719 1366 2790 ltujusmodi
1412 2720 1499 2790 pio
1541 2733 1741 2788 propo-

138 2819 259 2873 sito
324 2831 447 2871 cum
501 2816 704 2871 intimis
753 2813 935 2870 cordis
986 2813 1200 2869 fletibus
1251 2814 1451 2883 gratias
1506 2812 1739 2867 reddere

137 2910 457 2979 cepimus,
485 2906 627 2976 quod
659 2915 766 2960 tam
797 2904 1100 2969 laudabile,
1133 2907 1239 2958 tam'
1269 2901 1586 2969 mirificum,
1637 2912 1744 2958 tam

140 3000 614 3065 saluberrimum,
642 3008 753 3053 tam
802 2998 1145 3068 singulariter
1186 2997 1296 3087 ι)εο
1336 3010 1448 3067 ιιι-ω
1493 2996 1744 3052 omnibus

138 3099 389 3155 terrenis
446 3096 723 3153 sacrificiis
779 3094 1108 3165 acceptabile
1158 3093 1515 3163 tranquillitas
1567 3102 1744 3148 vestra

134 3206 293 3263 opus
339 3189 578 3245 creditur
627 3187 974 3254 concupisse,
1026 3184 1167 3254 quod
1219 3199 1247 3238 a
1306 3182 1486 3239 multis
1533 3184 1747 3254 quidem

136 3262 359 3355 pietate
411 3290 466 3335 et
510 3278 715 3351 justitia
766 3262 1286 3347 praeditis‘regibus
1343 3276 1748 3341 desideratum,

136 3373 509 3448 paucissimis
555 3381 733 3427 tamen
779 3366 1104 3438 raroqttead
1133 3370 1382 3425 effectum
1426 3368 1536 3423 Deo
1581 3367 1744 3438 placi-

136 3477 270 3525 tum
298 3508 314 3532 ,
340 3480 464 3520 cum
495 3464 810 3519 sinceritate
844 3463 1151 3532 apostolica:
1181 3461 1301 3516 fidei
1335 3460 1553 3531 perduci
1581 3462 1752 3530 possi-

133 3561 259 3615 bile
292 3558 727 3613 demonstratum
758 3564 862 3609 est.
893 3552 1177 3609 Credimus
1211 3562 1420 3619 autem,
1456 3554 1577 3621 quia
1608 3553 1748 3621 quod

133 3650 351 3722 paucis
403 3661 634 3717 raroque
680 3659 1000 3701 concessum
1033 3654 1147 3710 est,
1177 3659 1206 3698 a
1238 3644 1346 3699 Deo
1376 3653 1630 3699 coronato
1657 3657 1753 3697 ve-

135 3751 271 3798 stro
322 3739 556 3809 imperio
585 3738 843 3793 divinitus
869 3736 1213 3801 concedetur,
1247 3742 1307 3788 ut
1335 3748 1431 3803 per
1461 3733 1633 3803 ipsum
1665 3746 1753 3787 ca-

135 3833 378 3889 tholicae
404 3838 565 3900 atque
594 3827 901 3898 apostolica:
930 3841 1071 3881 verae
1100 3834 1300 3880 nostra!
1344 3824 1464 3879 fidei
1513 3823 1751 3893 splendi-

129 3922 446 3979 dissimum
481 3920 533 3972 in
564 3918 801 3971 omnium
832 3915 1107 3970 mentibus
1137 3914 1333 3971 emicet
1361 3913 1537 3968 lumen
1564 3932 1576 3966 :
1610 3915 1750 3983 quod

133 4030 211 4070 ex
239 4011 375 4076 veri
421 4008 640 4063 luminis
671 4008 818 4062 fonte
851 4016 1105 4076 tanquam
1135 4005 1202 4061 de
1232 4004 1386 4059 radio
1418 4005 1612 4059 vivitici
1642 4004 1750 4059 lul-

129 4106 303 4171 goris
333 4118 351 4171 ,'
389 4116 485 4170 per
517 4100 797 4153 ministros
828 4098 1013 4153 beatos
1042 4097 1257 4151 Petrum
1291 4106 1344 4151 et
1372 4096 1592 4149 Paulum
1623 4110 1752 4164 apo-

130 4195 431 4250 stolatum
477 4189 774 4260 principes,
805 4202 1100 4256 eorumque
1131 4185 1425 4256 discipulos
1452 4194 1509 4240 et
1538 4197 1750 4255 aposto-

129 4291 292 4345 licos
321 4300 692 4349 successores,
721 4283 983 4350 gradatim
1011 4297 1179 4350 usque
1210 4281 1275 4335 ad
1309 4290 1543 4335 nostram
1575 4281 1748 4350 pervio

132 4370 354 4444 tardi),
394 4374 484 4428 Dei
516 4375 870 4443 opitulatione
900 4382 1169 4427 servatum
1202 4380 1317 4437 est,
1348 4372 1490 4426 nulla
1517 4370 1749 4426 haeretici

128 4469 370 4527 erroris
404 4479 539 4523 tetra
573 4468 800 4538 caligine
833 4469 1167 4523 tenebratttm
1192 4509 1207 4533 ,
1242 4482 1341 4521 nec
1375 4467 1621 4521 falsitatis
1652 4481 1747 4521 ne-
1781 4505 1833 4568 Β

132 4565 311 4620 bulis
344 4561 752 4627 cottftrdatum,
785 4574 886 4615 nec
914 4559 1233 4615 intermistis
1262 4559 1529 4614 haereticis
1572 4559 1753 4628 pravi-

131 4655 380 4713 tatibus
426 4652 572 4705 velut
601 4650 905 4720 caliginusis
936 4650 1148 4705 nebulis
1181 4651 1579 4717 pcrnmbratum
1602 4692 1617 4715 ,
1650 4652 1754 4705 im-

124 4762 329 4804 mune
360 4756 524 4812 atque
552 4746 823 4801 sincerum
843 4786 859 4812 ,
891 4755 945 4800 et
974 4746 1087 4800 suis
1129 4745 1294 4800 radiis
1335 4746 1752 4815 perlustratum,

122 4846 155 4874 ι
175 4835 472 4908 piissimis
497 4834 776 4890 conatibus
802 4849 1123 4891 conservare
1150 4836 1294 4905 cupit
1317 4847 1550 4891 vestrum
1583 4856 1611 4893 at
1648 4841 1757 4893 lteo

1839 716 1913 782 τῷ
1954 711 2207 779 πνεύματι
2231 710 2282 764 ἐν
2327 718 2437 770 τοῖς
2476 717 2569 770 τῆς
2610 708 2835 771 διανοίας
2878 712 3189 784 ἀποκρύφοις
3237 708 3431 765 οίκοδου

1840 808 2084 869 μοῦντος,
2134 804 2213 855 καί
2242 802 2647 876 ἀναῤῥωννῦντος
2670 809 2733 876 τῇ
2777 809 3091 877 πνευματικῇ
3134 801 3313 877 βράσει
3342 811 3430 861 τῆς

1840 893 2039 952 ἀκτῖνος
2069 898 2158 946 τοῦ
2187 889 2428 954 εὐσεϐοῦς
2459 899 2660 948 σκοποῦ
2698 893 2859 965 κύκλῳ
2885 892 3061 948 πάντα
3087 891 3434 969 διακαθαίρονο

1840 1005 1926 1039 ται
1946 981 2058 1053 ιι..
2086 984 2330 1045 εὐσεϐοῦς
2356 990 2553 1039 σκοποῦ
2580 986 2780 1045 ἀκτῖνες
2804 983 2969 1055 κύκλῳ
2994 980 3329 1053 διάττουσιν],
3350 986 3431 1038 καί

1840 1081 1932 1133 τῆς
1974 1071 2191 1133 εὐωδίας
2218 1076 2248 1132 ἡ
2272 1075 2407 1144 ὀσμή
2445 1075 2548 1129 ἀπὸ
2572 1084 2664 1135 τῆς
2702 1075 2883 1137 θυσίας
2908 1084 3000 1136 τῆς·
3037 1073 3244 1153 καρδίας
3285 1076 3433 1149 ἀνέρ-

1843 1186 2000 1237 χεται
2028 1167 2157 1240 πρὸς
2196 1165 2282 1220 τόν
2304 1168 2517 1240 Κύριον,
2552 1164 2696 1225 ὅστις
2733 1162 2807 1235 τῷ
2846 1167 3061 1237 τοιούτῳ
3087 1164 3233 1239 δώρῳ
3262 1165 3437 1237 εὐαρε-

1842 1265 2077 1313 στεῖταιο
2104 1256 2217 1313 ὅθεν
2234 1261 2319 1314 καί
2355 1260 2404 1312 ἒν
2424 1266 2531 1318 τοῖς
2556 1258 2793 1328 έπιγείοις
2827 1257 3075 1328 εὐτυχίαν
3113 1255 3429 1330 δωρήσηται,

1843 1351 1929 1403 καί
1968 1348 2173 1405 ἅπαντα
2205 1350 2273 1404 τά
2314 1346 2434 1406 ἔθνη
2466 1350 2733 1415 ύποτάξοι,
2769 1347 2901 1421 ἅπερ
2930 1348 3277 1422 προσγαλήται
3306 1349 3435 1423 πρὸς

1842 1446 1933 1500 τήν
1959 1440 2227 1514 ὁμολογίαν
2252 1450 2345 1501 τῆς
2368 1441 2580 1501 ἀληθοῦς
2600 1442 2759 1496 αὐτοῦ
2784 1441 3124 1513 ἐπιγνώσεως,
3156 1442 3223 1495 τά
3244 1439 3433 1495 ύποτε-

1843 1534 2070 1607 ταγμένα
2100 1531 2173 1601 τῷ
2197 1534 2679 1608 Χριστιανικωτάτῳ
2703 1534 2875 1607 κράτει
2901 1532 3072 1605 [ἅτινα
3092 1537 3185 1587 ὑπ.
3216 1555 3265 1587 τ.
3296 1553 3358 1601 χ.
3382 1554 3436 1585 κ.

1844 1633 1933 1686 τῆς
1952 1631 2042 1681 τοῦ
2069 1626 2281 1686 σκότους
2310 1627 2544 1689 ἐξουσίας
2566 1626 2915 1700 έλευθερώσοι,
2942 1623 3051 1696 L.],
3084 1626 3167 1679 ἶνα
3191 1625 3440 1695 εὐτυχεῖς

1844 1723 2030 1793 ποιήσῃ
2091 1720 2588 1789 τεταπεινωμένους,
2640 1717 2731 1779 οῦς
2791 1718 3130 1792 ταλαιπώρως
3182 1717 3439 1789 otiosae“

1843 1813 1975 1889 πρὸς
2018 1810 2331 1868 κατάϐλησιν
2355 1811 2549 1865 ἑαυτῶν
2577 1812 2878 1886 παρείασεν.
2908 1808 3053 1864 Ἐπεί
3108 1807 3193 1873 δὲ,
3238 1810 3439 1863 εὐσεϐέ-

1841 1926 2023 1962 στατοι
2049 1908 2133 1959 καί
2159 1903 2503 1975 ἀνδρειότατοι
2544 1904 2823 1975 βασιλέων,
2856 1912 2948 1965 τῆς
2971 1903 3255 1976 σεϐασμίας
3299 1903 3441 1974 ὑμῶν

1842 1999 2108 2059 εὐσεϐείας
2133 2000 2229 2053 σύν
2268 2000 2459 2069 ἐπαίνῳ
2499 1998 2823 2069 θαυμάζομεν
2866 2003 2958 2056 τήν
2986 1998 3268 2072 Θεάρεστον
3307 1997 3438 2071 πρό-

1841 2088 1997 2154 θεσιν,
2044 2089 2202 2163 ἥνπερ
2234 2089 2365 2162 πρὸς
2409 2091 2498 2146 τήν
2540 2088 2881 2146 ἀποστολικήν
2926 2089 3065 2157 ήμῶν
3091 2089 3266 2142 πίστιν
3290 2084 3321 2140 ἒ
3325 2107 3440 2155 χειν

1842 2180 2223 2243 κατηξιώσατε,
2253 2184 2346 2233 τοῦ
2392 2184 2520 2234 Θεοῦ
2568 2186 2829 2250 μυστικῶς
2871 2174 3335 2255 πληροφοροῦντος,
3378 2178 3438 2229 οὐ

1841 2273 2035 2348 ῥήμασι
2058 2273 2336 2345 ρευστοῖς,
2383 2270 2499 2328 οὔτε
2546 2272 2692 2343 λα).ιᾷ
2742 2273 2976 2334 ἀπάτης,
3028 2271 3239 2344 ἀλλάτῇ
3280 2269 3439 2323 αὐτοῦ

1841 2365 1950 2438 θείᾳ
1996 2366 2178 2439 χάριτι
2224 2365 2733 2434 ὑπομιμνήσκοντος,
2785 2366 2869 2419 καί
2917 2365 3090 2424 πάσης
3138 2363 3439 2433 άμφιῗολίας

1842 2457 2251 2530 περιαιρεθείσης
2293 2456 2580 2525 έπιθυμεῖτε
2626 2456 2930 2528 ἐπιγνῶναι.
2981 2456 3114 2532 ἅπερ
3160 2457 3191 2513 ἡ
3235 2456 3443 2514 ἀλήθεια

1843 2554 1934 2607 τῆς
1959 2544 2225 2620 όρθοδόξου
2251 2550 2338 2601 καί
2370 2547 2710 2608 ἀποστολικῆς
2737 2549 2972 2624 περιέχει
3012 2552 3261 2607 πίστεως⁶
3287 2548 3439 2618 ήμείς

1845 2638 2034 2698 πάντες
2056 2639 2102 2692 οἱ
2128 2636 2405 2708 ἐλάχιστοι
2443 2645 2544 2693 τῶν
2579 2637 2885 2697 Ἐκκλησιῶν
2909 2644 2999 2693 τοῦ
3023 2644 3245 2712 Χριστοῦ
3286 2636 3438 2710 πρόε-

1846 2726 1989 2802 ὅροι,
2012 2729 2058 2782 οἱ
2081 2725 2251 2782 δοῦλοι
2274 2734 2366 2783 τοῦ
2392 2731 2891 2804 Χριστιανικωτάτου
2932 2729 3074 2798 ύμῶν
3103 2730 3325 2804 κράτους
3342 2768 3356 2791 ,
3383 2726 3440 2781 ἔν

1846 2841 1901 2878 τε
1927 2829 2032 2883 τοῖς
2051 2820 2281 2882 δυτικοῖς
2301 2824 2384 2875 καί
2408 2824 2653 2896 ἀρκτῲοις
2683 2824 2863 2899 μέρεσι
2887 2825 3256 2894 τυγχάνοντες,
3285 2824 3331 2875 εἰ
3352 2823 3435 2874 καί

1851 2914 2007 2985 ὀλίγοι
2057 2914 2143 2969 καί
2180 2911 2516 2987 ἁπλούστεροι
2538 2921 2600 2982 τῇ
2638 2915 2841 2983 γνώσει,
2868 2920 2960 2972 τῆς
2986 2915 3210 2971 πίστεως
3234 2909 3325 2984 Ιτῇ
3355 2913 3439 2964 πί·

1848 3024 1981 3069 στει,
2009 3017 2074 3058 ea:
2096 3001 2186 3075 L.]
2211 3001 2347 3075 ὅμως
2389 3001 2473 3059 διὰ
2512 3009 2603 3064 τῆς
2627 3010 2717 3058 τοῦ
2759 3010 2887 3058 Θεοῦ
2920 3004 3137 3075 χάριτος
3174 3003 3435 3076 σταθεροῐ,

1849 3096 2014 3152 ἕνεκεν
2055 3101 2155 3150 τῶν
2202 3096 2637 3169 προσταχθέντων
2692 3092 2776 3149 διά
2813 3104 2906 3155 τῆς
2944 3091 3179 3153 θειὼδους
3222 3093 3437 3167 σάκρας,

1853 3187 2125 3259 ἐγνωκότες
2163 3186 2247 3242 τόν
2290 3186 2734 3257 συμϐασιλεύοντα
2756 3188 2835 3239 καί
2870 3182 3148 3239 διοικοῦντα
3174 3187 3271 3239 σὺν
3297 3184 3437 3254 ύμῖν,

1852 3284 1944 3340 τήν
1989 3283 2196 3339 κτίστην
2238 3281 2326 3334 καί
2363 3280 2611 3353 πρύτανιν
2650 3286 2748 3333 τῶν
2787 3279 2989 3333 πάντων
3030 3280 3186 3345 Θεὸν,
3212 3277 3437 3354 ἰλαρευό·

1853 3391 1992 3442 μενοι
2025 3375 2265 3446 περὶτῆς
2303 3372 2547 3431 τοιαύτης
2589 3369 2833 3431 εὐσεϐοῦς
2870 3370 3157 3443 προθέσεως
3194 3372 3443 3440 μετὰτῶν

1852 3464 1910 3517 ἑκ
1947 3463 2137 3534 βάθους
2171 3470 2263 3521 τῆς
2305 3460 2523 3537 καρδίας
2562 3459 2795 3539 ὀδυρμῶν
2834 3463 3167 3535 εὐχαριστεῖν
3210 3462 3443 3536 ἀπηρξά-

1851 3555 2009 3626 μεθα,
2055 3553 2133 3610 ὅτι
2169 3554 2226 3609 τό
2268 3553 2432 3613 οὕτως
2460 3554 2831 3619 ἀξιεπαίνετον,
2879 3554 2936 3609 τό
2977 3552 3109 3609 οὕτω
3149 3554 3444 3623 θαυμαστόν

1855 3651 1938 3703 καί
1980 3645 2335 3721 σωτηριῶδες,
2382 3646 2518 3702 οὕτω
2546 3653 2819 3721 μονογενῶς
2865 3655 2937 3721 τῷ
2975 3655 3084 3714 Θεῷ
3103 3647 3235 3722 ύπέρ
3264 3650 3441 3706 πάσας

1852 3737 1948 3800 τάς
1989 3739 2159 3811 γηΐνας
2198 3740 2378 3798 Θυσίας
2415 3735 2786 3811 εύπρόσδεκτον
2830 3736 2973 3814 ἔργον
3017 3740 3048 3796 ἡ
3088 3739 3312 3813 ὑμετέρα
3363 3760 3443 3811 φι-

1851 3831 2146 3904 λανθρωπία
2168 3830 2600 3885 καταπιστεύεται
2620 3830 2953 3901 ἐπιθυμῆσαι,
2980 3826 3105 3903 ὅπερ
3129 3829 3330 3889 πολλοῖς
3353 3832 3444 3897 μὲν

1853 3921 2086 3976 εὖσεϐεία
2123 3923 2207 3976 καί
2250 3919 2538 3997 δικαιοσύνῃ
2575 3919 2877 3995 προύχουσι
2922 3920 3219 3991 βασιλείσιν
3267 3920 3441 3971 ἐπεθυ-

1853 4024 2019 4085 μεῖτο,
2063 4012 2202 4099 ὅμως
2238 4016 2423 4089 ὀλίγοις
2463 4018 2546 4070 καί
2582 4017 2787 4089 ἀραιοῖς
2824 4014 2950 4088 πρὸς
2979 4018 3261 4085 Θεάρεστον
3312 4012 3441 4065 ἀποε-

1853 4110 2072 4181 τέλεσμα
2093 4108 2222 4180 μετά
2241 4109 2590 4182 άκεραιότητος
2613 4115 2703 4167 τῆς
2729 4105 3061 4163 ἀποστολικῖπ
3083 4104 3306 4162 πῖστεως
3332 4102 3441 4156 δια-

1858 4201 2081 4257 σωθῆναι
2136 4196 2351 4253 δυνατὸν
2401 4196 2705 4267 ἀπεδείχθη.
2740 4196 3046 4265 Πιστεύομεν
3083 4192 3168 4254 δὲ.
3215 4191 3292 4247 ὅτι
3316 4191 3442 4265 ὅπερ

1856 4293 2039 4365 ὀλίγοις
2085 4294 2171 4347 καί
2204 4293 2407 4367 ἀραιοῖς
2439 4290 2756 4361 συνεφωνήθη
2804 4288 3198 4362 [συνεχωρήθη.
3369 4291 3441 4355 τῷ

1855 4385 2159 4455 Θεοστέπτῳ
2185 4384 2324 4455 ὑμῶν
2342 4384 2513 4456 κράτει
2535 4380 2694 4435 θεόθεν
2718 4380 3084 4457 δωρηθήσεται,
3099 4382 3181 4432 ἶνα
3209 4376 3271 4433 δι’
3288 4379 3443 4432 αὑτοῦ

1856 4486 1948 4541 τῆς
1974 4479 2234 4539 καθολικῆς
2278 4480 2362 4532 καί
2383 4475 2724 4534 άποστολικῆς
2744 4476 2885 4543 ήμῶν
2908 4474 3132 4532 πίστεως
3166 4472 3224 4525 τὸ
3265 4470 3447 4528 τηλαυ-

1857 4575 2104 4645 γέστατον
2136 4571 2310 4645 λάμψῃ
2332 4578 2431 4641 φῶς
2453 4564 2740 4641 [ἐκλάμψοι]
2758 4570 2807 4621 ἓν
2828 4574 2941 4626 ταῖς
2964 4567 3167 4621 πάντων
3191 4563 3443 4637 καρδίαιςδ

1863 4662 1993 4738 ὅπερ
2034 4664 2088 4718 ίκ
2122 4672 2213 4723 τῆς
2247 4670 2413 4734 πηγῆς
2439 4667 2529 4715 τοῦ
2571 4660 2799 4717 ἀληθινοῦ
2840 4659 3112 4729 φωτὸς,ὡς
3149 4655 3212 4712 δι’
3236 4657 3451 4711 ἀκτίνων

1858 4764 1950 4817 τῆς
1979 4753 2225 4820 ζωοποιοῦ
2250 4751 2571 4827 λαμπηδόνος
2598 4759 2709 4812 τοῖς
2731 4754 2999 4825 μακαρίοις
3018 4749 3334 4823 λειτουργοῖς
3366 4748 3447 4801 lii-

1859 4867 1964 4922 τρῳ
1985 4849 2068 4901 καί
2094 4844 2274 4917 Παύλῳ
2314 4853 2417 4905 τοῖς
2439 4851 2540 4900 τῶν
2568 4844 2863 4898 ἀποστόλων
2886 4844 3200 4917 κορυφαίοις,
3219 4843 3301 4896 καί
3340 4845 3441 4894 τοῖς

3923 406 3926 535 ἕ

3924 544 3926 573 |

3923 622 3926 667 ι

3923 670 3926 735 Ξ

3924 766 3926 811 |

3924 924 3926 943 |

116 4934 487 4987 coronatum
536 4924 830 4997 fastigium.
884 4926 939 4981 In
994 4928 1095 4982 hoc
1135 4927 1276 4983 enim
1311 4936 1417 4980 tam
1451 4929 1757 4997 apostolicae

116 5020 344 5084 sedis,
378 5030 652 5087 quamque
698 5019 866 5073 nostri
914 5019 1088 5088 exigui
1122 5019 1407 5074 famulatus
1459 5025 1759 5090 prtedeccso

112 5124 310 5168 sares
369 5123 544 5178 usque
585 5109 761 5163 adhuc
811 5125 916 5164 non
965 5110 1082 5166 sine
1113 5112 1366 5180 periculis
1394 5115 1756 5183 desttdarunt,

114 5213 302 5256 nunc
347 5196 606 5253 decretali
637 5199 1060 5254 commonitione
1088 5214 1207 5256 cum
1239 5206 1552 5272 apostolicis
1585 5209 1758 5276 ponti-

95 5292 365 5349 ﬁcibus
395 5289 775 5355 consulentes,
811 5306 953 5347 nunc
981 5295 1227 5362 synodali
1258 5296 1602 5370 definitione,
1637 5316 1756 5369 qua:

111 5382 420 5441 veritatis
441 5382 658 5453 regulas
680 5384 1021 5452 continebat,
1051 5386 1302 5444 omnibus
1331 5389 1753 5448 innotescentes:

106 5492 171 5536 et
210 5476 513 5534 terminos
535 5475 917 5548 [sempiternos
939 5476 1120 5548 term.]
1142 5492 1277 5547 quos
1305 5482 1576 5550 trangredi
1607 5484 1757 5541 nefas

107 5583 209 5629 est
234 5613 253 5631 .
298 5582 490 5637 usque
515 5566 581 5622 ad
614 5567 807 5623 anima:
853 5568 1020 5637 ipsius
1067 5571 1266 5625 exitum
1309 5584 1621 5637 constanter
1662 5578 1756 5635 de-

111 5662 459 5721 tendentes
480 5702 494 5725 ,
524 5674 631 5716 non
664 5660 869 5717 seducti
917 5661 1186 5719 blanditiis
1234 5663 1252 5735 [
1279 5665 1748 5745 adulationibus],

207 5781 239 5809 ³
282 5769 635 5837 Ρίίεεὶηιὶερ..
669 5771 934 5837 fastigium
963 5775 1143 5831 desunt
1170 5777 1223 5830 in
1256 5775 1454 5834 Greece.
1482 5779 1629 5839 Eutr.

1860 4937 2056 4995 τούτων
2085 4938 2339 5009 μαθηταῖς
2361 4937 2445 4990 καί
2475 4931 2742 5026 διαδόχοις
2783 4942 2897 4996 τοῖς
2939 4932 3292 4990 ἀποστολικοῖς
3318 4930 3447 4982 κατὰ

1859 5032 2053 5106 βαθμὸν
2067 5032 2231 5105 μέχρι
2248 5037 2340 5088 τῆς
2362 5029 2611 5101 ἡμετέρας
2633 5020 2947 5087 οῦδενότητος
2967 5034 3029 5099 τῇ
3048 5030 3138 5080 τοῦ
3160 5027 3286 5078 Θεοῦ
3323 5020 3447 5089 βοηο

1858 5122 1967 5196 θείᾳ
1996 5120 2275 5192 ἐφυλάχθη.
2298 5116 2517 5192 μηδεμιᾷ
2558 5126 2651 5179 τῆς
2692 5124 2946 5189 αἱρετικῆς
2980 5115 3170 5174 πλάνης
3216 5108 3443 5165 δυσωδε-

1859 5213 2050 5269 στάτου
2079 5211 2294 5270 σκότους
2320 5210 2502 5281 ἀχλύῖ,
2530 5213 2655 5282 μήτε
2682 5209 2901 5280 νεφέλαις
2937 5203 3180 5277 ψεύδους.
3206 5202 3235 5261 ἧ
3257 5203 3443 5273 νέφεσιν

1859 5305 2062 5363 ἀπάτης
2099 5302 2357 5373 μολυνθέν,
2376 5306 2500 5373 μήτε
2517 5302 2987 5373 παραμεμιγμέναις
3023 5297 3283 5373 αἶρετικῶν
3315 5316 3415 5365 φαυ

1857 5397 2069 5460 λότησι,
2095 5397 2318 5472 καθάπερ
2349 5398 2598 5472 ἀμαυροῖς
2639 5393 2810 5467 νέφεσι
2830 5390 3233 5454 κατασκιασθέν,
3259 5389 3419 5460 ἀϐαρὲ

1858 5490 1941 5543 καί
1961 5489 2193 5563 ἀκέραιον
2236 5490 2317 5543 καί
2347 5494 2463 5545 ταῖς
2485 5484 2633 5546 ἰδίαις
2661 5486 2831 5538 ἀκτῖσι
2870 5481 3179 5553 διαλάμψαν.
3205 5481 3287 5534 Ἐν
3329 5481 3420 5531 τού

1857 5604 1931 5652 τῳ
1976 5583 2076 5656 γὰρ
2106 5579 2212 5636 ὅτε
2255 5577 2591 5638 ἀποστολικός
2635 5576 2830 5652 θρόνος,
2859 5577 2905 5629 οἶ
2934 5595 2989 5630 τε
3037 5576 3428 5646 προηγησάμενο

1858 5680 1947 5734 τὴν
1996 5675 2240 5751 ἡμετέραν
2282 5668 2589 5747 μετριότητα
2628 5668 2789 5745 μέχρι
2821 5669 3073 5726 τοσούτου
3103 5665 3339 5738 [ητούτων,
3366 5661 3439 5715 ιι..
