3926 6174
1316 265 1326 288 Ι

179 297 310 352 liii

1606 295 1986 356 EPISTOLE.

3318 302 3460 363 {2‘22

169 416 262 481 qui
297 421 422 468 ante
450 412 646 467 swcula
677 411 747 467 de
781 411 940 469 Patre
989 420 1145 468 natus
1171 420 1287 478 est,
1321 413 1374 467 in
1419 412 1621 470 ultimis
1661 429 1762 469 sa:-

1870 419 1956 482 μία
1996 413 2166 481 oua-ia,
2213 415 2323 474 ἦτοι
2373 412 2544 487 φύσις,
2592 418 2830 476 τουτέστι
2872 423 2965 492 μία
3014 421 3208 488 θεότης,
3242 429 3334 496 μία
3381 427 3459 484 ἀϊ-

169 503 418 558 Cutorum
453 503 791 572 temporibus
825 518 924 573 pro
953 504 1108 560 nobis
1139 514 1428 574 nostraque
1465 506 1643 560 salute
1674 507 1767 561 de-

170 596 453 650 scendisse
481 595 550 650 de
578 597 730 652 ctelis
752 635 767 661 ,
787 605 856 652 et
886 597 1218 652 incarnatum
1250 596 1318 652 de
1347 597 1548 666 Spiritu
1577 607 1767 653 sancto

170 698 229 739 et
259 695 444 741 sancta
464 725 480 749 ,
514 685 854 740 immaculata
874 727 891 752 ,
933 700 1253 757 semperque
1294 687 1498 757 virgine
1527 687 1764 757 gloriosa

172 777 345 833 Maria
375 779 592 833 domina
625 788 834 842 nostra,
865 793 994 834 vere
1022 786 1076 833 et
1106 777 1318 848 proprie
1351 779 1441 834 Dei
1472 780 1763 849 genitrice:

171 871 473 924 secundum
508 885 728 925 carnem
762 871 970 927 scilicet
997 887 1064 926 ex
1093 887 1154 926 ea
1187 882 1400 941 natum,
1431 883 1485 927 et
1514 887 1641 929 vero
1673 874 1767 928 ho-

173 963 378 1016 minem
413 961 612 1016 factum
638 1005 654 1030 ,
687 961 937 1017 eumdem
974 963 1139 1017 Deum
1165 978 1381 1029 verum,
1411 964 1768 1034 eamdemque

175 1057 452 1110 hominem
487 1071 692 1111 verum.
745 1057 912 1111 Deum
941 1055 1154 1124 quidem
1180 1070 1244 1111 ex
1287 1057 1396 1112 Deo
1441 1057 1633 1122 Patre,
1667 1057 1768 1113 lto-

173 1149 377 1205 miuem
425 1157 606 1204 autem
655 1163 722 1202 ex
779 1149 987 1218 virgine
1033 1157 1205 1204 matre
1248 1149 1578 1203 iacarnatum
1608 1165 1671 1204 ex
1705 1163 1766 1204 ea

172 1256 343 1296 carne
368 1243 609 1296 animam
641 1241 870 1296 habente
901 1243 1214 1296 rationalem
1239 1251 1288 1295 et
1319 1242 1764 1297 intellectualem:

171 1333 698 1390 euasubstantialem
729 1333 980 1388 eamdem
1015 1333 1124 1388 Deo
1158 1333 1300 1387 Patri
1327 1333 1620 1388 secundum
1648 1333 1768 1388 dei-

177 1435 387 1488 tatem,
420 1425 1046 1495 consubstantialemque
1108 1426 1263 1480 nobis
1304 1425 1550 1480 eumdem
1595 1424 1768 1494 ipsum

171 1516 484 1571 secundum
522 1516 940 1582 humanitatem,
975 1529 1025 1572 et
1059 1532 1156 1587 per
1185 1519 1363 1572 omnia
1393 1519 1627 1574 similem
1673 1535 1768 1574 no-

176 1609 265 1663 his
296 1609 500 1677 absque
527 1609 644 1664 solo
676 1619 934 1678 peccato:
967 1611 1282 1664 cruciﬁxum
1333 1625 1428 1678 pro
1475 1611 1625 1666 nobis
1671 1614 1770 1666 sub

177 1703 374 1757 Pontio
403 1701 592 1763 Pilato.
620 1717 834 1770 passum
852 1743 866 1767 ,
895 1707 1264 1774 sepultumque
1286 1713 1340 1758 et
1367 1715 1764 1777 resurgentem,

171 1795 558 1850 ascendentem
584 1795 635 1848 in
658 1795 844 1862 caelos,
875 1797 1150 1852 sedentem
1181 1797 1244 1851 ad
1277 1799 1546 1854 dexteram
1575 1799 1767 1869 Patris,

181 1887 489 1954 iterumque
517 1895 798 1940 venturum
839 1885 1080 1955 judicare
1107 1888 1253 1942 vivos
1285 1898 1341 1943 et
1369 1900 1639 1960 mortuos,
1672 1905 1770 1946 cu-

171 1973 269 2045 jus
299 1975 447 2044 rcgni
477 1991 582 2030 non
615 1975 730 2031 erit.
765 1976 906 2030 linis.
959 1976 1130 2032 Unam
1177 1978 1372 2047 qun-pe
1417 1981 1772 2048 comitemque

177 2068 476 2120 Dominum
507 2075 748 2121 nostram
779 2067 962 2122 Jesum
995 2068 1263 2122 Christum
1298 2069 1486 2122 Filiam
1523 2069 1612 2124 Dei
1646 2071 1769 2123 ani-

168 2159 439 2228 genitum,
457 2173 521 2214 ex
541 2159 745 2216 duabus
759 2175 806 2216 et
831 2159 882 2214 in
900 2159 1108 2214 duabus
1129 2159 1441 2214 substantiis
1466 2158 1766 2225 incnnl‘use,

170 2251 718 2316 ittcntnmutabiliter,
769 2252 1032 2317 indivise,
1083 2253 1516 2321 inseparabiliter
1564 2252 1769 2308 subsis-

179 2354 306 2401 tere
333 2347 735 2415 cognoscimus,
767 2362 1026 2415 nusquam
1059 2347 1262 2400 sublata
1291 2345 1585 2400 dim-rentia
1616 2354 1770 2400 natu-

170 2452 362 2491 rarum
397 2447 616 2505 propter
648 2438 948 2492 unitioncm
969 2478 985 2504 ,
1018 2439 1112 2494 sed
1147 2439 1321 2508 potius
1355 2438 1497 2493 salva
1530 2437 1771 2508 proprie-

173 2538 293 2583 tate
335 2529 618 2594 utriusque
649 2539 854 2583 natura:
885 2539 935 2582 ct
969 2530 1018 2583 in
1056 2546 1212 2583 anatn
1246 2544 1553 2599 personam,
1584 2544 1770 2584 unam-

169 2636 284 2690 que
322 2621 725 2676 subsistentiam
769 2635 1161 2689 concurrente,
1209 2639 1315 2676 non
1363 2624 1412 2676 in
1458 2622 1767 2677 dualitatem

171 2727 538 2786 personarum
595 2713 938 2781 dispertitum
993 2715 1076 2767 vel
1129 2715 1434 2778 diversum,
1491 2729 1665 2781 neque
1715 2715 1768 2767 iu

172 2820 344 2858 unam
393 2806 745 2873 compositam
796 2816 1039 2858 naturam
1090 2805 1414 2858 confusum:
1461 2805 1554 2858 sed
1606 2821 1768 2857 unum

173 2895 548 2965 eamdemque
583 2895 772 2949 Filium
801 2895 1165 2964 unigenitum,
1203 2895 1366 2950 Deam
1399 2895 1627 2950 Verbum
1660 2895 1767 2949 Du-

173 2985 387 3040 minum
439 2997 679 3040 nostrum
711 2985 893 3040 Jesum
923 2985 1196 3041 Christum
1230 3002 1243 3038 :
1297 3001 1468 3056 neque
1509 2985 1668 3039 alium
1716 2985 1768 3038 in

1869 505 2058 573 διότης,
2086 513 2175 578 μία
2201 507 2498 576 δυναστεία,
2537 509 2588 564 ἓν
2619 514 2829 587 κράτος,
2854 515 2948 583 μία
2997 512 3142 582 δόξα,
3165 520 3258 586 μία
3296 535 3453 594 προτ-

1869 596 2097 663 κύνησις,
2139 598 2190 652 ἓν
2236 599 2476 661 οὐσιῶδες
2504 610 2597 661 τῆς
2646 603 2804 664 αὐτῆς
2839 603 2992 676 ἁγίας
3041 607 3121 659 καί
3151 609 3460 680 ἁχωρὶστου

1867 690 2079 763 Τριὰδος
2136 693 2321 762 θέλημα
2381 696 2468 747 καί
2525 694 2782 768 ἐνέργεια,
2833 697 2946 756 ἥτις
3010 696 3182 753 πάντα
3257 698 3458 766 ἔκτισε,

1867 778 2046 836 διοικεῖ
2080 787 2164 838 καί
2208 781 2489 859 διακρατεῖ.
2546 782 2919 858 Ὀμολογοῦμεν
2983 785 3038 842 δέ
3088 791 3173 843 τόν
3221 789 3310 846 ἕνα
3369 802 3462 854 τῆς

1867 872 2026 932 αὐτῆς
2076 871 2224 944 ἁγίας
2273 873 2550 944 όμοουσίου
2591 874 2815 949 Τριάδος
2859 877 2942 932 τὸν
2995 878 3120 932 Θεὸν
3144 879 3322 952 Λόγον,
3373 883 3462 936 τόν

1867 963 1969 1036 πρὸ
2022 965 2214 1019 αίὼνων
2271 966 2328 1017 ἐκ
2367 972 2458 1019 τοῦ
2511 968 2710 1037 Πατρός
2751 971 3065 1041 γεννηθέντα,
3119 970 3197 1028 ἐπ’
3218 974 3458 1044 ἐσχάτων

1867 1060 1966 1106 τῶν
1996 1056 2186 1107 αἷὼνων
2228 1052 2292 1109 δι’
2314 1057 2471 1124 ἡμᾶς,
2501 1060 2589 1110 καί
2633 1056 2717 1113 διὰ
2766 1063 2857 1117 τήν
2903 1061 3150 1133 ἡμετέραν
3204 1069 3463 1140 σωτηρίαν

1869 1145 2164 1202 κατελθόντα
2207 1149 2262 1200 ἐκ
2308 1155 2409 1204 τῶν
2458 1150 2701 1227 οὐρανῶν,
2745 1153 2827 1205 καί
2871 1155 3192 1226 σαρκωθίντα
3227 1158 3280 1210 ἔκ
3309 1160 3461 1212 Πνεύ-

1867 1258 2029 1306 ματος
2077 1238 2250 1310 ἁγίου,
2293 1243 2378 1293 καί
2428 1248 2520 1300 τῆς
2575 1241 2744 1312 ἁγίας,
2791 1244 3083 1318 ἁχράντου,
3113 1249 3202 1300 καί
3246 1249 3462 1324 ἀειπαρ·

1869 1332 2035 1394 θὲνου,
2068 1329 2266 1396 ἐνδόξου
2297 1336 2492 1405 Μαρίας
2520 1342 2613 1394 τῆς
2653 1333 2922 1394 δεσποίνης
2950 1337 3106 1406 ἡμῶν,
3141 1347 3233 1398 τῆς
3269 1337 3462 1401 ἀληθῶς

1869 1425 1951 1477 καί
1989 1425 2173 1499 κυρίως
2218 1425 2490 1484 Θεοτόκου.
2539 1427 2670 1481 κατά
2717 1428 2889 1502 σάρκα
2938 1425 3162 1485 δηλονότι
3206 1430 3258 1494 ἐξ
3304 1433 3464 1493 αὐτῆς

1869 1515 2138 1586 τεχθέντα,
2183 1518 2264 1568 καί
2309 1514 2508 1575 ἀληθῶς
2548 1513 2812 1590 ἄνθρωπον
2852 1519 3149 1589 γενόμενον,
3179 1520 3268 1574 τόν
3308 1521 3458 1575 αὖτόν

1870 1609 1992 1663 Θεόν
2019 1607 2257 1668 ἀληθινίν,
2286 1610 2366 1661 καί
2416 1607 2498 1662 τὸν
2549 1610 2700 1663 αὐτόν
2749 1606 3030 1684 ἄνθρωπον
3059 1611 3302 1670 ἀληθινόν·
3341 1614 3463 1670 Θεὸν

1871 1700 1962 1768 μὲν
1995 1700 2050 1752 ἑκ
2074 1705 2166 1754 τοῦ
2210 1705 2338 1753 Θεοῦ
2369 1699 2587 1773 Πατρός,
2629 1696 2891 1775 ἄνθρωπον
2927 1700 2980 1756 δὲ
3019 1702 3070 1756 ἐκ
3094 1713 3186 1764 τῆς
3217 1707 3461 1782 παρθένου

1875 1791 2086 1865 μητρός,
2139 1791 2458 1867 σαρκωθίντα
2511 1792 2562 1855 ἐξ
2615 1792 2771 1852 αὐτῆς
2822 1794 2975 1868 σαρκί
3030 1792 3212 1864 ψυχήν
3264 1793 3460 1866 ἔχοντα

1875 1881 2173 1954 [ἐχούσης]
2227 1883 2427 1954 λογικήν
2471 1884 2553 1936 καί
2600 1884 2786 1959 νοεράν’
2851 1882 3118 1953 όμοούσιον
3171 1886 3256 1939 τόν
3305 1889 3462 1942 αύτῗν

1871 1981 1944 2044 τῷ
1989 1971 2098 2046 est;
2143 1978 2230 2028 καί
2275 1978 2432 2049 ιιατρί
2477 1981 2608 2034 κατὰ
2643 1980 2737 2035 τήν
2779 1975 3029 2041 θεότητα,
3067 1980 3148 2032 γαί
3192 1976 3464 2048 όμοούσιον

1871 2067 1994 2134 ἡμῖν
2033 2068 2121 2120 τὸν
2166 2067 2325 2122 αὐτόν
2370 2065 2501 2121 κατά
2545 2069 2633 2124 τήν
2681 2065 3048 2140 ἁνθρωπότητα
3072 2108 3086 2129 ,
3121 2063 3254 2123 κατᾶ
3293 2069 3463 2125 πάντα

1874 2157 2045 2230 ὅμοιον
2083 2161 2198 2230 ἡμῖν
2241 2161 2414 2234 χωρίς
2453 2159 2728 2237 ἁμαρτίας’
2761 2160 3118 2232 σταυρωζίντα
3153 2155 3285 2233 ύπέρ
3323 2163 3463 2231 ἡμῶν

1871 2253 1956 2306 ἐπί
2010 2255 2212 2307 Ποντίου
2262 2253 2498 2315 Πιλάτου,
2543 2248 2785 2315 παθόντα,
2824 2249 2910 2305 καί
2953 2253 3188 2324 ταφέντα,
3215 2257 3302 2308 καί
3342 2255 3462 2307 ἀνα⁶

1871 2343 2090 2398 στάντα⁶
2143 2343 2406 2398 ἀνελθόντα
2455 2346 2527 2403 εἰς
2576 2345 2697 2402 τοὺς
2747 2345 3010 2419 οὖρανούς,
3044 2345 3368 2414 καθεζόμενον
3417 2348 3468 2399 ἐν

1881 2431 2018 2504 δεξιᾷ
2065 2439 2156 2488 τοῦ
2193 2435 2409 2508 Πατρός,
2445 2437 2528 2487 καί
2575 2432 2726 2487 πάλιν
2758 2432 3030 2510 ἐρχόμεκον
3059 2442 3225 2509 κρῦναι
3270 2435 3463 2499 ζῶντας

1870 2529 1951 2582 καί
1989 2529 2224 2602 νεκρούς,
2266 2521 2326 2578 οὗ
2370 2532 2460 2586 τῆς
2509 2523 2771 2593 βασιλείας
2821 2525 2907 2576 οὐκ
2958 2521 3105 2578 ἴσται
3138 2523 3296 2583 τέλος.
3341 2519 3464 2578 Ἐνα

1871 2618 2062 2679 δηλαδὴ
2113 2621 2200 2672 καί
2242 2617 2328 2672 τόν
2381 2615 2530 2670 αὐτόν
2599 2615 2774 2689 κύριον
2828 2615 2969 2684 ἡμῶν
3007 2615 3202 2670 Ἰησοῦν
3245 2615 3466 2688 Χριστόν

1870 2713 1954 2769 τόν
1990 2713 2102 2768 Υῗὸν
2154 2716 2244 2767 τοῦ
2291 2715 2415 2765 Θεοῦ
2474 2711 2560 2763 τῖν
2602 2715 2846 2781 μονογενῆ
2901 2707 2957 2762 ίκ
3011 2704 3103 2761 δύο
3158 2708 3242 2759 καί
3271 2709 3322 2760 ἐν
3371 2705 3466 2764 δύο

1871 2810 2065 2868 ούσίαις
2101 2807 2443 2879 ἀσυγχύτως,
2477 2805 2762 2879 ἀτρέπτως.
2797 2800 3120 2874 ἁδιαιρίτως,
3149 2803 3468 2876 ἀχωρίστως

1869 2902 2161 2960 ὑποστῆναι
2204 2902 2554 2972 γινώσκομεν,
2621 2893 2840 2966 οὐδαμοῦ
2907 2902 2998 2954 τῆς
3061 2892 3303 2968 διαφορᾶς
3363 2901 3463 2948 τῶν

1871 2999 2070 3070 φύσεων
2105 2995 2417 3071 ἀνῃρημένης
2462 2991 2548 3046 διὰ
2593 2994 2682 3049 τήν
2727 2990 2925 3051 ἕνωσιν,
2967 2988 3091 3042 ἀλλὰ
3134 2989 3318 3059 μᾶλλον
3359 3011 3464 3043 σωο

172 3075 320 3142 allo,
353 3090 528 3146 neque
557 3075 722 3130 alium
755 3085 811 3130 et
839 3078 1000 3130 aliam
1021 3117 1037 3142 ,
1069 3076 1163 3130 sed
1195 3077 1442 3130 eumdem
1489 3076 1660 3145 ipst'm
1709 3080 1763 3134 in

1873 3091 2080 3157 ζομένης
2129 3095 2219 3146 τῆς
2276 3084 2527 3145 ἰδιότητες
2593 3082 2834 3156 ἑκατέρας
2883 3082 3105 3155 φύσεως,
3162 3083 3248 3135 καί
3289 3085 3360 3142 είς
3414 3082 3465 3136 ἓν

165 3169 386 3224 duabus
417 3169 658 3232 naturis,
694 3168 744 3222 id
793 3177 910 3235 est,
950 3169 1002 3222 in
1049 3168 1252 3224 deitate
1298 3171 1359 3224 et'
1399 3169 1766 3236 humanitate,

165 3269 228 3315 et
263 3267 382 3327 post
421 3257 879 3314 subsistentialetn
923 3259 1300 3314 adunationem
1344 3259 1718 3331 cognoscimus
1751 3280 1765 3315 :

164 3351 300 3424 quia
351 3367 528 3422 neque
571 3354 792 3408 verbum
843 3354 895 3408 in
941 3355 1120 3410 carnis
1164 3365 1409 3411 naturam
1449 3371 1766 3413 conversum

164 3454 298 3511 est,
330 3461 506 3516 neque
533 3461 660 3502 caro
691 3449 743 3502 in
780 3449 927 3504 verbi
962 3460 1205 3506 naturam
1243 3453 1622 3508 transformata
1654 3461 1764 3509 est:

166 3538 480 3607 permansit
522 3541 664 3594 enim
713 3552 1035 3613 atramque,
1070 3544 1210 3613 quod
1261 3522 1580 3603 naturaliter
1609 3557 1763 3602 crat:

167 3627 539 3684 differentiam
589 3632 789 3702 quippe
832 3636 1183 3690 adunataram
1235 3635 1588 3710 [imitarum]
1621 3638 1673 3692 in
1703 3653 1769 3694 eo

169 3731 496 3776 naturarum
558 3725 671 3779 sola
731 3729 1193 3796 contemplatione
1249 3731 1643 3796 discernimus,
1700 3747 1768 3786 ex

174 3813 384 3880 quibus
423 3813 737 3881 incon'use,
779 3818 1208 3886 inseparabiliter
1263 3830 1316 3874 et
1359 3820 1767 3877 incommutabi-

169 3913 301 3964 liter
332 3920 416 3965 cst
445 3914 775 3978 εοηιιιοδὶιαε
802 3932 813 3965 :
849 3929 982 3966 unus
1012 3915 1154 3968 enim
1187 3930 1249 3968 ex
1282 3916 1558 3984 utrisque,
1587 3925 1642 3969 et
1675 3929 1768 3982 per

171 4020 346 4056 tutum
381 4016 610 4072 utraque
639 4023 650 4056 :
688 4006 808 4074 quia
841 4007 999 4060 simul
1033 4019 1150 4059 sant
1184 4017 1238 4062 et
1268 4007 1492 4060 altitudo
1521 4006 1765 4079 [magni-

168 4095 330 4165 tudo]
363 4096 605 4162 dcitatis,
640 4108 692 4150 et
729 4099 999 4172 humilitas
1031 4099 1231 4163 carnis,
1264 4108 1514 4153 servante
1545 4110 1768 4165 atraque

172 4198 374 4241 natura
428 4189 592 4242 etiam
642 4198 766 4258 post
811 4189 1188 4242 aduaationem
1235 4189 1350 4242 sine
1394 4189 1603 4243 delectu
1647 4203 1769 4256 pro-

171 4278 467 4345 prietatem
514 4293 702 4346 suam,
749 4289 804 4334 et
851 4289 1109 4347 operante
1156 4291 1380 4348 utraque
1431 4281 1599 4335 forma
1643 4295 1764 4336 cum

167 4368 406 4422 alterius
437 4369 818 4423 communione
850 4370 989 4439 quod
1042 4371 1312 4440 proprium
1364 4371 1558 4424 habet:
1595 4370 1767 4424 \‘erbo

1872 3179 2150 3250 πρόσωπον
2201 3177 2284 3230 καί
2330 3179 2451 3246 μίαν
2491 3173 2782 3228 ύπόστοσιν
2829 3172 3240 3247 συντρεχούσης
3279 3173 3364 3225 οὐκ
3413 3175 3464 3227 ἐν

1869 3269 2018 3327 δυάδι
2060 3273 2356 3348 προσώπων
2406 3262 2728 3342 μεριζόμενον
2755 3263 2784 3323 ἦ
2819 3262 3184 3338 διαιρούμενον,
3236 3262 3353 3318 οὔτε
3391 3267 3463 3324 είς

1869 3366 1990 3436 μίαν
2043 3364 2284 3418 σύνθετον
2333 3357 2486 3433 φύσιν
2546 3355 2938 3431 συγχεόμενον,
2987 3356 3092 3410 ἀλλ’
3114 3356 3203 3410 ἕνα
3253 3359 3340 3412 καί
3379 3359 3463 3411 τόν

1869 3459 2020 3513 αὐτόν
2067 3457 2177 3512 Υἷόν
2227 3459 2467 3525 μονογενῆ
2531 3453 2653 3507 Θεὸν
2722 3451 2884 3523 Λόγον
2936 3450 3024 3504 τόν
3086 3452 3260 3528 Κύριον
3323 3451 3463 3524 ἡμῶν

1869 3547 2069 3605 Ἰησοῦν
2112 3545 2351 3618 Χριστόν,
2398 3539 2514 3596 οὗτε
2552 3538 2699 3594 ἄλλον
2747 3540 2794 3593 ἓν
2847 3536 2998 3611 ἄλλῳ,
3032 3537 3149 3594 οῦτε
3187 3536 3334 3594 ἄλλον
3378 3544 3464 3595 καὶ

1869 3635 2034 3703 ἄλλον,
2064 3636 2190 3690 ἀλλά
2233 3637 2320 3690 τὸν
2351 3635 2500 3690 αὐτόν
2537 3639 2716 3690 τοῦτον
2753 3633 2804 3686 ἐν
2845 3629 2938 3687 δύο
2985 3633 3197 3706 φύσεσι.
3226 3633 3464 3688 τουτέστι

1867 3729 2064 3788 θεότητι
2093 3731 2176 3782 καί
2206 3725 2554 3803 ἁνθρωπότητι
2601 3725 2732 3796 μετὰ
2769 3727 2860 3783 τήν
2897 3724 3248 3783 ύποστατικην
3287 3725 3465 3778 ἕνωσιν

1870 3822 2308 3892 ἐπιγινώσκομεν·
2377 3817 2552 3876 ἔπειδή
2605 3814 2722 3871 οὔτε
2775 3814 2800 3870 ὃ
2845 3812 3002 3888 Λόγος
3054 3819 3124 3876 εδς
3175 3821 3266 3874 τὴν
3316 3817 3464 3887 φύσιν

1868 3919 1961 3970 τῆς
2007 3912 2198 3983 σαρκῦς
2247 3910 2467 3986 ἐτράπη,
2498 3907 2614 3963 οῦτε
2659 3910 2690 3966 ἡ
2740 3908 2869 3981 σάρξ
2923 3908 2994 3966 είς
3042 3913 3130 3963 τ.ξν
3177 3913 3267 3961 τοῦ
3298 3907 3462 3977 Λόγου

1869 4004 2016 4074 φύσιν
2068 4005 2442 4076 μετεμέρφὼθη⁶
2503 3998 2714 4072 διέμεινε
2754 4002 2855 4074 γὰρ
2915 3999 3147 4071 ἑκάτερον
3197 3995 3322 4070 ὅπερ
3367 4021 3459 4069 φυ-

1870 4104 2025 4155 σικῶς
2047 4092 2125 4154 ἧν·
2159 4099 2250 4152 τήν
2279 4093 2523 4170 διαφορὰν
2552 4091 2778 4151 δηλονότι
2812 4099 2912 4147 τῶν
2942 4091 3214 4146 ἔνωθεισῶν
3240 4093 3290 4146 ἓν
3317 4092 3460 4162 αὐτος»

1869 4190 2066 4261 φύσεων
2117 4187 2243 4261 μόνῃ
2295 4187 2474 4260 θεωρίᾳ
2523 4182 2861 4259 διακρίνομεν,
2898 4183 2946 4245 ἐξ
3002 4178 3066 4234 ιῖν
3119 4183 3460 4256 ἀχωρίστως,

1870 4281 2216 4352 ἀσυγχύτως,
2247 4279 2331 4332 καί
2375 4278 2642 4350 ἀτρέπτως
2684 4275 2953 4332 cavet-5011'
2987 4270 3057 4333 εἷς
3102 4277 3202 4348 γὰρ
3251 4273 3302 4337 ἐξ
3348 4273 3462 4328 ίκα·

1867 4372 2047 4444 τέρων,
2089 4371 2175 4423 καί
2213 4365 2407 4428 δι’ίνός
2451 4367 2515 4421 τὰ
2561 4364 2808 4439 ἑκάτερα·
2861 4362 3036 4422 ἐπειδὴ
3084 4361 3191 4433 ἅμα
3236 4365 3334 4417 εθσί
3377 4367 3459 4417 καί

163 4467 438 4527 operante
467 4459 608 4529 quod
645 4459 806 4515 Verbi
837 4470 918 4515 est
941 4501 956 4525 ,
990 4471 1042 4515 et
1073 4476 1236 4516 carne
1262 4473 1592 4530 exsequente
1623 4459 1762 4530 quod

1872 4466 1930 4518 τὸ
1997 4462 2202 4534 μέγεθος
2267 4468 2360 4519 τῆς
2433 4457 2708 4520 θεότητος,
2774 4456 2860 4509 καί
2934 4455 2992 4509 τό
3059 4455 3298 4509 ταπεινόν
3370 4463 3462 4514 τῆς

161 4556 361 4610 carnis
393 4565 511 4608 est:
543 4572 768 4625 quorum
800 4573 962 4612 unum
993 4569 1266 4613 corruscat
1297 4560 1586 4623 miraculis,
1621 4557 1762 4612 aliud

164 4650 475 4703 succumbit
507 4649 714 4717 injuriis
742 4650 869 4722 (Leo
891 4668 1046 4720 papa.
1074 4652 1222 4719 epist.
1250 4650 1358 4721 10).
1394 4651 1543 4706 Unde
1571 4666 1765 4703 conse-

163 4750 430 4804 quenter,
462 4740 601 4794 sicut
631 4740 767 4795 duas
801 4752 1023 4796 naturas
1054 4743 1166 4796 sive
1195 4742 1541 4804 substantias,
1575 4741 1625 4794 itl
1657 4751 1760 4805 est,

163 4829 435 4884 deitatem
487 4840 542 4884 ct
591 4833 1007 4899 humanitatem,
1043 4832 1354 4896 iaconlase,
1389 4834 1648 4896 indivise,
1683 4835 1762 4888 iu-

161 4921 650 4988 commatabiliter,
697 4937 820 4978 eum
871 4926 1066 4978 habere
1114 4924 1374 4978 veraciter
1405 4925 1761 4978 conﬁtemur:

166 5013 248 5066 ita
288 5027 507 5082 quoque
539 5024 588 5068 et
621 5016 754 5070 duas
785 5017 1055 5072 naturales
1087 5018 1388 5071 voluntates
1421 5027 1475 5071 et
1504 5019 1634 5070 duas
1667 5033 1762 5071 na-

165 5105 381 5160 turales
406 5106 748 5174 operationes
777 5109 996 5178 habere,
1028 5120 1084 5164 ut
1115 5121 1237 5178 pote
1269 5109 1564 5177 perfectum
1597 5110 1762 5164 Deum

163 5210 227 5256 ct
257 5201 556 5270 perfectam
581 5204 851 5260 hominem
884 5221 1047 5260 tmttm
1077 5206 1432 5276 eamdemque
1462 5208 1631 5275 ipsum
1665 5207 1767 5262 Do-

164 5295 385 5347 minam
411 5293 593 5350 Jesum
618 5297 888 5352 Christum
926 5300 1138 5368 pictatis
1171 5314 1268 5353 nos
1299 5299 1477 5368 regula
1509 5299 1762 5354 instruit:

164 5387 301 5450 quia
360 5385 462 5441 hoc
501 5403 599 5443 nos
645 5390 936 5459 apostolica
977 5401 1136 5460 atque
1169 5393 1478 5462 evangelica
1512 5391 1762 5458 traditio,

164 5490 602 5552 sanctorumque
656 5481 873 5537 Patrum
933 5483 1336 5551 magisterium,
1394 5499 1525 5553 quos
1579 5494 1761 5538 sancta

163 5571 475 5635 apnsmlica
522 5582 681 5642 atque
720 5574 982 5628 catholica
1030 5573 1300 5640 Ecclesia,
1335 5584 1386 5630 et
1432 5575 1765 5628 venerabiles

166 5665 371 5733 synodi
397 5666 1028 5735 suscipiunt,instituisse
1059 5675 1414 5720 monstratur.
1433 5667 1504 5721 Ex
1537 5680 1762 5736 quorum

165 5759 442 5815 doctrinis
484 5760 597 5816 hrrc
638 5761 1012 5832 recolligeates
1060 5759 1110 5814 in
1159 5760 1417 5814 brevitate
1449 5760 1760 5830 perstrinxi-

1874 4558 2081 4628 σαρκός⁶
2133 4555 2372 4628 ἑκατέρας
2417 4549 2622 4625 φύσεως
2669 4548 3020 4621 φυλαττούσης
3059 4550 3143 4601 καί
3202 4545 3334 4618 μετά
3373 4552 3464 4607 τήν

1869 4651 2045 4704 ἕνωσιν
2072 4647 2343 4704 ἀνελλιπῶς
2382 4649 2474 4702 τήν
2510 4642 2693 4700 ἑαυτῆς
2736 4638 2986 4706 ἰδιότητα,
3033 4641 3116 4693 καί
3153 4636 3463 4712 ἓνεργούσης

1871 4741 2115 4815 ἕκατίρας
2167 4745 2360 4810 μορφῆς
2411 4733 2539 4804 μετά
2586 4731 2941 4804 τῆς-θατέρου
2997 4733 3288 4794 κοινωνίας,
3335 4729 3462 4804 ὅπερ

1870 4832 1994 4888 ἴδιον
2061 4829 2289 4900 ἕσχηκε’
2342 4832 2434 4879 τοῦ
2490 4827 2582 4892 μέν
2634 4822 2800 4895 Λόγου
2851 4821 3283 4897 κατεργαζομένου
3328 4819 3464 4873 τοῦθ’

1870 4923 1995 4998 ὅπερ
2062 4923 2173 4975 ἔστί
2221 4923 2314 4974 τοῦ
2369 4916 2553 4990 Λόγου,
2605 4921 2697 4970 τοῦ
2753 4912 2807 4968 δὲ
2859 4916 3100 4984 σώματος
3149 4911 3462 4971 ἐκτελοῐντος

1873 5015 1998 5090 ὅπερ
2042 5016 2156 5068 ἐστί
2206 5017 2296 5067 τοῦ
2345 5013 2608 5080 σώματος*
2663 5009 2749 5062 καί
2791 5007 2848 5060 τὸ
2895 5008 2984 5079 μέν
3038 5005 3199 5057 αὐτῶν
3248 4999 3459 5072 3.10061;-

1871 5132 1959 5165 πει
2007 5115 2114 5168 τοῖς
2160 5107 2406 5178 θαύμασι,
2437 5104 2494 5158 τό
2540 5100 2594 5157 δὲ
2647 5107 2761 5160 ταῖς
2817 5099 3024 5174 ὕϐρεσιν
3071 5095 3453 5148 ὑποπίπτοικεν.

1869 5201 2015 5258 Ὀθεν
2038 5202 2316 5260 ἀκολούθως
2345 5199 2506 5259 καθὼς
2535 5195 2628 5252 δύο
2657 5193 2834 5268 φύσεις
2856 5191 2967 5250 ἦτοι
2993 5190 3190 5250 οὐσίας’,
3221 5190 3456 5241 τουτέστι

1871 5297 2089 5353 θεότητα
2147 5296 2230 5346 καί
2292 5289 2652 5366 ἁνθρωπότητα
2705 5283 3065 5356 ἀσυγχύτως,
3122 5276 3454 5352 ἆδιαιρίτως,

1872 5388 2140 5462 ἀτρέπτως
2199 5384 2355 5438 αὐτόν
2403 5379 2434 5434 ἴ
2437 5401 2552 5452 χειν
2609 5376 2799 5435 ἀληθῶς
2865 5369 3196 5442 ὁμολογοῦμεν
3222 5406 3238 5430 ,
3295 5364 3454 5424 οὕτως

1872 5480 2056 5548 ὁμοίως
2104 5479 2189 5530 καί
2244 5473 2335 5529 δύο
2388 5476 2571 5546 φυσικά
2633 5467 2921 5534 θελήματα,
2970 5462 3055 5514 καί
3105 5457 3197 5513 δύο
3245 5459 3456 5530 φυσικὰς

1873 5573 2122 5645 ἐνεργείας
2190 5565 2381 5637 ἔχειν,
2437 5562 2524 5618 ἅτε
2581 5557 2642 5617 δὴ
2690 5556 2875 5610 τέλειον
2942 5552 3067 5607 Θεὸν
3118 5552 3202 5603 καί
3267 5548 3452 5602 τίλιιον

1873 5664 2152 5739 ἄνθρωπον.
2183 5660 2268 5715 ἕνα
2315 5659 2398 5709 καί
2441 5654 2522 5708 τὸν
2565 5651 2720 5704 αὐτόν
2757 5653 2939 5702 τοῦτον
2973 5645 3060 5700 τὸν
3100 5643 3274 5713 κύριον
3318 5637 3455 5705 ἡμῶν

1869 5726 2064 5814 Ἰησοῦν
2114 5750 2354 5825 Χριστὸν,
2405 5744 2432 5800 ό
2469 5751 2560 5806 τῆς
2607 5739 2870 5798 εὐσεϐείας
2924 5735 3211 5810 καταρτίζει
3270 5726 3456 5790 κανῶνς
