4008 6176
432 241 571 298 ιεεδ

1681 232 1736 288 S.
1783 229 2166 285 ACATHONIS
2205 228 2400 284 PARE

3524 228 3659 281 122’s

430 350 604 411 ἔπειδή
654 346 807 406 τοῦτο
862 350 992 417 ἡμᾶς
1031 344 1210 417 [ἡμῖν]
1242 346 1268 403 ό
1301 343 1608 401 ἀποστολικό
1662 346 1746 396 καὶ
1796 343 1995 413 edam/7;-

2111 353 2238 392 mus.
2270 338 2379 392 lloc
2408 336 2549 393 enim
2582 337 2853 392 credimus
2877 338 3018 407 quod
3049 354 3141 408 per
3171 338 3511 393 traditionem
3539 357 3668 407 apo-

430 444 535 502 λικὴ
585 439 888 517 παράδοσις,
910 439 993 491 καὶ
1036 444 1135 491 τῶν
1166 435 1321 509 ἀγίων
1362 435 1596 508 Πατέρων
1624 436 1654 492 ἡ
1681 432 1999 497 διδασκαλία,

432 533 666 590 οὕστινας
712 531 743 588 ἡ
792 528 912 601 ἁγία
957 527 1181 583 καθολικὴ
1229 527 1315 579 καί
1374 524 1675 582 ἀποστολικη
1718 522 1996 585 Ἐκκλησία,

432 627 515 677 καὶ
565 623 615 676 αἱ
662 620 941 689 σεῦάσμπι
970 615 1174 673 σύνοδοι
1201 615 1462 686 δέχονται,
1490 614 1662 690 ὁρίσαι
1703 613 1998 669 δείκνυνται.

429 711 503 777 Ἐξ
550 710 613 764 ὧν
651 710 979 766 διδασκαλιῶν
1022 713 1189 763 ταῦτα
1232 703 1574 775 ἀναλεξάμενοι
1615 703 1699 760 διὰ
1762 704 2000 781 βραχέων

434 804 798 877 συνηγάγομεν.
840 808 1000 857 Τοῦτο
1043 803 1141 875 γάρ
1182 800 1516 868 πιστεύομεν,
1570 795 1694 870 ὅπερ
1741 799 1867 851 κατά
1913 801 2002 853 τήν

431 896 770 953 ἀποστολικήν
818 893 1103 967 παράδοσιν
1156 891 1520 965 παρελάϐομεν,
1552 888 1749 950 ἧστινος
1795 895 1856 962 τῇ
1907 890 1998 943 αύ-

430 989 595 1061 οεντίᾳ
648 989 700 1042 ἒν
752 993 914 1042 πᾶσιν
967 987 1204 1057 ἑπόμεθα·
1276 987 1334 1039 τὸ
1389 985 1515 1040 αὐτὸ
1555 985 1651 1056 γάρ
1699 985 2001 1055 γινώσκομεν

429 1082 510 1132 καὶ
556 1080 677 1138 τοὺς
722 1076 845 1153 παρ’
878 1078 1036 1137 αὐτῆς
1078 1076 1430 1135 καταστάντας
1474 1077 1592 1134 τούς
1644 1075 2003 1148 προηγησαμὲ-

428 1189 541 1228 νους
594 1168 717 1241 [καὶ
760 1166 1097 1238 διδαχθέντας
1148 1167 1271 1241 παρ’
1295 1169 1447 1227 αὐτῆς
1505 1170 1620 1227 τούς
1684 1187 1865 1242 προη.,
1910 1165 2001 1236 Ιιοι

432 1264 521 1317 τήν
564 1260 805 1335 ἡμετέραν
862 1259 1189 1334 μετριότητα,
1236 1260 1294 1317 ἣν
1342 1261 1427 1312 καί
1471 1260 1633 1333 μέχρι
1689 1261 1861 1320 τέλους
1904 1282 2002 1314 πα·

433 1348 813 1422 ραφυλαχθῆναι
877 1350 991 1421 ἡμῖν
1064 1349 1161 1404 εἴτε
1226 1350 1272 1402 έν
1336 1354 1437 1422 ζωῇ
1464 1390 1479 1416 ,
1536 1348 1633 1404 εἴτε
1694 1352 1743 1403 ἐν
1805 1352 2001 1422 θανάτῳ

432 1438 707 1509 εὐχόμεθα.
768 1446 957 1495 Τοῦτον
1012 1446 1275 1514 τοιγαροῦν
1333 1448 1424 1501 τῆς
1486 1442 1711 1516 καθαρᾶς
1751 1443 2003 1503 καθολικῆς

429 1531 515 1583 καὶ
566 1530 905 1589 ἀποστολικῆς
964 1528 1227 1603 ὁμολογίας
1287 1531 1369 1585 τὸν
1430 1531 1610 1585 κανόνα
1665 1535 1746 1585 καί
1800 1534 1830 1589 ἡ
1883 1532 2002 1601 ἁγία

429 1615 676 1681 σύνοδος,
730 1619 839 1678 ἥτις
894 1619 942 1671 ἐν
997 1617 1159 1690 ταύτῃ
1223 1626 1284 1694 τῇ
1347 1618 1546 1694 δουλικῇ
1607 1616 1699 1675 τοῦ
1756 1622 2000 1694 ὑμετέρου

426 1710 916 1781 Χριστιανικωτάτου
983 1711 1197 1784 κράτους
1252 1718 1351 1766 τῶν
1391 1709 1645 1782 Ῥωμαίων
1706 1714 1846 1768 πόλει
1921 1714 2005 1767 ἐπί

427 1803 517 1852 τοῦ
580 1806 675 1858 τῆς
722 1799 1067 1860 ἀποστολικῆς
1133 1805 1330 1873 μνήμης
1395 1803 1648 1876 Μαρτίνου
1703 1808 1796 1854 τοῦ
1854 1803 2005 1857 πάπα

430 1888 662 1954 συνῆλθε,
711 1888 987 1951 συνοδικῶς
1037 1894 1283 1967 κηρύξαι,
1326 1895 1413 1946 καὶ
1458 1900 1779 1952 συστατικῶς
1827 1890 2007 1948 διεκδι-

430 1986 606 2043 κῆσαι,
655 1977 846 2041 πάντες
894 1982 1057 2051 ἡμεῖς,
1102 1979 1440 2063 ὁστισδηποτε
1488 1981 1803 2041 ὁπουδήποτε
1854 1981 2003 2051 ἦσαν,

429 2070 475 2123 oi
530 2070 803 2139 ὲλάχιστοι
855 2076 953 2125 τῶν
1008 2072 1309 2129 Ἐκκλησιῶν
1348 2079 1436 2128 τοῦ
1493 2081 1716 2147 Χριστοῦ
1768 2073 2006 2149 πρόεδροι

430 2164 736 2237 ἐπέγνωμενδ
793 2162 844 2218 ἐν
961 2167 1047 2218 καί
1085 2165 1129 2218 οἱ
1170 2166 1577 2242 προηγησάμενοι
1623 2171 1711 2224 τήν
1758 2166 2006 2235 ὑμετέραν

430 2254 696 2327 ὀλιγότητα
759 2256 1081 2316 συνελθόντες
1143 2262 1232 2315 τήν
1290 2256 1631 2314 ἀποστολικὴν
1699 2255 1964 2328 ὁμολογίαν
1990 2295 2004 2318 ,

428 2345 488 2404 ἢν
516 2345 565 2409 ἐξ
610 2347 782 2415 ἀρχῆς
820 2346 1129 2415 παρέλαϐον,
1164 2349 1247 2400 καί
1290 2344 1533 2420 συνοδικῷ
1570 2348 1860 2419 κηρύγματι
1898 2348 2009 2405 ἐκό-

427 2437 623 2506 ρυξαν,
672 2439 755 2491 καί
818 2439 985 2509 χωρίς
1046 2434 1355 2493 οἱασδήποτε
1426 2440 1747 2505 κα.νοτομίας
1818 2438 2009 2498 πλάνης

426 2529 780 2600 ἀναμφιιῗόλως
814 2531 1024 2602 ὥρισαν.
1064 2532 1235 2582 Τοίνυν
1290 2535 1381 2589 τῆς
1440 2530 1700 2589 εὐσεϐείας
1738 2538 1809 2604 τῷ
1854 2529 2004 2600 ζήλῳ,

426 2622 510 2674 καί
563 2627 639 2693 τῷ
683 2618 822 2689 πόθῳ
867 2626 959 2678 τῆς
1006 2618 1339 2680 ἀποστολικῆς
1391 2618 1657 2691 ὁμολογίας
1709 2622 1739 2678 ἦ
1790 2621 2009 2691 εὐμένεια

425 2719 519 2770 τῆς
570 2710 819 2782 ὑμετέρας
866 2709 1199 2782 γαληνότητος
1253 2712 1507 2767 κινηθεῖσα
1554 2710 1637 2764 ἐπὶ
1689 2710 1835 2764 πλέον
1882 2711 2007 2781 λαμο

429 2805 620 2874 πρῦναι
666 2802 878 2863 ταύτην,
923 2801 1009 2854 ’ἱνα
1041 2808 1103 2873 τῇ
1137 2799 1375 2874 βασιλικῇ
1415 2798 1590 2870 θάλψει
1646 2799 1771 2854 πολὺ
1821 2799 2009 2870 μᾶλλον

430 2891 768 2968 ἐξαστράψαι,
810 2894 1089 2964 ἀποκαμεῖν
1140 2895 1393 2966 φροντίσῃ·
1454 2891 1513 2953 ἧς
1554 2894 1584 2951 ἡ
1626 2891 1778 2963 εύχή,
1836 2891 2009 2953 ἐπειδή

2100 430 2338 484 stolicam
2368 429 2705 498 accepimus,
2735 431 2886 499 cujus
2911 431 3277 486 auctoritatem
3316 434 3368 485 in
3418 434 3667 487 omnibus

2100 523 2410 591 sequimur:
2460 537 2489 575 a
2536 535 2637 591 qua
2685 529 2739 576 et
2783 522 3055 576 institutos
3099 522 3201 575 hoc
3248 522 3419 590 ipsum
3469 534 3669 579 nostra

2103 612 2412 665 humilitatis
2464 611 2883 680 prmdecessores
2950 613 3337 681 cognovimus,
3387 629 3550 684 quam
3616 627 3670 669 et

2101 715 2268 769 usque
2309 701 2374 755 ad
2421 701 2577 756 ﬁnem
2622 701 2829 755 servari
2881 702 3034 757 nobis
3059 703 3172 755 sive
3202 718 3296 771 per
3328 705 3523 768 vitam,
3556 705 3671 759 sive

2102 805 2196 859 per
2238 798 2462 843 mortem
2505 799 2771 859 optamus.
2832 790 2975 844 lianc
3014 792 3172 860 igitur
3204 807 3364 846 marte
3391 793 3671 848 catholica:

2101 892 2260 952 atque
2287 884 2591 951 apostolica:
2623 884 2978 938 confessionis
3010 887 3241 953 regulam
3263 924 3279 951 ,
3328 894 3384 939 et
3426 898 3666 942 sanctum

2102 976 2385 1029 concilium
2408 1018 2422 1041 ,
2454 974 2591 1041 quod
2623 975 2676 1028 in
2709 972 2847 1028 hanc
2879 975 3169 1030 Romanam
3200 976 3385 1032 urbem
3416 981 3665 1034 servilem

2102 1066 2262 1120 vestri
2292 1065 2723 1120 ChrEstianissinti
2755 1065 2963 1135 imperii
3012 1068 3109 1121 sub
3135 1070 3444 1136 apostolica-
3472 1084 3674 1124 memo-

2104 1157 2196 1211 ria:
2229 1156 2452 1211 Martino
2481 1171 2611 1224 papa
2641 1159 2884 1211 convenit
2904 1196 2920 1219 ,
2952 1158 3271 1226 prardicasse
3300 1160 3577 1231 synodice,
3611 1175 3671 1216 ac

2102 1258 2413 1305 conStanter
2464 1248 2769 1304 defendisse
2791 1292 2804 1312 ,
2835 1265 3022 1304 omnes
3052 1266 3179 1317 nos,
3211 1252 3452 1321 quisquis
3483 1252 3672 1320 ubique

2102 1350 2218 1405 est,
2247 1339 2523 1393 humillimi
2552 1340 2911 1395 Ecclesiarum
2937 1341 3132 1396 Christi
3172 1342 3457 1409 antistites,
3480 1358 3673 1411 cogno-

2103 1430 2343 1484 scimus:
2387 1430 2439 1484 iu
2480 1445 2581 1500 qua
2624 1441 2679 1485 et
2720 1442 2914 1486 nostra:
2944 1433 3217 1499 parvitatis
3247 1434 3673 1500 praedecessores

2103 1525 2512 1589 convenientes,
2560 1524 2911 1592 apostolicam
2958 1525 3387 1594 confessionem,
3440 1541 3600 1595 quam
3642 1542 3672 1580 a

2104 1612 2369 1682 principio
2391 1622 2774 1683 perceperunt,
2798 1615 2958 1668 etiam
2982 1614 3220 1685 synodali
3248 1616 3515 1683 praeconio
3546 1632 3675 1686 pra)-

2107 1704 2386 1771 dicarunt,
2412 1716 2465 1759 ct
2493 1706 2696 1775 absque
2724 1708 3020 1776 cuiuspiam
3054 1711 3300 1763 novitatis
3326 1724 3512 1766 errore
3538 1712 3672 1765 citra

2106 1796 2506 1866 ambiguitatem
2576 1798 3024 1855 determinarunt.
3071 1801 3291 1855 Pietatis
3337 1802 3521 1872 itaque
3562 1807 3674 1859 zelo

2105 1895 2265 1953 atque
2310 1901 2493 1940 amore
2536 1901 2677 1941 verte
2722 1889 3032 1955 apostolica:
3062 1891 3451 1955 confessionis,
3487 1904 3674 1947 vestra:

2106 1978 2412 2031 serenitatis
2442 1977 2743 2047 benignitas
2774 1988 2938 2046 mota,
2970 1980 3205 2048 amplius
3231 1981 3511 2037 declarare
3539 1997 3670 2050 eam,

2108 2077 2164 2121 ut
2196 2069 2357 2139 regali
2389 2069 2576 2124 fomite
2605 2070 2772 2125 multo
2802 2072 2971 2141 magis
2998 2072 3226 2138 fulgeat,
3249 2074 3532 2129 elaborare
3560 2086 3674 2145 pro-

2105 2168 2294 2213 curet:
2331 2159 2481 2229 cujus
2512 2170 2693 2215 votum
2716 2203 2729 2227 ,
2765 2164 2888 2231 quia
2917 2177 2979 2217 ex
3017 2162 3125 2218 Deo
3152 2175 3267 2229 est,
3299 2179 3328 2218 a
3363 2165 3474 2220 Deo
3519 2168 3675 2234 perli-

2107 2254 2246 2309 citur
2274 2272 2285 2307 :
2319 2264 2375 2309 ut
2405 2263 2458 2309 et
2485 2256 2680 2310 veritas
2706 2258 2881 2313 adhuc
2906 2259 2956 2312 in
2989 2259 3209 2325 ancipiti
3238 2259 3429 2326 positis
3455 2262 3673 2329 clareat,

2107 2355 2161 2400 et
2201 2359 2321 2400 eam
2365 2346 2647 2402 sinceriter
2686 2348 3131 2418 amplectentibus
3175 2352 3339 2406 robur
3379 2363 3677 2417 accrescat,

2108 2446 2162 2492 et
2192 2436 2517 2491 zizaniorum
2552 2439 2818 2507 genimina
2849 2440 3111 2508 spirituali
3144 2440 3307 2505 falce,
3344 2450 3403 2494 ut
3426 2441 3676 2496 offensio-

2108 2534 2191 2587 nis
2223 2548 2283 2588 ac
2312 2533 2649 2602 deceptionis
2687 2538 2900 2591 occasio
2940 2536 3006 2589 de
3045 2537 3223 2592 medio
3258 2536 3454 2591 Christi
3501 2537 3680 2593 Eccle-

2108 2624 2304 2677 slarum
2335 2623 2566 2690 tollatur,
2592 2624 2989 2681 alxsciudantur.
3016 2628 3249 2692 Quorum
3296 2637 3543 2681 auctores
3592 2642 3680 2682 ex-

2109 2714 2357 2768 stiterunt
2381 2714 2696 2770 Theodorus
2723 2716 3132 2781 Pharanitanns,
3158 2715 3327 2786 Cyrus
3369 2716 3684 2771 Alexandri-

2112 2820 2251 2869 nus,
2308 2805 2563 2873 Sergius,
2623 2806 2895 2876 Pyrrhus,
2953 2807 3145 2861 Paulus
3194 2817 3249 2862 et
3306 2806 3496 2862 Petrus
3547 2809 3684 2862 Cou-

2114 2898 2610 2967 stautinopolitani,
2660 2899 2740 2953 vel
2788 2900 2959 2965 quivis
3002 2902 3080 2955 eis
3125 2901 3472 2956 consentanei
3519 2915 3685 2972 usque

429 2986 486 3039 hc
529 2991 619 3039 τοῦ
668 2991 796 3039 Θεοῦ
832 2986 990 3049 ἔστιν,
1018 2984 1071 3037 ὶκ
1104 2991 1195 3039 τοῦ
1239 2991 1366 3039 Θεοῦ
1410 2985 1781 3041 ἀποτελεσθείη·
1809 2985 1891 3040 ἵνα
1929 2986 2007 3040 καί

2114 2986 2163 3041 in
2195 2987 2349 3061 finem
2379 2988 2725 3043 demonstrati
2758 2998 2896 3051 sunt,
2928 2992 3012 3060 qui
3044 2994 3162 3045 novi
3188 2993 3388 3047 erroris
3412 3003 3681 3059 auctores,

431 3081 462 3139 ἦ
490 3080 690 3139 ἀλήθεια
739 3081 851 3140 ἥτις
900 3080 1060 3149 ἀκμήν
1106 3086 1218 3137 τοῖς
1260 3076 1308 3131 ἐν
1358 3075 1620 3149 δισταγμῷ
1663 3076 1802 3147 [τοῖς
1849 3078 2007 3147 ἀκμήν

432 3173 483 3225 ἕν
517 3168 697 3241 διστ.]
727 3172 1053 3242 τυγχάνουσι
1081 3177 1218 3244 φανῇ.
1260 3172 1342 3223 καί
1370 3177 1476 3228 τοῖς
1520 3169 1706 3225 ταύτην
1745 3169 2011 3241 εἰλικρινῶς

431 3265 926 3340 περιπωσσομένοις
956 3261 1163 3338 ἀνδρεία
1205 3261 1482 3335 προστεθῇ,
1527 3263 1609 3315 καί
1646 3268 1744 3316 τῶν
1784 3266 2011 3327 ζιζανίων

434 3358 499 3411 τά
553 3358 827 3432 σπέρματα
875 3363 937 3430 τῇ
980 3362 1299 3429 πνευματικῇ
1353 3353 1594 3430 δρεπάνη,
1643 3357 1709 3415 ὡς
1757 3356 2011 3432 προσκόμσ

433 3465 595 3515 ματος
642 3448 725 3500 καὶ
761 3446 962 3503 ἀπάτης
1007 3445 1203 3517 ἀφορμή
1234 3447 1285 3497 ἐκ
1316 3452 1405 3500 τοῦ
1439 3447 1595 3518 μέσου
1625 3454 1723 3501 τῶν
1761 3454 1853 3503 τοῦ
1892 3456 2013 3524 Χρι-

434 3542 561 3593 στοῦ
614 3535 910 3593 Ἐκκλησιῶν
982 3537 1183 3612 ἐκκοπῇ.
1236 3534 1481 3593 Ὠντινων
1556 3542 1786 3595 αὐθένται
1852 3542 2014 3597 ύπάο·

436 3649 601 3701 χουσι
666 3629 922 3704 Θεόδωρος
970 3630 996 3686 ὁ
1049 3634 1349 3704 Φαρανίτης,
1402 3639 1563 3705 κῦρος
1619 3634 2010 3707 ’Δλεξανδρείας,

435 3723 673 3796 Σέργιος,
748 3721 976 3795 Πύρρος,
1056 3723 1248 3784 Παῦλος
1319 3726 1405 3777 καί
1490 3726 1677 3796 Πέτρος
1742 3725 1788 3779 οἱ
1866 3732 2012 3779 Κων-

439 3815 938 3879 σταντινουπόλεως,
969 3818 1055 3868 καί
1085 3816 1128 3868 οἱ
1166 3817 1358 3871 τούτων
1409 3812 1674 3888 ὁμόφρονες
1722 3818 1883 3890 μέχρι
1934 3821 2014 3873 τέ-

435 3904 556 3966 λους
619 3901 1025 3973 ἀποδειχθέντες,
1061 3904 1239 3963 οἵτινες
1305 3910 1395 3962 τῆς
1459 3912 1630 3963 καινῆς
1686 3904 1877 3966 πλάνης
1933 3906 2017 3960 αύ-

435 4001 619 4060 θὲνται,
637 4002 722 4053 καί
751 4008 841 4058 τῆς
869 3997 1059 4056 τελείας
1080 3998 1376 4067 οἰκονομίας,
1401 4000 1452 4051 ἐν
1528 3997 1713 4058 πάντες
1739 4000 2011 4071 ἐσώθημεν,

438 4092 617 4166 ίχθροί
660 4091 715 4144 ού
752 4089 895 4160 μόνον
946 4097 1038 4148 τῆς
1083 4089 1295 4149 ἀληθοῦς
1340 4088 1603 4161 ὁμολογίας
1639 4090 1870 4154 ἐναντίοι,
1912 4093 2015 4146 ἀλλ’

439 4181 526 4237 ἅτε
576 4180 636 4239 δὴ
694 4182 1009 4247 πλανώμενοι
1060 4180 1160 4234 ἀπὸ
1206 4188 1296 4241 τῆς
1349 4180 1466 4236 ὁδοῦ
1527 4190 1617 4241 τῆς
1680 4182 1909 4245 ἀληθείας
1952 4185 2017 4239 τά

438 4274 637 4328 ἐναντία
687 4271 945 4336 ἐδίδαξαν,
998 4269 1157 4331 άλλως
1209 4275 1294 4325 καί
1343 4270 1501 4334 ἄλλως
1546 4273 2014 4347 δικαιολογούμενοι,

2112 3077 2465 3147 perfectaque
2506 3079 2925 3149 dispensationi,
2957 3097 3057 3149 qua
3101 3083 3286 3137 salvari
3334 3098 3553 3150 sumus,
3604 3086 3686 3140 in.

2110 3168 2264 3236 festi,
2299 3184 2403 3224 non
2430 3170 2601 3225 solum
2632 3185 2771 3225 vera:
2810 3172 3158 3229 confessionis
3201 3174 3526 3237 adversarii,
3561 3176 3681 3240 sed,

2112 3270 2296 3330 tttpote
2324 3276 2350 3315 a
2383 3262 2469 3316 via
2500 3264 2734 3318 veritatis
2764 3265 3096 3332 aberrantes,
3118 3265 3219 3321 sibi
3262 3268 3389 3335 ipsis
3418 3271 3684 3322 contraria

2111 3350 2439 3417 docuerunt,
2468 3351 2620 3406 aliter
2660 3363 2713 3408 et
2753 3354 2907 3407 aliter
2932 3366 3266 3421 asserentes,
3289 3364 3345 3410 et
3370 3357 3683 3412 alterutrum

2110 3439 2355 3509 dogmata
2385 3440 2743 3498 destruentes.
2772 3443 2922 3509 Quod
2952 3446 3094 3498 enim
3142 3444 3284 3499 nulla
3317 3446 3545 3502 veritate
3574 3446 3685 3501 fun-

2111 3530 2289 3586 datum
2321 3538 2422 3596 est,
2456 3545 2675 3587 necesse
2702 3541 2783 3587 est
2811 3541 2868 3587 ut
2893 3535 3093 3589 erroris
3132 3536 3481 3591 inconstantia
3519 3537 3689 3592 varie.

2115 3630 2216 3675 tur.
2244 3622 2377 3677 Nam
2408 3636 2536 3677 vera
2571 3623 2703 3677 fides
2732 3623 3000 3680 immutari
3031 3640 3132 3682 non
3162 3627 3375 3694 poterit,
3406 3643 3505 3683 nec
3534 3626 3687 3684 aliter

2114 3728 2287 3779 nunc,
2318 3714 2469 3768 aliter
2518 3715 2855 3783 postmodum
2904 3719 3197 3787 pra-dicari.
3240 3720 3373 3787 Quia
3414 3721 3481 3775 ait
3527 3738 3687 3777 sermo

2115 3812 2296 3869 vester,
2328 3812 2385 3858 ut
2414 3806 2698 3872 Apostolus
2726 3806 2901 3873 docet,
2937 3807 3051 3876 Est,
3084 3820 3178 3877 εει,
3210 3827 3333 3874 non,
3365 3828 3469 3866 non
3500 3828 3521 3866 :
3553 3812 3684 3881 quod

2114 3899 2230 3966 plus
2258 3906 2363 3965 εει,
2393 3915 2425 3953 a
2465 3899 2600 3954 malo
2641 3910 2713 3954 est
2744 3900 2825 3973 (Il
2859 3901 2977 3958 Cor.
3006 3919 3053 3970 t;
3086 3904 3270 3960 ΜαιιΙι.
3302 3921 3366 3971 v;
3396 3905 3577 3962 Iacob.
3611 3908 3677 3975 v).

2118 3993 2379 4048 Prazterea
2404 3993 2835 4050 satisfaciendum
2868 4006 2950 4051 est
2980 4008 3161 4053 nostro
3194 4000 3385 4069 exiguo
3416 3998 3685 4054 famulatui

2117 4084 2254 4153 apud
2277 4086 2741 4142 serenissimorum
2764 4088 3102 4145 dominorum
3128 4101 3432 4147 nostrorum
3456 4092 3686 4148 clemen-

2120 4174 2270 4239 tiam,
2299 4189 2396 4246 pro
2421 4176 2669 4232 tarditate
2698 4178 2978 4234 missarum
3010 4196 3073 4237 ex
3103 4183 3332 4237 concilio
3360 4194 3548 4238 nostro
3574 4198 3688 4251 per-

2118 4277 2370 4319 sonarum
2394 4306 2409 4330 ,
2438 4281 2570 4335 quas
2607 4268 2760 4339 dirigi
2812 4285 2905 4339 per
2948 4284 3097 4325 suam
3141 4276 3576 4341 augustissimam
3604 4288 3685 4327 sa-

441 4366 525 4416 καί
567 4362 780 4420 ἀλλήλων
808 4363 873 4416 τὰ
901 4358 1132 4433 δόγματα
1159 4362 1510 4423 καταλύοντες.
1552 4364 1619 4418 Τό
1664 4365 1761 4437 γὰρ
1795 4364 2010 4437 μηδεμιᾷ

2120 4369 2260 4410 cram
2281 4396 2297 4422 ,
2329 4367 2566 4412 vestrum
2619 4360 2911 4428 piissimum
2953 4363 3217 4433 fastigium
3249 4366 3425 4431 iussit.
3459 4366 3689 4423 Primum

440 4453 647 4526 ἀληθεία
691 4453 1001 4526 θεμελιωθὲν,
1043 4452 1317 4523 ἀναγκαῖόν
1369 4454 1539 4519 ἐστιν,
1563 4455 1647 4508 ἶνα
1691 4464 1782 4517 τῆς
1825 4457 2015 4518 πλάνης

440 4551 514 4613 τῷ
542 4543 820 4616 ἀσυστάτῳ
862 4543 1171 4600 ποικίλληται
1200 4542 1384 4615 [ὁπότε
1414 4548 1513 4619 γὰρ
1552 4543 1774 4617 μηδεμιᾷ
1815 4548 2018 4623 ἀληθείᾳ

442 4633 734 4705 ἕθεμελιὼθη
761 4674 775 4697 ,
806 4634 1082 4706 ἀναγκαῖόν
1124 4636 1284 4701 ἐστιν,
1318 4636 1401 4690 ἵνα
1440 4645 1530 4696 τῆς
1575 4637 1762 4698 πλάνης
1794 4639 1853 4694 τὸ
1897 4641 2019 4695 ἀνα⁴

443 4724 676 4779 κόλουθον
718 4721 1084 4795 ποικίλληται].
1126 4734 1178 4779 Ἦ
1222 4728 1318 4801 γὰρ
1367 4725 1567 4786 ἀληθινὴ
1610 4730 1785 4789 πίστις
1818 4726 2020 4783 ἐναλλαο

442 4824 592 4887 γῆναι
631 4816 689 4869 ού
732 4812 959 4869 δύναται’
998 4814 1027 4874 ἦ
1077 4818 1198 4871 ποτέ
1243 4820 1331 4887 μέν
1377 4814 1557 4883 ἄλλως,
1596 4820 1719 4873 ποτέ
1764 4817 1818 4872 δέ
1861 4815 2021 4880 ἄλλως

449 4909 575 4975 μετά
600 4912 767 4961 ταῦτα
797 4907 1134 4980 κηρυχθῆναι.
1163 4905 1365 4967 Ἐπειδὴ
1401 4925 1422 4960 ι
1451 4909 1598 4965 ἔσται
1623 4915 1785 4982 ὑμῶν,
1818 4928 1837 4962 ι
1873 4912 1941 4972 ὡς
1993 4910 2019 4965 ὁ

442 4994 743 5057 ’Δπόστολος
769 4994 1018 5064 διδάσκει,
1058 5014 1076 5049 ε
1100 5000 1157 5053 τὸ
1196 5000 1278 5052 ναὶ
1303 5003 1406 5062 ναί,
1436 5001 1523 5053 καί
1550 5000 1605 5054 τό
1629 4996 1688 5054 ού
1715 4998 1774 5054 οὔ
1791 5015 1805 5028 ’
1835 5003 1895 5056 τὸ
1921 5003 2020 5074 γὰρ

449 5086 592 5143 πλέον
636 5086 735 5140 ἀπὸ
770 5093 856 5141 τοῦ
895 5094 1111 5163 πονηροῦ
1144 5088 1300 5144 ἐστιν.
1327 5104 1345 5139 ι
1371 5090 1499 5164 Πρὸς
1528 5090 1725 5150 τούτοις
1768 5091 2019 5164 ἀπολογη-

415 5182 553 5269 ἶτέον
607 5182 746 5236 ἓστίν
799 5181 921 5253 ἡμῖν
982 5190 1088 5242 τοῖς
1147 5182 1445 5253 ἐλαχίστοις
1492 5183 1707 5243 οἰκέταις
1755 5186 1886 5259 πρὸς
1933 5188 2023 5241 τῆν

445 5271 698 5343 εὐμένειαν
740 5280 839 5327 τῶν
878 5273 1229 5346 γαληνοτάτων
1277 5274 1415 5343 ἡμῶν
1460 5270 1720 5328 δεσποτῶν
1750 5275 1908 5346 χάριν
1934 5282 2025 5333 τῆς

446 5360 763 5435 βραδύτητας
810 5370 912 5417 τῶν
962 5364 1246 5419 σταλέντων
1289 5365 1345 5416 ἑκ
1390 5371 1479 5422 τῆς
1518 5365 1766 5436 ἡμετέρας
1814 5362 2023 5418 συνόδου

449 5460 779 5529 προσώπων,
827 5456 914 5519 οὓς
962 5459 1209 5517 σταλῆναι
1258 5456 1341 5512 διά
1388 5465 1479 5517 τῆς
1530 5457 1820 5525 σεϐασμίας
1873 5459 2027 5519 αὐτῆς

449 5552 646 5620 σάκρας
673 5551 704 5607 ἦ
732 5551 950 5623 ὑμετέρα
996 5557 1183 5627 κορυφή
1232 5552 1650 5627 παρεκελεύσατο.
1700 5558 1896 5628 Πρῶτον
1940 5554 2027 5621 μὲν

450 5632 563 5703 οὖν,
591 5635 669 5692 ὅτι
717 5640 1045 5711 ἀναρίθμητον
1074 5642 1252 5702 πλῆθος
1295 5650 1392 5696 τῶν
1429 5644 1682 5715 ἡμετέρων
1724 5643 1882 5716 μέχρι
1933 5652 2028 5698 τῶν

2117 4448 2351 4519 quidem,
2382 4453 2523 4521 quod
2557 4469 2840 4509 numerosa
2880 4458 3162 4513 multitudo
3195 4469 3497 4517 nostrorum
3528 4477 3692 4528 usque

2119 4539 2183 4593 ad
2217 4542 2402 4595 oceani
2434 4543 2681 4611 regiones
2709 4548 3015 4601 extenditur
3034 4587 3050 4613 ,
3075 4550 3227 4619 cujus
3253 4551 3458 4608 itineris
3488 4553 3693 4622 longin-

2117 4631 2289 4699 quitas
2319 4632 2371 4687 in
2411 4635 2561 4689 multi
2598 4638 2853 4705 temporis
2894 4653 3106 4694 cursum
3140 4644 3454 4711 protelatur.
3501 4645 3691 4714 Spera-

2120 4721 2307 4778 bamus
2336 4722 2531 4781 deinde
2561 4725 2629 4782 de
2661 4727 2930 4783 Britannia
2965 4730 3300 4788 Theodorum
3331 4734 3691 4789 confamulum

2120 4819 2278 4881 atque
2307 4814 2682 4884 coepiscopum
2714 4829 2953 4875 nostrum
2974 4863 2989 4887 ,
3028 4838 3231 4891 magum
3268 4825 3458 4881 insula:
3494 4828 3694 4882 Britan-

2121 4903 2225 4957 niae
2253 4903 2710 4977 archiepiscopum
2741 4919 2795 4965 et
2831 4912 3203 4983 philosophum
3225 4956 3240 4981 ,
3278 4932 3397 4972 cum
3451 4919 3573 4973 aliis
3609 4920 3694 4989 qui

2122 4989 2317 5046 ibidem
2359 5007 2527 5063 usque
2565 4995 2818 5052 hactenus
2853 4999 3227 5069 demorantur,
3260 5006 3453 5060 exinde
3496 5007 3560 5060 ad
3600 5021 3693 5060 no-

2124 5094 2289 5137 stram
2324 5084 2671 5142 humilitatem
2698 5088 3056 5160 conjungere,
3089 5104 3246 5163 atque
3275 5096 3518 5151 diversos
3547 5098 3693 5166 hujus

2125 5177 2335 5230 concilii
2367 5178 2647 5247 episcopos
2679 5181 2728 5233 in
2770 5183 2994 5238 diversis
3032 5185 3337 5254 regionibus
3361 5189 3693 5252 constitutos,

2127 5280 2241 5324 uta
2269 5272 2615 5339 generalitate
2665 5274 2822 5328 totius
2869 5276 3078 5331 concilii
3124 5278 3331 5332 servitis
3372 5289 3549 5332 nostra
3581 5294 3695 5344 sug-

2127 5361 2295 5432 geSIio
2324 5364 2493 5429 fieret,
2528 5380 2594 5419 ne
2616 5366 2659 5419 si
2693 5376 2892 5421 tantum
2932 5383 3055 5437 pars
3079 5410 3093 5432 ,
3126 5371 3266 5437 quod
3294 5370 3573 5438 agebatur,
3611 5384 3691 5421 co-

2127 5466 2425 5525 gnosceret,
2456 5465 2657 5525 partem
2688 5458 2876 5513 lateret
2899 5477 2910 5511 :
2935 5469 2989 5514 et
3018 5461 3267 5524 maxime,
3300 5460 3419 5530 quia
3448 5462 3499 5515 in
3529 5458 3691 5514 medio

2129 5550 2387 5616 gentium,
2421 5557 2526 5602 tam
2558 5548 3048 5619 Longohardorum,
3073 5568 3337 5623 quamque
3366 5553 3688 5613 Sclavornm,

2133 5664 2231 5702 nec
2265 5664 2366 5700 non
2400 5646 2724 5701 Francorum
2747 5691 2762 5714 ,
2792 5649 3081 5717 Gallorum,
3110 5661 3162 5705 ct
3191 5653 3515 5715 Gothorum,
3542 5663 3685 5718 atque
