3926 6174
209 202 344 258 ηὸἳ

1666 202 2036 261 EPISTOLIE.

3319 207 3457 265 £258

202 321 386 386 poleos
432 314 756 387 Pamphylia:
798 315 1025 387 regionis
1064 330 1160 387 pro
1203 332 1288 371 me.
1326 325 1380 372 et
1416 315 1619 386 synodo
1650 331 1767 384 quae

1925 326 1959 377 ῦς
2012 318 2277 390 Παμφύλου
2301 319 2581 393 ἐπαρχίας,
2612 318 2744 393 ὑπὲρ
2781 318 2999 388 ἐμαυτοῦ
3027 318 3111 372 καί
3142 322 3232 378 τῆς
3256 315 3346 372 ὑπ’
3366 317 3456 390 ἐμέ

198 410 301 463 sub
349 422 435 462 me
479 416 564 461 est
604 406 845 463 similiter
891 409 1214 479 sttbsignavi.

270 523 315 577 Τ
320 525 669 591 heopemptus
703 523 1064 577 misericordia
1091 525 1183 579 Dei
1214 524 1496 594 episcopus
1526 522 1779 579 Justinia-

197 613 665 680 nopolitanorum,
705 612 818 666 sive
874 613 1325 677 Mocissenorum,
1370 614 1582 667 Christo
1634 629 1780 666 ama-

199 705 321 756 bilis
359 705 717 769 metropoleos
756 704 1005 757 secunda:
1053 703 1400 773 Cappadocia:
1434 705 1664 774 regionis
1707 703 1781 756 si-

193 793 394 849 militer
432 795 754 862 subsignavi.

269 909 503 963 Isidorus
555 907 915 961 misericordia
966 907 1057 962 Dei
1105 906 1389 976 episcopus
1441 907 1610 960 Rhodi
1671 920 1781 959 me-

194 1001 468 1068 tropoleos
522 998 807 1066 Cycladum
863 997 1177 1063 insularum,
1216 1012 1311 1064 pro
1350 1012 1437 1052 me
1471 1007 1526 1050 ct
1574 994 1780 1065 synodo

193 1106 315 1157 qua:
344 1090 443 1144 sub
474 1104 558 1143 me
596 1097 678 1142 est
714 1086 956 1142 similiter
993 1087 1321 1156 subsignavi.

266 1200 533 1256 Sisinnius
572 1198 932 1252 misericordia
989 1196 1078 1251 Dei
1112 1198 1390 1265 episcopus
1429 1194 1780 1263 Hierapolita-

194 1308 387 1347 norttm
422 1290 777 1356 metr0poleos
807 1289 1047 1359 Phrygiae
1081 1288 1373 1344 Pacatianie
1396 1289 1646 1356 regionis,
1684 1300 1780 1353 pro

193 1399 284 1439 me
311 1393 367 1438 et
394 1380 597 1451 synodo
632 1395 749 1449 qua:
784 1380 881 1433 sub
928 1394 1013 1434 me
1049 1390 1150 1445 εει,
1190 1381 1430 1435 similiter
1454 1379 1776 1448 subsignavi.

267 1496 583 1552 Theodorus
612 1495 975 1549 misericordia
1009 1494 1100 1549 Dei
1123 1494 1407 1563 episcOpus
1437 1493 1778 1548 Tarsensium

196 1586 563 1655 metrOpoleos
605 1586 787 1653 prima:
822 1583 1020 1640 Cilicia:
1064 1585 1310 1652 regionis,
1341 1599 1433 1652 pro
1477 1599 1562 1639 me
1609 1596 1663 1639 et
1693 1598 1781 1652 sy-

187 1677 338 1731 nodo
379 1691 496 1744 qoze
540 1674 639 1727 sub
684 1689 769 1727 me
811 1680 896 1727 est
940 1673 1182 1728 similiter
1225 1673 1554 1743 subsignavi.

265 1789 571 1856 Stephanus
614 1786 977 1839 misericordia
1011 1786 1101 1840 Dei
1131 1787 1408 1855 episcopus
1440 1786 1783 1840 Anazarbeo-

189 1900 311 1937 rum
358 1882 582 1937 civitatis
644 1880 891 1936 secundae
933 1879 1129 1933 Cilicia:
1165 1879 1413 1947 regionis,
1459 1895 1554 1947 pro
1600 1894 1685 1934 me
1726 1887 1779 1933 et

186 1973 403 2041 synodo
448 1972 564 2041 qua!
614 1971 713 2025 sub
757 1984 842 2023 me
875 1979 954 2023 est
999 1968 1242 2023 similiter
1284 1969 1589 2037 subsignavi

268 2082 564 2136 Macrobius
626 2078 983 2151 misericordia
1042 2078 1136 2132 Dei
1194 2078 1473 2147 cpiscopus
1524 2076 1780 2132 Seleucia)

187 2172 554 2239 metropoleos
597 2169 895 2223 Isaurorum
936 2168 1193 2231 civitatis,
1243 2183 1340 2236 pro
1385 2184 1471 2223 me
1518 2177 1573 2222 et
1612 2182 1778 2236 syno-

182 2264 262 2317 do
285 2280 404 2331 qua:
426 2262 525 2315 sub
545 2278 627 2315 me
643 2272 723 2315 est
746 2260 986 2314 similiter
1010 2259 1329 2328 subsignavi.

264 2374 524 2444 Georgius
563 2372 920 2428 misericordia
970 2371 1066 2427 Dei
1105 2373 1387 2441 episcOpus
1420 2370 1775 2442 Bizyenorum

180 2465 425 2519 civitatis
468 2463 706 2519 Thracia:
749 2462 975 2531 regionis
1009 2462 1334 2531 subsignavi.

268 2575 584 2629 Theodorus
632 2573 993 2629 misericordia
1041 2573 1131 2628 Dei
1177 2574 1456 2642 episcopus
1498 2572 1778 2641 Pompeio-

182 2668 551 2738 politanorum
585 2667 813 2722 civitatis
858 2667 1231 2736 Paphlagoniae
1266 2666 1496 2735 regionis
1532 2664 1779 2721 similiter

180 2760 448 2829 subsigna
457 2760 526 2814 vi.

264 2871 553 2925 Zacharias
598 2870 955 2926 misericordia
1010 2870 1101 2925 Dei
1144 2870 1421 2940 episcopus
1470 2869 1775 2939 Leontopo-

1879 408 2091 464 συνόδου
2129 409 2312 478 ὁμοίως
2341 411 2757 480 ῦπεσημηνάμην.

1949 520 2279 591 Θεόπιμπτος
2330 520 2443 591 ἰλέῳ
2499 526 2628 575 Θεοῦ
2684 520 2960 579 ἐπίσκοπος
3017 526 3109 579 τῆς
3165 518 3459 575 Ἰουστινια·

1860 611 2188 669 ’νουπολιτῶν
2236 612 2348 669 ἤτοι
2415 620 2755 670 Memno-0'va
2805 613 3144 684 φιλοχρίστου
3198 617 3459 686 μητροπό-

1881 701 2003 761 λεως
2026 711 2117 763 τῆς
2156 701 2397 777 δευτέρας
2438 700 2538 758 τῶν
2587 701 2929 757 Καππαδόκων
2978 702 3239 775 ἐπαρχίας
3274 699 3459 774 ὁμοίως

1884 788 2308 859 ῦπεσημηνάμην.

1951 898 2199 974 Ἰσίδωρος
2246 901 2363 970 ἐλέῳ
2405 906 2527 955 Θεοῦ
2559 902 2726 957 ἐπίσκ.
2756 910 2845 965 τῆς
2884 901 3081 957 Ῥοδίων
3106 902 3460 979 μητροπόλεως

1882 996 1981 1043 τῶν
2022 988 2288 1043 Κυκλάδων
2328 995 2513 1057 νήσων,
2540 992 2673 1067 ὖπέρ
2718 993 2939 1065 ἐμαυτοῦ
2981 996 3068 1047 καί
3103 1001 3196 1056 τῆς
3240 995 3326 1051 ὑπ’
3372 996 3459 1066 ἐμὲ

1885 1078 2105 1135 συνόδου
2134 1079 2315 1151 ὁμοίως
2339 1083 2758 1154 ὑπεσημηνὰμην.

1954 1196 2187 1254 Σισίννιος
2232 1195 2348 1264 ἐλέῳ
2412 1201 2539 1249 Θεοῦ
2601 1196 2772 1250 ἐπίσκ.
2829 1204 2923 1257 τῆς
2968 1194 3321 1270 Ἱεραπολιτῶν
3368 1220 3463 1269 μη-

1885 1285 2171 1358 τροπόλεως
2227 1294 2318 1345 τῆς
2365 1292 2570 1360 Φρυγῶν
2628 1293 2946 1340 Πακατιανῶν
3006 1288 3289 1360 ἐπαρχίας,
3328 1289 3461 1362 ῦπέρ

1885 1378 2109 1448 ἐμαυτοῦ
2145 1382 2228 1434 καί
2254 1388 2346 1440 τῆς
2382 1381 2577 1453 ὑπ’ἒμέ
2627 1379 2842 1435 συνόδου
2889 1380 3076 1452 ὁμοίως
3122 1384 3354 1454 ὑπεσημ.

1956 1492 2210 1567 Θεόδωρος
2257 1494 2375 1566 ἐλέῳ
2427 1501 2553 1549 Θεοῦ
2612 1497 2892 1556 ἐπίσκοπος
2940 1506 3030 1556 τῆς
3085 1501 3325 1573 Ταρσέων
3368 1523 3463 1569 μη-

1887 1585 2168 1658 τροπόλεως
2209 1593 2300 1646 τῆς
2338 1588 2547 1659 πρώτης
2608 1595 2708 1641 τῶν
2766 1589 2963 1642 Κιλίκων
2996 1592 3278 1666 ἐπαρχίας,
3329 1594 3462 1665 ὑπὲρ

1810 1651 1858 1711 Β
1884 1672 2109 1743 ἐμαυτοῦ
2152 1678 2239 1729 καί
2268 1684 2358 1734 τῆς
2404 1674 2491 1730 ὑπ’
2513 1678 2599 1745 ἐμί
2636 1676 2854 1731 συνόδου
2903 1677 3087 1747 ὁμοίως
3125 1680 3354 1749 ῦπεσημ.

1952 1784 2185 1854 Στέφανος
2223 1787 2342 1855 ἐλέῳ
2376 1792 2503 1840 Θεοῦ
2549 1788 2827 1849 ἐπίσκοπος
2871 1797 2960 1848 τῆς
2998 1789 3349 1864 ’Δναζαρϐέων
3374 1791 3465 1845 πό-

1880 1880 2003 1940 λεως
2026 1889 2116 1939 τῆς
2143 1878 2383 1951 δευτέρας
2412 1886 2509 1933 τῶν
2546 1882 2743 1934 Κιλίκων
2774 1883 3056 1956 ἐπαρχίας,
3085 1882 3216 1956 ὑπὲρ
3238 1883 3462 1955 ἐμαυτοῦ

1881 1972 1969 2023 καί
2011 1976 2101 2028 τῆς
2135 1968 2335 2037 ὐπ’ἐμέ
2368 1968 2582 2023 συνόδου
2626 1970 2810 2039 ὁμοίως
2847 1972 3072 2040 ὑπεσημ.

1954 2078 2244 2152 Μακρόϐιος
2288 2080 2404 2149 ἐλέῳ
2444 2086 2570 2134 Θεοῦ
2616 2082 2891 2143 ἐπίσκοπος
2926 2090 3016 2141 τῆς
3057 2083 3327 2137 Σελευκέων
3363 2105 3464 2153 μη-

1882 2166 2167 2242 τροπόλεως
2211 2178 2299 2227 τῆς
2329 2172 2570 2244 Ἰσαύρων
2608 2174 2810 2243 χώρας,
2836 2172 2968 2246 ὑπὲρ
3002 2173 3224 2241 ἐμαυτοῦ
3261 2176 3461 2235 καὶτῆς

1881 2258 1973 2314 ὑπ’
1995 2261 2080 2328 ἐμὲ
2103 2259 2316 2314 συνόδου
2353 2259 2437 2332 ὀμ.
2472 2261 2892 2332 ῦπεσημηνάμην.

1952 2372 2199 2446 Γεώργιος
2234 2372 2349 2440 ἐλέῳ
2378 2378 2506 2425 Θεοῦ
2545 2374 2815 2434 ἐπίσκοπος
2842 2381 2932 2433 τῆς
2980 2379 3223 2439 Βιζυηνῶν
3265 2376 3459 2438 πόλεως

1882 2468 1974 2522 τῆς·
2006 2465 2215 2536 Θρᾲκων
2248 2466 2429 2535 χώρας
2459 2465 2691 2533 ῦπεσημ.

1954 2571 2213 2647 Θεόδωρος
2268 2574 2383 2641 ἐλέῳ
2432 2583 2558 2630 Θεοῦ
2606 2576 2774 2632 ἐπίσκ.
2834 2585 2925 2637 τῆς
2984 2580 3464 2649 Πομπηϊουπολιτῶν

1879 2664 2073 2728 πόλεως
2118 2673 2209 2725 τῆς
2253 2667 2581 2739 Παφλαγόνων
2622 2669 2884 2743 ἐπαρχίας
2935 2668 3022 2742 ὀμ.
3069 2676 3299 2745 ὑπεσημ.

1951 2872 2218 2942 Ζαχαρίας
2260 2868 2379 2942 ἐλέῳ
2419 2877 2544 2924 Θεοῦ
2591 2870 2761 2925 ἐπίσκ.
2812 2880 2903 2932 τῆς
2940 2871 3333 2929 Λεοντοπολιτῶν
3367 2873 3458 2930 πό-

178 2967 484 3021 litanorum
524 2966 749 3020 civitatis
790 2966 1083 3020 Isaurorum
1124 2966 1353 3034 regionis
1401 2963 1722 3033 subsignavi.

1925 2979 2006 3020 ῖως
2033 2969 2122 3018 τῆς
2149 2960 2393 3032 Ἰσαύρων
2423 2961 2605 3032 χώρας
2630 2958 2855 3032 ὑπεσημ.

267 3081 560 3149 Gregorius
598 3080 959 3135 misericordia
1016 3079 1110 3135 Dei
1147 3081 1429 3149 episcopus
1459 3077 1778 3148 Mitylenen-

177 3176 271 3231 sis
314 3174 463 3229 urbis
503 3174 814 3229 Lesbiorum
850 3175 1036 3229 insula:
1076 3171 1399 3241 subsignavi.

264 3286 531 3355 Georgius
592 3285 952 3341 misericordia
1021 3284 1117 3339 Dei
1190 3286 1468 3353 episcopus
1522 3283 1781 3339 Miletente

172 3379 433 3434 civitatis
477 3356 647 3431 Caria!
692 3376 925 3445 regionis
970 3375 1292 3444 subsignavi.

262 3488 488 3557 Sergius
530 3488 888 3542 misericordia
940 3487 1029 3541 Dei
1081 3488 1362 3555 episcopus
1415 3486 1777 3557 Selybriorum

169 3580 431 3636 civitatis
469 3577 709 3632 Thraciae
758 3579 1043 3645 provincia:
1083 3578 1405 3646 subsignavi.

260 3691 514 3746 Andreas
543 3691 905 3745 misericordia
938 3690 1028 3745 Dei
1058 3682 1338 3761 episcopus
1366 3690 1782 3762 Methymnensis

165 3781 428 3838 civitatis
456 3779 772 3861 Lesbiorum
812 3780 997 3835 insula:
1027 3782 1352 3850 subsignavi.

261 3890 573 3946 Alexander
620 3891 985 3947 misericordia
1036 3893 1128 3947 Dei
1184 3894 1467 3962 episeOpus
1523 3893 1779 3947 Cotrado-

165 3996 310 4035 rum
329 3978 564 4033 civitatis
582 3978 878 4035 Isaurorum
898 3982 1181 4050 provincia:
1195 3982 1434 4037 similiter
1453 3984 1778 4053 subsignavi.

264 4092 601 4162 Epiphanius
623 4093 987 4148 misericordia
1010 4096 1099 4148 Dei
1117 4096 1399 4165 episcopus
1428 4096 1780 4151 Eucltaiteno-

163 4202 312 4240 rum
344 4185 540 4238 Christi
570 4186 811 4241 amabilis
841 4188 1197 4254 metropoleos
1227 4189 1573 4258 Helenoponti
1605 4189 1781 4258 regio-

155 4279 272 4332 nis
305 4274 631 4345 subsignavi.

254 4389 503 4443 Joannes
525 4388 887 4445 misericordia
911 4390 1001 4445 Dei
1019 4394 1295 4461 episcopus
1319 4392 1567 4461 Carpathi
1597 4395 1782 4449 insulae

148 4484 441 4538 similiter
468 4482 789 4550 subsignavi.

256 4592 508 4647 Joannes
549 4592 1051 4661 ntisericordiachi
1098 4595 1375 4662 episcopus
1423 4594 1781 4663 lleracleopo-

146 4687 376 4740 litanae
435 4683 585 4737 urbis
630 4683 877 4737 secunda:
928 4684 1298 4738 Armeniorum
1351 4684 1583 4754 regionis
1652 4672 1787 4741 sub?

143 4774 424 4843 signari.

252 4886 456 4941 Petrus
492 4886 852 4942 misericordia
888 4888 981 4944 Dei
1011 4890 1290 4958 episcopus
1333 4892 1664 4946 Mesembria:
1706 4892 1780 4946 ci-
1843 4925 1852 4936 -

137 4978 374 5035 vitatis
424 4976 777 5031 llazmimontii
818 4979 1046 5046 regionis
1082 4980 1406 5049 subsignavi.

256 5088 459 5141 l‘ctrus
513 5088 874 5143 misericordia
920 5090 1013 5144 Ι)ςί
1056 5091 1333 5161 cpiscOpus
1391 5092 1777 5162 Sozopontanze

133 5184 427 5245 civitatis
461 5182 706 5239 Thraciae
750 5184 1032 5253 provinciae
1061 5185 1381 5255 subsignavi.

527 5569 788 5628 l’.t'rtttJt..
844 5568 884 5626 L
899 5568 945 5626 Χ
962 5568 1219 5628 XXVII.

1802 4323 1859 4380 D

1952 3073 2219 3151 Γρηγόριος
2252 3075 2370 3144 ἐλέῳ
2400 3080 2527 3128 Θεοῦ
2563 3073 2732 3128 ἐπίσκ.
2756 3081 2849 3132 τῆς
2886 3073 3236 3130 Μιτυληναίων
3271 3071 3463 3134 πόλεως

1880 3173 1971 3226 τῆς
1999 3166 2227 3220 Λεσϐίων
2254 3170 2408 3224 νήσου
2441 3168 2669 3237 ὐπεσημ.

1950 3281 2199 3352 Γεὼργιος
2230 3278 2343 3346 ἐλέῳ
2371 3282 2499 3331 Θεοῦ
2543 3278 2711 3334 ἐπίσκ.
2739 3283 2831 3335 τῆς
2867 3275 3120 3331 Μιλησίων
3149 3274 3342 3334 πόλεως
3371 3282 3465 3334 τῆς

1882 3378 2051 3445 Καρῶν
2073 3370 2270 3443 ἐπαρχ.
2304 3369 2401 3422 {me
2409 3388 2534 3437 σημ.

1952 3481 2152 3550 Σέργιος
2179 3478 2296 3547 ἐλέῳ
2332 3484 2458 3532 Θεοῦ
2490 3477 2658 3531 ἐπίσκ.
2692 3484 2781 3535 τῆς
2803 3476 3123 3550 Σηλυϐρηνῶν
3150 3475 3342 3536 πόλεως
3368 3483 3461 3534 τῆς

1881 3572 2090 3642 Θρᾲκων
2116 3571 2299 3642 χώρας
2327 3568 2555 3638 ὑπεσημ.

1950 3679 2184 3757 Ἀνδρίας
2224 3681 2340 3751 ἐλέῳ
2388 3685 2515 3733 Θεοῦ
2565 3680 2739 3733 ἐπίσκ.
2774 3685 2863 3737 τῆς
2901 3679 3222 3747 Μεθυμναίων
3265 3677 3457 3736 πόλεως

1878 3779 1970 3831 τῆς
2006 3770 2235 3825 Λεσϐίων
2269 3774 2425 3829 νήσου
2456 3768 2540 3840 όμ.
2577 3770 2802 3839 ὑπεσημ.

1948 3882 2267 3957 Ἀλέξανδρος
2297 3884 2414 3953 ἐλέῳ
2442 3890 2570 3939 Θεοῦ
2600 3883 2774 3938 ἐπίσκ.
2820 3891 2911 3943 τῆς
2940 3881 3227 3957 Κοτραδέων
3268 3883 3458 3942 πόλεως

1880 3984 1970 4035 τῆς
1990 3974 2238 4046 Ἰσαύρων
2265 3977 2447 4048 χώρας
2478 3974 2705 4044 ῦπεσημ..

1949 4089 2231 4158 Ἐπιφάνιος
2293 4088 2411 4157 ἐλέῳ
2459 4094 2587 4141 Θεοῦ
2653 4088 2925 4147 ἐπίσκοπος
2976 4095 3067 4146 τῆς
3125 4089 3455 4158 Εὐχαίτηνῶν

1880 4177 2215 4249 φιλοχρίστου
2270 4175 2625 4248 μητροπόλεως
2672 4183 2764 4234 τῆς
2815 4175 3190 4231 Ἐλενοποντίων
3251 4177 3453 4252 ἐπαρχ.

1882 4274 2112 4342 ὑπεσημ..

1959 4385 2180 4446 Ἰωάννης
2233 4385 2348 4455 ἐλέῳ
2401 4391 2530 4439 Θεοῦ
2590 4385 2760 4439 ἐπίσκ.
2811 4391 2901 4443 τῆς
2942 4384 3236 4458 Καρπαθίων
3294 4387 3456 4441 νήσου

1889 4478 1973 4545 ὁμ.
2008 4477 2238 4546 ὑπεσημ.

1956 4586 2178 4647 Ἰωάννης
2237 4588 2353 4658 ἐλέῳ
2419 4591 2541 4640 Θεοῦ
2608 4586 2884 4643 ἐπίσκοπος
2932 4592 3021 4645 τῆς
3078 4586 3457 4660 Ἧρακλειουποο

1885 4677 2029 4730 λιτῶν
2070 4677 2263 4735 πόλεως
2305 4685 2395 4735 τῆς
2430 4672 2684 4752 δευτέρας
2730 4681 2826 4729 τῶν
2877 4674 3144 4750 ’Δρμενίων
3194 4678 3455 4748 ἐπαρχίας

1886 4772 2115 4838 ὑπεσημ.

1955 4884 2137 4956 Πέτρος
2178 4881 2295 4950 ἐλέῳ
2334 4886 2459 4936 Θεοῦ
2505 4882 2673 4935 ἐπίσκ.
2717 4888 2808 4939 τῆς
2853 4879 3223 4953 Μεσημϐρηνῶν
3263 4874 3452 4934 πόλεως

1884 4982 1975 5032 τῆς
2003 4973 2335 5045 Δίμιμοντίων
2372 4972 2570 5043 ἐπαρχ.
2604 4971 2835 5039 ῦπεσημ.

1955 5090 2133 5163 Πέτρος
2184 5089 2303 5159 ἐλέῳ
2355 5093 2481 5141 Θεοῦ
2523 5088 2698 5143 ἐπίσκ.
2749 5095 2840 5147 τῆς
2891 5080 3231 5148 Σωζοπολιτῶν
3263 5080 3447 5137 πόλεωῖ

1880 5187 1969 5239 τῆς
1990 5180 2196 5253 Θρᾴκων
2224 5182 2406 5253 χώρας
2435 5179 2659 5250 ὐπεσημ.

2901 5560 2980 5616 40
