3926 6174
378 199 400 249 1
414 194 520 248 9.63

1504 196 1779 252 DAMIANI
1818 198 2183 256 TICINENSIS
2226 199 2520 257 EPISCOPI

3496 206 3635 261 τευ

384 305 734 364 ερτρίιίδεῑηιο
765 305 1069 361 Christiano
1097 306 1402 363 Theodosio
1435 310 1676 380 principe
1721 311 1773 364 in
1814 314 1953 380 regia
1985 318 2033 373 Α
2131 313 2365 383 Demptis
2424 315 2505 368 his
2559 314 2828 381 omnibus,
2869 315 3122 387 deinceps
3170 318 3637 377 Christianissimo

379 402 510 456 urbe
540 400 999 468 ConstantinOpoli
1045 410 1257 456 centum
1300 402 1683 472 quinquaginta
1736 404 1950 468 Patrum

376 493 608 549 concilio
637 502 982 561 congregato,
1015 494 1233 562 perditio
1275 494 1512 549 audaciae
1543 507 1817 551 auctorem
1851 514 1951 552 una

377 602 497 640 cum
548 584 821 639 venenatis
876 586 987 638 suis
1040 586 1545 655 praesumptionihus
1595 589 1952 643 anathematis

374 679 590 733 vinculo
636 678 989 732 subdiderunt
1034 675 1214 749 [subdi
1248 678 1529 751 decrevit}.
1584 681 1681 735 llis
1728 682 1953 750 sopitis,

376 768 743 825 clandestinus
800 767 970 823 hostis
1030 769 1140 821 suis
1195 768 1413 824 nefariis
1468 770 1953 826 machinationibus

377 877 483 915 non
529 862 710 916 sinetis
760 871 998 929 pacatam
1054 861 1143 914 Dei
1198 862 1488 915 Ecclesiaui
1542 879 1795 930 manere,
1867 868 1952 935 qui

378 966 590 1020 semper
627 953 932 1006 consiciata
976 950 1227 1007 diiellere
1275 964 1328 1006 et
1370 955 1697 1006 consolidata
1746 956 1957 1024 di~per-

375 1043 503 1096 dere
532 1045 847 1107 consuevit,
898 1043 1159 1098 excitatus
1202 1054 1285 1097 est
1328 1044 1489 1098 homo
1522 1047 1763 1113 peccati,
1813 1048 1953 1101 filius

377 1136 711 1202 perditionis,
744 1136 1027 1189 humanam
1062 1136 1273 1204 quidem
1306 1138 1506 1192 habens
1538 1140 1771 1206 speciem
1796 1182 1810 1205 ,
1860 1142 1953 1196 sed

375 1228 691 1280 diabolicam
738 1239 955 1296 geSIans
1002 1227 1284 1297 imaginem
1313 1269 1327 1292 ,
1379 1228 1656 1283 Nestorius
1695 1231 1909 1298 quidam
1935 1274 1950 1299 ,

374 1318 975 1385 Constantinoiiolitanze
1028 1320 1283 1375 Ecclesia:
1337 1323 1502 1390 magis
1558 1324 1741 1391 prmdo
1794 1339 1952 1391 qnam

376 1420 580 1479 pastor,
612 1410 700 1477 qui
732 1412 909 1479 posuit
939 1411 990 1464 in
1020 1411 1214 1465 malum
1244 1427 1303 1465 os
1329 1426 1481 1465 suum
1501 1453 1515 1476 ,
1548 1422 1601 1466 et
1634 1414 1806 1482 lingua
1838 1415 1954 1483 ejus

380 1503 587 1555 transiit
622 1518 782 1569 super
808 1512 1002 1556 terram
1030 1543 1045 1568 ,
1097 1504 1145 1555 in
1194 1513 1357 1556 tanta:
1397 1505 1713 1573 perditionis
1745 1507 1950 1560 foveam

377 1593 676 1659 demersus,
704 1600 759 1645 ut
785 1592 922 1645 fastu
950 1594 1335 1658 superbissimo
1366 1603 1418 1646 et
1446 1592 1615 1650 fretus
1642 1597 1954 1649 temeritatis

2052 406 2350 461 Iustiniano
2395 408 2743 477 imperatore,
2774 409 2927 478 cujus
2966 425 3088 464 cum
3134 410 3353 467 nomine
3381 421 3439 468 et
3477 428 3641 481 opera

2055 503 2382 566 micuerunt,
2433 515 2455 539 ⁸
2499 504 2849 559 existentibus
2890 505 3214 575 quibusdam
3255 506 3343 577 qui
3392 520 3641 581 sanctam

2053 592 2538 650 Chalcedoneusem
2572 596 2837 666 synodum
2878 598 2978 650 sub
3008 614 3165 651 nzevo
3206 584 3534 654 offensionis
3561 616 3646 655 re-

2010 714 2011 717 η
2051 685 2213 751 jicere
2240 685 2361 757 [sub
2386 700 2591 740 naevum
2622 686 2698 739 of.
2725 687 2872 755 rejici
2902 686 3177 758 oportere]
3215 690 3644 746 inconsideratis

2056 779 2272 831 v0cibus
2308 778 2618 847 jactitabant
2645 797 2656 831 :
2690 788 2815 832 tunc
2842 793 2871 832 a
2904 780 3133 834 Prmfato
3167 781 3419 850 principe
3450 782 3645 836 iterato

2057 869 2107 921 in
2155 872 2296 936 regia
2345 870 2475 923 urbe
2520 869 2983 937 COIISL'inlinOpOIi
3032 870 3288 935 concilio,
3322 872 3643 941 congregati

2055 970 2176 1012 sunt
2204 975 2301 1013 ccx
2335 960 2615 1013 venerandi
2659 959 2840 1014 Patres
2888 960 3197 1030 [concilium
3244 970 3639 1030 cungregatum

2054 1059 2138 1102 est
2192 1047 2289 1102 16)
2342 1050 2763 1103 venerandomm
2815 1049 3097 1120 Patrum];
3146 1051 3382 1119 capitula
3431 1052 3545 1117 illa,
3576 1053 3646 1106 de

2056 1140 2245 1204 quibus
2276 1139 2513 1192 infamari
2550 1136 2862 1211 [infamare]
2887 1140 3214 1207 geStiebant,
3240 1140 3642 1209 obloquentes;

2056 1229 2359 1296 praedictam
2407 1229 2898 1283 ClialceJonensem
2939 1229 3201 1298 synodum
3232 1229 3302 1282 ab
3344 1230 3495 1282 omni
3550 1245 3644 1283 su-

2053 1321 2290 1388 Spicione
2344 1325 2484 1388 pravi
2516 1320 2715 1375 erroris
2758 1320 3096 1375 absolventes
3142 1320 3515 1403 [absolvens];
3552 1322 3643 1375 tria

2055 1410 2307 1478 capitula,
2334 1425 2427 1478 pro
2458 1410 2649 1479 quibus
2674 1411 3043 1474 accusabatur,
3076 1426 3258 1477 aperta
3285 1411 3641 1465 damnatione

2056 1502 2177 1555 fecit
2220 1501 2433 1565 ulcisci;
2465 1502 2553 1556 ubi
2596 1510 2651 1555 et
2684 1502 3029 1556 decessorum
3063 1500 3275 1555 Patrum
3322 1504 3550 1570 regulas
3593 1512 3653 1557 et

2055 1590 2312 1645 fonnulas
2342 1606 2508 1645 sacra:
2557 1592 2904 1645 institutionis
2944 1599 3255 1656 sequentes,
3303 1601 3554 1644 sanctam
3596 1600 3649 1645 ct

373 1682 594 1736 audacia
615 1723 629 1746 ,
677 1697 840 1735 ausus
869 1683 939 1736 sit
969 1682 1148 1737 dicere
1182 1684 1389 1737 beatam
1442 1684 1659 1739 Mariam
1708 1701 1811 1739 non
1857 1686 1951 1741 Dei
1989 1678 2032 1737 Β
2060 1680 2449 1734 immaculatum
2472 1681 2830 1735 orthodoxam
2861 1680 3019 1733 ﬁdem
3047 1680 3321 1737 vivacibus
3351 1682 3647 1735 sententiis

377 1773 711 1843 genitricem,
736 1774 829 1827 sed
859 1776 1229 1828 tantummodo
1259 1774 1488 1828 hominis
1520 1775 1680 1829 fuisse
1705 1788 1950 1842 matzein,

379 1874 433 1918 et
464 1872 678 1933 propter
704 1864 931 1919 duarum
961 1868 1238 1919 veritatem
1284 1876 1590 1920 naturarum
1640 1868 1955 1936 tergiversa-

381 1958 575 2010 tionem
608 1958 808 2010 faciens
833 1998 848 2022 ,
900 1958 1030 2011 duas
1061 1959 1110 2011 in
1140 1958 1354 2012 Citrile
1384 1959 1650 2013 asserebat
1685 1974 1803 2013 esse
1837 1976 1957 2027 per-

375 2065 559 2114 sonas,
584 2066 741 2104 unam
771 2051 1075 2119 passibilem
1103 2062 1154 2105 et
1181 2051 1342 2104 aliam
1370 2052 1771 2120 impassibilem.
1804 2053 1953 2117 Quod

376 2140 651 2195 infandum
678 2141 869 2209 dogma
902 2143 1107 2209 piorum
1140 2156 1296 2197 aures
1325 2157 1428 2195 non
1464 2143 1694 2197 ferentes
1717 2142 1955 2214 [auribus

379 2246 486 2285 non
519 2229 877 2302 ferentibus],
929 2243 1249 2302 congregata
1298 2243 1379 2287 est
1407 2244 1589 2287 sancta
1619 2235 1855 2304 synodus
1904 2237 1954 2287 in

378 2326 646 2395 Ephesina
691 2326 946 2389 civitate,
1000 2325 1353 2379 ducentorum
1404 2336 1708 2383 sanctorum
1741 2327 1957 2381 Patrum

376 2430 652 2479 numerus,
687 2415 775 2469 ubi
807 2426 1005 2469 sancta:
1036 2419 1307 2470 memoria:
1330 2418 1560 2487 Cyrillus
1582 2418 1957 2473 Alexandrina

378 2506 631 2560 Ecclesia:
657 2507 875 2575 praasul,
904 2506 1219 2560 auctoritate
1247 2517 1445 2561 sancta:
1474 2510 1622 2562 sedis
1650 2509 1957 2578 apostolicae

378 2596 655 2665 praeditus,
689 2605 849 2665 caput
877 2598 1101 2660 exstitit,
1135 2600 1225 2665 qui
1257 2596 1663 2654 ferventissimo
1693 2602 1811 2655 zelo
1839 2602 1955 2667 Dei,

377 2697 532 2743 scuto
562 2687 685 2742 fidei
712 2699 766 2743 et
797 2689 959 2741 lorica
992 2698 1261 2757 protectus
1289 2690 1565 2745 catholica:
1596 2694 1955 2759 auctoritatis,

381 2780 647 2834 hatreticae
676 2781 950 2846 pravitatis
981 2781 1313 2835 inventorem
1340 2793 1393 2837 et
1420 2794 1739 2838 assertorem
1768 2783 1960 2853 iniqui—

383 2870 503 2924 tatis
532 2870 812 2939 praifatnm
845 2870 1149 2927 Nestorium
1195 2888 1314 2927 cum
1348 2871 1506 2945 [suis]
1539 2876 1767 2944 vipereis
1807 2891 1958 2929 com-

381 2963 575 3015 mentis
619 2973 877 3031 perpetuo
920 2963 1263 3017 anathemate
1302 2966 1704 3020 condemnavit.
1760 2966 1961 3020 Dehinc

381 3067 509 3106 vero
532 3050 634 3106 dua
662 3068 783 3108 νεεδ
811 3053 1108 3124 iniquitatis
1138 3055 1412 3122 bellantia,
1442 3057 1726 3111 Dioscorus
1752 3059 1961 3113 scilicet

382 3142 774 3199 Alexandrinus
806 3145 999 3214 praasul
1021 3185 1037 3211 ,
1080 3156 1134 3199 et
1164 3145 1433 3215 Eutychos
1460 3146 1961 3215 Constantinopoli-

380 3244 538 3289 tanns
589 3236 1004 3290 archimandrita
1034 3279 1050 3303 ,
1118 3236 1257 3289 intra
1309 3236 1648 3291 venerandos
1701 3237 1961 3291 Ecclesiae

381 3329 595 3392 aditus,
650 3339 705 3382 ut
752 3345 924 3383 srevus
970 3344 1165 3384 cancer
1209 3330 1386 3384 omnia
1430 3346 1647 3401 serpere
1687 3334 1961 3401 cupientes

386 3418 546 3488 [saeva
577 3429 916 3472 cancromata
949 3435 1169 3490 serpere
1210 3421 1515 3493 cupierunt]
1544 3462 1558 3485 ,
1604 3423 1962 3491 simpliciores

382 3522 623 3575 quosque
647 3519 793 3575 peste
817 3508 1035 3563 nefariae
1064 3512 1429 3578 persuasionis
1458 3514 1673 3567 indicere
1697 3514 1959 3579 volentes,

382 3600 471 3665 qni
514 3600 829 3653 as.~eiebant
874 3602 923 3653 iii
957 3600 1187 3656 Domino
1215 3614 1399 3659 nostro
1424 3604 1548 3659 Jesu
1580 3606 1793 3659 Christo
1836 3616 1961 3661 ante

385 3689 786 3755 adunationem,
814 3690 945 3745 duas
976 3702 1213 3757 naturas,
1252 3704 1371 3762 post
1399 3710 1525 3748 vero
1556 3696 1956 3765 adunationem,

386 3794 565 3833 unam.
617 3779 767 3835 Tunc
795 3796 821 3832 a
852 3784 1294 3850 praestantissimo
1320 3794 1374 3857 et
1406 3785 1723 3839 Christianae
1754 3786 1966 3855 religio-

386 3873 468 3926 nis
499 3882 735 3925 amatore
766 3872 1030 3926 Marciano
1062 3875 1381 3942 imperatore
1418 3875 1638 3929 collecta
1668 3887 1752 3931 est
1781 3890 1961 3933 sancta

386 3964 625 4035 synodus
653 3964 706 4017 in
729 3965 944 4019 civitate
968 3966 1324 4032 Chalcedone,
1348 3979 1722 4023 sescentorum
1754 3970 1963 4039 triginta

388 4058 606 4112 Patrum
627 4057 929 4111 veneranda
952 4058 1166 4121 cohors,
1185 4060 1375 4127 quibus
1400 4061 1725 4117 mediatores
1751 4060 1965 4116 fuerunt

388 4148 680 4203 beatissimi
704 4147 945 4217 praesulis
968 4147 1161 4202 Leonis
1186 4150 1332 4202 urbis
1352 4148 1533 4203 Roma:
1558 4150 1964 4219 missi,quorum

389 4242 704 4295 auctoritate
738 4241 975 4310 praedicti
1007 4240 1293 4296 Dioscorus
1334 4253 1386 4295 et
1418 4243 1687 4312 Eu:ycbes
1728 4243 1965 4298 hrcretici

389 4330 799 4383 anathematicis
852 4331 1117 4385 sententia
1172 4332 1449 4400 perculsi,
1504 4341 1656 4386 extra
1706 4334 1965 4401 gremium

392 4422 580 4475 matris
625 4422 881 4475 Ecclesia:
925 4423 1203 4477 catholica:
1248 4435 1370 4478 sunt
1416 4425 1594 4491 ejecti.
1647 4424 1745 4491 Qui
1794 4427 1963 4478 sancti

392 4599 570 4655 retine
600 4603 880 4669 pravitatis
908 4604 1122 4670 abrasa,
1154 4606 1271 4660 fidei
1304 4606 1613 4661 fundamina
1640 4616 1963 4675 statuentes,

392 4690 829 4760 splendidissimo
851 4710 1100 4751 sermone
1128 4707 1181 4751 et
1202 4698 1464 4767 elegantia
1490 4701 1707 4754 urbana:
1729 4702 1968 4756 scientia!

392 4782 692 4853 symbolum
715 4782 1026 4838 orthodoxa:
1046 4787 1167 4841 ﬁdei
1189 4791 1555 4857 confecerunt,
1580 4802 1724 4846 retro
1749 4792 1965 4846 Patrum

394 4874 617 4944 vestigia
645 4883 956 4944 sequentes,
983 4887 1091 4930 tam
1116 4882 1285 4934 sancti
1316 4883 1516 4937 Nicmni
1542 4886 1779 4950 concilii,
1809 4900 1966 4955 quam

393 4967 1010 5036 Constantinopolitani,
1064 4983 1158 5023 seu
1208 4971 1461 5039 Ephesini
1499 4976 1695 5041 primi,
1745 4993 1968 5046 quorum

394 5057 763 5112 sanctionibus
811 5060 901 5113 Dei
954 5059 1192 5113 Ecclesia
1238 5062 1291 5115 in
1336 5073 1449 5117 toto
1490 5066 1618 5120 orbe
1660 5069 1965 5123 decoratur.

393 5146 451 5202 In
481 5150 674 5219 quibus
718 5151 1229 5222 promulgationibus
1272 5162 1569 5209 statuentes
1595 5200 1609 5222 ,
1663 5168 1718 5211 ut
1760 5160 1805 5214 si
1852 5162 1970 5229 quis

393 5255 551 5309 supra
586 5242 639 5297 id
669 5244 809 5313 quod
844 5244 1037 5299 ibidem
1083 5244 1136 5298 in
1180 5259 1339 5299 causa
1377 5246 1497 5301 fidei
1542 5258 1800 5303 statutum
1846 5263 1966 5318 est,

393 5333 591 5387 addere
617 5343 709 5387 aut
738 5334 980 5392 minuere
1009 5336 1431 5406 praesumpserit,
1464 5338 1821 5395 anathematis
1851 5342 1967 5396 vin-

394 5425 520 5480 culo
546 5425 868 5495 suhjaceret.

469 5570 495 5596 ι
527 5560 581 5641 in
610 5577 711 5616 ms.
736 5573 850 5641 erat
876 5567 1144 5641 existente:
1171 5571 1449 5638 quosdam;
1491 5570 1540 5626 iti
1575 5571 1768 5627 nostris
1800 5587 1969 5627 mem-

399 5634 599 5697 breuis,
629 5636 929 5689 exstiterunt
954 5640 1179 5704 quidam.

1997 4376 2049 4435 D

390 4511 580 4565 Patres
612 4512 663 4566 in
694 4514 929 4567 concilio
959 4516 1267 4579 constituti,
1314 4516 1457 4569 omni
1489 4516 1825 4571 cavillatione
1855 4516 1966 4571 hze-
2004 4520 2009 4524 ’

2057 1769 2387 1833 roborantcs,
2413 1770 2771 1825 firmissimam
2806 1769 3159 1826 assertionem
3191 1770 3538 1841 [firmissima
3562 1787 3650 1828 as-

2054 1861 2308 1932 sertione]
2338 1862 2812 1916 conﬁrmaverunt.

2128 1957 2289 2021 Ecce,
2330 1956 2770 2023 praestantissime
2820 1956 3094 2025 princeps,
3141 1956 3495 2024 antiquorum
3553 1958 3652 2011 Pa-

2059 2059 2197 2101 trum
2226 2058 2444 2112 atatuta,
2480 2062 2581 2101 una
2612 2062 2735 2101 cum
2768 2062 3036 2101 consensu
3069 2047 3442 2116 piissimorum
3477 2052 3652 2115 impe-

2057 2150 2292 2195 ratorum
2342 2140 2582 2206 definita,
2622 2154 2742 2208 qua:
2786 2140 3011 2193 convelli
3061 2139 3143 2193 vel
3187 2140 3455 2194 infirmari
3506 2141 3651 2197 nulla

2060 2233 2266 2286 ratione
2299 2232 2468 2299 pietas
2501 2241 2673 2285 vestra
2705 2232 3000 2298 permittat.
3029 2229 3161 2283 Nam
3192 2231 3235 2284 si
3278 2242 3406 2284 sunt
3438 2232 3534 2300 qui
3560 2249 3654 2283 au-

2056 2326 2204 2380 dacia
2257 2326 2548 2380 dialectica
2594 2324 2725 2379 artis
2774 2326 2977 2390 inflati,
3020 2326 3342 2380 cothurnata
3404 2328 3650 2393 cervice,

2060 2418 2247 2472 buccis
2306 2416 2748 2484 tumescentibus,
2790 2417 3019 2470 sinuosis
3074 2416 3548 2470 circumitionibus
3600 2428 3650 2470 et

2064 2509 2323 2564 ﬂexuosis
2352 2507 2687 2576 ambagibus,
2722 2506 2955 2575 phaleris
2994 2506 3276 2560 verborum
3325 2506 3652 2575 pompisqiie

2060 2614 2395 2662 sermonum,
2424 2613 2519 2652 sua
2562 2597 2710 2651 ferali
2741 2596 3029 2651 calliditate
3058 2596 3355 2664 simplicem
3411 2595 3539 2650 tidei
3572 2612 3653 2648 ra-

2062 2694 2263 2746 tionem
2307 2690 2627 2750 convellere,
2657 2698 2711 2742 et
2751 2688 3023 2757 delegatas
3063 2702 3093 2740 a
3143 2687 3393 2740 Patribus
3440 2688 3653 2755 regulas

2059 2782 2375 2837 conculcare
2406 2780 2489 2834 vel
2520 2791 2786 2841 temerare
2818 2780 3105 2843 voluerint,
3135 2793 3323 2832 eorum
3351 2778 3653 2832 inﬂationi-

2060 2874 2160 2928 bus
2194 2872 2544 2941 tranquillitas
2590 2882 2766 2925 vestra
2797 2886 2905 2924 non
2940 2872 3290 2940 acquiescat:
3323 2870 3425 2925 sed
3472 2886 3651 2926 recor-

2064 2963 2261 3016 damini
2316 2961 2546 3026 qualiter
2595 2960 2847 3029 propheta
2898 2960 3066 3013 dicit:
3107 2959 3331 3013 Verbum
3372 2962 3654 3015 brevium:

1990 3024 2035 3087 C
2066 3057 2214 3124 faciet
2249 3024 2499 3107 Dominus
2527 3024 2891 3120 super-terram
2922 3049 3059 3121 (Isa.
3092 3053 3177 3119 x);
3209 3053 3352 3121 quod
3389 3067 3486 3122 per
3534 3070 3654 3107 san-

2064 3155 2181 3199 ctos
2232 3146 2503 3213 apostolos
2549 3144 2777 3197 vidimus
2824 3143 3126 3209 impletum.
3160 3144 3298 3209 Quid
3330 3144 3485 3198 enim
3535 3145 3652 3198 bre-

2064 3238 2198 3300 vius,
2226 3251 2382 3305 quam
2417 3236 2643 3304 simplex
2676 3235 2796 3287 fidei
2840 3234 3144 3303 symbolum
3173 3235 3241 3288 ab
3271 3236 3542 3303 apostolis
3585 3236 3656 3288 in-

2063 3329 2341 3390 Slitttlum,
2379 3326 2431 3379 in
2471 3340 2577 3393 quo
2630 3323 2912 3394 mysticum
2976 3324 3300 3377 sacramenti
3348 3327 3656 3379 continetur

2063 3419 2352 3474 arcanum?
2372 3418 2505 3473 Nam
2530 3417 2572 3472 si
2604 3418 2837 3490 [regulas
2865 3414 3011 3486 fidei]
3036 3416 3259 3484 relegas,
3292 3416 3655 3485 insignissimi:

2065 3514 2369 3581 imperator,
2400 3526 2504 3563 non
2550 3525 2670 3563 cum
2701 3509 3012 3572 dialecticis,
3047 3524 3151 3563 non
3184 3524 3308 3563 cum
3340 3508 3647 3574 rhetoricis,

2066 3621 2170 3658 non
2200 3620 2318 3658 cum
2354 3603 2741 3673 grammaticis,
2768 3600 2863 3656 sed
2891 3615 3010 3655 cum
3055 3600 3309 3655 ruricolis
3340 3610 3401 3655 et
3432 3601 3653 3669 piscato-

2068 3698 2215 3752 ribus
2257 3696 2514 3750 Dominus
2546 3695 2722 3763 posuit
2754 3694 2782 3733 δ
2811 3694 3094 3758 rationem,
3126 3704 3181 3747 et
3207 3692 3295 3747 bis
3327 3693 3551 3747 tradidit
3578 3694 3651 3745 sui

2070 3800 2279 3844 secreta
2310 3787 2540 3851 consilii,
2568 3800 2703 3855 quos
2730 3795 2786 3840 et
2838 3785 3105 3853 principes
3135 3782 3436 3848 ordinavit,
3469 3784 3655 3853 quibus

2071 3878 2268 3947 ligandi
2298 3875 2647 3945 solvendique
2685 3876 2866 3930 tribuit
2898 3885 3215 3944 potestatem
3241 3891 3256 3939 ;
3294 3888 3481 3929 nonne
3513 3876 3655 3928 vobis

2071 3971 2315 4034 videtur,
2362 3970 2567 4037 Optime
2624 3966 2949 4036 imperator,
3000 3965 3428 4019 dementissima:
3471 3964 3655 4018 mentis

2067 4075 2207 4125 esse,
2248 4062 2338 4130 qui
2383 4060 2704 4128 apostolicas
2752 4058 3099 4123 traditiones,
3153 4068 3209 4111 et
3263 4059 3653 4113 venerabilium

2068 4155 2285 4209 Patrum
2336 4153 2569 4208 insdtuta
2616 4152 2911 4219 depravare
2967 4151 3262 4206 festinant?
3318 4151 3432 4206 Nos
3480 4163 3654 4205 autem

2069 4258 2274 4309 omnes,
2310 4245 2398 4315 qui
2445 4244 2545 4297 sub
2594 4243 2936 4297 felicissimos
2981 4252 3036 4297 et
3085 4242 3587 4297 Christianissimus
3627 4257 3657 4296 a

2078 4335 2186 4388 Deo
2230 4332 2604 4387 custodiendos
2655 4332 2946 4402 principes,
2991 4331 3241 4386 dominos
3291 4342 3534 4395 noitros,
3569 4348 3660 4401 per

2075 4426 2552 4480 excellentissimos
2582 4440 2735 4493 reges
2775 4422 3092 4477 Christianae
3140 4422 3425 4501 religionis
3456 4436 3659 4477 amato-

2068 4534 2177 4583 res,
2207 4532 2308 4570 una
2339 4532 2458 4571 cum
2489 4531 2674 4570 eorum
2702 4525 2886 4570 sancta
2920 4514 3207 4569 devotione
3238 4515 3353 4582 pari
3390 4525 3578 4569 tenore
3606 4523 3658 4568 et

2068 4609 2367 4663 reverentia
2416 4607 2732 4662 traditiones
2778 4615 3084 4661 sanctorum
3131 4607 3532 4673 apostolorum,
3561 4622 3653 4662 seu

2070 4698 2635 4753 reverendissimorum
2681 4697 2919 4759 Patrum,
2948 4698 3036 4765 qui
3068 4697 3121 4749 in
3154 4696 3491 4763 supradictis
3532 4710 3658 4752 eon-

2071 4792 2205 4847 ciliis
2245 4791 2549 4853 adfuerunt,
2578 4791 2722 4843 omni
2752 4804 2873 4843 curn
2908 4787 3282 4859 [Felieissimis
3312 4799 3365 4841 et
3400 4789 3657 4844 Christia-

2072 4885 2307 4939 nissimis
2351 4894 2407 4939 et
2436 4898 2465 4935 a
2506 4882 2615 4937 Deo
2664 4881 3027 4935 custodiendis
3077 4880 3409 4949 principibus
3463 4881 3657 4935 nostris

2077 4978 2308 5032 dominis
2356 4976 2651 5031 Peretharit
2677 4987 2728 5029 et
2758 4973 3038 5041 Cunibert,
3082 4976 3660 5042 pratexcellentissimis

2076 5072 2291 5139 regibus
2317 5066 2841 5140 (Langobardorum),
2869 5067 3183 5120 Christianae
3206 5067 3479 5135 religionis
3518 5082 3660 5119 ama-

2077 5162 2275 5216 toribus
2300 5174 2503 5223 sumus,
2532 5173 2633 5211 una
2660 5173 2803 5221 cum,
2828 5154 2959 5228 etc.]
2990 5157 3337 5211 veneratione
3360 5160 3655 5225 suscipere,

2074 5254 2346 5322 amplecti,
2396 5250 2712 5313 defendere,
2764 5249 3089 5317 praedicare,
3142 5250 3415 5317 prmcipue
3463 5262 3658 5303 sancta:

2073 5346 2347 5401 memoriae
2395 5342 2591 5396 Leonis
2645 5341 2957 5409 apostolica:
3006 5340 3151 5395 sedis
3201 5342 3448 5409 praesulis
3495 5342 3655 5404 dicta,

2076 5437 2169 5491 sed
2216 5435 2380 5490 etiam
2424 5432 2751 5486 orthodoxos
2784 5430 2998 5499 Patres,
3026 5430 3116 5502 qui
3149 5446 3245 5502 per
3286 5432 3505 5490 diversa
3544 5430 3657 5488 lac:

2148 5564 2174 5603 ι’
2209 5564 2317 5619 Vox
2350 5563 2447 5619 ista
2501 5575 2606 5617 non
2634 5568 2713 5616 est
2744 5559 2795 5615 in
2829 5574 2930 5615 ms.
