4008 6176
373 448 512 509 1255

1176 432 1505 492 EPISTOIA
1547 431 1636 488 AD
1675 426 2207 485 CONSTANTINUM
2245 420 2767 481 IMPERATOREM.

3489 410 3623 467 19.66

372 565 491 618 zt-Io
524 558 614 613 Dei
643 555 906 611 ferventes
942 550 1187 619 dogmata
1218 545 1466 601 salutaria
1515 544 1665 597 nobis
1706 542 1936 609 relique-
1979 546 2022 597 Α
2053 540 2179 592 lium
2228 547 2345 607 post
2378 537 2606 599 Patrem,
2640 550 2740 589 nec
2766 533 3020 603 Spiritum
3047 539 3289 585 sanctum
3321 530 3630 584 inferiorem

344 668 347 677 '
370 662 524 715 runt;
558 658 615 702 ut
640 642 961 699 venerandae
984 638 1256 694 memoriae
1277 638 1452 706 Grcgo
1464 636 1567 689 rius
1594 634 1951 689 Nazianzenae

369 742 598 799 civitatis
629 739 931 807 episc0pus,
973 743 1025 787 et
1076 731 1300 785 Basilius
1340 728 1693 797 Cappadociae
1739 725 1949 793 episco-

373 850 492 902 pus,
546 842 597 886 et
652 828 881 899 Cyrillus
921 822 1310 879 Alexandrinus
1368 819 1586 888 praesul,
1624 827 1676 871 et
1718 816 1953 870 Athana-

372 927 488 979 sius
539 920 778 991 ejusdem
827 916 1198 970 Alexandriuaa
1265 912 1513 966 Ecclesia:
1565 909 1826 977 pontifex,
1855 922 1953 962 nee

375 1033 480 1069 non
534 1025 584 1069 et
636 1012 870 1067 Joannes
925 1005 1538 1072 Constantinopolitanus
1593 1002 1849 1065 antistes,
1901 1009 1956 1054 et

370 1108 604 1164 Hilarius
652 1101 998 1157 Pietaviensis
1053 1101 1358 1168 episcopus,
1402 1106 1457 1151 et
1499 1096 1643 1149 omni
1694 1093 1953 1162 sapientia

373 1210 551 1251 ctarus
598 1193 922 1264 Augustinus
975 1188 1470 1257 liipponiregieusis
1530 1183 1954 1256 [Hipponiensis]

372 1292 677 1356 episcOpus,
704 1296 758 1342 et
787 1283 1088 1340 veneranda
1114 1296 1312 1336 corona
1345 1278 1690 1351 [venerandae
1719 1275 1955 1348 coronae]

375 1380 570 1433 Christi
599 1378 876 1433 confessor
902 1376 1212 1430 Ambrosius
1254 1372 1665 1426 Mediolanensis
1700 1369 1955 1423 Eeelt-sitn

376 1470 593 1541 prtesnl,
623 1469 779 1523 simul
808 1477 861 1522 et
890 1466 1278 1522 eruditissimus
1318 1474 1372 1517 et
1404 1463 1545 1515 omni
1593 1463 1709 1515 luce
1741 1460 1956 1528 conspi-

374 1578 509 1617 cuus
536 1562 891 1632 Hieronymus
924 1560 1223 1628 presbyter,
1256 1554 1514 1624 quidquid
1556 1555 1607 1609 bi
1639 1556 1955 1616 docuerunt,

376 1662 703 1723 sapuerunt,
751 1651 1205 1721 praedicaverunt,
1246 1649 1331 1701 vel
1373 1645 1689 1702 defensores
1728 1646 1961 1700 exstite-

375 1762 522 1818 runt,
554 1766 651 1806 nos
698 1764 883 1806 eorum
931 1757 1049 1802 acta
1090 1746 1176 1801 vel
1236 1754 1433 1799 statuta
1479 1744 1624 1797 omni
1673 1742 1959 1797 devotione

377 1841 718 1909 suscipimus.
773 1840 867 1895 llis
914 1838 1171 1908 delegatis
1200 1852 1376 1906 operte
1426 1836 1653 1904 pretium
1706 1834 1955 1888 duximus

2055 630 2238 697 fuisse,
2272 632 2389 699 quia
2421 629 2544 683 dum
2577 628 2783 682 initium
2830 624 3033 695 paterni
3078 624 3310 678 nominis
3349 639 3451 677 non
3484 623 3630 679 inve-

2053 724 2213 786 nitur,
2240 722 2507 775 nescimus
2530 734 2631 789 qua
2665 720 2872 772 ratione
2903 716 3041 770 Filio
3076 716 3281 768 initium
3312 712 3629 767 ascribatur.

2054 814 2186 879 Quia
2218 828 2338 867 cum
2371 812 2596 865 dicimus
2622 810 3003 876 sempiternum
3037 808 3203 865 Deum
3233 805 3465 869 Patrem,
3494 818 3634 857 sem-

2056 902 2319 969 piternum
2348 901 2510 953 Deum
2539 898 2728 953 Filium
2751 897 3098 952 ostendimus.
3121 896 3241 949 Ideo
3258 903 3493 949 sanctam
3520 893 3634 947 Tri-

2058 992 2276 1045 nitatem
2294 990 2345 1042 in
2363 1004 2461 1042 una
2480 999 2663 1042 natura
2682 1001 2890 1057 unaque
2904 987 3131 1041 essentia
3149 996 3305 1054 atque
3320 986 3634 1051 substantia,

2057 1096 2110 1142 et
2136 1086 2302 1139 tribus
2325 1081 2699 1144 subsistentiis,
2739 1080 2849 1134 sive
2878 1081 3138 1147 personis,
3165 1080 3492 1147 proﬁtemur.

2129 1194 2408 1249 Credimus
2435 1201 2608 1245 autem
2640 1192 2810 1259 ipsum
2857 1190 2948 1245 Dei
2996 1188 3248 1251 Verbum,
3284 1190 3383 1243 hoc
3410 1197 3512 1250 est,
3546 1186 3641 1241 Fi-

2060 1288 2188 1342 lium
2226 1286 2398 1341 Patris
2430 1285 2547 1339 sine
2592 1283 2745 1337 initio
2785 1284 3022 1351 genitum
3053 1299 3064 1335 :
3099 1280 3345 1335 eumdem
3378 1295 3540 1333 unum
3574 1295 3635 1331 ex

2059 1380 2228 1436 tribus
2267 1376 2625 1432 subsistentiis
2655 1376 2721 1429 de
2752 1383 2933 1427 sancta
2973 1372 3233 1427 Trinitate
3262 1384 3519 1426 aeternum
3551 1370 3641 1424 Fi-

2061 1470 2209 1535 lium,
2243 1484 2341 1538 pro
2386 1466 2782 1537 dispensatione
2832 1466 2967 1519 facta
3022 1479 3117 1533 pro
3166 1463 3320 1517 nobis
3361 1472 3417 1517 et
3464 1474 3642 1515 nostra

2060 1562 2230 1617 salute
2254 1560 2598 1615 descendisse
2627 1559 2692 1612 de
2716 1558 2885 1619 ccelis,
2920 1556 3252 1608 incarnatum
3286 1553 3514 1607 Verbum
3549 1552 3641 1606 Dei

2060 1664 2113 1709 et
2144 1654 2411 1707 hominem
2463 1651 2659 1705 factum
2714 1648 2851 1701 intra
2904 1645 3131 1717 Virginis
3177 1654 3405 1707 uterum,
3451 1646 3640 1697 uniens

2061 1746 2161 1801 sibi
2206 1754 2401 1798 nostrae
2431 1751 2634 1796 natura:
2678 1739 2956 1793 veritatem
2988 1752 3050 1791 ex
3097 1744 3279 1790 sancta
3321 1744 3375 1788 et
3407 1733 3639 1801 gloriosa

2064 1834 2158 1889 Dei
2186 1835 2442 1904 genitrice
2476 1832 2635 1887 Maria
2686 1829 2907 1899 virgine,
2938 1829 3205 1897 perlectus
3256 1826 3391 1880 Deus
3420 1834 3474 1878 et
3520 1839 3639 1892 per-

378 1931 505 1999 quid
527 1895 718 1983 nostra
757 1929 887 1982 fides
916 1895 1185 1982 contineat
1231 1925 1517 1979 adnectere
1566 1921 1712 1993 [huic
1760 1930 1957 1975 nostra:
1989 1895 2034 1953 Β
2067 1895 2235 1979 fecttis
2280 1926 2440 1979 homo
2495 1923 2546 1977 in
2588 1895 2792 1977 duabus
2841 1895 3065 1982 naturis,
3096 1918 3391 1973 divinitatis
3438 1915 3645 1971 scilicet

380 2018 705 2088 suggestioui
739 2018 861 2072 ﬁdei
908 2016 1209 2080 formulam,
1234 2024 1290 2069 ut
1334 2028 1391 2069 se
1436 2022 1618 2067 nostra
1668 2010 1801 2065 ﬁdes
1831 2024 1963 2065 con-

382 2110 535 2173 tinet,
566 2105 897 2177 adnectere].

420 2217 611 2287 lncipil
650 2220 915 2287 'expositio
954 2218 1077 2286 ﬁdei
1132 2216 1346 2337 Pt‘ttrum
1391 2213 1789 2269 Mediolanensis
1842 2230 1931 2283 sy-

1096 2304 1241 2337 non.

1096 2304 1241 2340 ηοιιι.

374 2385 381 2391 “
463 2379 780 2435 Proﬁtemur
807 2393 903 2433 nos
934 2378 1152 2433 credere
1191 2378 1559 2431 indivisibilem
1592 2386 1827 2430 sanctam
1854 2374 1972 2427 Tri-

387 2472 631 2535 nitatem,
667 2472 767 2526 hoc
795 2480 877 2525 est
920 2471 1130 2524 Patrem
1161 2482 1212 2523 et
1251 2468 1436 2523 Filium
1468 2478 1523 2523 et
1557 2469 1812 2535 Spiritum
1846 2483 1970 2520 san-

384 2570 554 2625 ctum,
586 2576 747 2614 unum
794 2560 983 2623 Deum,
1018 2559 1085 2611 ita
1119 2574 1281 2612 unum
1326 2567 1381 2611 ut
1427 2559 1644 2622 trinum,
1674 2566 1725 2610 et
1771 2557 1840 2609 ita
1876 2555 1970 2609 tri-

385 2670 512 2707 num
542 2663 597 2707 ut
624 2668 825 2707 unum:
856 2652 1172 2706 Trinitatem
1204 2654 1255 2706 in
1288 2652 1547 2706 distinctis
1577 2664 1738 2718 atque
1769 2653 1975 2705 discre-

386 2745 456 2799 tis
487 2745 747 2814 persOnis,
781 2745 882 2799 huc
904 2753 1004 2805 est.
1036 2745 1271 2806 Patrem,
1294 2759 1357 2796 ex
1384 2760 1489 2810 quo
1511 2745 1719 2805 omnia;
1756 2743 1973 2809 Filium,

385 2852 483 2905 per
522 2852 682 2905 quem
721 2839 936 2901 omnia;
968 2838 1040 2904 Sp
1064 2836 1219 2890 ritum
1253 2847 1516 2898 sanctum,
1552 2836 1600 2887 in
1637 2849 1741 2903 quo
1772 2834 1970 2898 omnia,

384 2929 543 2981 unius
594 2936 771 2982 tamen
822 2928 1135 2990 divinitatis,
1181 2927 1334 2981 unius
1387 2927 1660 2989 esseutite,
1715 2925 1977 2992 uniusque

386 3018 697 3072 substantia:
716 3036 730 3074 :
747 3019 797 3073 in
823 3020 989 3073 tribus
1005 3019 1216 3085 quidem
1234 3015 1593 3070 subsistentiis
1608 3031 1700 3069 seu
1720 3015 1973 3078 personis,

389 3120 447 3162 ut
478 3107 633 3162 Pater
675 3110 828 3164 Pater
856 3110 954 3175 sit,
1004 3109 1166 3163 Filius
1226 3108 1388 3162 Filius
1430 3109 1531 3172 sit,
1577 3107 1807 3174 Spiritus
1856 3120 1979 3159 sau-

390 3210 511 3255 ctus
537 3200 762 3271 Spiritus
810 3212 1025 3256 sanctus
1052 3201 1120 3255 sit
1144 3218 1159 3255 :
1191 3200 1243 3254 in
1270 3215 1370 3256 una
1400 3211 1586 3255 natura
1610 3214 1821 3269 unaque
1850 3199 1974 3252 sub-

388 3292 607 3355 stantia,
633 3303 690 3347 ut
723 3292 861 3347 Deus
890 3308 1047 3356 unus,
1073 3301 1127 3347 et
1146 3292 1314 3358 solus,
1338 3301 1393 3346 et
1420 3306 1660 3346 summus
1687 3290 1968 3344 credatur:

392 3400 499 3440 non
552 3393 663 3439 tres
707 3383 1124 3452 introduccntes,
1174 3391 1233 3437 ut
1280 3384 1437 3436 Arius
1489 3381 1843 3453 blasphemat,
1886 3380 1974 3449 qui

394 3492 506 3533 .res
546 3476 675 3531 deos
724 3478 1058 3546 praedicavit,
1105 3476 1575 3540 excellentiorem,
1636 3476 1895 3529 minorem
1924 3483 1978 3528 et

395 3568 725 3624 inferiorem.
762 3568 866 3623 Nos
894 3584 1021 3623 vero
1051 3581 1288 3623 sanctam
1321 3569 1637 3622 Trinitatem
1668 3569 1718 3620 in
1752 3569 1975 3633 unitate,

396 3669 448 3712 et
478 3661 729 3713 unitatem
760 3660 811 3713 in
838 3670 1016 3714 sancta
1046 3660 1308 3714 Trinitate
1335 3661 1670 3714 confitemur.
1700 3661 1829 3714 Nam
1854 3675 1976 3713 cum

396 3749 621 3802 dicimus
650 3750 1064 3817 omnipotentem
1099 3750 1332 3814 Patrem,
1364 3751 1651 3818 appellatio
1684 3750 1840 3817 hujus
1886 3766 1981 3819 pa-

398 3844 532 3895 terni
564 3842 789 3896 nominis
832 3844 896 3896 ad
946 3843 1060 3896 Filii
1096 3858 1374 3911 personam
1421 3844 1736 3907 intenditur,
1766 3853 1820 3897 et
1860 3858 1979 3897 eum

402 3935 628 3988 dicimus
658 3946 914 3989 aeternum
950 3936 1162 3999 Filium,
1192 3936 1256 3990 ad
1284 3937 1469 3990 azterni
1503 3935 1674 3989 Patris
1703 3951 1981 4003 personam

401 4027 667 4090 refertur;
695 4036 749 4079 et
787 4040 908 4080 cum
959 4028 1291 4080 nominamus
1336 4026 1589 4095 Spiritum
1639 4037 1879 4079 sanctum
1918 4028 1983 4079 ab

400 4118 587 4170 azterni
623 4116 795 4170 Patris
824 4132 1045 4185 persona
1076 4132 1196 4170 eum
1232 4118 1518 4185 procedere
1549 4129 1926 4172 monstramus.

473 4204 604 4261 Cum
632 4216 804 4259 autem
838 4206 1065 4260 dicimus
1095 4205 1259 4261 Deum
1291 4207 1500 4262 Patrem
1536 4208 1975 4278 omnipotentem,

403 4312 511 4351 non
561 4307 735 4365 potest
789 4298 947 4366 hujus
994 4299 1222 4352 nominis
1268 4299 1512 4353 evacuari
1567 4311 1980 4355 sacramentum.

398 4388 534 4452 Quia
562 4403 681 4441 cum
713 4388 936 4441 dicimus
963 4388 1197 4456 Patrem,
1223 4388 1413 4443 Filium
1442 4390 1901 4455 demonstramus;
1936 4398 1989 4445 et

396 4494 527 4533 eum
571 4479 797 4532 dicimus
848 4479 1061 4549 Filium,
1102 4480 1312 4535 Patrem
1359 4482 1731 4547 declaramus;
1765 4495 1817 4537 et
1866 4499 1986 4537 cum

2064 2029 2223 2089 atque
2253 2016 2616 2084 humanitatis,
2642 2013 3109 2071 consubstantialis
3144 2013 3250 2067 Deo
3277 2011 3420 2065 Patri
3448 2023 3643 2064 secun-

2066 2112 2189 2167 dum
2213 2111 2561 2175 divinitatem,
2589 2119 2643 2164 et
2667 2105 3135 2164 consubstantialis
3157 2104 3298 2159 idem
3328 2103 3441 2169 ipse
3464 2102 3639 2165 nobis,

2067 2202 2357 2258 secundum
2405 2199 2783 2255 humanitatem
2810 2214 2826 2252 :
2852 2212 2957 2251 non
2989 2196 3041 2249 in
3071 2195 3278 2249 duobus
3306 2192 3457 2246 Filiis
3490 2190 3647 2262 [duos

2073 2292 2265 2364 Filios]
2286 2292 2513 2357 divisus,
2557 2291 2651 2344 sed
2700 2304 2837 2344 unus
2880 2299 2936 2344 et
2982 2287 3122 2341 idem
3177 2286 3270 2340 Dei
3318 2293 3374 2339 et
3417 2282 3650 2336 hominis

2072 2385 2258 2449 Filius,
2291 2384 2342 2437 in
2387 2384 2613 2437 veritate
2640 2382 2863 2435 duarum
2912 2389 3219 2434 naturarum
3249 2396 3261 2429 :
3296 2377 3348 2429 in
3382 2391 3482 2427 una
3517 2373 3648 2427 sub-

2073 2476 2315 2530 sisteutia
2342 2475 2457 2529 sive
2491 2487 2740 2542 persona,
2772 2471 3061 2524 divinitatis
3091 2468 3338 2523 videlicet
3366 2475 3421 2520 et
3463 2465 3653 2517 huma-

2074 2566 2255 2621 nitatis
2286 2567 2524 2620 unitione
2553 2556 2792 2628 factafut
2823 2580 2887 2617 ex
2934 2562 3141 2615 duabus
3172 2558 3418 2629 perfectis
3448 2556 3656 2611 naturis

2074 2674 2184 2715 non
2224 2658 2331 2711 duo
2362 2656 2500 2721 Filii,
2532 2657 2623 2710 sed
2652 2671 2787 2709 unus
2818 2654 2956 2708 idem
2990 2654 3080 2707 Dei
3111 2660 3164 2706 et
3197 2650 3424 2706 hominis
3468 2648 3659 2711 Filius.

2077 2762 2406 2819 permanens
2458 2747 2598 2815 quod
2654 2756 2801 2811 erat,
2848 2745 3008 2811 erepit
3039 2757 3158 2796 esse
3199 2744 3338 2810 quod
3372 2754 3478 2794 non
3508 2754 3539 2794 e
3572 2746 3658 2803 at,

2078 2843 2204 2895 dttm
2225 2841 2340 2895 sine
2364 2838 2510 2891 initio
2530 2837 2712 2890 mterni
2740 2835 2909 2889 Patris
2936 2833 3104 2887 Filius
3136 2833 3302 2885 factus
3323 2842 3401 2883 est
3428 2828 3660 2883 hominis

2081 2933 2241 2988 ﬁlius.
2270 2930 2389 2984 ldeo
2412 2939 2463 2982 et
2490 2941 2625 2981 unus
2644 2936 2725 2980 est
2753 2925 3005 2978 Dominus
3033 2932 3215 2977 noster
3238 2920 3394 2976 Jesus
3416 2919 3660 2976 Christus

2081 3024 2284 3080 habens
2328 3023 2381 3075 in
2426 3020 2714 3086 semetipso
2762 3017 3140 3085 perfectionem
3186 3012 3380 3068 divinae
3429 3019 3659 3072 naturae,

2082 3127 2134 3171 et
2173 3112 2562 3184 perfectiottem
2593 3110 2836 3162 humana:
2878 3118 3081 3160 natura:
3107 3122 3118 3157 :
3149 3113 3203 3159 et
3229 3112 3311 3158 est
3357 3102 3660 3171 unigenitus

2083 3209 2296 3279 quidem
2324 3221 2393 3262 ex
2424 3205 2597 3259 Verbo
2625 3201 2702 3275 [et
2736 3198 3007 3269 Verbum],
3038 3208 3095 3252 ut
3126 3206 3245 3266 pote
3276 3214 3337 3251 ex
3370 3196 3477 3250 Deo
3505 3196 3660 3248 Patre

2081 3311 2255 3366 natus,
2287 3298 2770 3370 et‘primogenitus
2826 3297 2878 3349 in
2932 3293 3111 3347 multis
3168 3292 3451 3351 fratribus;
3495 3288 3665 3341 Filius

2082 3394 2220 3448 enim
2256 3392 2348 3447 Dei
2402 3391 2543 3445 ﬁlius
2596 3388 2827 3443 hominis
2871 3386 3039 3441 factus
3085 3393 3191 3439 est.
3236 3382 3386 3437 Unde
3427 3390 3482 3436 et
3529 3382 3664 3434 duas

2085 3486 2388 3539 nativitates
2419 3482 2679 3551 ejusmodi
2711 3480 2876 3549 ipsius
2922 3477 3176 3547 unigeniti
3222 3475 3313 3529 Dei
3350 3474 3506 3528 Verbi
3536 3488 3665 3527 cono

2085 3578 2485 3631 ﬁtemurzante
2533 3572 2724 3640 saecula
2758 3570 2970 3640 quidem
3010 3584 3074 3621 ex
3128 3568 3283 3621 Patre
3332 3567 3665 3631 incompara-

2085 3665 2261 3718 biliter
2289 3674 2465 3717 natum
2498 3636 2701 3735 [unam]
2721 3703 2735 3726 ,
2776 3636 2826 3713 in
2856 3659 3057 3712 ultitnis
3098 3667 3275 3712 autem
3303 3656 3493 3709 diebus
3522 3654 3668 3722 ejus-

2084 3757 2206 3810 dem
2260 3756 2426 3821 ipsius
2473 3753 2892 3807 incarnationem
2958 3749 3251 3820 [lnearnati
3296 3743 3554 3814 alteram]
3604 3746 3670 3796 de

2087 3858 2266 3901 sancta
2298 3846 2528 3913 gloriosa
2563 3847 2652 3899 Dei
2701 3844 2955 3915 genitrice
2982 3853 3035 3897 et
3081 3856 3293 3909 semper
3324 3841 3525 3905 virgine
3558 3837 3663 3889 Ma-

2089 3942 2205 4003 ria;
2248 3937 2337 4006 qui
2377 3938 2443 3991 de
2491 3937 2648 3992 Patre
2693 3934 2965 4003 splenduit
3004 3948 3163 4001 supra
3211 3931 3563 3992 intellectum,
3598 3932 3663 3982 de

2090 4040 2261 4084 matre
2309 4038 2459 4081 ortus
2486 4036 2569 4081 est
2598 4043 2755 4095 supra
2800 4028 3082 4089 rationem,
3114 4032 3166 4078 et
3193 4038 3313 4078 cum
3365 4023 3501 4075 Deus
3544 4037 3666 4073 vere

2089 4132 2252 4188 esset,
2284 4119 2451 4173 factus
2480 4116 2607 4188 [est]
2648 4131 2772 4172 vere
2820 4118 2997 4170 homo.
3028 4114 3150 4169 Ideo
3197 4114 3407 4183 proprie
3451 4121 3504 4168 et
3543 4129 3667 4168 vere

2091 4214 2183 4270 Dei
2214 4211 2524 4282 genitricem
2556 4219 2794 4265 sanctam
2822 4219 2874 4265 et
2904 4209 3187 4279 gloriosam
3219 4217 3274 4263 et
3312 4222 3525 4275 semper
3551 4207 3662 4262 vir-

2087 4305 2267 4373 ginem
2315 4302 2527 4356 Mariatn
2560 4303 2907 4365 confitemur;
2950 4315 3056 4355 non
3096 4301 3216 4371 quia
3261 4300 3399 4354 Deus
3436 4301 3664 4355 Verbum

2090 4396 2295 4451 initium
2326 4409 2389 4449 ex
2424 4395 2536 4463 ipsa
2576 4394 2810 4462 accepit,
2844 4393 2937 4448 sed
2976 4394 3117 4461 quod
3164 4394 3214 4447 in
3246 4394 3451 4448 ultimis
3477 4395 3666 4449 diebus

2092 4488 2391 4557 unigenitus
2423 4487 2561 4541 Deus
2592 4486 2853 4549 Verbum,
2881 4487 2968 4555 qui
3016 4495 3141 4540 ante
3184 4487 3381 4541 stecula
3412 4497 3547 4553 erat,
3580 4486 3663 4544 in-

398 4570 629 4623 dicimus
656 4581 913 4668 tre—ternum
963 4571 1204 4637 Patrem,
1232 4581 1491 4627 aeternum
1538 4573 1729 4628 Filium
1760 4575 1984 4630 demon-
2015 4608 2066 4668 Ι)
2093 4588 2342 4636 carnatus
2382 4595 2449 4634 ex
2498 4581 2608 4649 ipsa
2660 4578 3059 4633 immutabiliter
3104 4577 3463 4652 [mirabiliter]
3510 4581 3670 4634 homo

399 4671 656 4715 stramus.
688 4661 821 4715 Nam
876 4662 920 4717 si
978 4677 1083 4718 non
1134 4664 1432 4719 invenimus
1478 4665 1691 4719 initium
1747 4668 1986 4722 vocabuli

402 4755 564 4823 hujus
594 4758 795 4823 paterni
825 4757 1074 4822 nominis,
1103 4758 1314 4827 quando
1342 4757 1499 4814 Pater
1525 4760 1595 4814 sit
1623 4760 1823 4828 dictus,
1857 4775 1989 4815 con-

401 4863 693 4918 sequenter
732 4851 1030 4905 omenditur
1059 4854 1180 4921 quia
1210 4868 1310 4908 nec
1358 4855 1567 4909 initium
1620 4855 1782 4924 geniti
1833 4869 1990 4923 repe-

402 4941 597 4993 rimus.
644 4942 998 4995 Obsecramus
1063 4951 1119 4996 ut
1166 4944 1321 4997 detur
1382 4944 1535 4999 nobis
1596 4946 1729 4998 ratio
1781 4944 1993 5014 quando

404 5031 569 5085 Pater
599 5035 699 5086 hoc
728 5034 1064 5102 Vocabulum,
1097 5046 1152 5088 ut
1203 5036 1359 5089 Pater
1393 5037 1737 5101 vocitaretur,
1767 5039 1993 5091 sortitus

406 5136 495 5179 est
522 5142 537 5178 :
570 5126 613 5179 si
646 5125 697 5179 in
730 5135 992 5193 tempore,
1021 5128 1065 5181 si
1096 5139 1246 5181 extra
1277 5138 1507 5197 tempus,
1542 5128 1683 5182 dicat
1718 5129 1871 5183 nobis
1900 5129 1997 5182 ali-

407 5217 534 5283 quis
588 5217 807 5287 quando
855 5218 1097 5285 primitus
1125 5219 1352 5288 carperit
1380 5219 1676 5287 appellari:
1712 5228 1765 5273 et
1808 5217 1850 5272 si
1899 5234 1995 5286 po-

412 5310 575 5361 tuerit
609 5309 708 5363 hoc
737 5310 1057 5380 approbare,
1088 5312 1228 5363 nulla
1269 5310 1371 5365 erit
1399 5311 1641 5365 dubietas
1685 5326 1746 5365 ex
1777 5310 1865 5363 illo
1897 5310 2000 5363 ini-

415 5402 494 5455 tio
541 5404 745 5468 paterni
798 5404 1030 5458 nominis
1080 5403 1270 5457 Filium
1321 5405 1525 5458 initium
1574 5404 1842 5472 accepisse
1894 5418 2000 5471 quo

416 5501 567 5559 pater
595 5493 899 5549 nominatus
919 5504 1019 5548 est.
1051 5494 1117 5548 Et
1146 5495 1190 5550 si
1216 5494 1492 5559 defecerit,
1524 5495 1630 5549 imo
1656 5494 1774 5563 quia
1801 5493 2002 5559 deﬁcit,

418 5600 520 5639 nec
551 5589 744 5654 poterit
771 5589 1089 5657 approbare,
1121 5604 1218 5644 nec
1242 5590 1372 5644 dare
1402 5589 1609 5643 initium
1652 5587 1861 5658 paterni
1908 5604 2004 5642 no-

418 5678 602 5742 minis,
632 5682 843 5747 quando
877 5680 1030 5735 Pater
1068 5697 1187 5737 esse
1226 5683 1490 5750 cmperit:
1534 5683 1845 5749 proﬁteatur
1877 5697 2005 5751 ergo

421 5771 698 5825 nobiscum
731 5783 969 5828 sanctam
1020 5776 1337 5829 Trinitatem
1391 5776 1799 5831 coessentialem
1850 5785 2007 5845 atque

422 5864 932 5923 consubstantialem
986 5880 1083 5923 nec
1127 5866 1335 5924 Patrem
1367 5876 1495 5923 ante
1539 5866 1752 5935 Filium,
1784 5881 1882 5924 nec
1927 5868 2009 5923 Fi-

2096 4672 2265 4727 factus
2306 4679 2407 4735 est,
2436 4679 2490 4724 et
2518 4683 2638 4723 cum
2677 4668 2955 4723 invisibilis
2987 4669 3040 4723 in
3084 4670 3193 4725 suis
3242 4680 3415 4735 esset,
3451 4672 3670 4725 visibilis

2096 4762 2266 4817 factus
2296 4772 2376 4817 est
2402 4764 2453 4816 in
2484 4762 2709 4825 nostris;
2739 4769 2793 4815 et
2821 4775 2940 4815 cum
2973 4761 3310 4829 impassibilis
3343 4764 3478 4815 Deus
3505 4772 3670 4825 esset,

2098 4869 2202 4908 non
2234 4854 2550 4921 dedignatus
2579 4863 2661 4906 est
2699 4852 2963 4920 passibilis
3012 4853 3171 4907 homo
3210 4868 3347 4917 esse,
3378 4862 3431 4905 et
3459 4834 3715 4905 immor-'

2099 4945 2239 5007 talis,
2272 4943 2455 4997 mortis
2505 4944 2704 5013 legibus
2751 4943 3050 5013 subjacere.
3085 4943 3259 5012 Ipsum
3290 4951 3463 4996 autem
3499 4941 3667 5013 Deum

2098 5046 2154 5093 et
2201 5037 2499 5101 Dominum,
2530 5036 2622 5106 qui
2655 5036 2706 5090 in
2757 5035 3066 5093 Bctblehcm
3116 5034 3407 5091 secundum
3452 5049 3673 5090 carnem

2099 5140 2255 5183 natus
2301 5139 2403 5196 est,
2442 5137 2497 5183 et
2543 5128 2731 5182 similis
2780 5129 2947 5183 factus
2987 5139 3068 5182 est
3124 5126 3428 5181 hominibus
3472 5128 3675 5196 absque

2103 5230 2341 5290 peccato,
2374 5228 2430 5275 et
2459 5220 2744 5275 crucifixus
2771 5230 2854 5275 est
2885 5233 2980 5288 pro
3024 5219 3328 5272 hominibus
3355 5219 3454 5274 sub
3490 5218 3679 5273 Pontio

2104 5313 2291 5376 Pilato,
2326 5316 2497 5380 ipsum
2551 5312 2870 5367 conﬁtemur
2916 5310 3116 5375 Deum,
3154 5309 3325 5378 ipsum
3380 5310 3683 5376 hominem,

2104 5403 2277 5469 ipsum
2311 5403 2504 5457 Filium
2540 5403 2659 5468 Dei,
2704 5403 2873 5468 ipsum
2906 5400 3077 5453 filium
3124 5399 3378 5465 hominis,
3425 5402 3593 5470 ipsum
3622 5402 3691 5457 de

2106 5496 2274 5561 ctelo,
2323 5495 2496 5563 ipsum
2539 5495 2607 5548 de
2657 5503 2835 5548 terra:
2867 5493 3035 5560 ipsum
3072 5493 3471 5561 impassibilem,
3514 5494 3689 5562 ipsum

2110 5589 2436 5658 passibilem.
2472 5588 2635 5642 Deum
2675 5586 2817 5641 enim
2851 5601 3033 5640 verum
3074 5586 3237 5658 [Deus
3279 5588 3423 5641 enim
3472 5585 3690 5660 verus],

2110 5682 2197 5750 qui
2231 5690 2387 5734 natus
2416 5689 2591 5733 estex
2625 5677 2735 5731 Deo
2776 5676 2932 5733 Patre
2976 5677 3333 5743 ineffabiliter,
3365 5678 3690 5733 inenarrabi-

2112 5774 2252 5837 liter,
2302 5770 2939 5839 ineontprehensibiliter,
2984 5772 3097 5840 ipse
3145 5772 3199 5825 in
3247 5780 3488 5841 tempore
3539 5784 3693 5826 natus

2110 5872 2192 5919 est
2222 5864 2287 5919 de
2317 5870 2500 5919 sancta
2550 5861 2751 5932 virgine
2783 5860 2971 5932 Maria,
3003 5862 3142 5919 idem
3181 5862 3293 5933 ipse
3328 5862 3579 5919 Dominus
3607 5875 3697 5913 no-
