4008 6176
336 344 359 396 f
368 343 471 398 359

1874 334 2027 392 ΥΙΤΛ

3450 340 3591 394 1270

328 464 667 527 tempestate,
696 455 763 508 de
805 456 905 527 vita
953 453 1314 527 despegintes,
1344 456 1523 509 omnia
1571 469 1689 524 quin
1728 456 1893 509 babe-
1920 456 1967 514 Α
1998 455 2138 509 nitus
2163 456 2279 513 illos
2308 460 2453 513 verbi
2484 456 2572 513 Dci
2591 466 2981 526 contemptores
3007 456 3282 511 subsecuta
3302 466 3404 512 est.
3433 457 3583 514 Unde

331 522 458 585 bant
500 528 769 597 jactabant
817 526 868 578 in
919 538 1082 597 mare.
1114 522 1263 579 Tunc
1309 540 1493 581 omnes
1544 522 1754 597 servum
1806 527 1897 585 Dei

330 595 630 655 Amandum
693 595 1242 665 deprecabantur,rut
1276 612 1389 665 per
1440 596 1733 651 orationem
1784 598 1898 665 ejus

333 671 473 724 Deus
504 668 625 723 illos
665 665 733 718 de
764 665 948 716 mortis
981 664 1210 729 periculo
1251 664 1518 720 liberaret.
1554 669 1620 719 At
1658 667 1745 719 ille
1772 664 1898 722 con-

328 743 513 794 solans
528 751 642 799 eos,
662 736 881 789 verbum
908 733 998 787 Dei
1022 734 1317 803 intrepidus
1347 736 1680 802 praedicabat.
1708 736 1898 791 Beatus

328 826 459 862 vero
488 807 758 876 apostolus
801 808 915 858 viro
967 803 1057 858 Dei
1101 805 1344 876 Amando
1373 806 1636 872 apparuit,
1667 806 1850 861 dicens
1881 824 1896 862 :

329 880 445 933 Noli
480 874 693 940 timere;
728 890 829 927 non
862 876 1002 927 enim
1036 874 1231 942 peribis
1261 883 1313 927 tu
1344 884 1397 928 et
1422 876 1508 943 qui
1542 883 1713 929 tecum
1749 888 1894 933 sunt.

335 949 501 1003 Facto
527 957 703 1001 autem
732 959 887 999 mane
909 944 1110 998 reddita
1132 957 1211 998 εει
1236 946 1586 1012 tranquillitas
1614 960 1822 1015 magna,
1846 957 1898 1003 et

328 1034 516 1072 omnes
545 1018 611 1069 ad
639 1022 850 1084 portum
884 1015 1176 1071 incolumes
1206 1024 1575 1082 pervenerunt.

401 1089 452 1142 6.
495 1083 790 1140 Transiicto
834 1094 1009 1137 autem
1058 1083 1329 1152 aliquanto
1386 1092 1655 1207 tempore,
1698 1086 1899 1141 audivit

401 1169 545 1207 nctus
577 1155 848 1207 Amandus
889 1167 1008 1206 esse
1051 1155 1103 1207 in
1148 1154 1446 1207 confinibus
1538 1166 1814 1207 rancoruin
1845 1168 1899 1207 et

328 1169 545 1211 sanctus
577 1155 848 1210 Amandus
889 1167 1008 1206 esse
1051 1155 1103 1207 in
1148 1154 1446 1208 confinibus
1494 1154 1814 1209 Francorum
1845 1168 1899 1210 et

328 1227 607 1295 gentilium
635 1239 796 1295 unum
818 1224 1107 1295 pagellum,
1135 1223 1286 1292 cujus
1314 1224 1626 1295 vocabulum
1654 1235 1737 1279 est
1758 1226 1900 1280 Gau-

326 1291 483 1361 ilens,
506 1297 654 1365 juxta
687 1293 926 1365 Sotaldis
946 1291 1138 1365 fluenta
1162 1308 1177 1346 :
1204 1291 1295 1362 qui
1323 1303 1540 1365 promer
1568 1293 1893 1350 ferocitatem

325 1361 593 1434 gentis'et
638 1372 797 1418 terra:
848 1361 1337 1434 infecunditatem,‘
1365 1364 1703 1434 praedonibus
1746 1364 1900 1421 dere-

329 1433 486 1490 fictus
512 1444 614 1494 est.
647 1434 740 1488 sed
776 1434 1023 1500 profanus
1050 1441 1103 1485 et
1144 1433 1461 1487 idololatria:
1508 1433 1739 1489 deditus.
1775 1435 1901 1488 Pro-

327 1518 510 1572 pterea
537 1504 807 1559 Amandus
831 1501 1078 1572 exposuit
1106 1517 1164 1554 se
1193 1503 1449 1571 periculo,
1483 1515 1537 1556 ut
1571 1504 1898 1559 habitatores

328 1571 431 1631 loci
460 1575 601 1629 illius
624 1588 652 1625 a
687 1574 873 1639 laqueo
894 1571 1383 1643 diaboliliberaret,
1415 1582 1468 1627 et
1490 1575 1599 1643 Deo
1625 1576 1758 1629 duce
1781 1576 1902 1630 illuc

328 1645 581 1713 perrexit,
610 1644 699 1698 ubi
729 1644 925 1697 multas
950 1642 1312 1713 tribulationes
1340 1659 1435 1713 pro
1465 1642 1677 1698 nomine
1706 1645 1897 1699 Christi

328 1712 613 1783 perpessus
640 1721 742 1775 est,
770 1721 826 1783 et
862 1712 1020 1783 sociis
1059 1712 1170 1766 suis
1217 1712 1431 1781 propter
1471 1714 1701 1780 inopiam
1733 1716 1901 1769 viitus

2007 538 2099 594 per
2149 528 2416 583 biennium
2466 526 2730 595 inopinata
2790 527 3089 596 pestilentia
3140 539 3311 582 castra
3365 527 3578 583 deserta

2002 605 2148 663 sunt.
2178 612 2356 653 vacuae
2387 600 2594 663 domus,
2628 598 2737 663 agri
2769 598 2821 651 in
2841 596 3173 651 solitudinem
3210 598 3406 651 redacti
3436 610 3578 653 sunt.

2004 660 2278 737 Perillam
2310 683 2519 723 omnem
2564 660 2853 737 regionem,
2890 668 2976 721 ubi
3011 669 3299 735 praedicare
3344 667 3457 735 ipse
3487 684 3576 723 vo-

2005 736 2129 818 luit,
2153 752 2285 858 pene
2323 740 2459 793 ullus
2488 736 2743 792 remansit
2777 740 2865 807 qui
2915 737 3030 805 ejus
3062 737 3420 803 praedicationi
3451 751 3579 793 cono

2005 815 2195 858 trartus
2243 811 2335 858 uit.

2001 811 2195 860 trarius
2223 811 2335 862 fuit.

2074 876 2161 929 ll.
2190 877 2311 930 Post
2342 878 2566 941 spatium
2596 893 2721 931 vero
2752 875 3030 943 temporis,
3062 876 3287 929 visitatis
3328 876 3578 931 fratribus

1999 945 2190 1013 quibus
2218 962 2309 1013 per
2336 949 2572 1000 diversas
2597 946 2892 1010 provincias
2914 946 3233 999 monasteria
3252 955 3305 1000 et
3320 947 3574 1001 ecclesias

2000 1017 2259 1084 regendas
2312 1018 2823 1078 commendaverat,
2866 1015 3072 1069 audivit
3122 1030 3241 1069 esse
3296 1016 3575 1084 quamdam

1996 1095 2208 1151 gentem
2258 1086 2639 1142 ferocissimam
2695 1099 2877 1140 errore
2925 1084 3232 1151 deceptam,
3273 1101 3391 1153 qua:
3438 1102 3577 1141 nunc

2004 1154 2261 1209 Vasconia
2286 1156 2599 1226 appellatur.
2631 1157 2759 1226 Qun}
2780 1162 2913 1221 gens
2935 1168 3029 1226 per
3056 1154 3221 1207 saltus
3268 1155 3575 1223 Pyrenmos,

1999 1240 2095 1294 per
2150 1223 2335 1294 aspera
2362 1223 2433 1282 et
2474 1227 2611 1280 invia
2652 1223 2837 1279 diffusa
2888 1232 2969 1277 est
3019 1224 3166 1294 loca:
3217 1240 3333 1292 qua:
3378 1226 3581 1279 crebris

1999 1292 2389 1364 eruptionibus,
2442 1296 2706 1366 pugnandi
2757 1294 3015 1366 agilitate,
3063 1292 3395 1366 Francorum
3448 1294 3581 1349 fines

2001 1363 2157 1434 longe
2210 1367 2423 1434 lateque
2447 1363 2729 1421 vastando
2758 1363 3029 1434 contrivit.
3062 1363 3189 1434 Illuc
3220 1364 3397 1427 itaque
3423 1378 3579 1417 causa

2004 1431 2393 1502 praedicationis
2420 1437 2665 1501 accessit,
2697 1444 2754 1488 ut
2773 1447 2866 1502 eos
2888 1433 2954 1487 ab
2982 1431 3282 1486 idololatria
3304 1443 3357 1485 et
3383 1435 3582 1497 rapinis

2000 1501 2053 1559 et
2101 1521 2131 1559 a
2189 1505 2395 1561 fallacia
2447 1506 2603 1573 hujus
2641 1501 2819 1559 mundi
2863 1503 3112 1569 eriperet.
3171 1504 3300 1557 Cum
3354 1504 3581 1569 quadam

2002 1586 2177 1630 autem
2234 1576 2322 1631 die
2368 1572 2695 1643 praedicaret,
2747 1587 2969 1643 surgens
3007 1586 3142 1626 unus
3183 1588 3247 1627 ex
3275 1572 3373 1635 eis,
3408 1575 3585 1627 verbis

2006 1645 2132 1699 risui
2195 1642 2379 1713 aptis,
2447 1642 3039 1715 Evangelinm-Christi
3100 1650 3151 1715 et
3214 1656 3424 1697 servum
3492 1643 3582 1715 Dei

2006 1717 2303 1770 Amandum
2338 1713 2668 1770 detrahendo
2692 1713 2879 1776 irrisit,
2909 1720 2962 1765 et
2990 1713 3238 1779 populum
3273 1722 3391 1780 post
3418 1713 3583 1766 scilla

326 1798 381 1839 et
407 1781 703 1856 vestimenti
725 1782 791 1836 ad
818 1782 1025 1856 propria
1047 1785 1426 1856 remeantibus,
1450 1784 1596 1839 solus
1620 1787 1897 1839 remansit:
1934 1797 1977 1856 Β
2008 1801 2138 1839 vana
2186 1787 2364 1840 laetitia
2415 1785 2652 1840 attraxit.
2715 1783 2909 1856 Eadem
2953 1781 3102 1856 liora,
3147 1782 3319 1856 divina
3359 1782 3582 1856 ultione,

326 1868 375 1907 et
412 1855 625 1923 propria
656 1868 815 1906 manu
854 1854 1048 1906 molam
1084 1854 1348 1923 vertebat,
1389 1865 1442 1909 et
1485 1868 1673 1922 panem
1720 1857 1901 1913 cinere

328 1922 572 1988 niistum,
617 1938 776 1992 quem
824 1922 1327 1993 edebat,_faciebat.
1362 1925 1515 1993 Saepe
1560 1924 1721 1978 etiam
1770 1925 1898 1979 dum

328 1996 447 2048 fana
477 1988 802 2057 destruebat,
832 2007 861 2045 a
886 1988 1098 2046 feminis
1140 1992 1371 2057 virisiiue
1404 1988 1685 2062 percussus
1714 1994 1767 2047 in
1800 1996 1899 2048 ﬂii-

327 2067 472 2118 mine
493 2063 952 2133 jactus.Captivos
982 2075 1155 2115 tamen
1180 2064 1524 2117 nihilominus
1551 2065 1617 2117 de
1643 2064 1897 2121 servitute

326 2135 619 2198 redimens,
650 2133 716 2187 ad
746 2133 990 2199 baptismi
1020 2134 1241 2201 gratiam
1278 2134 1541 2197 perduxit.

399 2207 453 2258 7.
497 2204 628 2258 Dum
660 2214 837 2258 autem
868 2203 1095 2271 quadam
1126 2202 1212 2255 die
1242 2204 1305 2257 ad
1340 2204 1662 2259 Francorum
1694 2206 1894 2260 curiam

324 2276 503 2329 cultor
534 2274 628 2328 Dei
655 2274 927 2327 Amandus
956 2272 1270 2338 adveniens,
1302 2285 1358 2328 ut
1390 2274 1607 2327 Francis
1640 2275 1689 2326 in
1735 2291 1895 2329 unum

328 2344 666 2398 venientibus
711 2342 1053 2411 Evangeliutn
1088 2343 1416 2408 praedicaret,
1446 2344 1785 2397 adduxerunt
1823 2347 1895 2399 illi

322 2415 553 2469 comites
594 2428 754 2467 unum
784 2414 1016 2467 vinctum
1056 2413 1392 2477 semivivum,
1420 2415 1747 2481 gravissimis
1778 2419 1896 2470 vul-

323 2485 547 2540 neribus
576 2497 903 2554 percussum.
938 2484 1261 2554 Deprecatus
1289 2494 1369 2537 est
1403 2484 1483 2537 vir
1511 2485 1599 2539 Dei
1633 2500 1726 2549 pro
1757 2486 1894 2554 ipso,

325 2570 383 2608 ut
434 2555 737 2623 religiosam
782 2552 941 2607 vitam
991 2553 1231 2617 haberet,
1260 2555 1303 2608 si
1334 2554 1401 2608 de
1441 2554 1544 2607 illis
1593 2552 1899 2612 vulneribus

323 2625 556 2679 evadere
593 2624 885 2692 potuisset:
914 2623 1148 2691 nihilque
1180 2625 1349 2690 potuit
1375 2640 1495 2679 enm
1538 2624 1628 2678 illo
1661 2626 1898 2694 principe

320 2696 894 2765 oi:tinere;jussitque
943 2708 1126 2747 comes
1172 2694 1321 2748 illum
1352 2697 1619 2748 hominem
1652 2696 1703 2748 in
1755 2695 1898 2765 ligno

321 2765 599 2831 suspendi.
624 2764 787 2835 Igitur
816 2765 1208 2831 suspenderunt
1244 2780 1387 2829 eum,
1416 2764 1897 2835 niortpumquere-

324 2828 673 2903 linquentes:
688 2828 1059 2887 domum—sunt
1089 2835 1308 2890 reversi.
1341 2828 1755 2889 Servus'autem
1804 2828 1896 2891 Dei

324 2905 597 2960 Amandus
638 2903 703 2956 ad
754 2903 984 2972 stipitem
1031 2904 1297 2969 cucurrit,
1341 2915 1395 2959 et
1439 2919 1631 2972 corpus
1672 2904 1787 2973 ejus
1831 2906 1895 2960 ad

324 2990 478 3028 Suam
505 2975 748 3028 cellulam
776 2974 974 3040 portari
1002 2975 1272 3041 praecepit,
1296 2974 1381 3029 ubi
1406 2991 1553 3029 more
1576 2975 1730 3027 solito
1751 2974 1898 3031 solus

323 3047 429 3126 soli
455 3045 563 3126 Deo
594 3059 689 3126 pro
711 3058 771 3098 se
797 3055 851 3126 et
878 3044 1024 3126 omni
1058 3045 1256 3126 papulo
1287 3060 1469 3112 preces
1498 3044 1718 3126 fundere
1759 3048 1898 3126 sole-

325 3116 438 3169 bat.
488 3114 758 3181 Jussitque
810 3115 1002 3168 fratres
1062 3114 1367 3183 quiescere,
1412 3124 1468 3169 et
1509 3116 1713 3171 cellulae
1763 3119 1897 3171 ostia

321 3186 589 3257 claudere.
627 3184 921 3257 Totamque
967 3192 1177 3257 noctem
1218 3184 1537 3257 in‘vigiliis,
1571 3185 1819 3255 lacrymis
1848 3196 1903 3242 et

320 3256 656 3309 orationibus
687 3255 1015 3317 deducens,
1066 3253 1206 3325 facto
1262 3253 1413 3325 signo
1459 3258 1524 3309 ad
1580 3253 1902 3320 matutinas,

323 3341 519 3391 aquam
550 3328 749 3393 portari
779 3325 956 3392 jussit,
986 3340 1147 3393 quam
1175 3324 1368 3381 fratres
1394 3342 1545 3381 more
1577 3326 1807 3380 humano
1837 3328 1903 3382 ad

322 3397 474 3451 illum
516 3396 782 3447 hominem
826 3396 1189 3463 sepeliendum
1220 3398 1479 3464 putabant
1523 3399 1901 3452 necessariam.

324 3468 570 3533 Cumque
600 3466 841 3519 cellulam
890 3467 1113 3519 fuissent
1158 3468 1404 3535 ingressi,
1449 3470 1767 3523 invenerunt
1810 3469 1907 3523 bo—

324 3538 527 3590 minem
558 3536 730 3602 illnm,
765 3551 922 3604 quem
954 3543 1220 3590 mortuum
1266 3537 1597 3603 dimiserant,
1630 3539 1907 3593 sedentem

322 3618 487 3673 atque
520 3606 849 3673 loquentem,
878 3620 1040 3674 super
1066 3621 1173 3676 quo
1204 3606 1488 3674 plurimum
1522 3608 1768 3663 admirari
1799 3624 1909 3662 cm-

326 3686 546 3745 pnrunt.
576 3676 879 3748 ,Amandus
921 3691 1050 3730 vero
1099 3678 1347 3733 manibus
1393 3680 1504 3733 suis
1558 3680 1737 3748 plagas
1794 3680 1910 3732 illas

322 3749 449 3802 oleo
480 3747 639 3811 fovit,
671 3756 725 3801 et
765 3760 979 3800 carnem
1008 3748 1074 3800 ad
1103 3750 1325 3801 alteram
1373 3747 1679 3816 conjunxit,
1708 3760 1761 3803 et
1789 3765 1909 3804 cum

323 3819 535 3872 cmlesti
572 3816 835 3871 medicina
867 3831 1058 3871 sanum
1088 3826 1142 3871 et
1169 3820 1347 3873 vivum
1392 3823 1457 3874 ad
1498 3820 1714 3875 domum
1761 3836 1910 3875 suam

325 3891 405 3942 ire
440 3888 704 3954 permisit.

400 3964 462 4035 ὅ..
512 3959 711 4012 Audito
752 3965 930 4035 autem
970 3964 1118 4035 tanto
1163 3972 1226 4014 ac
1256 3960 1347 4015 tali
1373 3963 1531 4035 facto,
1558 3959 1624 4015 ad
1666 3962 1913 4035 baptismi

325 4028 553 4095 gratiam
611 4038 666 4083 et
722 4028 1058 4101 paenitentia;
1083 4030 1323 4101 lamenta
1372 4032 1595 4101 populus
1644 4034 1915 4101 utriusque

326 4112 493 4153 sexus
515 4112 733 4174 currere
754 4100 934 4174 capit,
967 4098 1185 4174 etidola
1204 4098 1384 4174 atque
1400 4098 1514 4174 fana
1542 4102 1773 4169 ipsorum
1799 4098 1916 4174 igne

324 4171 713 4246 concremavit,
765 4179 819 4246 et
867 4168 919 4221 in
966 4167 1070 4246 illis
1105 4172 1248 4246 locis
1283 4167 1387 4246 _'ubi
1430 4167 1915 4246 inimicnsbumini

326 4238 539 4308 generis
595 4241 901 4308 habitabat,
963 4238 1021 4293 S.
1090 4242 1361 4295 Amandus
1413 4244 1729 4297 monasteria
1784 4260 1914 4299 con-

324 4306 543 4389 struxit,
572 4312 829 4389 ecclesias
851 4306 1107 4389 fundavit,
1135 4324 1189 4368 et
1208 4313 1272 4366 ad
1298 4313 1494 4367 cultum
1522 4314 1717 4389 Christi
1744 4330 1921 4389 popu-

325 4382 438 4503 lﬁm
484 4382 723 4464 induxit,
773 4392 829 4438 et
881 4384 1085 4439 animas
1114 4398 1300 4439 errore
1332 4398 1500 4438 caecas
1539 4385 1655 4439 luce
1683 4382 1919 4441 veritatis

326 4467 342 4503 I
390 4464 667 4503 uminavtt.

326 4464 667 4507 tttuminavtt.

400 4522 456 4577 9.
491 4522 690 4579 Deinde
720 4534 864 4579 trans
896 4522 1209 4592 Danubium,
1241 4524 1307 4578 ad
1352 4534 1521 4581 terras
1556 4524 1641 4579 ubi
1675 4523 1918 4581 Christus

328 4609 438 4668 non
469 4596 859 4656 nominabatur,
920 4594 1499 4668 pra-dicareperrexit,
1560 4596 1625 4649 ad
1677 4599 1917 4668 martyrii

329 4667 565 4733 palmam
588 4669 773 4737 animo
801 4679 1143 4737 praeparatus,
1193 4666 1283 4720 tibi
1314 4665 1477 4721 libera
1518 4682 1647 4721 voce
1678 4665 1918 4737 Evange-

330 4737 467 4807 liunt
520 4736 708 4807 salutis
751 4739 1043 4805 praedicans
1072 4736 1301 4807 aliquos,
1326 4738 1391 4791 ad
1422 4739 1665 4804 baptismi
1695 4736 1915 4807 gratiam

329 4805 590 4877 adduxit;
618 4806 710 4861 sed
752 4807 925 4860 adhuc
960 4808 1191 4876 peccatis
1220 4806 1554 4877 exigentibus
1579 4809 1667 4862 alii
1698 4805 1914 4864 verbum

327 4876 425 4930 Dei
456 4878 637 4931 audire
665 4880 963 4932 noluerunt.

407 4945 495 5019 tu.
547 4947 639 5001 llis
677 4949 854 5017 itaque
900 4949 1087 5017 gestis,
1139 4949 1363 5019 contigit
1400 4959 1455 5002 ut
1496 4948 1913 5013 'f‘rajcctensium

328 5017 615 5086 episcopus
664 5031 982 5074 moreretur.
1014 5020 1162 5074 Tunc
1190 5022 1269 5075 vir
1295 5017 1395 5075 Dei
1434 5021 1703 5073 Amandus
1731 5034 1759 5071 a
1794 5034 1916 5087 rege

326 5099 569 5149 coactus,
601 5100 653 5141 et
674 5104 703 5141 a
730 5091 1092 5145 sacerdotibus
1112 5090 1311 5159 jussus,
1338 5100 1391 5145 et
1410 5105 1440 5143 a
1474 5091 1666 5159 pupulo
1693 5089 1914 5153 electus,

329 5159 753 5226 Trajectensiuin
778 5162 1069 5215 Ecclesiam
1110 5162 1392 5228 regendam
1423 5162 1675 5227 susi-epit.
1706 5159 1913 5223 Castra,

329 5233 502 5294 vicos,
530 5232 681 5285 villas
702 5233 1038 5295 circumiens,
1064 5230 1420 5298 praedicando,
1443 5230 1731 5299 arguendo,
1762 5230 1919 5285 obse-

328 5303 557 5369 crando,
588 5316 682 5370 per
713 5302 995 5357 triennium
1020 5304 1154 5355 viam
1175 5300 1264 5355 Dei
1292 5301 1485 5371 populo
1501 5302 1915 5371 demonstrabat,

330 5371 593 5440 multique
621 5372 686 5426 ad
717 5373 852 5426 viam
884 5374 1210 5442 pmuitentia:
1238 5370 1375 5426 sunt
1413 5370 1674 5442 conversi.
1724 5372 1915 5425 Sacer-

326 5442 490 5495 dotes
544 5458 672 5497 vero
712 5452 764 5498 ct
803 5440 972 5497 levita:
1017 5443 1290 5508 vocabulo,
1349 5456 1452 5495 non
1495 5440 1651 5494 officii
1701 5443 1912 5508 merito,

328 5514 510 5567 virum
562 5512 656 5568 Dei
698 5513 1094 5583 praedicantem,
1135 5524 1188 5568 et
1220 5514 1297 5567 eis
1322 5514 1459 5566 viam
1480 5511 1662 5565 salutis
1690 5510 1916 5583 demon-

329 5593 619 5652 strantem,
652 5581 835 5639 audire
850 5593 1302 5651 contempserunt.
1326 5584 1550 5639 Sanctus
1570 5594 1697 5652 vero
1725 5581 1918 5636 Aman-

332 5658 440 5707 dus
467 5650 691 5710 excusso
717 5656 929 5723 pulvere
974 5670 1003 5707 a
1058 5650 1277 5724 pedibus
1319 5656 1447 5718 suis,
1476 5652 1529 5706 in
1559 5650 1915 5724 testimonium

333 5727 444 5779 illis
474 5727 523 5778 in
557 5726 893 5781 solitudinem
932 5722 1187 5793 perrexit,
1233 5724 1409 5791 ibique
1452 5725 1503 5777 in
1550 5736 1706 5790 parva
1749 5722 1916 5777 insula

333 5795 607 5862 aliquanto
629 5805 865 5866 tempore
896 5795 1171 5855 habitavit.
1198 5796 1383 5865 lugens
1413 5803 1584 5849 autem
1610 5794 1757 5863 plaga
1779 5793 1914 5849 divi-

2005 1856 2225 1924 angelus
2275 1858 2487 1911 Satanae
2534 1852 3037 1924 miseruminvasit,
3086 1854 3376 1919 statimque
3402 1854 3578 1924 omnia

2004 1921 2240 1981 membra
2268 1926 2381 1995 ejus
2412 1925 2695 1995 contraxit,
2727 1932 2781 1976 et
2801 1921 2938 1995 inter
2956 1936 3139 1995 ptenas
3166 1924 3426 1995 confitens
3442 1922 3581 1990 quod

2006 1995 2127 2047 ideo
2145 1990 2444 2062 patiebatur
2460 2036 2475 2060 ,
2500 1994 2621 2061 quia
2643 2007 2854 2048 servum
2877 1990 2969 2046 Dei
2995 1991 3294 2046 Amandum
3322 1992 3580 2056 irriserat,

2003 2063 2374 2121 miserabiliter
2394 2064 2705 2133 exspiravit.

2072 2134 2161 2188 12.
2208 2136 2285 2191 De
2314 2130 2509 2191 finibus
2548 2144 2721 2188 autem
2774 2132 3072 2187 Vasconum
3105 2131 3404 2200 egrediens,
3456 2130 3585 2184 dum

1999 2205 2064 2258 ad
2088 2207 2360 2260 civitatem
2385 2205 2665 2275 quamdam
2689 2203 3238 2275 venisset,episc0pns
3268 2201 3408 2255 illius
3439 2202 3585 2275 illum

2000 2279 2253 2345 suscepit,
2300 2286 2355 2330 et
2398 2268 2493 2345 pro
2518 2274 2825 2345 reverentia
2850 2268 3245 2345 hospitalitatis,
3296 2286 3485 2345 aquam
3518 2268 3584 2325 ad

2005 2341 2287 2400 lavandum
2346 2341 2535 2400 manus
2582 2355 2769 2399 sancto
2800 2341 3043 2396 Amando
3070 2342 3282 2404 detulit,
3319 2341 3585 2409 iussitque

2000 2416 2246 2471 ministro
2267 2427 2323 2470 ut
2352 2417 2518 2484 ipsam
2545 2428 2733 2482 aquam
2763 2421 3021 2467 servaret.
3084 2413 3210 2465 Erat
3251 2422 3428 2484 autem
3480 2412 3589 2465 illic

2002 2485 2184 2555 homo,
2214 2488 2303 2555 qui
2336 2481 2792 2555 lumenamiserat
2822 2484 3139 2555 oculorum:
3184 2483 3267 2555 cui
3304 2481 3589 2555 episcOpus

2000 2553 2091 2612 ille
2110 2558 2212 2611 ait:
2235 2551 2302 2611 'Si
2332 2557 2496 2610 babes
2520 2553 2699 2618 fidem,
2730 2552 2888 2607 crede
2917 2560 2972 2606 et
3002 2552 3115 2604 lava
3145 2553 3328 2605 oculos
3376 2562 3494 2604 tuos
3536 2551 3588 2604 in

2001 2626 2087 2679 illa
2118 2642 2249 2692 aqua
2278 2627 2329 2679 in
2361 2641 2463 2694 qua
2488 2622 2756 2679 Amandus
2779 2623 2905 2694 lavit
2927 2635 3114 2675 manus
3140 2636 3283 2694 suas,
3311 2631 3362 2675 et
3409 2620 3586 2694 lumen

1999 2690 2249 2763 recipies.
2285 2690 2524 2764 Cumque
2550 2694 2765 2748 lavisset
2792 2693 2999 2757 oculos,
3028 2690 3200 2761 aperti
3223 2701 3349 2745 sunt
3373 2690 3513 2746 oculi
3534 2701 3592 2744 ut

2000 2765 2207 2820 videret
2235 2766 2403 2820 clare.

2074 2836 2161 2890 l5.
2205 2834 2536 2891 Venerabilis
2580 2842 2758 2887 autem
2813 2830 2991 2886 senior
3032 2831 3324 2896 Amandus,
3376 2829 3593 2886 Christo

2000 2905 2135 2960 duce
2175 2913 2470 2968 revertens,
2504 2903 2555 2957 iti
2599 2913 2865 2957 extremas
2892 2901 3221 2971 Francorum
3252 2902 3500 2971 regiones
3533 2915 3592 2955 se

2000 2976 2251 3043 direxit,
2320 2975 2533 3044 egitque
2596 2972 2789 3027 ibidem
2860 2970 3289 3044 praedicationem
3324 2970 3589 3044 apertam

2001 3039 2246 3116 propter'
2274 3039 2469 3099 Christi
2531 3057 2763 3116 nomen,_
2791 3049 2848 3116 et
2888 3054 3004 3116 per_
3020 3039 3263 3116 diversas
3294 3042 3592 3108 provincias

2008 3110 2201 3171 inultas
2249 3129 2533 3184 perpessus
2561 3123 2644 3168 est
2665 3183 2675 3184 ί
2694 3110 3378 3184 injuriasLConstruxitque
3405 3124 3591 3184 caeno—

2007 3186 2171 3247 bium,
2196 3180 2415 3240 et‘sic'ut
2446 3192 2625 3254 pastor
2653 3182 2787 3254 filios
2828 3182 2879 3254 in
2909 3180 3121 3254 Christo
3150 3181 3386 3254 quotidie
3414 3181 3591 3235 verbis

2005 3257 2201 3312 divinis
2232 3250 2522 3315 instruens,
2544 3252 2805 3321 quosdam
2845 3251 3065 3307 docebat
3099 3251 3287 3315 verbo,
3313 3250 3444 3304 alios
3469 3265 3593 3319 pro-

2004 3327 2418 3398 prioerudiebat
2440 3324 2708 3398 exemplo.

2082 3395 2167 3452 14.
2200 3397 2440 3463 Quadam
2480 3396 2567 3450 die
2594 3392 2870 3448 Dominica
2911 3391 3037 3447 dum
3069 3399 3286 3447 sanctus
3316 3390 3592 3463 Amandus

2008 3461 2264 3523 Palatinis
2296 3466 2605 3535 proceribus
2654 3463 3015 3535 pradicasset,
3046 3470 3262 3535 rogatus
3284 3462 3359 3535 ab
3387 3461 3595 3535 episco-

2008 3540 2091 3608 pis
2120 3549 2172 3594 et
2216 3553 2242 3590 a
2270 3532 2393 3604 rege
2434 3534 2734 3608 Dagoberto
2758 3533 3038 3608 missarum
3070 3533 3327 3608 solemnia
3358 3532 3596 3587 celebra-

2009 3601 2114 3662 vit:
2148 3608 2294 3662 finita
2319 3601 2448 3661 vero
2478 3601 2738 3669 oratione,
2790 3601 3036 3672 privatim
3060 3602 3384 3669 colloquium
3413 3618 3441 3657 a
3470 3616 3597 3673 rege

2010 3680 2267 3735 secretius
2319 3677 2557 3746 expetiit,
2606 3676 2884 3746 ipsumque
2930 3688 3108 3741 regem
3162 3673 3233 3746 de
3282 3674 3597 3746 capitalibns

2010 3750 2325 3805 criminibus
2357 3743 2583 3816 arguere
2613 3743 2938 3816 cmpitJtes
2968 3758 3096 3816 vero
3128 3743 3292 3816 typho
3318 3743 3598 3816 superbiae

2012 3824 2202 3887 elatus,
2256 3811 2446 3872 verba'
2471 3817 2569 3870 viri
2613 3811 2712 3887 Dei
2745 3814 2929 3887 audire
2978 3811 3167 3880 noluit,
3196 3811 3484 3887 sediratns
3517 3818 3599 3887 Ade

2014 3882 2206 3945 finibus
2229 3890 2343 3955 ejus
2365 3888 2512 3942 exire
2532 3886 2710 3952 jussit.
2741 3886 3193 3955 Cumqueservus
3210 3883 3300 3955 Dei
3331 3882 3599 3937 Amandus

2012 3961 2205 4031 gaudio
2239 3953 2472 4031 repletus
2498 3972 2527 4011 a
2573 3962 2860 4031 conspectu
2894 3954 3102 4021 regis...
3126 3953 3198 4031 _ad
3230 3954 3403 4007 locum
3434 3955 3597 4031 mari-

2016 4023 2200 4086 timum
2234 4023 2420 4083 navem
2444 4027 2683 4081 invenire
2710 4023 2893 4080 volens
2923 4024 3185 4094 perrexit,
3216 4032 3269 4077 et
3298 4039 3444 4077 mare
3478 4023 3597 4094 Bri-

2017 4100 2284 4155 tannicum
2319 4099 2544 4153 transire
2575 4096 2739 4149 voluit
2763 4095 2827 4148 ad
2861 4093 3045 4161 gentes
3073 4093 3367 4157 Saxonum,
3414 4103 3469 4146 ut
3520 4093 3597 4145 eis

2017 4171 2361 4238 Evangelium
2386 4167 2720 4237 praedicaret,
2771 4176 2823 4218 et
2854 4162 3365 4238 inperegrinatione
3393 4162 3599 4217 cunctis

2018 4234 2203 4298 diebus
2234 4241 2352 4292 vitae
2372 4234 2481 4294 siue
2514 4249 2824 4303 permanere
2850 4234 3079 4290 volebat.

2091 4310 2177 4366 15.
2211 4312 2330 4364 Post
2364 4311 2477 4363 haec
2508 4302 2599 4362 rex
2620 4315 2900 4374 correptus
2928 4303 3187 4371 febribus,
3208 4302 3416 4371 culpam
3441 4316 3597 4369 quam

2020 4384 2072 4438 in
2127 4383 2297 4434 virum
2329 4378 2418 4433 Dei
2451 4379 2748 4431 Amandum
2786 4373 3135 4431 commiserat
3186 4388 3597 4442 recognoscens,

2026 4453 2168 4506 misit
2210 4451 2452 4505 celeriter
2499 4464 2590 4512 pro
2634 4449 2821 4502 endem
2875 4457 2929 4500 ut
2957 4446 3021 4497 ad
3053 4459 3110 4497 se
3141 4446 3363 4497 rediret:
3408 4457 3599 4513 rogans

1952 4500 2528 4583 οὗὶὶὶιὶίιιῐὲὲξῖιιέίιίί
2558 4500 2876 4585 indulgeret,
2929 4526 2983 4570 et
3031 4515 3194 4568 lilium
3242 4500 3598 4586 Sigebertuum,

2022 4594 2108 4663 qui
2131 4593 2179 4646 ei
2211 4600 2522 4663 natuserat,
2550 4589 2865 4663 baptizaret.
2906 4586 3131 4663 Sanctus
3174 4601 3301 4641 vero
3332 4586 3601 4663 Amandus

2022 4656 2248 4732 benigne
2270 4658 2657 4732 regioll'ensam
2687 4657 2910 4732 remisit,
2927 4658 3019 4732 sed
3048 4656 3237 4732 timens
3259 4658 3602 4732 smenlaribns

2023 4726 2249 4800 negotiis
2279 4726 2560 4799 implicari,
2585 4728 3101 4800 piterutnhaptizare
3130 4726 3372 4796 primitus
3403 4726 3599 4800 renuit,

2021 4796 2118 4859 sed
2143 4796 2369 4857 tandem
2388 4814 2482 4868 per
2504 4796 2742 4853 sanctum
2788 4796 3013 4864 Eligium
3045 4808 3097 4852 et
3122 4806 3365 4851 sanctum
3390 4796 3600 4868 Andoc-

2022 4889 2172 4941 num,
2194 4872 2285 4942 qui
2319 4866 2442 4924 tunc
2475 4870 2537 4942 _in
2582 4870 2726 4924 curia
2774 4870 2917 4938 regis
2946 4869 3328 4942 morabantur,
3358 4866 3602 4942 precibns

2019 4955 2074 4998 et
2097 4936 2344 4997 instantia
2368 4939 2652 5011 ﬂagitatus,
2686 4936 2907 5009 puerum
2936 4940 3097 4993 filium
3120 4938 3260 5006 regis
3290 4936 3602 5011 baptizavit.

2021 5014 2214 5069 Finitis
2262 5028 2392 5067 vero
2442 5006 2701 5065 collectis
2722 5018 2779 5066 et
2827 5011 3154 5065 Orationibus
3200 5006 3506 5061 catecbismi
3550 5016 3605 5059 et

2020 5084 2295 5153 baptismi,
2335 5081 2539 5136 cunctis
2591 5080 3132 5153 tacentibuspinfans
3163 5075 3432 5153 ille‘regjs
3464 5074 3605 5130 filius

2018 5146 2103 5210 ἅθ’
2125 5146 2311 5209 diebus
2354 5154 2492 5207 clara
2541 5167 2670 5206 voce
2712 5150 2984 5220 respondit
3025 5151 3214 5202 Amen.
3246 5146 3398 5211 Quod
3454 5154 3605 5213 pater

2024 5226 2271 5288 audiens,
2326 5226 2557 5290 repletus
2605 5232 2688 5277 est
2735 5222 2952 5292 gaudio,
2990 5229 3044 5292 et
3081 5227 3407 5285 compatrem
3450 5229 3603 5292 suum

2019 5298 2227 5351 cunctis
2267 5287 2454 5349 diebus
2485 5295 2603 5347 vitae
2639 5287 2762 5347 sua?
2781 5290 2963 5346 habuit
2993 5291 3044 5344 in
3074 5301 3262 5356 magna
3308 5287 3605 5342 reverentia

2015 5376 2071 5423 et
2101 5368 2297 5421 favore.

2092 5437 2178 5492 16.
2209 5438 2434 5492 Sanctus
2465 5442 2640 5487 autem
2674 5430 2943 5486 Amandus
2974 5429 3276 5497 impetravit
3311 5442 3339 5481 a
3367 5442 3493 5497 rege
3517 5425 3605 5482 Si-

2020 5508 2246 5575 geberto
2303 5509 2477 5561 locum
2526 5519 2686 5558 unum
2720 5500 3316 5575 injCailiaquiAdicitur
3348 5497 3604 5575 Vaurum,

2021 5568 2075 5632 Et
2100 5581 2168 5632 ibi
2199 5578 2499 5632 cmnnbinm
2532 5573 2831 5626 aedificavit.
2883 5570 2989 5626 Sed
3020 5568 3314 5640 episcopus
3353 5568 3609 5640 proximae

2022 5650 2254 5702 civitatis
2300 5648 2398 5701 hoc
2447 5644 2669 5698 moleste
2716 5656 2930 5713 gerens,
2979 5639 3135 5710 jussit
3178 5641 3387 5713 famulis
3415 5639 3522 5692 suis
3554 5647 3609 5692 ut

2024 5720 2146 5771 inde
2168 5734 2289 5771 enin
2318 5719 2574 5783 ejicerent
2608 5722 2697 5768 aut
2724 5711 2870 5767 certe
2910 5713 3234 5768 occiderent.
3265 5711 3457 5765 Beatus
3482 5724 3610 5764 vero

2022 5789 2292 5845 Amandus
2345 5800 2531 5841 eorum
2582 5784 2863 5851 malitiam,
2912 5783 3019 5842 Deo
3070 5783 3360 5846 revclantc,
3411 5795 3606 5850 cogno-
