4008 6176
468 370 599 427 1271

1451 360 1513 417 S.
1553 356 1815 414 AMANDI
1855 354 2362 414 TBAJECTENSIS
2404 352 2711 410 EPISCOPI

3582 352 3722 407 127?.

463 502 641 550 scena,
671 484 764 540 ivit
785 482 904 538 etim
935 482 1011 536 eis
1035 480 1102 534 ad
1132 474 1647 550 cacumenmontis,
1680 472 1769 550 ubi
1792 488 1915 550 eum
1942 485 2035 550 oc_-
2067 476 2113 549 ᾼ
2145 473 2446 550 serenitate
2469 482 2534 550 _et
2585 472 2700 523 visu
2749 479 2982 550 recepto
3033 468 3097 550 a_d
3157 468 3373 550 propria
3425 468 3720 526 redierunt.

463 542 641 613 cidere
671 553 973 623 cupiebant,
1014 565 1115 623 nec
1156 550 1276 623 suis
1293 548 1453 623 sociis
1494 546 1594 600 hoc
1619 543 1897 605 revelavit,
1918 542 2039 610 quia
2080 542 2089 549 “

464 616 773 694 martyrium
821 622 1098 694 allectabat
1118 637 1141 694 ;_
1186 619 1278 674 sed
1330 616 1504 671 subito
1548 624 1665 694 orta
1704 621 2041 694 tempestate,

467 681 673 765 pluvia,
706 703 762 748 et
798 681 1201 765 _grattdtnes_'i_ta
1241 697 1477 765 montem
1525 686 1861 765 obicite-runt,
1898 681 2040 749 quod

463 753 677 833 maligni
723 753 975 833 qui'eum
1027 759 1276 833 volebant
1314 757 1567 833 occidere
1613 753 1746 833 ni_hil
1777 753 2040 833 viderent.

463 820 619 890 Tunc
644 820 864 888 sanctus
904 830 1177 887 Amandus
1205 826 1384 883 taudiu
1414 825 1607 890 oravit,
1638 823 1807 877 donec
1838 820 2042 876 reddita

2145 544 2308 597 Multa
2360 545 2668 613 quidemet
2715 542 2815 594 alia
2851 540 3106 613 miracula
3154 539 3280 593 fecit
3332 539 3470 593 Deus
3525 540 3725 593 meritis

2142 614 2312 669 sancti
2377 610 2603 667 Amandi
2668 626 2786 678 qua;
2851 610 2936 663 hic
2994 611 3188 676 scripta
3251 624 3359 663 non
3417 617 3563 663 sunt.
3632 610 3726 662 llic

2142 699 2353 751 quoque
2383 688 2569 751 plenus
2597 681 2801 736 dierum
2838 690 2890 735 et
2930 680 3178 750 operibus
3206 680 3361 735 bouis
3391 678 3636 750 migravit
3658 678 3721 732 ad

2144 753 2444 808 Dominum.

467 974 3708 1019 _____________________________————_——————-———

1149 1103 1269 1224 s.
1367 1088 2079 1220 AMANDI
2176 1012 2989 1216 CHART2E.

1495 1362 1589 1423 [Ex
1610 1360 1917 1421 Brequigny,
1935 1353 2227 1417 Diplomata,
2249 1353 2459 1417 Chartae,
2480 1353 2689 1418 Leges.)

1238 1536 1282 1594 1.

459 1659 656 1720 Charta
730 1670 830 1728 qua
890 1664 1094 1728 sanctus
1158 1650 1423 1728 Amandus
1476 1646 1651 1728 villam
1718 1640 2038 1728 Barist'gwm

530 1714 754 1787 ληιίνειέ
800 1727 969 1781 abbati
1014 1725 1169 1791 donat
1200 1764 1216 1791 ,
1269 1723 1337 1776 ad
1378 1720 1739 1773 monasterium
1777 1714 2043 1783 (adiﬁcan-

510 1806 657 1859 ,ὀαηι
690 1813 716 1840 ⁸
755 1802 901 1869 (ann.
926 1788 1073 1859 664).

536 1915 669 1970 Cum
719 1908 1061 1983 praesentium
1109 1922 1284 1964 rerum
1333 1914 1503 1961 status
1546 1904 1705 1960 celeri
1760 1914 1919 1955 cursu
1949 1912 2045 1952 no-

466 2006 636 2062 scitur
664 2001 825 2059 dilabi
853 2001 917 2055 ad
947 1999 1151 2055 ruinam
1181 2008 1445 2062 eternam,
1492 1993 1648 2049 modo
1672 1988 1870 2046 eternis
1898 2001 2044 2042 com-

461 2095 695 2167 perimus
713 2092 926 2151 sedibus
952 2103 1262 2160 permanere
1281 2102 1383 2156 que
1411 2085 1463 2140 in
1492 2083 1737 2138 alimonia
1767 2093 2040 2135 servorum

466 2187 558 2241 Dei
587 2185 672 2242 vel
701 2183 1099 2256 peregrinorum
1154 2176 1499 2240 conferimus,
1547 2176 1791 2230 hortante
1830 2186 1927 2226 nos
1982 2184 2043 2225 ac

464 2284 714 2334 monente
758 2274 1020 2343 scriptura
1083 2271 1295 2335 divina,
1349 2267 1606 2322 dicente:
1663 2264 1841 2318 Facite
1893 2261 2043 2315 vobis

459 2367 662 2422 amicos
684 2366 753 2421 de
778 2378 1077 2419 mammona
1104 2359 1413 2429 iniquitatis.
1441 2357 1531 2427 qui
1558 2371 1650 2411 vos
1692 2354 1949 2425 recipiant
1987 2352 2041 2406 in

462 2470 645 2516 eterna
676 2455 1010 2513 tabernacula
1032 2474 1053 2522 ;
1087 2463 1143 2510 et
1167 2454 1326 2509 alibi:
1375 2451 1629 2505 Jubemur
1657 2448 1891 2503 condere
1923 2445 2041 2500 the-

460 2564 649 2603 sauros
698 2547 751 2602 iu
783 2548 900 2602 celo
929 2546 1018 2601 ubi
1050 2546 1131 2600 iur
1165 2558 1270 2599 non
1325 2543 1620 2611 appropiat.
1671 2539 1899 2594 Proinde
1942 2552 2042 2606 ego

465 2639 736 2694 Amandus
765 2637 1095 2692 miserrimus
1118 2644 1172 2690 et
1193 2642 1461 2702 peccator,
1485 2646 1581 2702 pro
1608 2628 1841 2685 remedio
1867 2628 2042 2682 anime

464 2742 588 2787 meo
608 2728 691 2783 vel
710 2726 1059 2785 retributione
1088 2725 1192 2780 vite
1215 2734 1418 2788 etcrne,
1457 2738 1516 2778 ea
1549 2737 1650 2789 que
1689 2719 1847 2774 michi
1869 2734 1899 2773 a
1932 2719 2041 2774 Deo

464 2821 548 2875 vel
588 2834 652 2876 es
695 2818 1051 2874 muniﬁcentia
1099 2831 1283 2887 regum
1328 2815 1508 2869 domui
1552 2811 1833 2867 Childerici
1880 2812 2036 2879 regis,

464 2925 563 2966 nec
618 2925 723 2966 non
773 2917 827 2965 et
870 2908 1105 2979 precelse
1134 2907 1329 2962 domne
1356 2902 1714 2960 Chinechildis
1741 2902 1921 2970 regine
1951 2916 2043 2969 per

461 3019 645 3061 eorum
690 3007 1082 3074 preceptioncm
1127 2996 1279 3053 nobis
1325 2996 1539 3052 luerunt
1575 2993 1787 3061 collata,
1833 2994 1931 3046 hoc
1960 3000 2044 3046 est

462 3096 645 3149 villam
696 3101 1049 3161 nuncupatam
1099 3088 1385 3150 Barisiaco,
1436 3103 1486 3139 In
1534 3100 1667 3155 pago
1705 3083 2040 3139 Laudunensi

456 3188 636 3253 sitam,
671 3186 756 3240 ubi
783 3184 1065 3240 ceuobium
1094 3181 1147 3235 in
1180 3180 1296 3234 loco
1320 3180 1694 3246 coguominato
1728 3175 2037 3240 Faverolas,

457 3286 513 3339 in
561 3284 763 3337 honore
805 3277 974 3333 sancti
1022 3275 1163 3330 Petri
1200 3281 1252 3328 et
1300 3271 1446 3326 Pauli
1498 3269 1741 3339 apostoli,
1784 3269 1867 3323 vel
1913 3268 2038 3323 reli-

457 3386 683 3440 quorum
737 3368 1052 3423 domnorum
1102 3371 1407 3418 sanctorum
1456 3361 1555 3414 sub
1598 3358 1781 3428 regula
1811 3357 1839 3396 ι’
1868 3358 2041 3411 domui

464 3459 727 3515 Benedicti
776 3473 863 3511 seu
913 3452 1093 3508 domui
1148 3450 1461 3506 Columbani
1490 3457 1799 3502 construere
1827 3446 2039 3500 inclma-

462 3552 639 3604 vimus
669 3589 686 3612 ,
732 3547 820 3601 ubi
864 3546 1034 3600 virum
1084 3542 1445 3599 venerabilem
1489 3541 1752 3596 Andream
1797 3539 2038 3593 abbatem

461 3637 797 3707 preﬁoimus;
853 3644 907 3690 et
944 3635 1060 3704 ipso
1086 3636 1200 3689 loco
1225 3633 1305 3687 vel
1336 3632 1454 3687 villa
1498 3632 1740 3700 superius
1770 3630 2037 3686 nominata

459 3728 729 3785 llarisiaco
771 3744 890 3783 cum
933 3727 1075 3781 omni
1104 3724 1402 3796 integritate
1448 3724 1531 3779 vel
1557 3724 1851 3792 adjacentia
1882 3723 1948 3775 ad
1979 3736 2038 3777 se

457 3820 777 3892 pertinentia
831 3818 1075 3874 dedimus
1124 3818 1188 3870 ad
1241 3815 1627 3880 edi‘ﬁcandum;
1682 3829 1779 3870 uec
1830 3830 1934 3867 non
1982 3822 2037 3868 et

455 3915 643 3971 locella
675 3921 973 3982 nuncupata
1023 3919 1045 3948 α
1096 3909 1147 3963 ἰη
1174 3909 1473 3963 Cinciniaco
1514 3923 1667 3975 quem
1710 3907 1791 3961 vir
1820 3908 2039 3962 illustris

457 4004 774 4060 Fulcoaldus
801 4003 905 4057 dux
939 4016 1032 4069 per
1054 4014 1203 4054 suam
1228 3997 1526 4068 epistolam,
1549 4012 1667 4051 eum
1690 3996 1810 4066 jure
1834 4005 1886 4049 et
1907 3996 2037 4049 soli-

455 4097 621 4152 ditate
648 4108 744 4152 sua
776 4094 929 4149 nobis
953 4108 1047 4161 pro
1081 4090 1257 4144 anime
1277 4104 1372 4143 sue
1398 4087 1634 4142 remedio
1662 4086 1904 4151 contulit,
1941 4101 2038 4141 seu

450 4200 506 4247 et
530 4205 769 4245 mansum
800 4188 890 4259 qui
921 4196 1001 4243 est
1027 4185 1161 4239 infra
1186 4198 1366 4238 muros
1392 4181 1616 4237 civitatis
1646 4180 2033 4244 Laudunensis,

451 4296 609 4350 quem
660 4279 743 4333 vir
786 4277 1104 4335 venerabilis
1153 4275 1410 4329 Gonﬁnus
1436 4272 1838 4326 archidiaconus
1881 4268 2032 4324 nobis

455 4385 552 4439 per
577 4369 835 4424 cartulam
876 4366 1179 4420 donationis
1206 4364 1444 4420 noscitur
1472 4362 1778 4430 delegasse;
1804 4376 1900 4415 nec
1927 4375 2031 4413 non

455 4469 512 4515 et
549 4460 757 4515 vineam
806 4459 858 4513 in
886 4457 990 4512 ﬁne
1021 4454 1405 4523 Crispiaeense,
1430 4467 1548 4506 cum
1572 4451 1799 4505 vinitore
1824 4451 2035 4502 nomine

456 4550 803 4614 Wulborone,
822 4547 976 4603 nobis
998 4548 1081 4600 vir
1106 4545 1326 4599 illustris
1346 4540 1749 4596 Chedenoaldus
1770 4540 2033 4607 quondam

456 4641 623 4706 dedit,
646 4655 741 4694 seu
760 4648 815 4695 et
840 4647 1036 4694 terram
1079 4651 1235 4706 quam
1268 4633 1566 4688 antedictos
1609 4629 2032 4694 Chedenoaldus,

455 4751 557 4793 nec
609 4749 715 4791 non
761 4743 815 4789 et
862 4732 1083 4787 illustris
1115 4732 1194 4785 vir
1217 4730 1521 4784 Vulsmarus
1551 4740 1712 4794 super
1735 4724 1895 4778 ﬁuvio
1914 4724 2038 4777 Ses-

461 4827 681 4891 ntereia,
718 4824 784 4880 ad
811 4824 1189 4879 monasterium
1218 4820 1570 4875 ediﬁcandum
1614 4815 1912 4885 inprimitus
1949 4814 2041 4868 de-

454 4922 685 4975 derunt:
716 4917 819 4973 hcc
844 4914 1021 4970 omnia
1049 4913 1292 4982 superius
1334 4911 1601 4965 nominata
1626 4921 1655 4961 a
1682 4907 1765 4960 die
1797 4915 2043 4974 preseute

527 5046 552 5073 ε
578 5031 798 5087 Edimus
825 5045 888 5084 ex
936 5025 1334 5097 apograpboin
1361 5018 1811 5097 _chartophylaeip
1860 5028 2044 5097 nostro

455 5102 716 5171 reposito,
762 5088 1208 5171 exscripto'au'no
1255 5092 1393 5171 U75
1444 5088 2045 5171 a_d0mtio.Qlteinscrl

453 5160 879 5243 congregationis
907 5160 1081 5243 Sancti
1117 5168 1301 5243 Mauri,
1352 5180 1415 5217 ex
1458 5160 1908 5243 chartularionsut
1940 5173 2041 5238 sa:-

457 5230 587 5310 culi:
620 5230 681 5297 iri
702 5242 920 5295 archivo
952 5236 1271 5310 Eluoneusis
1288 5230 1752 5310 monasteriiJam
1783 5230 2040 5310 quotins,

456 5299 649 5370 Annal.
685 5324 724 5367 t.
751 5312 838 5377 IV,
869 5325 985 5380 pag.
1020 5306 1147 5373 8155,
1172 5304 1614 5380 et_M:_tbillonius,
1656 5304 1774 5380 lict.
1801 5300 1895 5355 SS.
1920 5299 2039 5380 oni.

456 5369 516 5441 S.
566 5385 693 5438 Ben.
750 5369 882 5436 saec:
924 5369 993 5443 εἷ,
1026 5369 1146 5449 pag.
1194 5376 1353 5449 10H,
1397 5374 1634 5449 chartam
1681 5369 2041 5449 hanc.vu|ga-

458 5438 686 5518 verant,
740 5467 808 5507 ex
871 5438 1193 5517 eodctnfut
1256 5438 1507 5509 videtur,
1565 5438 1885 5495 chartulario
1940 5438 2036 5491 de-

457 5538 781 5646 promptam.

530 5593 557 5634 ιι
637 5594 781 5646 taliet:

530 5593 557 5634 ιδ
613 5578 813 5646 ltalictr
839 5590 1148 5645 charactere
1191 5587 1388 5654 scripta
1440 5580 1723 5654 expungit_
1750 5578 2038 5654 Quintius,

458 5665 609 5730 quasi
640 5664 802 5717 testui
845 5663 1065 5724 inserta,
1109 5673 1230 5713 cum
1278 5646 1524 5730 regulam
1559 5646 1725 5730 sabuli
1771 5646 2039 5730 lieutedicti

460 5717 568 5786 non
603 5717 607 5718 ν
638 5731 935 5800 impositam
994 5717 1155 5786 fuisse
1217 5717 1408 5783 ascetis
1472 5718 1919 5779 Barisiaceusibus
1977 5717 2042 5771 ah

461 5801 706 5855 Amantio
736 5800 1045 5857 contendat.

2080 1531 2120 1589 Β
2149 1526 2317 1596 ipsius
2362 1527 2572 1584 abbatis
2599 1543 2691 1583 sua
2719 1527 2919 1583 ditione
2964 1526 3158 1584 ibidem
3198 1527 3525 1585 consistente
3567 1529 3723 1586 tradi-

2145 1621 2320 1675 dimus
2372 1632 2532 1689 atque
2579 1620 2975 1686 transfudimus,
3027 1622 3100 1674 ita
3136 1629 3193 1675 ut
3215 1622 3281 1675 ab
3311 1622 3411 1676 hac
3438 1622 3523 1679 die
3553 1624 3721 1692 ipsum

2144 1712 2522 1767 monasterium
2543 1711 2624 1766 vel
2646 1712 2824 1767 villam
2848 1726 2990 1778 saepe
3018 1713 3339 1766 nominatam
3367 1714 3715 1775 Barisiacum.

2144 1815 2271 1858 cum
2329 1803 2632 1873 integritate
2684 1802 2769 1858 vel
2816 1801 3129 1872 adjacentiis
3153 1802 3284 1868 suis,
3318 1817 3412 1858 seu
3442 1814 3497 1858 et
3525 1804 3727 1859 locellis

2145 1897 2392 1965 superius
2432 1896 2765 1967 conscriptis,
2797 1912 2919 1952 cum
2967 1896 3112 1950 omni
3141 1895 3403 1952 soliditate
3432 1914 3641 1963 eorum,
3673 1911 3729 1952 ut

2143 1988 2388 2057 superius
2419 1988 2676 2056 diximus,
2722 1987 2775 2042 id
2828 1995 2930 2054 est,
2979 1988 3245 2053 domibus,
3283 1988 3524 2053 editiciis.
3558 1992 3729 2045 curti-

2146 2081 2296 2146 feris,
2345 2080 2565 2149 accolis,
2594 2082 2817 2149 campis,
2846 2081 3037 2147 vineis,
3070 2082 3254 2150 pratis,
3286 2084 3512 2149 pascuis,
3548 2086 3726 2151 aquis,

2144 2186 2401 2241 aquarum
2432 2172 2767 2239 decursibus,
2823 2172 2907 2226 vel
2938 2173 3153 2242 reliquis
3178 2173 3594 2243 quibuscumque
3624 2176 3717 2229 be-

2145 2266 2368 2331 neﬁciis,
2400 2265 2615 2329 habeat,
2650 2274 2847 2330 teneat,
2880 2265 3167 2335 possideat.
3201 2266 3416 2335 suisque
3444 2281 3725 2320 successo-

2144 2358 2309 2421 ribus,
2341 2356 2629 2411 auxiliante
2649 2355 2895 2423 Domino,
2925 2357 2976 2409 in
3007 2364 3318 2425 perpetuum
3344 2354 3724 2423 possidendum

2147 2448 2512 2517 derelinquat.
2579 2445 2636 2502 Si
2697 2445 2814 2515 quis
2870 2459 2998 2499 vero
3065 2445 3145 2499 vel
3203 2443 3435 2514 quelibet
3480 2446 3726 2512 opposita

2144 2553 2390 2608 persona,
2420 2537 2560 2606 quod
2612 2536 2725 2590 ﬁeri
2770 2549 2874 2590 non
2903 2534 3187 2598 credimus,
3219 2544 3401 2588 contra
3439 2535 3574 2587 hanc
3601 2549 3726 2587 ear-

2144 2631 2307 2685 tulam
2353 2628 2770 2693 deliberationis,
2812 2641 2967 2695 quam
3010 2630 3108 2694 ego
3137 2634 3425 2694 spontanea
3449 2625 3727 2677 voluntate

2144 2739 2263 2779 mea
2319 2720 2430 2776 ﬁeri
2485 2720 2687 2789 rogavi,
2718 2720 3011 2787 irrumpere
3040 2728 3125 2771 aut
3170 2726 3424 2783 temptare
3469 2715 3726 2776 voluerit,

2146 2814 2447 2881 inprimitus
2472 2810 2602 2864 iram
2631 2808 2918 2863 divinitatis
2972 2809 3226 2868 incurrat,
3265 2816 3317 2860 et
3361 2806 3428 2859 ab
3472 2805 3728 2858 omnibus

2151 2902 2416 2959 liminibus
2460 2908 2763 2955 sanctorum
2802 2895 3292 2955 exeommunicatus
3347 2902 3611 2964 appareat,
3669 2901 3728 2944 et

2145 2996 2365 3063 insuper
2394 2992 2586 3046 inferat
2627 2990 2778 3045 vobis
2803 3004 2923 3044 cum
2951 2987 3096 3041 socio
3127 2988 3255 3040 ﬁsco
3299 2986 3415 3039 auri
3457 2986 3618 3037 libras
3667 2998 3723 3045 ι,

2142 3084 2345 3152 argenti
2375 3083 2606 3153 pondera
2643 3096 2743 3145 xx,
2777 3088 2829 3133 ct
2868 3086 3082 3133 coactus
3125 3077 3364 3139 exolvat,
3403 3082 3458 3128 et
3494 3073 3727 3126 nichilo-

2140 3177 2315 3232 minus
2345 3189 2567 3247 presens
2596 3172 2798 3229 cartula
2843 3169 3239 3225 deliberationis
3293 3168 3435 3221 omni
3480 3176 3726 3233 tempore

2143 3270 2295 3323 ﬁrma
2329 3274 2670 3335 permaneat;
2704 3273 2779 3330 et,
2824 3271 2881 3316 ut
2910 3261 3050 3316 circa
3081 3275 3175 3315 vos
3203 3259 3400 3314 cartula
3431 3257 3724 3310 ﬁrmiorem

2141 3363 2405 3432 optineret
2479 3360 2715 3429 vigorem
2749 3395 2763 3420 ,
2830 3367 3018 3409 manus
3080 3362 3259 3407 nosne
3332 3348 3724 3417 subscriptione

2139 3456 2323 3509 subter
2350 3468 2465 3508 eam
2507 3448 2936 3517 subscr3psimus.
2987 3448 3175 3500 Actum
3200 3442 3452 3498 Lauduno
3476 3440 3717 3501 civitate,

2149 3562 2273 3601 xvut
2302 3543 2419 3599 Kal.
2450 3541 2801 3610 Septembris,
2855 3537 2883 3577 ἀ
2937 3551 3076 3591 anno
3105 3550 3136 3586 v
3166 3533 3313 3603 regni
3342 3532 3519 3586 domni
3549 3528 3717 3583 nostri

2142 3633 2509 3708 gloriosissimi
2537 3630 2822 3688 Childerici
2854 3631 3015 3698 regis.
3064 3627 3121 3681 In
3148 3625 3346 3681 Christi
3380 3623 3594 3678 nomine
3620 3635 3718 3690 ego

2142 3727 2470 3781 Radebertus
2500 3725 2776 3792 dyacouus-
2799 3735 2913 3775 mea
2946 3733 3104 3772 manu
3139 3718 3276 3770 hanc
3296 3715 3589 3769 chartulam
3626 3714 3715 3765 de—

2141 3815 2510 3879 liberationis,
2576 3822 2793 3882 rogante
2850 3811 3046 3863 domno
3086 3806 3367 3867 Amando,
3426 3804 3613 3873 scripsi
3664 3809 3717 3856 et

2141 3904 2449 3974 subscripsi.
2500 3903 2685 3957 Notavi
2734 3901 2872 3953 diem
2927 3910 2979 3952 et
3018 3908 3277 3965 tempora.
3308 3896 3419 3963 Ego
3451 3894 3716 3948 Amandus

2140 4004 2390 4064 peccator
2418 3993 2551 4045 hanc
2582 3988 2855 4057 epistolam
2897 4003 2923 4040 a
2971 4002 3055 4040 tne
3086 3986 3277 4039 factam
3325 3984 3639 4048 subscripsi,
3664 3992 3717 4034 et

2140 4102 2235 4143 eos
2266 4087 2354 4154 qui
2403 4084 2742 4139 subscrihant
2768 4095 2915 4150 rogo.
2967 4080 3022 4133 In
3050 4078 3246 4132 Christi
3279 4078 3493 4130 nomine
3522 4076 3712 4136 Attola,

2140 4196 2204 4235 ac
2249 4181 2292 4235 si
2344 4187 2585 4248 peccator
2628 4176 2909 4241 episcopus
2938 4214 2953 4238 ,
3004 4171 3309 4237 subscripsi.
3374 4170 3482 4237 Ego
3529 4167 3715 4222 Paulus

2140 4272 2416 4341 presbyter
2460 4266 2766 4331 subscripsi.
2830 4268 2852 4295 °
2899 4264 3006 4330 Ego
3053 4260 3212 4315 Willo
3260 4261 3539 4329 presbyter
3594 4260 3714 4311 sub-

2138 4363 2349 4433 scripsi.
2435 4359 2716 4415 Bertuinus
2786 4355 3098 4423 subscripsi.
3165 4353 3380 4406 Vaﬁuus
3445 4351 3711 4419 dyacoous

2140 4452 2454 4521 Subscripsi.
2488 4448 2820 4504 Althecarius
2844 4446 3120 4515 presbyter
3146 4442 3455 4510 subscripsi.
3493 4440 3511 4478 ί
3548 4440 3714 4494 Ciste-

2143 4546 2342 4599 bardus
2389 4540 2698 4608 subscripsi.
2747 4536 2973 4591 Ymnius
3023 4532 3335 4600 subscripsi.
3402 4530 3713 4583 Crinbcrtus

2140 4633 2452 4703 subscripsi.
2496 4628 2840 4693 Cleobaldus,
2886 4626 3027 4693 quod
3085 4638 3243 4678 mantt
3279 4621 3460 4676 domui
3493 4620 3711 4673 Amaudi

2146 4726 2505 4792 conscriptum
2533 4722 2661 4784 vidi,
2692 4715 3001 4786 subscripsi.
3066 4713 3211 4768 Dado
3239 4711 3553 4780 subscripsi.
3582 4713 3713 4764 ωτ-

2149 4821 2291 4875 tinus
2320 4816 2586 4886 dyaconus
2610 4809 2918 4878 subscripsi.

2218 5000 2242 5029 θ
2277 4996 2339 5050 1η
2364 4992 2675 5053 Cinciniaco,
2710 4990 2759 5043 id
2787 4996 2889 5053 est,
2922 4989 2971 5041 in
3001 4986 3270 5040 territorio
3298 4986 3399 5039 loci
3428 4984 3495 5036 de
3524 4984 3709 5045 Ciceri,

2147 5070 2233 5138 qui
2289 5080 2471 5138 parum
2518 5060 2863 5138 a‘Barisiaco
2900 5059 3078 5112 distat.
3138 5057 3270 5110 Male
3310 5058 3362 5108 in
3411 5056 3574 5109 editis
3613 5068 3712 5107 uno

2148 5133 2311 5195 verbo
2330 5133 2700 5187 Jucincininco.

2218 5209 2242 5246 ά
2274 5206 2455 5259 Aunus
2488 5218 2516 5255 ν
2550 5201 2695 5263 regni
2723 5197 3001 5253 Childerici
3031 5194 3069 5248 ll
3095 5194 3381 5249 concordat
3424 5210 3545 5248 cum
3582 5206 3710 5245 anno

2145 5279 2341 5333 Christi
2374 5273 2477 5329 664
2505 5280 2598 5324 aut
2625 5270 2749 5323 665.
2794 5268 2906 5321 Vox
2957 5275 3132 5319 autent
3162 5266 3433 5318 Childerici
3481 5266 3628 5319 deest
3658 5267 3706 5314 in

2145 5350 2301 5405 editis
2330 5362 2359 5398 a
2383 5345 2593 5399 Couitio
2621 5351 2667 5392 et
2710 5338 3028 5392 Mubillouio.

2217 5416 2443 5492 {Voces
2490 5413 2600 5481 Ego
2649 5408 2808 5463 Willo
2848 5407 3104 5477 presbyter
3143 5404 3417 5471 aubsrripsi
3445 5405 3632 5459 desunt
3657 5401 3707 5452 in

2144 5490 2321 5543 editis.

2221 5556 2238 5594 ί
2287 5539 2466 5607 Voces
2506 5550 2837 5607 Gisleltardus
2881 5546 3186 5612 subscripsi,
3227 5544 3423 5610 pariter
3470 5545 3518 5594 in
3561 5539 3705 5612 editis

2146 5628 2378 5682 omissae.
2407 5623 2576 5677 Varia:
2596 5623 2873 5685 lectiones,
2887 5618 2931 5672 si
2954 5608 3239 5687 quaealia,
3256 5614 3449 5669 nullius
3467 5608 3701 5667 momenti

2146 5699 2273 5754 visa:
2302 5703 2443 5752 sunt.
