  <div class='ocr_page' id='page_1' title='image "/cluster/home/n/w/nwhite01/storage/ocr_20150623/87/hvd.32044054758917/644.png"; bbox 0 0 4008 6176; ppageno 0'>
   <div class='ocr_carea' id='block_1_1' title="bbox 338 346 3576 415">
    <p class='ocr_par' dir='ltr' id='par_1_1' title="bbox 338 346 3576 415">
     <span class='ocr_line' id='line_1_1' title="bbox 338 346 3576 415; baseline -0.006 -5"><span class='ocrx_word' id='word_1_1' title='bbox 338 353 475 411; x_wconf 60' lang='lat' dir='ltr'><strong>tris</strong></span> <span class='ocrx_word' id='word_1_2' title='bbox 1576 346 1786 402; x_wconf 81' lang='lat' dir='ltr'><strong>nqut</strong></span> <span class='ocrx_word' id='word_1_3' title='bbox 1828 346 1962 403; x_wconf 84' lang='lat' dir='ltr'><strong>ouo</strong></span> <span class='ocrx_word' id='word_1_4' title='bbox 2002 347 2300 415; x_wconf 75' lang='lat' dir='ltr'><strong>ANTIQUI.</strong></span> <span class='ocrx_word' id='word_1_5' title='bbox 3442 349 3576 402; x_wconf 47' lang='lat' dir='ltr'><strong>iam</strong></span> 
     </span>
    </p>
   </div>
   <div class='ocr_carea' id='block_1_2' title="bbox 335 570 1905 644">
    <p class='ocr_par' dir='ltr' id='par_1_2' title="bbox 335 570 1905 644">
     <span class='ocr_line' id='line_1_2' title="bbox 335 570 1905 644; baseline -0.006 -10"><span class='ocrx_word' id='word_1_6' title='bbox 335 578 613 634; x_wconf 73' lang='lat' dir='ltr'><strong>Codicillus</strong></span> <span class='ocrx_word' id='word_1_7' title='bbox 661 574 827 629; x_wconf 74' lang='lat' dir='ltr'><strong>sancti</strong></span> <span class='ocrx_word' id='word_1_8' title='bbox 859 572 1105 635; x_wconf 81' lang='lat' dir='ltr'><strong>Amandi,</strong></span> <span class='ocrx_word' id='word_1_9' title='bbox 1134 573 1196 624; x_wconf 83' lang='lat' dir='ltr'><strong>de</strong></span> <span class='ocrx_word' id='word_1_10' title='bbox 1222 570 1482 644; x_wconf 64' lang='lat' dir='ltr'><strong>sepultura</strong></span> <span class='ocrx_word' id='word_1_11' title='bbox 1521 574 1601 626; x_wconf 78' lang='lat' dir='ltr'><strong>sui</strong></span> <span class='ocrx_word' id='word_1_12' title='bbox 1628 573 1858 644; x_wconf 77' lang='lat' dir='ltr'><strong>corporis</strong></span> <span class='ocrx_word' id='word_1_13' title='bbox 1880 584 1905 612; x_wconf 73' lang='grc' dir='ltr'><strong>α</strong></span> 
     </span>
    </p>
   </div>
   <div class='ocr_carea' id='block_1_3' title="bbox 957 642 1266 713">
    <p class='ocr_par' dir='ltr' id='par_1_3' title="bbox 957 642 1266 713">
     <span class='ocr_line' id='line_1_3' title="bbox 957 642 1266 713; baseline 0.006 -18"><span class='ocrx_word' id='word_1_14' title='bbox 957 642 1266 713; x_wconf 80' lang='grc' dir='ltr'><strong>(αηη.675).</strong></span> 
     </span>
    </p>
   </div>
   <div class='ocr_carea' id='block_1_4' title="bbox 409 736 1908 808">
    <p class='ocr_par' dir='ltr' id='par_1_4' title="bbox 409 736 1908 808">
     <span class='ocr_line' id='line_1_4' title="bbox 409 736 1908 808; baseline -0.002 -15"><span class='ocrx_word' id='word_1_15' title='bbox 409 739 465 793; x_wconf 88' lang='grc'><strong>111</strong></span> <span class='ocrx_word' id='word_1_16' title='bbox 515 737 731 791; x_wconf 88' lang='lat' dir='ltr'><strong>nomine</strong></span> <span class='ocrx_word' id='word_1_17' title='bbox 788 736 997 791; x_wconf 86' lang='lat' dir='ltr'><strong>Domini</strong></span> <span class='ocrx_word' id='word_1_18' title='bbox 1055 737 1181 791; x_wconf 83' lang='lat' dir='ltr'><strong>Jesu</strong></span> <span class='ocrx_word' id='word_1_19' title='bbox 1225 737 1446 805; x_wconf 89' lang='lat' dir='ltr'><strong>Christi,</strong></span> <span class='ocrx_word' id='word_1_20' title='bbox 1495 753 1593 808; x_wconf 79' lang='lat' dir='ltr'><strong>ego</strong></span> <span class='ocrx_word' id='word_1_21' title='bbox 1635 736 1908 791; x_wconf 82' lang='lat' dir='ltr'><strong>Amandus</strong></span> 
     </span>
    </p>
   </div>
   <div class='ocr_carea' id='block_1_5' title="bbox 342 827 1909 897">
    <p class='ocr_par' dir='ltr' id='par_1_5' title="bbox 342 827 1909 897">
     <span class='ocr_line' id='line_1_5' title="bbox 342 827 1909 897; baseline -0.004 -11"><span class='ocrx_word' id='word_1_22' title='bbox 342 830 675 886; x_wconf 84' lang='lat' dir='ltr'><strong>miserrimus</strong></span> <span class='ocrx_word' id='word_1_23' title='bbox 720 838 775 883; x_wconf 91' lang='lat' dir='ltr'><strong>et</strong></span> <span class='ocrx_word' id='word_1_24' title='bbox 799 838 1067 897; x_wconf 87' lang='lat' dir='ltr'><strong>peccator.</strong></span> <span class='ocrx_word' id='word_1_25' title='bbox 1119 828 1400 883; x_wconf 85' lang='lat' dir='ltr'><strong>Credimus</strong></span> <span class='ocrx_word' id='word_1_26' title='bbox 1438 831 1632 897; x_wconf 70' lang='lat' dir='ltr'><strong>ubique</strong></span> <span class='ocrx_word' id='word_1_27' title='bbox 1677 827 1909 881; x_wconf 77' lang='lat' dir='ltr'><strong>divinam</strong></span> 
     </span>
    </p>
   </div>
   <div class='ocr_carea' id='block_1_6' title="bbox 341 921 1909 992">
    <p class='ocr_par' dir='ltr' id='par_1_6' title="bbox 341 921 1909 992">
     <span class='ocr_line' id='line_1_6' title="bbox 341 921 1909 992; baseline -0.004 -14"><span class='ocrx_word' id='word_1_28' title='bbox 341 940 442 978; x_wconf 88' lang='lat' dir='ltr'><strong>nos</strong></span> <span class='ocrx_word' id='word_1_29' title='bbox 473 923 725 992; x_wconf 83' lang='lat' dir='ltr'><strong>pietatem</strong></span> <span class='ocrx_word' id='word_1_30' title='bbox 755 937 941 991; x_wconf 77' lang='lat' dir='ltr'><strong>regere</strong></span> <span class='ocrx_word' id='word_1_31' title='bbox 968 932 1020 977; x_wconf 91' lang='lat' dir='ltr'><strong>et</strong></span> <span class='ocrx_word' id='word_1_32' title='bbox 1040 921 1333 977; x_wconf 89' lang='lat' dir='ltr'><strong>clementer</strong></span> <span class='ocrx_word' id='word_1_33' title='bbox 1361 922 1567 975; x_wconf 88' lang='lat' dir='ltr'><strong>salvare</strong></span> <span class='ocrx_word' id='word_1_34' title='bbox 1598 922 1756 986; x_wconf 81' lang='lat' dir='ltr'><strong>velle,</strong></span> <span class='ocrx_word' id='word_1_35' title='bbox 1787 924 1909 988; x_wconf 86' lang='lat' dir='ltr'><strong>quia</strong></span> 
     </span>
    </p>
   </div>
   <div class='ocr_carea' id='block_1_7' title="bbox 339 1013 1914 1085">
    <p class='ocr_par' dir='ltr' id='par_1_7' title="bbox 339 1013 1914 1085">
     <span class='ocr_line' id='line_1_7' title="bbox 339 1013 1914 1085; baseline -0.004 -14"><span class='ocrx_word' id='word_1_36' title='bbox 339 1026 395 1071; x_wconf 91' lang='lat' dir='ltr'><strong>et</strong></span> <span class='ocrx_word' id='word_1_37' title='bbox 417 1017 713 1085; x_wconf 81' lang='lat' dir='ltr'><strong>ingressum</strong></span> <span class='ocrx_word' id='word_1_38' title='bbox 740 1023 979 1069; x_wconf 92' lang='lat' dir='ltr'><strong>nostrum</strong></span> <span class='ocrx_word' id='word_1_39' title='bbox 1012 1015 1064 1068; x_wconf 94' lang='lat' dir='ltr'><strong>in</strong></span> <span class='ocrx_word' id='word_1_40' title='bbox 1088 1015 1338 1068; x_wconf 85' lang='lat' dir='ltr'><strong>mundum</strong></span> <span class='ocrx_word' id='word_1_41' title='bbox 1370 1022 1422 1067; x_wconf 91' lang='lat' dir='ltr'><strong>et</strong></span> <span class='ocrx_word' id='word_1_42' title='bbox 1442 1013 1641 1068; x_wconf 78' lang='lat' dir='ltr'><strong>exitum</strong></span> <span class='ocrx_word' id='word_1_43' title='bbox 1667 1014 1732 1067; x_wconf 89' lang='lat' dir='ltr'><strong>de</strong></span> <span class='ocrx_word' id='word_1_44' title='bbox 1763 1028 1914 1065; x_wconf 87' lang='lat' dir='ltr'><strong>mun-</strong></span> 
     </span>
    </p>
   </div>
   <div class='ocr_carea' id='block_1_8' title="bbox 338 1103 1913 1174">
    <p class='ocr_par' dir='ltr' id='par_1_8' title="bbox 338 1103 1913 1174">
     <span class='ocr_line' id='line_1_8' title="bbox 338 1103 1913 1174; baseline -0.004 -12"><span class='ocrx_word' id='word_1_45' title='bbox 338 1108 408 1162; x_wconf 88' lang='lat' dir='ltr'><strong>do</strong></span> <span class='ocrx_word' id='word_1_46' title='bbox 439 1117 561 1162; x_wconf 89' lang='lat' dir='ltr'><strong>ante</strong></span> <span class='ocrx_word' id='word_1_47' title='bbox 587 1108 783 1163; x_wconf 66' lang='lat' dir='ltr'><strong>saecula</strong></span> <span class='ocrx_word' id='word_1_48' title='bbox 816 1108 929 1174; x_wconf 91' lang='lat' dir='ltr'><strong>ipse</strong></span> <span class='ocrx_word' id='word_1_49' title='bbox 959 1105 1504 1173; x_wconf 66' lang='lat' dir='ltr'><strong>praenoscit.Proinde</strong></span> <span class='ocrx_word' id='word_1_50' title='bbox 1531 1103 1778 1159; x_wconf 87' lang='lat' dir='ltr'><strong>omnibus</strong></span> <span class='ocrx_word' id='word_1_51' title='bbox 1806 1117 1913 1157; x_wconf 93' lang='lat' dir='ltr'><strong>non</strong></span> 
     </span>
    </p>
   </div>
   <div class='ocr_carea' id='block_1_9' title="bbox 341 1194 1918 1267">
    <p class='ocr_par' dir='ltr' id='par_1_9' title="bbox 341 1194 1918 1267">
     <span class='ocr_line' id='line_1_9' title="bbox 341 1194 1918 1267; baseline -0.004 -15"><span class='ocrx_word' id='word_1_52' title='bbox 341 1199 564 1253; x_wconf 80' lang='lat' dir='ltr'><strong>habetur</strong></span> <span class='ocrx_word' id='word_1_53' title='bbox 605 1198 933 1267; x_wconf 76' lang='lat' dir='ltr'><strong>incognitum</strong></span> <span class='ocrx_word' id='word_1_54' title='bbox 975 1195 1204 1266; x_wconf 77' lang='lat' dir='ltr'><strong>qualiter</strong></span> <span class='ocrx_word' id='word_1_55' title='bbox 1232 1210 1351 1259; x_wconf 91' lang='lat' dir='ltr'><strong>nos,</strong></span> <span class='ocrx_word' id='word_1_56' title='bbox 1395 1195 1548 1262; x_wconf 80' lang='lat' dir='ltr'><strong>longe</strong></span> <span class='ocrx_word' id='word_1_57' title='bbox 1581 1194 1791 1260; x_wconf 83' lang='lat' dir='ltr'><strong>lateque</strong></span> <span class='ocrx_word' id='word_1_58' title='bbox 1824 1208 1918 1260; x_wconf 91' lang='lat' dir='ltr'><strong>per</strong></span> 
     </span>
    </p>
   </div>
   <div class='ocr_carea' id='block_1_10' title="bbox 340 1288 1913 1357">
    <p class='ocr_par' dir='ltr' id='par_1_10' title="bbox 340 1288 1913 1357">
     <span class='ocr_line' id='line_1_10' title="bbox 340 1288 1913 1357; baseline -0.003 -14"><span class='ocrx_word' id='word_1_59' title='bbox 340 1290 617 1343; x_wconf 87' lang='lat' dir='ltr'><strong>universas</strong></span> <span class='ocrx_word' id='word_1_60' title='bbox 667 1288 969 1357; x_wconf 82' lang='lat' dir='ltr'><strong>provincias</strong></span> <span class='ocrx_word' id='word_1_61' title='bbox 1015 1302 1108 1342; x_wconf 90' lang='lat' dir='ltr'><strong>seu</strong></span> <span class='ocrx_word' id='word_1_62' title='bbox 1140 1296 1349 1356; x_wconf 78' lang='lat' dir='ltr'><strong>gentes,</strong></span> <span class='ocrx_word' id='word_1_63' title='bbox 1407 1297 1624 1357; x_wconf 79' lang='lat' dir='ltr'><strong>prapter</strong></span> <span class='ocrx_word' id='word_1_64' title='bbox 1676 1298 1913 1339; x_wconf 86' lang='lat' dir='ltr'><strong>amorem</strong></span> 
     </span>
    </p>
   </div>
   <div class='ocr_carea' id='block_1_11' title="bbox 340 1377 1914 1445">
    <p class='ocr_par' dir='ltr' id='par_1_11' title="bbox 340 1377 1914 1445">
     <span class='ocr_line' id='line_1_11' title="bbox 340 1377 1914 1445; baseline -0.003 -11"><span class='ocrx_word' id='word_1_65' title='bbox 340 1380 536 1434; x_wconf 90' lang='lat' dir='ltr'><strong>Christi</strong></span> <span class='ocrx_word' id='word_1_66' title='bbox 559 1394 652 1434; x_wconf 90' lang='lat' dir='ltr'><strong>seu</strong></span> <span class='ocrx_word' id='word_1_67' title='bbox 679 1382 900 1434; x_wconf 83' lang='lat' dir='ltr'><strong>verbum</strong></span> <span class='ocrx_word' id='word_1_68' title='bbox 954 1378 1047 1433; x_wconf 88' lang='lat' dir='ltr'><strong>Dei</strong></span> <span class='ocrx_word' id='word_1_69' title='bbox 1100 1378 1442 1445; x_wconf 88' lang='lat' dir='ltr'><strong>annuntiare,</strong></span> <span class='ocrx_word' id='word_1_70' title='bbox 1472 1378 1553 1431; x_wconf 90' lang='lat' dir='ltr'><strong>vel</strong></span> <span class='ocrx_word' id='word_1_71' title='bbox 1596 1377 1914 1443; x_wconf 82' lang='lat' dir='ltr'><strong>baptismum</strong></span> 
     </span>
    </p>
   </div>
   <div class='ocr_carea' id='block_1_12' title="bbox 343 1469 1918 1537">
    <p class='ocr_par' dir='ltr' id='par_1_12' title="bbox 343 1469 1918 1537">
     <span class='ocr_line' id='line_1_12' title="bbox 343 1469 1918 1537; baseline -0.004 -10"><span class='ocrx_word' id='word_1_72' title='bbox 343 1473 574 1536; x_wconf 88' lang='lat' dir='ltr'><strong>tradere,</strong></span> <span class='ocrx_word' id='word_1_73' title='bbox 598 1473 895 1526; x_wconf 75' lang='lat' dir='ltr'><strong>discursum</strong></span> <span class='ocrx_word' id='word_1_74' title='bbox 928 1472 1239 1536; x_wconf 85' lang='lat' dir='ltr'><strong>habuimus;</strong></span> <span class='ocrx_word' id='word_1_75' title='bbox 1272 1478 1326 1524; x_wconf 86' lang='lat' dir='ltr'><strong>et</strong></span> <span class='ocrx_word' id='word_1_76' title='bbox 1354 1486 1451 1525; x_wconf 91' lang='lat' dir='ltr'><strong>nos</strong></span> <span class='ocrx_word' id='word_1_77' title='bbox 1480 1470 1545 1524; x_wconf 90' lang='lat' dir='ltr'><strong>de</strong></span> <span class='ocrx_word' id='word_1_78' title='bbox 1569 1470 1750 1523; x_wconf 90' lang='lat' dir='ltr'><strong>multis</strong></span> <span class='ocrx_word' id='word_1_79' title='bbox 1774 1469 1918 1537; x_wconf 86' lang='lat' dir='ltr'><strong>peri-</strong></span> 
     </span>
    </p>
   </div>
   <div class='ocr_carea' id='block_1_13' title="bbox 341 1546 1914 1633">
    <p class='ocr_par' dir='ltr' id='par_1_13' title="bbox 341 1546 1914 1633">
     <span class='ocr_line' id='line_1_13' title="bbox 341 1546 1914 1633; baseline -0.004 -15"><span class='ocrx_word' id='word_1_80' title='bbox 341 1564 476 1618; x_wconf 87' lang='lat' dir='ltr'><strong>culis</strong></span> <span class='ocrx_word' id='word_1_81' title='bbox 506 1566 672 1633; x_wconf 87' lang='lat' dir='ltr'><strong>pietas</strong></span> <span class='ocrx_word' id='word_1_82' title='bbox 706 1563 794 1618; x_wconf 91' lang='lat' dir='ltr'><strong>Dei</strong></span> <span class='ocrx_word' id='word_1_83' title='bbox 841 1564 1055 1631; x_wconf 85' lang='lat' dir='ltr'><strong>eripuit.</strong></span> <span class='ocrx_word' id='word_1_84' title='bbox 1082 1570 1137 1617; x_wconf 89' lang='lat' dir='ltr'><strong>et</strong></span> <span class='ocrx_word' id='word_1_85' title='bbox 1175 1575 1341 1631; x_wconf 79' lang='lat' dir='ltr'><strong>uSque</strong></span> <span class='ocrx_word' id='word_1_86' title='bbox 1371 1572 1611 1629; x_wconf 89' lang='lat' dir='ltr'><strong>tempore</strong></span> <span class='ocrx_word' id='word_1_87' title='bbox 1642 1546 1756 1629; x_wconf 90' lang='lat' dir='ltr'><strong>ipso</strong></span> <span class='ocrx_word' id='word_1_88' title='bbox 1790 1573 1914 1627; x_wconf 58' lang='lat' dir='ltr'><strong>per-</strong></span> 
     </span>
    </p>
   </div>
   <div class='ocr_carea' id='block_1_14' title="bbox 342 1652 1921 1726">
    <p class='ocr_par' dir='ltr' id='par_1_14' title="bbox 342 1652 1921 1726">
     <span class='ocr_line' id='line_1_14' title="bbox 342 1652 1921 1726; baseline -0.003 -17"><span class='ocrx_word' id='word_1_89' title='bbox 342 1656 542 1711; x_wconf 87' lang='lat' dir='ltr'><strong>ducere</strong></span> <span class='ocrx_word' id='word_1_90' title='bbox 570 1657 817 1726; x_wconf 82' lang='lat' dir='ltr'><strong>dignatus</strong></span> <span class='ocrx_word' id='word_1_91' title='bbox 845 1664 947 1709; x_wconf 89' lang='lat' dir='ltr'><strong>est.</strong></span> <span class='ocrx_word' id='word_1_92' title='bbox 980 1656 1085 1710; x_wconf 87' lang='lat' dir='ltr'><strong>Sed</strong></span> <span class='ocrx_word' id='word_1_93' title='bbox 1142 1656 1263 1709; x_wconf 88' lang='lat' dir='ltr'><strong>dum</strong></span> <span class='ocrx_word' id='word_1_94' title='bbox 1301 1654 1409 1725; x_wconf 83' lang='lat' dir='ltr'><strong>jam</strong></span> <span class='ocrx_word' id='word_1_95' title='bbox 1440 1669 1665 1722; x_wconf 86' lang='lat' dir='ltr'><strong>corpore</strong></span> <span class='ocrx_word' id='word_1_96' title='bbox 1696 1652 1839 1706; x_wconf 91' lang='lat' dir='ltr'><strong>fesso</strong></span> <span class='ocrx_word' id='word_1_97' title='bbox 1867 1660 1921 1705; x_wconf 90' lang='lat' dir='ltr'><strong>et</strong></span> 
     </span>
    </p>
   </div>
   <div class='ocr_carea' id='block_1_15' title="bbox 347 1746 1920 1815">
    <p class='ocr_par' dir='ltr' id='par_1_15' title="bbox 347 1746 1920 1815">
     <span class='ocr_line' id='line_1_15' title="bbox 347 1746 1920 1815; baseline -0.002 -15"><span class='ocrx_word' id='word_1_98' title='bbox 347 1747 527 1801; x_wconf 91' lang='lat' dir='ltr'><strong>multis</strong></span> <span class='ocrx_word' id='word_1_99' title='bbox 552 1746 825 1802; x_wconf 88' lang='lat' dir='ltr'><strong>laboribus</strong></span> <span class='ocrx_word' id='word_1_100' title='bbox 858 1748 1095 1815; x_wconf 79' lang='lat' dir='ltr'><strong>fatigato,</strong></span> <span class='ocrx_word' id='word_1_101' title='bbox 1142 1747 1251 1815; x_wconf 89' lang='lat' dir='ltr'><strong>jam</strong></span> <span class='ocrx_word' id='word_1_102' title='bbox 1304 1746 1356 1800; x_wconf 93' lang='lat' dir='ltr'><strong>in</strong></span> <span class='ocrx_word' id='word_1_103' title='bbox 1386 1761 1591 1801; x_wconf 88' lang='lat' dir='ltr'><strong>summa</strong></span> <span class='ocrx_word' id='word_1_104' title='bbox 1645 1754 1920 1800; x_wconf 85' lang='lat' dir='ltr'><strong>senectute</strong></span> 
     </span>
    </p>
   </div>
   <div class='ocr_carea' id='block_1_16' title="bbox 1934 460 3582 532">
    <p class='ocr_par' dir='ltr' id='par_1_16' title="bbox 1934 460 3582 532">
     <span class='ocr_line' id='line_1_16' title="bbox 1934 460 3582 532; baseline 0.004 -18"><span class='ocrx_word' id='word_1_105' title='bbox 1934 467 1981 520; x_wconf 79' lang='grc' dir='ltr'><strong>Α</strong></span> <span class='ocrx_word' id='word_1_106' title='bbox 2012 477 2137 516; x_wconf 90' lang='lat' dir='ltr'><strong>vero</strong></span> <span class='ocrx_word' id='word_1_107' title='bbox 2188 460 2573 525; x_wconf 79' lang='lat' dir='ltr'><strong>contradicere,</strong></span> <span class='ocrx_word' id='word_1_108' title='bbox 2622 469 2711 514; x_wconf 86' lang='lat' dir='ltr'><strong>aut</strong></span> <span class='ocrx_word' id='word_1_109' title='bbox 2762 460 2829 515; x_wconf 91' lang='lat' dir='ltr'><strong>de</strong></span> <span class='ocrx_word' id='word_1_110' title='bbox 2876 462 2990 532; x_wconf 60' lang='lat' dir='ltr'><strong>ipso</strong></span> <span class='ocrx_word' id='word_1_111' title='bbox 3020 464 3343 519; x_wconf 84' lang='lat' dir='ltr'><strong>monasterio</strong></span> <span class='ocrx_word' id='word_1_112' title='bbox 3386 480 3582 532; x_wconf 80' lang='lat' dir='ltr'><strong>corpus</strong></span> 
     </span>
    </p>
   </div>
   <div class='ocr_carea' id='block_1_17' title="bbox 2015 550 3576 625">
    <p class='ocr_par' dir='ltr' id='par_1_17' title="bbox 2015 550 3576 625">
     <span class='ocr_line' id='line_1_17' title="bbox 2015 550 3576 625; baseline 0.004 -20"><span class='ocrx_word' id='word_1_113' title='bbox 2015 567 2191 606; x_wconf 86' lang='lat' dir='ltr'><strong>meum</strong></span> <span class='ocrx_word' id='word_1_114' title='bbox 2242 566 2336 619; x_wconf 90' lang='lat' dir='ltr'><strong>per</strong></span> <span class='ocrx_word' id='word_1_115' title='bbox 2365 550 2517 605; x_wconf 88' lang='lat' dir='ltr'><strong>fortia</strong></span> <span class='ocrx_word' id='word_1_116' title='bbox 2573 550 2903 615; x_wconf 76' lang='lat' dir='ltr'><strong>abstrahere,</strong></span> <span class='ocrx_word' id='word_1_117' title='bbox 2933 562 3023 606; x_wconf 89' lang='lat' dir='ltr'><strong>aut</strong></span> <span class='ocrx_word' id='word_1_118' title='bbox 3054 556 3335 609; x_wconf 84' lang='lat' dir='ltr'><strong>temerario</strong></span> <span class='ocrx_word' id='word_1_119' title='bbox 3389 559 3576 625; x_wconf 87' lang='lat' dir='ltr'><strong>spiritu</strong></span> 
     </span>
    </p>
   </div>
   <div class='ocr_carea' id='block_1_18' title="bbox 2012 644 3580 713">
    <p class='ocr_par' dir='ltr' id='par_1_18' title="bbox 2012 644 3580 713">
     <span class='ocr_line' id='line_1_18' title="bbox 2012 644 3580 713; baseline 0.003 -14"><span class='ocrx_word' id='word_1_120' title='bbox 2012 644 2378 699; x_wconf 84' lang='lat' dir='ltr'><strong>contradicere</strong></span> <span class='ocrx_word' id='word_1_121' title='bbox 2404 644 2653 711; x_wconf 90' lang='lat' dir='ltr'><strong>voluerit,</strong></span> <span class='ocrx_word' id='word_1_122' title='bbox 2708 646 3025 713; x_wconf 88' lang='lat' dir='ltr'><strong>imprimitus</strong></span> <span class='ocrx_word' id='word_1_123' title='bbox 3072 658 3268 701; x_wconf 76' lang='lat' dir='ltr'><strong>sancta:</strong></span> <span class='ocrx_word' id='word_1_124' title='bbox 3303 647 3580 705; x_wconf 83' lang='lat' dir='ltr'><strong>Trinitatis</strong></span> 
     </span>
    </p>
   </div>
   <div class='ocr_carea' id='block_1_19' title="bbox 2017 737 3579 804">
    <p class='ocr_par' dir='ltr' id='par_1_19' title="bbox 2017 737 3579 804">
     <span class='ocr_line' id='line_1_19' title="bbox 2017 737 3579 804; baseline 0.004 -12"><span class='ocrx_word' id='word_1_125' title='bbox 2017 738 2249 792; x_wconf 87' lang='lat' dir='ltr'><strong>incurrat</strong></span> <span class='ocrx_word' id='word_1_126' title='bbox 2274 737 2554 804; x_wconf 71' lang='lat' dir='ltr'><strong>offensam,</strong></span> <span class='ocrx_word' id='word_1_127' title='bbox 2601 747 2655 792; x_wconf 88' lang='lat' dir='ltr'><strong>et</strong></span> <span class='ocrx_word' id='word_1_128' title='bbox 2696 738 2764 793; x_wconf 88' lang='lat' dir='ltr'><strong>ab</strong></span> <span class='ocrx_word' id='word_1_129' title='bbox 2793 740 3039 794; x_wconf 88' lang='lat' dir='ltr'><strong>omnibus</strong></span> <span class='ocrx_word' id='word_1_130' title='bbox 3069 739 3319 795; x_wconf 84' lang='lat' dir='ltr'><strong>Ecclesiis</strong></span> <span class='ocrx_word' id='word_1_131' title='bbox 3356 745 3579 798; x_wconf 86' lang='lat' dir='ltr'><strong>catholi-</strong></span> 
     </span>
    </p>
   </div>
   <div class='ocr_carea' id='block_1_20' title="bbox 2015 828 3578 899">
    <p class='ocr_par' dir='ltr' id='par_1_20' title="bbox 2015 828 3578 899">
     <span class='ocr_line' id='line_1_20' title="bbox 2015 828 3578 899; baseline 0.003 -16"><span class='ocrx_word' id='word_1_132' title='bbox 2015 828 2093 883; x_wconf 85' lang='lat' dir='ltr'><strong>cis</strong></span> <span class='ocrx_word' id='word_1_133' title='bbox 2106 831 2591 884; x_wconf 80' lang='lat' dir='ltr'><strong>excommunicatus</strong></span> <span class='ocrx_word' id='word_1_134' title='bbox 2605 841 2873 899; x_wconf 85' lang='lat' dir='ltr'><strong>appareat,</strong></span> <span class='ocrx_word' id='word_1_135' title='bbox 2890 840 2942 885; x_wconf 91' lang='lat' dir='ltr'><strong>et</strong></span> <span class='ocrx_word' id='word_1_136' title='bbox 2955 847 2986 885; x_wconf 88' lang='lat' dir='ltr'><strong>a</strong></span> <span class='ocrx_word' id='word_1_137' title='bbox 3001 832 3254 887; x_wconf 87' lang='lat' dir='ltr'><strong>societate</strong></span> <span class='ocrx_word' id='word_1_138' title='bbox 3277 845 3578 889; x_wconf 86' lang='lat' dir='ltr'><strong>sanctorum</strong></span> 
     </span>
    </p>
   </div>
   <div class='ocr_carea' id='block_1_21' title="bbox 2016 921 3584 992">
    <p class='ocr_par' dir='ltr' id='par_1_21' title="bbox 2016 921 3584 992">
     <span class='ocr_line' id='line_1_21' title="bbox 2016 921 3584 992; baseline 0.004 -19"><span class='ocrx_word' id='word_1_139' title='bbox 2016 930 2304 975; x_wconf 75' lang='lat' dir='ltr'><strong>extraneus</strong></span> <span class='ocrx_word' id='word_1_140' title='bbox 2340 921 2619 987; x_wconf 88' lang='lat' dir='ltr'><strong>efficiatur,</strong></span> <span class='ocrx_word' id='word_1_141' title='bbox 2648 930 2703 976; x_wconf 87' lang='lat' dir='ltr'><strong>et</strong></span> <span class='ocrx_word' id='word_1_142' title='bbox 2754 923 3147 977; x_wconf 86' lang='lat' dir='ltr'><strong>damnationem</strong></span> <span class='ocrx_word' id='word_1_143' title='bbox 3178 941 3334 992; x_wconf 87' lang='lat' dir='ltr'><strong>quam</strong></span> <span class='ocrx_word' id='word_1_144' title='bbox 3380 925 3584 980; x_wconf 82' lang='lat' dir='ltr'><strong>Datlian</strong></span> 
     </span>
    </p>
   </div>
   <div class='ocr_carea' id='block_1_22' title="bbox 2020 1010 3589 1082">
    <p class='ocr_par' dir='ltr' id='par_1_22' title="bbox 2020 1010 3589 1082">
     <span class='ocr_line' id='line_1_22' title="bbox 2020 1010 3589 1082; baseline 0.004 -19"><span class='ocrx_word' id='word_1_145' title='bbox 2020 1018 2073 1063; x_wconf 84' lang='lat' dir='ltr'><strong>et</strong></span> <span class='ocrx_word' id='word_1_146' title='bbox 2107 1010 2311 1064; x_wconf 83' lang='lat' dir='ltr'><strong>Abiron</strong></span> <span class='ocrx_word' id='word_1_147' title='bbox 2341 1012 2733 1075; x_wconf 86' lang='lat' dir='ltr'><strong>sustinuerunt,</strong></span> <span class='ocrx_word' id='word_1_148' title='bbox 2761 1029 2897 1082; x_wconf 90' lang='lat' dir='ltr'><strong>quos</strong></span> <span class='ocrx_word' id='word_1_149' title='bbox 2928 1014 3161 1068; x_wconf 89' lang='lat' dir='ltr'><strong>infernus</strong></span> <span class='ocrx_word' id='word_1_150' title='bbox 3215 1016 3361 1069; x_wconf 87' lang='lat' dir='ltr'><strong>vivos</strong></span> <span class='ocrx_word' id='word_1_151' title='bbox 3403 1017 3589 1071; x_wconf 84' lang='lat' dir='ltr'><strong>absor-</strong></span> 
     </span>
    </p>
   </div>
   <div class='ocr_carea' id='block_1_23' title="bbox 2018 1102 3586 1177">
    <p class='ocr_par' dir='ltr' id='par_1_23' title="bbox 2018 1102 3586 1177">
     <span class='ocr_line' id='line_1_23' title="bbox 2018 1102 3586 1177; baseline 0.004 -21"><span class='ocrx_word' id='word_1_152' title='bbox 2018 1102 2130 1156; x_wconf 89' lang='lat' dir='ltr'><strong>buit</strong></span> <span class='ocrx_word' id='word_1_153' title='bbox 2159 1103 2271 1169; x_wconf 90' lang='lat' dir='ltr'><strong>ipse</strong></span> <span class='ocrx_word' id='word_1_154' title='bbox 2296 1102 2578 1167; x_wconf 84' lang='lat' dir='ltr'><strong>sustineat,</strong></span> <span class='ocrx_word' id='word_1_155' title='bbox 2603 1111 2657 1157; x_wconf 89' lang='lat' dir='ltr'><strong>et</strong></span> <span class='ocrx_word' id='word_1_156' title='bbox 2684 1105 2752 1157; x_wconf 86' lang='lat' dir='ltr'><strong>sit</strong></span> <span class='ocrx_word' id='word_1_157' title='bbox 2782 1104 3064 1163; x_wconf 83' lang='lat' dir='ltr'><strong>anathema</strong></span> <span class='ocrx_word' id='word_1_158' title='bbox 3091 1106 3418 1170; x_wconf 86' lang='lat' dir='ltr'><strong>maranatha,</strong></span> <span class='ocrx_word' id='word_1_159' title='bbox 3446 1108 3586 1177; x_wconf 87' lang='lat' dir='ltr'><strong>quod</strong></span> 
     </span>
    </p>
   </div>
   <div class='ocr_carea' id='block_1_24' title="bbox 2019 1191 3587 1262">
    <p class='ocr_par' dir='ltr' id='par_1_24' title="bbox 2019 1191 3587 1262">
     <span class='ocr_line' id='line_1_24' title="bbox 2019 1191 3587 1262; baseline 0.003 -15"><span class='ocrx_word' id='word_1_160' title='bbox 2019 1204 2099 1248; x_wconf 90' lang='lat' dir='ltr'><strong>est</strong></span> <span class='ocrx_word' id='word_1_161' title='bbox 2124 1191 2370 1261; x_wconf 88' lang='lat' dir='ltr'><strong>perditio,</strong></span> <span class='ocrx_word' id='word_1_162' title='bbox 2401 1194 2453 1246; x_wconf 93' lang='lat' dir='ltr'><strong>in</strong></span> <span class='ocrx_word' id='word_1_163' title='bbox 2483 1193 2710 1248; x_wconf 85' lang='lat' dir='ltr'><strong>adventu</strong></span> <span class='ocrx_word' id='word_1_164' title='bbox 2742 1195 2951 1248; x_wconf 91' lang='lat' dir='ltr'><strong>Domini</strong></span> <span class='ocrx_word' id='word_1_165' title='bbox 2977 1196 3146 1249; x_wconf 89' lang='lat' dir='ltr'><strong>nostri</strong></span> <span class='ocrx_word' id='word_1_166' title='bbox 3196 1196 3319 1250; x_wconf 86' lang='lat' dir='ltr'><strong>Jesu</strong></span> <span class='ocrx_word' id='word_1_167' title='bbox 3350 1196 3543 1251; x_wconf 89' lang='lat' dir='ltr'><strong>Christi</strong></span> <span class='ocrx_word' id='word_1_168' title='bbox 3572 1214 3587 1262; x_wconf 93' lang='lat'>;</span> 
     </span>
    </p>
   </div>
   <div class='ocr_carea' id='block_1_25' title="bbox 2018 1282 3591 1356">
    <p class='ocr_par' dir='ltr' id='par_1_25' title="bbox 2018 1282 3591 1356">
     <span class='ocr_line' id='line_1_25' title="bbox 2018 1282 3591 1356; baseline 0.003 -19"><span class='ocrx_word' id='word_1_169' title='bbox 2018 1291 2074 1337; x_wconf 91' lang='lat' dir='ltr'><strong>et</strong></span> <span class='ocrx_word' id='word_1_170' title='bbox 2126 1297 2223 1337; x_wconf 91' lang='lat' dir='ltr'><strong>nec</strong></span> <span class='ocrx_word' id='word_1_171' title='bbox 2274 1282 2354 1336; x_wconf 90' lang='lat' dir='ltr'><strong>sic</strong></span> <span class='ocrx_word' id='word_1_172' title='bbox 2406 1292 2648 1338; x_wconf 88' lang='lat' dir='ltr'><strong>nostram</strong></span> <span class='ocrx_word' id='word_1_173' title='bbox 2716 1287 3048 1340; x_wconf 80' lang='lat' dir='ltr'><strong>voluntatem</strong></span> <span class='ocrx_word' id='word_1_174' title='bbox 3117 1297 3324 1342; x_wconf 88' lang='lat' dir='ltr'><strong>mutare</strong></span> <span class='ocrx_word' id='word_1_175' title='bbox 3379 1290 3591 1356; x_wconf 82' lang='lat' dir='ltr'><strong>valeat,</strong></span> 
     </span>
    </p>
   </div>
   <div class='ocr_carea' id='block_1_26' title="bbox 2020 1372 3596 1446">
    <p class='ocr_par' dir='ltr' id='par_1_26' title="bbox 2020 1372 3596 1446">
     <span class='ocr_line' id='line_1_26' title="bbox 2020 1372 3596 1446; baseline 0.005 -20"><span class='ocrx_word' id='word_1_176' title='bbox 2020 1372 2113 1426; x_wconf 90' lang='lat' dir='ltr'><strong>sed</strong></span> <span class='ocrx_word' id='word_1_177' title='bbox 2170 1372 2285 1427; x_wconf 68' lang='lat' dir='ltr'><strong>haec</strong></span> <span class='ocrx_word' id='word_1_178' title='bbox 2349 1372 2663 1429; x_wconf 75' lang='lat' dir='ltr'><strong>deliberatio</strong></span> <span class='ocrx_word' id='word_1_179' title='bbox 2708 1386 2886 1428; x_wconf 86' lang='lat' dir='ltr'><strong>nostra</strong></span> <span class='ocrx_word' id='word_1_180' title='bbox 2934 1376 2985 1429; x_wconf 92' lang='lat' dir='ltr'><strong>in</strong></span> <span class='ocrx_word' id='word_1_181' title='bbox 3031 1389 3284 1446; x_wconf 89' lang='lat' dir='ltr'><strong>perpetuo</strong></span> <span class='ocrx_word' id='word_1_182' title='bbox 3337 1378 3487 1433; x_wconf 87' lang='lat' dir='ltr'><strong>firma</strong></span> <span class='ocrx_word' id='word_1_183' title='bbox 3541 1391 3596 1435; x_wconf 84' lang='lat' dir='ltr'><strong>et</strong></span> 
     </span>
    </p>
   </div>
   <div class='ocr_carea' id='block_1_27' title="bbox 2021 1466 3591 1540">
    <p class='ocr_par' dir='ltr' id='par_1_27' title="bbox 2021 1466 3591 1540">
     <span class='ocr_line' id='line_1_27' title="bbox 2021 1466 3591 1540; baseline 0.006 -20"><span class='ocrx_word' id='word_1_184' title='bbox 2021 1466 2272 1521; x_wconf 88' lang='lat' dir='ltr'><strong>inviolata</strong></span> <span class='ocrx_word' id='word_1_185' title='bbox 2318 1478 2765 1536; x_wconf 89' lang='lat' dir='ltr'><strong>permaneat;et,</strong></span> <span class='ocrx_word' id='word_1_186' title='bbox 2820 1480 2878 1525; x_wconf 90' lang='lat' dir='ltr'><strong>ut</strong></span> <span class='ocrx_word' id='word_1_187' title='bbox 2925 1473 3121 1526; x_wconf 86' lang='lat' dir='ltr'><strong>certius</strong></span> <span class='ocrx_word' id='word_1_188' title='bbox 3149 1474 3399 1540; x_wconf 83' lang='lat' dir='ltr'><strong>credatis,</strong></span> <span class='ocrx_word' id='word_1_189' title='bbox 3433 1492 3591 1530; x_wconf 87' lang='lat' dir='ltr'><strong>manu</strong></span> 
     </span>
    </p>
   </div>
   <div class='ocr_carea' id='block_1_28' title="bbox 2024 1558 3594 1627">
    <p class='ocr_par' dir='ltr' id='par_1_28' title="bbox 2024 1558 3594 1627">
     <span class='ocr_line' id='line_1_28' title="bbox 2024 1558 3594 1627; baseline 0.007 -19"><span class='ocrx_word' id='word_1_190' title='bbox 2024 1559 2238 1624; x_wconf 87' lang='lat' dir='ltr'><strong>propria</strong></span> <span class='ocrx_word' id='word_1_191' title='bbox 2288 1558 2577 1627; x_wconf 86' lang='lat' dir='ltr'><strong>subscripsi</strong></span> <span class='ocrx_word' id='word_1_192' title='bbox 2606 1569 2662 1614; x_wconf 88' lang='lat' dir='ltr'><strong>et</strong></span> <span class='ocrx_word' id='word_1_193' title='bbox 2684 1560 2931 1616; x_wconf 85' lang='lat' dir='ltr'><strong>omnibus</strong></span> <span class='ocrx_word' id='word_1_194' title='bbox 2959 1562 3261 1617; x_wconf 83' lang='lat' dir='ltr'><strong>hominibus</strong></span> <span class='ocrx_word' id='word_1_195' title='bbox 3310 1564 3477 1618; x_wconf 89' lang='lat' dir='ltr'><strong>Deum</strong></span> <span class='ocrx_word' id='word_1_196' title='bbox 3528 1566 3594 1619; x_wconf 91' lang='lat' dir='ltr'><strong>ti-</strong></span> 
     </span>
    </p>
   </div>
   <div class='ocr_carea' id='block_1_29' title="bbox 2023 1653 3592 1727">
    <p class='ocr_par' dir='ltr' id='par_1_29' title="bbox 2023 1653 3592 1727">
     <span class='ocr_line' id='line_1_29' title="bbox 2023 1653 3592 1727; baseline 0.004 -20"><span class='ocrx_word' id='word_1_197' title='bbox 2023 1653 2291 1708; x_wconf 89' lang='lat' dir='ltr'><strong>mentibus</strong></span> <span class='ocrx_word' id='word_1_198' title='bbox 2316 1666 2376 1708; x_wconf 89' lang='lat' dir='ltr'><strong>ut</strong></span> <span class='ocrx_word' id='word_1_199' title='bbox 2428 1654 2760 1709; x_wconf 89' lang='lat' dir='ltr'><strong>subscribant</strong></span> <span class='ocrx_word' id='word_1_200' title='bbox 2811 1657 3166 1724; x_wconf 84' lang='lat' dir='ltr'><strong>supplicamus</strong></span> <span class='ocrx_word' id='word_1_201' title='bbox 3220 1668 3273 1711; x_wconf 89' lang='lat' dir='ltr'><strong>et</strong></span> <span class='ocrx_word' id='word_1_202' title='bbox 3320 1673 3592 1727; x_wconf 77' lang='lat' dir='ltr'><strong>rogamus.</strong></span> 
     </span>
    </p>
   </div>
   <div class='ocr_carea' id='block_1_30' title="bbox 2024 1747 3588 1817">
    <p class='ocr_par' dir='ltr' id='par_1_30' title="bbox 2024 1747 3588 1817">
     <span class='ocr_line' id='line_1_30' title="bbox 2024 1747 3588 1817; baseline 0 -18"><span class='ocrx_word' id='word_1_203' title='bbox 2024 1747 2191 1812; x_wconf 88' lang='lat' dir='ltr'><strong>Quam</strong></span> <span class='ocrx_word' id='word_1_204' title='bbox 2218 1748 2496 1816; x_wconf 86' lang='lat' dir='ltr'><strong>epistolam</strong></span> <span class='ocrx_word' id='word_1_205' title='bbox 2550 1747 2694 1801; x_wconf 82' lang='lat' dir='ltr'><strong>fratri</strong></span> <span class='ocrx_word' id='word_1_206' title='bbox 2748 1759 2926 1802; x_wconf 88' lang='lat' dir='ltr'><strong>nostro</strong></span> <span class='ocrx_word' id='word_1_207' title='bbox 2957 1749 3329 1802; x_wconf 85' lang='lat' dir='ltr'><strong>Baudemundo</strong></span> <span class='ocrx_word' id='word_1_208' title='bbox 3370 1751 3588 1817; x_wconf 81' lang='lat' dir='ltr'><strong>presby-</strong></span> 
     </span>
    </p>
   </div>
   <div class='ocr_carea' id='block_1_31' title="bbox 346 1835 3589 1909">
    <p class='ocr_par' dir='ltr' id='par_1_31' title="bbox 346 1835 3589 1909">
     <span class='ocr_line' id='line_1_31' title="bbox 346 1835 3589 1909; baseline 0 -17"><span class='ocrx_word' id='word_1_209' title='bbox 346 1852 482 1906; x_wconf 90' lang='lat' dir='ltr'><strong>pene</strong></span> <span class='ocrx_word' id='word_1_210' title='bbox 527 1852 753 1906; x_wconf 91' lang='lat' dir='ltr'><strong>corpore</strong></span> <span class='ocrx_word' id='word_1_211' title='bbox 796 1848 1117 1905; x_wconf 68' lang='lat' dir='ltr'><strong>praemortua</strong></span> <span class='ocrx_word' id='word_1_212' title='bbox 1155 1837 1352 1892; x_wconf 84' lang='lat' dir='ltr'><strong>exitum</strong></span> <span class='ocrx_word' id='word_1_213' title='bbox 1384 1838 1450 1891; x_wconf 87' lang='lat' dir='ltr'><strong>de</strong></span> <span class='ocrx_word' id='word_1_214' title='bbox 1479 1836 1581 1890; x_wconf 88' lang='lat' dir='ltr'><strong>hoc</strong></span> <span class='ocrx_word' id='word_1_215' title='bbox 1638 1835 1838 1889; x_wconf 85' lang='lat' dir='ltr'><strong>mundo</strong></span> <span class='ocrx_word' id='word_1_216' title='bbox 1866 1837 1916 1888; x_wconf 86' lang='lat' dir='ltr'><strong>in</strong></span> <span class='ocrx_word' id='word_1_217' title='bbox 1951 1837 1995 1894; x_wconf 89' lang='grc' dir='ltr'>Β</span> <span class='ocrx_word' id='word_1_218' title='bbox 2027 1851 2141 1897; x_wconf 91' lang='lat' dir='ltr'><strong>tero</strong></span> <span class='ocrx_word' id='word_1_219' title='bbox 2172 1841 2283 1895; x_wconf 80' lang='lat' dir='ltr'><strong>ﬁeri</strong></span> <span class='ocrx_word' id='word_1_220' title='bbox 2307 1842 2626 1909; x_wconf 78' lang='lat' dir='ltr'><strong>rogavimus.</strong></span> <span class='ocrx_word' id='word_1_221' title='bbox 2659 1841 2813 1895; x_wconf 83' lang='lat' dir='ltr'><strong>Facta</strong></span> <span class='ocrx_word' id='word_1_222' title='bbox 2840 1841 3057 1907; x_wconf 83' lang='lat' dir='ltr'><strong>epistola</strong></span> <span class='ocrx_word' id='word_1_223' title='bbox 3083 1842 3131 1894; x_wconf 92' lang='lat' dir='ltr'><strong>in</strong></span> <span class='ocrx_word' id='word_1_224' title='bbox 3159 1842 3480 1895; x_wconf 84' lang='lat' dir='ltr'><strong>monasterio</strong></span> <span class='ocrx_word' id='word_1_225' title='bbox 3505 1844 3589 1895; x_wconf 83' lang='lat' dir='ltr'><strong>El-</strong></span> 
     </span>
    </p>
   </div>
   <div class='ocr_carea' id='block_1_32' title="bbox 350 1926 1921 1999">
    <p class='ocr_par' dir='ltr' id='par_1_32' title="bbox 350 1926 1921 1999">
     <span class='ocr_line' id='line_1_32' title="bbox 350 1926 1921 1999; baseline -0.002 -16"><span class='ocrx_word' id='word_1_226' title='bbox 350 1930 592 1997; x_wconf 79' lang='lat' dir='ltr'><strong>proximo</strong></span> <span class='ocrx_word' id='word_1_227' title='bbox 617 1931 815 1984; x_wconf 90' lang='lat' dir='ltr'><strong>habere</strong></span> <span class='ocrx_word' id='word_1_228' title='bbox 860 1944 1157 1999; x_wconf 87' lang='lat' dir='ltr'><strong>speramus,</strong></span> <span class='ocrx_word' id='word_1_229' title='bbox 1184 1939 1237 1983; x_wconf 89' lang='lat' dir='ltr'><strong>et</strong></span> <span class='ocrx_word' id='word_1_230' title='bbox 1257 1932 1377 1996; x_wconf 87' lang='lat' dir='ltr'><strong>quia</strong></span> <span class='ocrx_word' id='word_1_231' title='bbox 1403 1944 1501 1983; x_wconf 86' lang='lat' dir='ltr'><strong>nos</strong></span> <span class='ocrx_word' id='word_1_232' title='bbox 1521 1926 1665 1982; x_wconf 89' lang='lat' dir='ltr'><strong>Deus</strong></span> <span class='ocrx_word' id='word_1_233' title='bbox 1690 1927 1740 1981; x_wconf 93' lang='lat' dir='ltr'><strong>in</strong></span> <span class='ocrx_word' id='word_1_234' title='bbox 1765 1927 1921 1980; x_wconf 92' lang='lat' dir='ltr'><strong>istum</strong></span> 
     </span>
    </p>
   </div>
   <div class='ocr_carea' id='block_1_33' title="bbox 348 2020 1922 2091">
    <p class='ocr_par' dir='ltr' id='par_1_33' title="bbox 348 2020 1922 2091">
     <span class='ocr_line' id='line_1_33' title="bbox 348 2020 1922 2091; baseline -0.004 -14"><span class='ocrx_word' id='word_1_235' title='bbox 348 2022 597 2077; x_wconf 88' lang='lat' dir='ltr'><strong>locellum</strong></span> <span class='ocrx_word' id='word_1_236' title='bbox 630 2023 717 2091; x_wconf 93' lang='lat' dir='ltr'><strong>qui</strong></span> <span class='ocrx_word' id='word_1_237' title='bbox 742 2031 959 2076; x_wconf 82' lang='lat' dir='ltr'><strong>vocatur</strong></span> <span class='ocrx_word' id='word_1_238' title='bbox 984 2023 1201 2076; x_wconf 84' lang='lat' dir='ltr'><strong>Elnonis</strong></span> <span class='ocrx_word' id='word_1_239' title='bbox 1232 2020 1522 2091; x_wconf 88' lang='lat' dir='ltr'><strong>perducere</strong></span> <span class='ocrx_word' id='word_1_240' title='bbox 1546 2020 1790 2087; x_wconf 74' lang='lat' dir='ltr'><strong>dignatus</strong></span> <span class='ocrx_word' id='word_1_241' title='bbox 1820 2027 1922 2083; x_wconf 89' lang='lat' dir='ltr'><strong>est,</strong></span> 
     </span>
    </p>
   </div>
   <div class='ocr_carea' id='block_1_34' title="bbox 350 2109 1924 2182">
    <p class='ocr_par' dir='ltr' id='par_1_34' title="bbox 350 2109 1924 2182">
     <span class='ocr_line' id='line_1_34' title="bbox 350 2109 1924 2182; baseline -0.002 -15"><span class='ocrx_word' id='word_1_242' title='bbox 350 2128 509 2181; x_wconf 88' lang='lat' dir='ltr'><strong>quem</strong></span> <span class='ocrx_word' id='word_1_243' title='bbox 538 2128 699 2181; x_wconf 81' lang='lat' dir='ltr'><strong>super</strong></span> <span class='ocrx_word' id='word_1_244' title='bbox 743 2114 983 2182; x_wconf 75' lang='lat' dir='ltr'><strong>largitate</strong></span> <span class='ocrx_word' id='word_1_245' title='bbox 1019 2116 1161 2181; x_wconf 77' lang='lat' dir='ltr'><strong>regia</strong></span> <span class='ocrx_word' id='word_1_246' title='bbox 1208 2113 1425 2181; x_wconf 88' lang='lat' dir='ltr'><strong>proprio</strong></span> <span class='ocrx_word' id='word_1_247' title='bbox 1458 2112 1641 2165; x_wconf 88' lang='lat' dir='ltr'><strong>labore</strong></span> <span class='ocrx_word' id='word_1_248' title='bbox 1670 2110 1768 2163; x_wconf 88' lang='lat' dir='ltr'><strong>visi</strong></span> <span class='ocrx_word' id='word_1_249' title='bbox 1822 2109 1924 2164; x_wconf 89' lang='lat' dir='ltr'><strong>fui-</strong></span> 
     </span>
    </p>
   </div>
   <div class='ocr_carea' id='block_1_35' title="bbox 350 2203 1927 2270">
    <p class='ocr_par' dir='ltr' id='par_1_35' title="bbox 350 2203 1927 2270">
     <span class='ocr_line' id='line_1_35' title="bbox 350 2203 1927 2270; baseline -0.002 -13"><span class='ocrx_word' id='word_1_250' title='bbox 350 2221 471 2259; x_wconf 87' lang='lat' dir='ltr'><strong>mus</strong></span> <span class='ocrx_word' id='word_1_251' title='bbox 499 2207 893 2270; x_wconf 75' lang='lat' dir='ltr'><strong>Construxisse;</strong></span> <span class='ocrx_word' id='word_1_252' title='bbox 938 2206 983 2260; x_wconf 88' lang='lat' dir='ltr'><strong>si</strong></span> <span class='ocrx_word' id='word_1_253' title='bbox 1038 2220 1136 2258; x_wconf 91' lang='lat' dir='ltr'><strong>nos</strong></span> <span class='ocrx_word' id='word_1_254' title='bbox 1184 2206 1255 2259; x_wconf 87' lang='lat' dir='ltr'><strong>ibi</strong></span> <span class='ocrx_word' id='word_1_255' title='bbox 1288 2205 1426 2259; x_wconf 87' lang='lat' dir='ltr'><strong>Deus</strong></span> <span class='ocrx_word' id='word_1_256' title='bbox 1476 2203 1542 2257; x_wconf 90' lang='lat' dir='ltr'><strong>de</strong></span> <span class='ocrx_word' id='word_1_257' title='bbox 1573 2203 1675 2257; x_wconf 91' lang='lat' dir='ltr'><strong>hoc</strong></span> <span class='ocrx_word' id='word_1_258' title='bbox 1730 2203 1927 2255; x_wconf 91' lang='lat' dir='ltr'><strong>mundo</strong></span> 
     </span>
    </p>
   </div>
   <div class='ocr_carea' id='block_1_36' title="bbox 350 2290 1926 2364">
    <p class='ocr_par' dir='ltr' id='par_1_36' title="bbox 350 2290 1926 2364">
     <span class='ocr_line' id='line_1_36' title="bbox 350 2290 1926 2364; baseline -0.004 -15"><span class='ocrx_word' id='word_1_259' title='bbox 350 2297 647 2350; x_wconf 86' lang='lat' dir='ltr'><strong>decreverit</strong></span> <span class='ocrx_word' id='word_1_260' title='bbox 666 2296 949 2364; x_wconf 79' lang='lat' dir='ltr'><strong>emigrare,</strong></span> <span class='ocrx_word' id='word_1_261' title='bbox 985 2303 1129 2364; x_wconf 91' lang='lat' dir='ltr'><strong>peto,</strong></span> <span class='ocrx_word' id='word_1_262' title='bbox 1155 2302 1208 2349; x_wconf 87' lang='lat' dir='ltr'><strong>et</strong></span> <span class='ocrx_word' id='word_1_263' title='bbox 1235 2309 1413 2348; x_wconf 87' lang='lat' dir='ltr'><strong>coram</strong></span> <span class='ocrx_word' id='word_1_264' title='bbox 1445 2292 1659 2347; x_wconf 84' lang='lat' dir='ltr'><strong>Christo</strong></span> <span class='ocrx_word' id='word_1_265' title='bbox 1678 2291 1803 2345; x_wconf 85' lang='lat' dir='ltr'><strong>Jesu</strong></span> <span class='ocrx_word' id='word_1_266' title='bbox 1840 2290 1926 2344; x_wconf 87' lang='lat' dir='ltr'><strong>Fi-</strong></span> 
     </span>
    </p>
   </div>
   <div class='ocr_carea' id='block_1_37' title="bbox 357 2382 1926 2456">
    <p class='ocr_par' dir='ltr' id='par_1_37' title="bbox 357 2382 1926 2456">
     <span class='ocr_line' id='line_1_37' title="bbox 357 2382 1926 2456; baseline -0.004 -15"><span class='ocrx_word' id='word_1_267' title='bbox 357 2389 429 2441; x_wconf 93' lang='lat' dir='ltr'><strong>lio</strong></span> <span class='ocrx_word' id='word_1_268' title='bbox 453 2388 567 2452; x_wconf 90' lang='lat' dir='ltr'><strong>Dei,</strong></span> <span class='ocrx_word' id='word_1_269' title='bbox 595 2389 875 2456; x_wconf 88' lang='lat' dir='ltr'><strong>conjurare</strong></span> <span class='ocrx_word' id='word_1_270' title='bbox 905 2402 1171 2456; x_wconf 63' lang='lat' dir='ltr'><strong>praesumo</strong></span> <span class='ocrx_word' id='word_1_271' title='bbox 1202 2394 1259 2438; x_wconf 92' lang='lat' dir='ltr'><strong>ut</strong></span> <span class='ocrx_word' id='word_1_272' title='bbox 1289 2385 1421 2439; x_wconf 90' lang='lat' dir='ltr'><strong>nulli</strong></span> <span class='ocrx_word' id='word_1_273' title='bbox 1447 2383 1815 2452; x_wconf 89' lang='lat' dir='ltr'><strong>episcoporum</strong></span> <span class='ocrx_word' id='word_1_274' title='bbox 1846 2382 1926 2436; x_wconf 85' lang='lat' dir='ltr'><strong>vel</strong></span> 
     </span>
    </p>
   </div>
   <div class='ocr_carea' id='block_1_38' title="bbox 357 2473 1929 2546">
    <p class='ocr_par' dir='ltr' id='par_1_38' title="bbox 357 2473 1929 2546">
     <span class='ocr_line' id='line_1_38' title="bbox 357 2473 1929 2546; baseline -0.004 -13"><span class='ocrx_word' id='word_1_275' title='bbox 357 2481 631 2546; x_wconf 90' lang='lat' dir='ltr'><strong>abbatum,</strong></span> <span class='ocrx_word' id='word_1_276' title='bbox 655 2494 750 2534; x_wconf 89' lang='lat' dir='ltr'><strong>seu</strong></span> <span class='ocrx_word' id='word_1_277' title='bbox 786 2477 1122 2533; x_wconf 66' lang='lat' dir='ltr'><strong>saacularium</strong></span> <span class='ocrx_word' id='word_1_278' title='bbox 1171 2477 1432 2538; x_wconf 88' lang='lat' dir='ltr'><strong>virorum,</strong></span> <span class='ocrx_word' id='word_1_279' title='bbox 1462 2484 1554 2528; x_wconf 91' lang='lat' dir='ltr'><strong>aut</strong></span> <span class='ocrx_word' id='word_1_280' title='bbox 1598 2473 1929 2542; x_wconf 90' lang='lat' dir='ltr'><strong>quibuslibet</strong></span> 
     </span>
    </p>
   </div>
   <div class='ocr_carea' id='block_1_39' title="bbox 359 2563 1927 2642">
    <p class='ocr_par' dir='ltr' id='par_1_39' title="bbox 359 2563 1927 2642">
     <span class='ocr_line' id='line_1_39' title="bbox 359 2563 1927 2642; baseline -0.006 -16"><span class='ocrx_word' id='word_1_281' title='bbox 359 2572 715 2642; x_wconf 88' lang='lat' dir='ltr'><strong>potestatibus</strong></span> <span class='ocrx_word' id='word_1_282' title='bbox 779 2571 879 2625; x_wconf 92' lang='lat' dir='ltr'><strong>hoc</strong></span> <span class='ocrx_word' id='word_1_283' title='bbox 925 2569 1250 2624; x_wconf 88' lang='lat' dir='ltr'><strong>contrarium</strong></span> <span class='ocrx_word' id='word_1_284' title='bbox 1305 2566 1395 2631; x_wconf 86' lang='lat' dir='ltr'><strong>sit,</strong></span> <span class='ocrx_word' id='word_1_285' title='bbox 1451 2574 1511 2619; x_wconf 91' lang='lat' dir='ltr'><strong>ut</strong></span> <span class='ocrx_word' id='word_1_286' title='bbox 1555 2563 1927 2632; x_wconf 86' lang='lat' dir='ltr'><strong>corpusculum</strong></span> 
     </span>
    </p>
   </div>
   <div class='ocr_carea' id='block_1_40' title="bbox 364 2654 1929 2731">
    <p class='ocr_par' dir='ltr' id='par_1_40' title="bbox 364 2654 1929 2731">
     <span class='ocr_line' id='line_1_40' title="bbox 364 2654 1929 2731; baseline -0.006 -17"><span class='ocrx_word' id='word_1_287' title='bbox 364 2677 543 2715; x_wconf 84' lang='lat' dir='ltr'><strong>meum</strong></span> <span class='ocrx_word' id='word_1_288' title='bbox 594 2663 647 2715; x_wconf 91' lang='lat' dir='ltr'><strong>in</strong></span> <span class='ocrx_word' id='word_1_289' title='bbox 706 2662 822 2731; x_wconf 92' lang='lat' dir='ltr'><strong>ipso</strong></span> <span class='ocrx_word' id='word_1_290' title='bbox 870 2659 1190 2714; x_wconf 89' lang='lat' dir='ltr'><strong>monasterio</strong></span> <span class='ocrx_word' id='word_1_291' title='bbox 1235 2656 1374 2726; x_wconf 90' lang='lat' dir='ltr'><strong>quod</strong></span> <span class='ocrx_word' id='word_1_292' title='bbox 1418 2656 1658 2725; x_wconf 85' lang='lat' dir='ltr'><strong>superius</strong></span> <span class='ocrx_word' id='word_1_293' title='bbox 1699 2654 1929 2707; x_wconf 80' lang='lat' dir='ltr'><strong>diximus</strong></span> 
     </span>
    </p>
   </div>
   <div class='ocr_carea' id='block_1_41' title="bbox 352 2743 1929 2819">
    <p class='ocr_par' dir='ltr' id='par_1_41' title="bbox 352 2743 1929 2819">
     <span class='ocr_line' id='line_1_41' title="bbox 352 2743 1929 2819; baseline -0.006 -14"><span class='ocrx_word' id='word_1_294' title='bbox 352 2756 381 2797; x_wconf 67' lang='grc' dir='ltr'>δ</span> <span class='ocrx_word' id='word_1_295' title='bbox 408 2752 917 2819; x_wconf 80' lang='lat' dir='ltr'><strong>Elnone,interillos</strong></span> <span class='ocrx_word' id='word_1_296' title='bbox 943 2751 1130 2805; x_wconf 77' lang='lat' dir='ltr'><strong>fratres</strong></span> <span class='ocrx_word' id='word_1_297' title='bbox 1161 2748 1476 2817; x_wconf 87' lang='lat' dir='ltr'><strong>requiescat,</strong></span> <span class='ocrx_word' id='word_1_298' title='bbox 1502 2745 1587 2799; x_wconf 92' lang='lat' dir='ltr'><strong>ubi</strong></span> <span class='ocrx_word' id='word_1_299' title='bbox 1612 2745 1719 2813; x_wconf 87' lang='lat' dir='ltr'><strong>jam</strong></span> <span class='ocrx_word' id='word_1_300' title='bbox 1750 2759 1846 2798; x_wconf 91' lang='lat' dir='ltr'><strong>nos</strong></span> <span class='ocrx_word' id='word_1_301' title='bbox 1860 2743 1929 2797; x_wconf 86' lang='lat' dir='ltr'><strong>ad</strong></span> 
     </span>
    </p>
   </div>
   <div class='ocr_carea' id='block_1_42' title="bbox 353 2837 1927 2912">
    <p class='ocr_par' dir='ltr' id='par_1_42' title="bbox 353 2837 1927 2912">
     <span class='ocr_line' id='line_1_42' title="bbox 353 2837 1927 2912; baseline -0.005 -16"><span class='ocrx_word' id='word_1_302' title='bbox 353 2844 499 2912; x_wconf 87' lang='lat' dir='ltr'><strong>ipsos</strong></span> <span class='ocrx_word' id='word_1_303' title='bbox 544 2841 738 2897; x_wconf 81' lang='lat' dir='ltr'><strong>fratres</strong></span> <span class='ocrx_word' id='word_1_304' title='bbox 766 2852 819 2896; x_wconf 91' lang='lat' dir='ltr'><strong>et</strong></span> <span class='ocrx_word' id='word_1_305' title='bbox 854 2857 1079 2910; x_wconf 90' lang='lat' dir='ltr'><strong>corpore</strong></span> <span class='ocrx_word' id='word_1_306' title='bbox 1103 2851 1155 2894; x_wconf 86' lang='lat' dir='ltr'><strong>et</strong></span> <span class='ocrx_word' id='word_1_307' title='bbox 1183 2841 1359 2893; x_wconf 90' lang='lat' dir='ltr'><strong>anima</strong></span> <span class='ocrx_word' id='word_1_308' title='bbox 1407 2837 1927 2899; x_wconf 83' lang='lat' dir='ltr'><strong>commendavimus;</strong></span> 
     </span>
    </p>
   </div>
   <div class='ocr_carea' id='block_1_43' title="bbox 352 2927 1929 2999">
    <p class='ocr_par' dir='ltr' id='par_1_43' title="bbox 352 2927 1929 2999">
     <span class='ocr_line' id='line_1_43' title="bbox 352 2927 1929 2999; baseline -0.006 -10"><span class='ocrx_word' id='word_1_309' title='bbox 352 2945 409 2989; x_wconf 91' lang='lat' dir='ltr'><strong>et</strong></span> <span class='ocrx_word' id='word_1_310' title='bbox 434 2934 478 2989; x_wconf 90' lang='lat' dir='ltr'><strong>si</strong></span> <span class='ocrx_word' id='word_1_311' title='bbox 530 2935 741 2999; x_wconf 89' lang='lat' dir='ltr'><strong>itinere,</strong></span> <span class='ocrx_word' id='word_1_312' title='bbox 789 2944 878 2988; x_wconf 88' lang='lat' dir='ltr'><strong>aut</strong></span> <span class='ocrx_word' id='word_1_313' title='bbox 920 2933 1099 2987; x_wconf 87' lang='lat' dir='ltr'><strong>ubiubi</strong></span> <span class='ocrx_word' id='word_1_314' title='bbox 1146 2931 1264 2985; x_wconf 87' lang='lat' dir='ltr'><strong>finis</strong></span> <span class='ocrx_word' id='word_1_315' title='bbox 1289 2940 1465 2984; x_wconf 86' lang='lat' dir='ltr'><strong>noster</strong></span> <span class='ocrx_word' id='word_1_316' title='bbox 1493 2928 1831 2996; x_wconf 79' lang='lat' dir='ltr'><strong>provenerit,</strong></span> <span class='ocrx_word' id='word_1_317' title='bbox 1862 2927 1929 2981; x_wconf 90' lang='lat' dir='ltr'><strong>ad</strong></span> 
     </span>
    </p>
   </div>
   <div class='ocr_carea' id='block_1_44' title="bbox 354 3023 1929 3097">
    <p class='ocr_par' dir='ltr' id='par_1_44' title="bbox 354 3023 1929 3097">
     <span class='ocr_line' id='line_1_44' title="bbox 354 3023 1929 3097; baseline -0.005 -17"><span class='ocrx_word' id='word_1_318' title='bbox 354 3028 528 3096; x_wconf 88' lang='lat' dir='ltr'><strong>ipsum</strong></span> <span class='ocrx_word' id='word_1_319' title='bbox 555 3030 727 3083; x_wconf 90' lang='lat' dir='ltr'><strong>locum</strong></span> <span class='ocrx_word' id='word_1_320' title='bbox 759 3043 917 3097; x_wconf 90' lang='lat' dir='ltr'><strong>quem</strong></span> <span class='ocrx_word' id='word_1_321' title='bbox 972 3026 1217 3095; x_wconf 87' lang='lat' dir='ltr'><strong>superius</strong></span> <span class='ocrx_word' id='word_1_322' title='bbox 1268 3023 1680 3078; x_wconf 86' lang='lat' dir='ltr'><strong>memoravimus</strong></span> <span class='ocrx_word' id='word_1_323' title='bbox 1734 3036 1929 3089; x_wconf 90' lang='lat' dir='ltr'><strong>corpu-</strong></span> 
     </span>
    </p>
   </div>
   <div class='ocr_carea' id='block_1_45' title="bbox 352 3112 1924 3173">
    <p class='ocr_par' dir='ltr' id='par_1_45' title="bbox 352 3112 1924 3173">
     <span class='ocr_line' id='line_1_45' title="bbox 352 3112 1924 3173; baseline -0.004 -1"><span class='ocrx_word' id='word_1_324' title='bbox 352 3121 561 3173; x_wconf 82' lang='lat' dir='ltr'><strong>sculum</strong></span> <span class='ocrx_word' id='word_1_325' title='bbox 592 3129 829 3173; x_wconf 89' lang='lat' dir='ltr'><strong>nostrum</strong></span> <span class='ocrx_word' id='word_1_326' title='bbox 884 3118 1148 3172; x_wconf 89' lang='lat' dir='ltr'><strong>licentiam</strong></span> <span class='ocrx_word' id='word_1_327' title='bbox 1183 3116 1413 3170; x_wconf 89' lang='lat' dir='ltr'><strong>habeant</strong></span> <span class='ocrx_word' id='word_1_328' title='bbox 1442 3115 1631 3168; x_wconf 87' lang='lat' dir='ltr'><strong>fratres</strong></span> <span class='ocrx_word' id='word_1_329' title='bbox 1683 3112 1763 3166; x_wconf 86' lang='lat' dir='ltr'><strong>vel</strong></span> <span class='ocrx_word' id='word_1_330' title='bbox 1793 3113 1924 3166; x_wconf 87' lang='lat' dir='ltr'><strong>abba</strong></span> 
     </span>
    </p>
   </div>
   <div class='ocr_carea' id='block_1_46' title="bbox 354 3204 1925 3280">
    <p class='ocr_par' dir='ltr' id='par_1_46' title="bbox 354 3204 1925 3280">
     <span class='ocr_line' id='line_1_46' title="bbox 354 3204 1925 3280; baseline -0.003 -16"><span class='ocrx_word' id='word_1_331' title='bbox 354 3212 422 3264; x_wconf 86' lang='lat' dir='ltr'><strong>de</strong></span> <span class='ocrx_word' id='word_1_332' title='bbox 449 3212 566 3280; x_wconf 89' lang='lat' dir='ltr'><strong>ipso</strong></span> <span class='ocrx_word' id='word_1_333' title='bbox 598 3211 925 3265; x_wconf 85' lang='lat' dir='ltr'><strong>monasterio</strong></span> <span class='ocrx_word' id='word_1_334' title='bbox 956 3210 1158 3264; x_wconf 69' lang='lat' dir='ltr'><strong>lilnone</strong></span> <span class='ocrx_word' id='word_1_335' title='bbox 1188 3208 1382 3263; x_wconf 88' lang='lat' dir='ltr'><strong>ibidem</strong></span> <span class='ocrx_word' id='word_1_336' title='bbox 1409 3220 1685 3262; x_wconf 90' lang='lat' dir='ltr'><strong>revocare.</strong></span> <span class='ocrx_word' id='word_1_337' title='bbox 1714 3204 1769 3259; x_wconf 90' lang='lat' dir='ltr'><strong>Si</strong></span> <span class='ocrx_word' id='word_1_338' title='bbox 1809 3204 1925 3275; x_wconf 90' lang='lat' dir='ltr'><strong>quis</strong></span> 
     </span>
    </p>
   </div>
   <div class='ocr_carea' id='block_1_47' title="bbox 428 3339 1930 3408">
    <p class='ocr_par' dir='ltr' id='par_1_47' title="bbox 428 3339 1930 3408">
     <span class='ocr_line' id='line_1_47' title="bbox 428 3339 1930 3408; baseline -0.007 -4"><span class='ocrx_word' id='word_1_339' title='bbox 428 3350 456 3379; x_wconf 76' lang='grc'><strong>⁸</strong></span> <span class='ocrx_word' id='word_1_340' title='bbox 483 3349 669 3403; x_wconf 87' lang='lat' dir='ltr'><strong>Editus</strong></span> <span class='ocrx_word' id='word_1_341' title='bbox 712 3348 764 3401; x_wconf 91' lang='lat' dir='ltr'><strong>in</strong></span> <span class='ocrx_word' id='word_1_342' title='bbox 821 3347 989 3401; x_wconf 85' lang='lat' dir='ltr'><strong>sancti</strong></span> <span class='ocrx_word' id='word_1_343' title='bbox 1041 3344 1263 3398; x_wconf 81' lang='lat' dir='ltr'><strong>Amandi</strong></span> <span class='ocrx_word' id='word_1_344' title='bbox 1321 3343 1438 3397; x_wconf 86' lang='lat' dir='ltr'><strong>Vita</strong></span> <span class='ocrx_word' id='word_1_345' title='bbox 1466 3382 1481 3406; x_wconf 91' lang='lat'><strong>,</strong></span> <span class='ocrx_word' id='word_1_346' title='bbox 1530 3342 1666 3408; x_wconf 91' lang='lat' dir='ltr'><strong>apud</strong></span> <span class='ocrx_word' id='word_1_347' title='bbox 1700 3339 1833 3393; x_wconf 82' lang='lat' dir='ltr'><strong>Boil.</strong></span> <span class='ocrx_word' id='word_1_348' title='bbox 1864 3339 1930 3393; x_wconf 90' lang='lat' dir='ltr'><strong>ad</strong></span> 
     </span>
    </p>
   </div>
   <div class='ocr_carea' id='block_1_48' title="bbox 354 3412 1931 3483">
    <p class='ocr_par' dir='ltr' id='par_1_48' title="bbox 354 3412 1931 3483">
     <span class='ocr_line' id='line_1_48' title="bbox 354 3412 1931 3483; baseline -0.007 -9"><span class='ocrx_word' id='word_1_349' title='bbox 354 3422 498 3474; x_wconf 89' lang='lat' dir='ltr'><strong>diem</strong></span> <span class='ocrx_word' id='word_1_350' title='bbox 532 3420 564 3471; x_wconf 82' lang='lat' dir='ltr'><strong>ti</strong></span> <span class='ocrx_word' id='word_1_351' title='bbox 619 3420 914 3483; x_wconf 83' lang='lat' dir='ltr'><strong>Februarii,</strong></span> <span class='ocrx_word' id='word_1_352' title='bbox 945 3432 973 3470; x_wconf 91' lang='lat' dir='ltr'><strong>a</strong></span> <span class='ocrx_word' id='word_1_353' title='bbox 1006 3416 1246 3483; x_wconf 81' lang='lat' dir='ltr'><strong>Philippo</strong></span> <span class='ocrx_word' id='word_1_354' title='bbox 1271 3413 1587 3479; x_wconf 77' lang='lat' dir='ltr'><strong>Harvcngio,</strong></span> <span class='ocrx_word' id='word_1_355' title='bbox 1614 3413 1803 3464; x_wconf 87' lang='lat' dir='ltr'><strong>abbate</strong></span> <span class='ocrx_word' id='word_1_356' title='bbox 1832 3412 1931 3463; x_wconf 80' lang='lat' dir='ltr'><strong>Bo-</strong></span> 
     </span>
    </p>
   </div>
   <div class='ocr_carea' id='block_1_49' title="bbox 358 3484 1932 3557">
    <p class='ocr_par' dir='ltr' id='par_1_49' title="bbox 358 3484 1932 3557">
     <span class='ocr_line' id='line_1_49' title="bbox 358 3484 1932 3557; baseline -0.007 -13"><span class='ocrx_word' id='word_1_357' title='bbox 358 3492 582 3557; x_wconf 76' lang='lat' dir='ltr'><strong>naespei,</strong></span> <span class='ocrx_word' id='word_1_358' title='bbox 609 3492 804 3555; x_wconf 82' lang='lat' dir='ltr'><strong>scripta</strong></span> <span class='ocrx_word' id='word_1_359' title='bbox 836 3490 1035 3541; x_wconf 59' lang='lat' dir='ltr'><strong>saec.qu</strong></span> <span class='ocrx_word' id='word_1_360' title='bbox 1070 3502 1143 3539; x_wconf 79' lang='lat' dir='ltr'><strong>xu</strong></span> <span class='ocrx_word' id='word_1_361' title='bbox 1173 3503 1187 3551; x_wconf 90' lang='lat'><strong>;</strong></span> <span class='ocrx_word' id='word_1_362' title='bbox 1221 3502 1249 3538; x_wconf 92' lang='lat' dir='ltr'><strong>a</strong></span> <span class='ocrx_word' id='word_1_363' title='bbox 1284 3484 1582 3557; x_wconf 84' lang='lat' dir='ltr'><strong>Mabillonio</strong></span> <span class='ocrx_word' id='word_1_364' title='bbox 1632 3497 1851 3557; x_wconf 75' lang='lat' dir='ltr'><strong>recusus</strong></span> <span class='ocrx_word' id='word_1_365' title='bbox 1882 3484 1932 3534; x_wconf 90' lang='lat' dir='ltr'><strong>in</strong></span> 
     </span>
    </p>
   </div>
   <div class='ocr_carea' id='block_1_50' title="bbox 356 3553 1933 3621">
    <p class='ocr_par' dir='ltr' id='par_1_50' title="bbox 356 3553 1933 3621">
     <span class='ocr_line' id='line_1_50' title="bbox 356 3553 1933 3621; baseline -0.008 -5"><span class='ocrx_word' id='word_1_366' title='bbox 356 3553 512 3616; x_wconf 80' lang='lat' dir='ltr'><strong>Actis</strong></span> <span class='ocrx_word' id='word_1_367' title='bbox 560 3561 659 3615; x_wconf 84' lang='lat' dir='ltr'><strong>SS.</strong></span> <span class='ocrx_word' id='word_1_368' title='bbox 697 3553 903 3614; x_wconf 83' lang='lat' dir='ltr'><strong>ordinis</strong></span> <span class='ocrx_word' id='word_1_369' title='bbox 950 3558 1120 3611; x_wconf 88' lang='lat' dir='ltr'><strong>saneti</strong></span> <span class='ocrx_word' id='word_1_370' title='bbox 1173 3556 1464 3621; x_wconf 82' lang='lat' dir='ltr'><strong>Benedicti,</strong></span> <span class='ocrx_word' id='word_1_371' title='bbox 1501 3553 1697 3606; x_wconf 72' lang='lat' dir='ltr'><strong>swculo</strong></span> <span class='ocrx_word' id='word_1_372' title='bbox 1727 3567 1784 3615; x_wconf 92' lang='grc'><strong>11,</strong></span> <span class='ocrx_word' id='word_1_373' title='bbox 1816 3567 1933 3617; x_wconf 71' lang='lat' dir='ltr'><strong>pug.</strong></span> 
     </span>
    </p>
   </div>
   <div class='ocr_carea' id='block_1_51' title="bbox 361 3622 1939 3694">
    <p class='ocr_par' dir='ltr' id='par_1_51' title="bbox 361 3622 1939 3694">
     <span class='ocr_line' id='line_1_51' title="bbox 361 3622 1939 3694; baseline -0.007 -9"><span class='ocrx_word' id='word_1_374' title='bbox 361 3632 490 3694; x_wconf 82' lang='lat'><strong>705,</strong></span> <span class='ocrx_word' id='word_1_375' title='bbox 525 3648 589 3684; x_wconf 82' lang='lat' dir='ltr'><strong>ex</strong></span> <span class='ocrx_word' id='word_1_376' title='bbox 620 3629 805 3684; x_wconf 89' lang='lat' dir='ltr'><strong>codice</strong></span> <span class='ocrx_word' id='word_1_377' title='bbox 880 3626 1144 3685; x_wconf 76' lang='lat' dir='ltr'><strong>lnoneusi,</strong></span> <span class='ocrx_word' id='word_1_378' title='bbox 1172 3627 1224 3679; x_wconf 92' lang='lat' dir='ltr'><strong>in</strong></span> <span class='ocrx_word' id='word_1_379' title='bbox 1254 3641 1358 3694; x_wconf 91' lang='lat' dir='ltr'><strong>quo</strong></span> <span class='ocrx_word' id='word_1_380' title='bbox 1378 3624 1515 3677; x_wconf 87' lang='lat' dir='ltr'><strong>belle</strong></span> <span class='ocrx_word' id='word_1_381' title='bbox 1540 3622 1762 3694; x_wconf 75' lang='lat' dir='ltr'><strong>depicta:</strong></span> <span class='ocrx_word' id='word_1_382' title='bbox 1784 3631 1939 3674; x_wconf 84' lang='lat' dir='ltr'><strong>erant</strong></span> 
     </span>
    </p>
   </div>
   <div class='ocr_carea' id='block_1_52' title="bbox 360 3693 1939 3771">
    <p class='ocr_par' dir='ltr' id='par_1_52' title="bbox 360 3693 1939 3771">
     <span class='ocr_line' id='line_1_52' title="bbox 360 3693 1939 3771; baseline -0.008 -16"><span class='ocrx_word' id='word_1_383' title='bbox 360 3693 623 3771; x_wconf 77' lang='lat' dir='ltr'><strong>imagines</strong></span> <span class='ocrx_word' id='word_1_384' title='bbox 653 3697 1121 3771; x_wconf 80' lang='lat' dir='ltr'><strong>subscribentiorn,</strong></span> <span class='ocrx_word' id='word_1_385' title='bbox 1153 3693 1406 3771; x_wconf 70' lang='lat' dir='ltr'><strong>quasteri</strong></span> <span class='ocrx_word' id='word_1_386' title='bbox 1441 3693 1745 3771; x_wconf 76' lang='lat' dir='ltr'><strong>incidendas</strong></span> <span class='ocrx_word' id='word_1_387' title='bbox 1780 3705 1939 3771; x_wconf 65' lang='lat' dir='ltr'><strong>cura-</strong></span> 
     </span>
    </p>
   </div>
   <div class='ocr_carea' id='block_1_53' title="bbox 360 3760 1935 3830">
    <p class='ocr_par' dir='ltr' id='par_1_53' title="bbox 360 3760 1935 3830">
     <span class='ocr_line' id='line_1_53' title="bbox 360 3760 1935 3830; baseline -0.007 -7"><span class='ocrx_word' id='word_1_388' title='bbox 360 3774 443 3823; x_wconf 85' lang='lat' dir='ltr'><strong>vit</strong></span> <span class='ocrx_word' id='word_1_389' title='bbox 469 3760 609 3825; x_wconf 58' lang='lat' dir='ltr'><strong>iiiem</strong></span> <span class='ocrx_word' id='word_1_390' title='bbox 639 3769 993 3830; x_wconf 75' lang='lat' dir='ltr'><strong>Mnbillonins,</strong></span> <span class='ocrx_word' id='word_1_391' title='bbox 1018 3771 1069 3818; x_wconf 89' lang='lat' dir='ltr'><strong>in</strong></span> <span class='ocrx_word' id='word_1_392' title='bbox 1095 3760 1405 3829; x_wconf 79' lang='lat' dir='ltr'><strong>Annalibus,</strong></span> <span class='ocrx_word' id='word_1_393' title='bbox 1433 3774 1563 3818; x_wconf 84' lang='lat' dir='ltr'><strong>tom.</strong></span> <span class='ocrx_word' id='word_1_394' title='bbox 1589 3764 1628 3827; x_wconf 83' lang='grc' dir='ltr'><strong>Ι,</strong></span> <span class='ocrx_word' id='word_1_395' title='bbox 1663 3777 1780 3829; x_wconf 77' lang='lat' dir='ltr'><strong>pag.</strong></span> <span class='ocrx_word' id='word_1_396' title='bbox 1810 3760 1935 3814; x_wconf 60' lang='lat'><strong>6‘28.</strong></span> 
     </span>
    </p>
   </div>
   <div class='ocr_carea' id='block_1_54' title="bbox 360 3830 1937 3905">
    <p class='ocr_par' dir='ltr' id='par_1_54' title="bbox 360 3830 1937 3905">
     <span class='ocr_line' id='line_1_54' title="bbox 360 3830 1937 3905; baseline -0.007 -11"><span class='ocrx_word' id='word_1_397' title='bbox 360 3844 554 3895; x_wconf 77' lang='lat' dir='ltr'><strong>lterum</strong></span> <span class='ocrx_word' id='word_1_398' title='bbox 604 3838 827 3893; x_wconf 79' lang='lat' dir='ltr'><strong>Antandi</strong></span> <span class='ocrx_word' id='word_1_399' title='bbox 855 3836 1157 3890; x_wconf 82' lang='lat' dir='ltr'><strong>codicillum</strong></span> <span class='ocrx_word' id='word_1_400' title='bbox 1193 3840 1328 3905; x_wconf 85' lang='lat' dir='ltr'><strong>typis</strong></span> <span class='ocrx_word' id='word_1_401' title='bbox 1359 3837 1742 3886; x_wconf 82' lang='lat' dir='ltr'><strong>mandaverunt</strong></span> <span class='ocrx_word' id='word_1_402' title='bbox 1780 3830 1937 3905; x_wconf 84' lang='lat' dir='ltr'><strong>Coin-</strong></span> 
     </span>
    </p>
   </div>
   <div class='ocr_carea' id='block_1_55' title="bbox 361 3904 1935 3974">
    <p class='ocr_par' dir='ltr' id='par_1_55' title="bbox 361 3904 1935 3974">
     <span class='ocr_line' id='line_1_55' title="bbox 361 3904 1935 3974; baseline -0.008 -11"><span class='ocrx_word' id='word_1_403' title='bbox 361 3915 491 3973; x_wconf 82' lang='lat' dir='ltr'><strong>tius,</strong></span> <span class='ocrx_word' id='word_1_404' title='bbox 518 3915 653 3963; x_wconf 82' lang='lat' dir='ltr'><strong>Ann.</strong></span> <span class='ocrx_word' id='word_1_405' title='bbox 679 3919 805 3960; x_wconf 90' lang='lat' dir='ltr'><strong>tom.</strong></span> <span class='ocrx_word' id='word_1_406' title='bbox 838 3906 919 3967; x_wconf 83' lang='lat' dir='ltr'><strong>ill,</strong></span> <span class='ocrx_word' id='word_1_407' title='bbox 949 3923 1064 3974; x_wconf 76' lang='lat' dir='ltr'><strong>pag.</strong></span> <span class='ocrx_word' id='word_1_408' title='bbox 1098 3904 1237 3969; x_wconf 64' lang='grc' dir='ltr'><strong>τη,</strong></span> <span class='ocrx_word' id='word_1_409' title='bbox 1272 3907 1480 3959; x_wconf 59' lang='lat' dir='ltr'><strong>Miratus</strong></span> <span class='ocrx_word' id='word_1_410' title='bbox 1510 3918 1738 3970; x_wconf 80' lang='lat' dir='ltr'><strong>quoque,</strong></span> <span class='ocrx_word' id='word_1_411' title='bbox 1773 3904 1935 3974; x_wconf 78' lang='lat' dir='ltr'><strong>(_ip_cr.</strong></span> 
     </span>
    </p>
   </div>
   <div class='ocr_carea' id='block_1_56' title="bbox 357 3971 1935 4047">
    <p class='ocr_par' dir='ltr' id='par_1_56' title="bbox 357 3971 1935 4047">
     <span class='ocr_line' id='line_1_56' title="bbox 357 3971 1935 4047; baseline -0.008 -14"><span class='ocrx_word' id='word_1_412' title='bbox 357 3971 495 4047; x_wconf 80' lang='lat' dir='ltr'><strong>nipl.</strong></span> <span class='ocrx_word' id='word_1_413' title='bbox 532 3992 659 4032; x_wconf 82' lang='lat' dir='ltr'><strong>toni.</strong></span> <span class='ocrx_word' id='word_1_414' title='bbox 682 3979 719 4038; x_wconf 88' lang='grc' dir='ltr'><strong>Ι,</strong></span> <span class='ocrx_word' id='word_1_415' title='bbox 746 3993 861 4045; x_wconf 80' lang='lat' dir='ltr'><strong>pug.</strong></span> <span class='ocrx_word' id='word_1_416' title='bbox 884 3971 1035 4036; x_wconf 59' lang='grc' dir='ltr'><strong>8.ἐ1ι⁷</strong></span> <span class='ocrx_word' id='word_1_417' title='bbox 1054 3978 1194 4029; x_wconf 78' lang='lat' dir='ltr'><strong>Fast.</strong></span> <span class='ocrx_word' id='word_1_418' title='bbox 1223 3977 1418 4047; x_wconf 39' lang='lat' dir='ltr'><strong>Belgio;</strong></span> <span class='ocrx_word' id='word_1_419' title='bbox 1451 3974 1515 4027; x_wconf 79' lang='lat' dir='ltr'><strong>ad</strong></span> <span class='ocrx_word' id='word_1_420' title='bbox 1545 3974 1685 4026; x_wconf 84' lang='lat' dir='ltr'><strong>diem</strong></span> <span class='ocrx_word' id='word_1_421' title='bbox 1775 3971 1935 4047; x_wconf 79' lang='lat' dir='ltr'><strong>Febr.</strong></span> 
     </span>
    </p>
   </div>
   <div class='ocr_carea' id='block_1_57' title="bbox 359 4039 1940 4113">
    <p class='ocr_par' dir='ltr' id='par_1_57' title="bbox 359 4039 1940 4113">
     <span class='ocr_line' id='line_1_57' title="bbox 359 4039 1940 4113; baseline -0.008 -8"><span class='ocrx_word' id='word_1_422' title='bbox 359 4039 666 4105; x_wconf 75' lang='lat' dir='ltr'><strong>Editionem</strong></span> <span class='ocrx_word' id='word_1_423' title='bbox 699 4039 985 4100; x_wconf 70' lang='lat' dir='ltr'><strong>Miibillonii</strong></span> <span class='ocrx_word' id='word_1_424' title='bbox 1038 4039 1342 4113; x_wconf 54' lang='lat' dir='ltr'><strong>sequimur:</strong></span> <span class='ocrx_word' id='word_1_425' title='bbox 1378 4045 1681 4113; x_wconf 84' lang='lat' dir='ltr'><strong>Foppenus,</strong></span> <span class='ocrx_word' id='word_1_426' title='bbox 1714 4043 1765 4094; x_wconf 90' lang='lat' dir='ltr'><strong>in</strong></span> <span class='ocrx_word' id='word_1_427' title='bbox 1799 4039 1940 4093; x_wconf 88' lang='lat' dir='ltr'><strong>notis</strong></span> 
     </span>
    </p>
   </div>
   <div class='ocr_carea' id='block_1_58' title="bbox 358 4112 1942 4187">
    <p class='ocr_par' dir='ltr' id='par_1_58' title="bbox 358 4112 1942 4187">
     <span class='ocr_line' id='line_1_58' title="bbox 358 4112 1942 4187; baseline -0.008 -15"><span class='ocrx_word' id='word_1_428' title='bbox 358 4123 437 4175; x_wconf 76' lang='lat' dir='ltr'><strong>ad</strong></span> <span class='ocrx_word' id='word_1_429' title='bbox 464 4134 620 4187; x_wconf 85' lang='lat' dir='ltr'><strong>opera</strong></span> <span class='ocrx_word' id='word_1_430' title='bbox 651 4116 814 4171; x_wconf 60' lang='lat' dir='ltr'><strong>Miraci</strong></span> <span class='ocrx_word' id='word_1_431' title='bbox 846 4112 1208 4187; x_wconf 81' lang='lat' dir='ltr'><strong>diplomatica,</strong></span> <span class='ocrx_word' id='word_1_432' title='bbox 1243 4117 1328 4170; x_wconf 88' lang='lat' dir='ltr'><strong>ubi</strong></span> <span class='ocrx_word' id='word_1_433' title='bbox 1352 4130 1538 4187; x_wconf 81' lang='lat' dir='ltr'><strong>supra,</strong></span> <span class='ocrx_word' id='word_1_434' title='bbox 1586 4112 1942 4187; x_wconf 47' lang='lat' dir='ltr'><strong>&#39;lmcMinstrn-</strong></span> 
     </span>
    </p>
   </div>
   <div class='ocr_carea' id='block_1_59' title="bbox 359 4180 1937 4246">
    <p class='ocr_par' dir='ltr' id='par_1_59' title="bbox 359 4180 1937 4246">
     <span class='ocr_line' id='line_1_59' title="bbox 359 4180 1937 4246; baseline -0.01 0"><span class='ocrx_word' id='word_1_435' title='bbox 359 4180 600 4246; x_wconf 73' lang='lat' dir='ltr'><strong>mentum</strong></span> <span class='ocrx_word' id='word_1_436' title='bbox 628 4180 965 4243; x_wconf 71' lang='lat' dir='ltr'><strong>referendum</strong></span> <span class='ocrx_word' id='word_1_437' title='bbox 982 4201 1163 4243; x_wconf 83' lang='lat' dir='ltr'><strong>censet</strong></span> <span class='ocrx_word' id='word_1_438' title='bbox 1179 4188 1242 4241; x_wconf 85' lang='lat' dir='ltr'><strong>ad</strong></span> <span class='ocrx_word' id='word_1_439' title='bbox 1272 4180 1466 4241; x_wconf 81' lang='lat' dir='ltr'><strong>annuin</strong></span> <span class='ocrx_word' id='word_1_440' title='bbox 1485 4186 1678 4240; x_wconf 77' lang='lat' dir='ltr'><strong>Christi</strong></span> <span class='ocrx_word' id='word_1_441' title='bbox 1696 4180 1791 4235; x_wconf 77' lang='lat' dir='ltr'><strong>(itif</strong></span> <span class='ocrx_word' id='word_1_442' title='bbox 1815 4197 1827 4243; x_wconf 92' lang='lat'><strong>;</strong></span> <span class='ocrx_word' id='word_1_443' title='bbox 1853 4187 1907 4231; x_wconf 86' lang='lat' dir='ltr'><strong>et</strong></span> <span class='ocrx_word' id='word_1_444' title='bbox 1924 4220 1937 4242; x_wconf 93' lang='lat'><strong>,</strong></span> 
     </span>
    </p>
   </div>
   <div class='ocr_carea' id='block_1_60' title="bbox 2025 1931 3590 2002">
    <p class='ocr_par' dir='ltr' id='par_1_60' title="bbox 2025 1931 3590 2002">
     <span class='ocr_line' id='line_1_60' title="bbox 2025 1931 3590 2002; baseline -0.001 -16"><span class='ocrx_word' id='word_1_445' title='bbox 2025 1948 2186 2000; x_wconf 91' lang='lat' dir='ltr'><strong>none,</strong></span> <span class='ocrx_word' id='word_1_446' title='bbox 2228 1948 2369 1986; x_wconf 89' lang='lat' dir='ltr'><strong>anno</strong></span> <span class='ocrx_word' id='word_1_447' title='bbox 2399 1933 2633 1987; x_wconf 86' lang='lat' dir='ltr'><strong>secundo</strong></span> <span class='ocrx_word' id='word_1_448' title='bbox 2662 1933 2812 2002; x_wconf 83' lang='lat' dir='ltr'><strong>regni</strong></span> <span class='ocrx_word' id='word_1_449' title='bbox 2858 1933 3056 1986; x_wconf 91' lang='lat' dir='ltr'><strong>domini</strong></span> <span class='ocrx_word' id='word_1_450' title='bbox 3088 1934 3255 1986; x_wconf 82' lang='lat' dir='ltr'><strong>nostri</strong></span> <span class='ocrx_word' id='word_1_451' title='bbox 3307 1931 3590 1986; x_wconf 85' lang='lat' dir='ltr'><strong>Thodorici</strong></span> 
     </span>
    </p>
   </div>
   <div class='ocr_carea' id='block_1_61' title="bbox 2023 2023 3597 2094">
    <p class='ocr_par' dir='ltr' id='par_1_61' title="bbox 2023 2023 3597 2094">
     <span class='ocr_line' id='line_1_61' title="bbox 2023 2023 3597 2094; baseline 0.001 -17"><span class='ocrx_word' id='word_1_452' title='bbox 2023 2024 2238 2094; x_wconf 79' lang='lat' dir='ltr'><strong>gloriosi</strong></span> <span class='ocrx_word' id='word_1_453' title='bbox 2264 2025 2421 2093; x_wconf 75' lang='lat' dir='ltr'><strong>regis,</strong></span> <span class='ocrx_word' id='word_1_454' title='bbox 2453 2025 2552 2079; x_wconf 89' lang='lat' dir='ltr'><strong>sub</strong></span> <span class='ocrx_word' id='word_1_455' title='bbox 2578 2025 2664 2078; x_wconf 92' lang='lat' dir='ltr'><strong>die</strong></span> <span class='ocrx_word' id='word_1_456' title='bbox 2688 2025 2891 2078; x_wconf 89' lang='lat' dir='ltr'><strong>decima</strong></span> <span class='ocrx_word' id='word_1_457' title='bbox 2923 2026 3103 2094; x_wconf 87' lang='lat' dir='ltr'><strong>quinta</strong></span> <span class='ocrx_word' id='word_1_458' title='bbox 3144 2024 3407 2078; x_wconf 80' lang='lat' dir='ltr'><strong>Kalendas</strong></span> <span class='ocrx_word' id='word_1_459' title='bbox 3451 2023 3597 2079; x_wconf 65' lang='lat' dir='ltr'><strong>Maii.</strong></span> 
     </span>
    </p>
   </div>
   <div class='ocr_carea' id='block_1_62' title="bbox 2029 2115 3599 2184">
    <p class='ocr_par' dir='ltr' id='par_1_62' title="bbox 2029 2115 3599 2184">
     <span class='ocr_line' id='line_1_62' title="bbox 2029 2115 3599 2184; baseline 0.001 -17"><span class='ocrx_word' id='word_1_460' title='bbox 2029 2116 2136 2183; x_wconf 66' lang='lat' dir='ltr'><strong>ligo</strong></span> <span class='ocrx_word' id='word_1_461' title='bbox 2173 2116 2443 2170; x_wconf 82' lang='lat' dir='ltr'><strong>Amandus</strong></span> <span class='ocrx_word' id='word_1_462' title='bbox 2475 2124 2715 2183; x_wconf 90' lang='lat' dir='ltr'><strong>peccator</strong></span> <span class='ocrx_word' id='word_1_463' title='bbox 2745 2115 2877 2169; x_wconf 90' lang='lat' dir='ltr'><strong>hanc</strong></span> <span class='ocrx_word' id='word_1_464' title='bbox 2923 2116 3197 2184; x_wconf 74' lang='lat' dir='ltr'><strong>epistolam</strong></span> <span class='ocrx_word' id='word_1_465' title='bbox 3239 2132 3265 2167; x_wconf 91' lang='lat' dir='ltr'><strong>a</strong></span> <span class='ocrx_word' id='word_1_466' title='bbox 3296 2131 3382 2171; x_wconf 88' lang='lat' dir='ltr'><strong>me</strong></span> <span class='ocrx_word' id='word_1_467' title='bbox 3411 2116 3599 2169; x_wconf 85' lang='lat' dir='ltr'><strong>factam</strong></span> 
     </span>
    </p>
   </div>
   <div class='ocr_carea' id='block_1_63' title="bbox 2027 2206 3603 2277">
    <p class='ocr_par' dir='ltr' id='par_1_63' title="bbox 2027 2206 3603 2277">
     <span class='ocr_line' id='line_1_63' title="bbox 2027 2206 3603 2277; baseline -0.003 -17"><span class='ocrx_word' id='word_1_468' title='bbox 2027 2207 2275 2262; x_wconf 90' lang='lat' dir='ltr'><strong>consensi</strong></span> <span class='ocrx_word' id='word_1_469' title='bbox 2328 2216 2381 2262; x_wconf 91' lang='lat' dir='ltr'><strong>et</strong></span> <span class='ocrx_word' id='word_1_470' title='bbox 2410 2207 2721 2275; x_wconf 87' lang='lat' dir='ltr'><strong>subscripsi.</strong></span> <span class='ocrx_word' id='word_1_471' title='bbox 2759 2208 2869 2277; x_wconf 76' lang='lat' dir='ltr'><strong>Ego</strong></span> <span class='ocrx_word' id='word_1_472' title='bbox 2903 2208 2954 2260; x_wconf 92' lang='lat' dir='ltr'><strong>in</strong></span> <span class='ocrx_word' id='word_1_473' title='bbox 2993 2206 3188 2261; x_wconf 79' lang='lat' dir='ltr'><strong>Christi</strong></span> <span class='ocrx_word' id='word_1_474' title='bbox 3220 2208 3434 2261; x_wconf 91' lang='lat' dir='ltr'><strong>nomine</strong></span> <span class='ocrx_word' id='word_1_475' title='bbox 3467 2207 3603 2259; x_wconf 71' lang='lat' dir='ltr'><strong>lien-</strong></span> 
     </span>
    </p>
   </div>
   <div class='ocr_carea' id='block_1_64' title="bbox 2029 2296 3597 2366">
    <p class='ocr_par' dir='ltr' id='par_1_64' title="bbox 2029 2296 3597 2366">
     <span class='ocr_line' id='line_1_64' title="bbox 2029 2296 3597 2366; baseline 0 -16"><span class='ocrx_word' id='word_1_476' title='bbox 2029 2298 2134 2361; x_wconf 86' lang='lat' dir='ltr'><strong>lus,</strong></span> <span class='ocrx_word' id='word_1_477' title='bbox 2160 2311 2221 2351; x_wconf 91' lang='lat' dir='ltr'><strong>ac</strong></span> <span class='ocrx_word' id='word_1_478' title='bbox 2253 2298 2295 2351; x_wconf 92' lang='lat' dir='ltr'><strong>si</strong></span> <span class='ocrx_word' id='word_1_479' title='bbox 2328 2308 2571 2366; x_wconf 89' lang='lat' dir='ltr'><strong>peccator</strong></span> <span class='ocrx_word' id='word_1_480' title='bbox 2602 2296 2910 2365; x_wconf 89' lang='lat' dir='ltr'><strong>subscripsi.</strong></span> <span class='ocrx_word' id='word_1_481' title='bbox 2936 2298 3045 2363; x_wconf 80' lang='lat' dir='ltr'><strong>Ego</strong></span> <span class='ocrx_word' id='word_1_482' title='bbox 3078 2300 3130 2351; x_wconf 94' lang='lat' dir='ltr'><strong>in</strong></span> <span class='ocrx_word' id='word_1_483' title='bbox 3161 2298 3355 2350; x_wconf 86' lang='lat' dir='ltr'><strong>Christi</strong></span> <span class='ocrx_word' id='word_1_484' title='bbox 3381 2299 3597 2350; x_wconf 83' lang='lat' dir='ltr'><strong>nomine</strong></span> 
     </span>
    </p>
   </div>
   <div class='ocr_carea' id='block_1_65' title="bbox 2029 2386 3591 2454">
    <p class='ocr_par' dir='ltr' id='par_1_65' title="bbox 2029 2386 3591 2454">
     <span class='ocr_line' id='line_1_65' title="bbox 2029 2386 3591 2454; baseline -0.002 -13"><span class='ocrx_word' id='word_1_485' title='bbox 2029 2387 2417 2441; x_wconf 82' lang='lat' dir='ltr'><strong>Munimolenus</strong></span> <span class='ocrx_word' id='word_1_486' title='bbox 2471 2387 2754 2454; x_wconf 79' lang='lat' dir='ltr'><strong>episcopus</strong></span> <span class='ocrx_word' id='word_1_487' title='bbox 2797 2388 3110 2449; x_wconf 81' lang='lat' dir='ltr'><strong>subscripsi.</strong></span> <span class='ocrx_word' id='word_1_488' title='bbox 3163 2386 3347 2454; x_wconf 76' lang='lat' dir='ltr'><strong>Egoin</strong></span> <span class='ocrx_word' id='word_1_489' title='bbox 3395 2387 3591 2438; x_wconf 85' lang='lat' dir='ltr'><strong>Christi</strong></span> 
     </span>
    </p>
   </div>
   <div class='ocr_carea' id='block_1_66' title="bbox 2031 2475 3602 2547">
    <p class='ocr_par' dir='ltr' id='par_1_66' title="bbox 2031 2475 3602 2547">
     <span class='ocr_line' id='line_1_66' title="bbox 2031 2475 3602 2547; baseline 0.001 -18"><span class='ocrx_word' id='word_1_490' title='bbox 2031 2477 2245 2530; x_wconf 87' lang='lat' dir='ltr'><strong>nomine</strong></span> <span class='ocrx_word' id='word_1_491' title='bbox 2279 2475 2618 2530; x_wconf 81' lang='lat' dir='ltr'><strong>Vindicianus</strong></span> <span class='ocrx_word' id='word_1_492' title='bbox 2647 2492 2709 2531; x_wconf 90' lang='lat' dir='ltr'><strong>ac</strong></span> <span class='ocrx_word' id='word_1_493' title='bbox 2755 2478 2797 2530; x_wconf 90' lang='lat' dir='ltr'><strong>si</strong></span> <span class='ocrx_word' id='word_1_494' title='bbox 2848 2488 3095 2547; x_wconf 89' lang='lat' dir='ltr'><strong>peccator</strong></span> <span class='ocrx_word' id='word_1_495' title='bbox 3124 2480 3429 2545; x_wconf 68' lang='lat' dir='ltr'><strong>episcopus,</strong></span> <span class='ocrx_word' id='word_1_496' title='bbox 3466 2480 3602 2531; x_wconf 88' lang='lat' dir='ltr'><strong>hanc</strong></span> 
     </span>
    </p>
   </div>
   <div class='ocr_carea' id='block_1_67' title="bbox 2029 2566 3605 2636">
    <p class='ocr_par' dir='ltr' id='par_1_67' title="bbox 2029 2566 3605 2636">
     <span class='ocr_line' id='line_1_67' title="bbox 2029 2566 3605 2636; baseline -0.001 -15"><span class='ocrx_word' id='word_1_497' title='bbox 2029 2567 2330 2635; x_wconf 83' lang='lat' dir='ltr'><strong>epistolam,</strong></span> <span class='ocrx_word' id='word_1_498' title='bbox 2367 2577 2586 2636; x_wconf 81' lang='lat' dir='ltr'><strong>rogante</strong></span> <span class='ocrx_word' id='word_1_499' title='bbox 2613 2566 2809 2621; x_wconf 87' lang='lat' dir='ltr'><strong>domno</strong></span> <span class='ocrx_word' id='word_1_500' title='bbox 2842 2568 3101 2631; x_wconf 83' lang='lat' dir='ltr'><strong>Amando,</strong></span> <span class='ocrx_word' id='word_1_501' title='bbox 3131 2569 3376 2621; x_wconf 89' lang='lat' dir='ltr'><strong>consensi</strong></span> <span class='ocrx_word' id='word_1_502' title='bbox 3404 2578 3457 2621; x_wconf 91' lang='lat' dir='ltr'><strong>et</strong></span> <span class='ocrx_word' id='word_1_503' title='bbox 3480 2568 3605 2620; x_wconf 91' lang='lat' dir='ltr'><strong>sub-</strong></span> 
     </span>
    </p>
   </div>
   <div class='ocr_carea' id='block_1_68' title="bbox 2033 2657 3607 2726">
    <p class='ocr_par' dir='ltr' id='par_1_68' title="bbox 2033 2657 3607 2726">
     <span class='ocr_line' id='line_1_68' title="bbox 2033 2657 3607 2726; baseline -0.001 -15"><span class='ocrx_word' id='word_1_504' title='bbox 2033 2658 2246 2726; x_wconf 80' lang='lat' dir='ltr'><strong>scripsi.</strong></span> <span class='ocrx_word' id='word_1_505' title='bbox 2303 2659 2413 2726; x_wconf 80' lang='lat' dir='ltr'><strong>Ego</strong></span> <span class='ocrx_word' id='word_1_506' title='bbox 2468 2659 2715 2713; x_wconf 88' lang='lat' dir='ltr'><strong>Bertinus</strong></span> <span class='ocrx_word' id='word_1_507' title='bbox 2755 2658 2888 2711; x_wconf 89' lang='lat' dir='ltr'><strong>abba</strong></span> <span class='ocrx_word' id='word_1_508' title='bbox 2946 2659 3260 2726; x_wconf 90' lang='lat' dir='ltr'><strong>subscripsi.</strong></span> <span class='ocrx_word' id='word_1_509' title='bbox 3311 2658 3422 2726; x_wconf 73' lang='lat' dir='ltr'><strong>ligo</strong></span> <span class='ocrx_word' id='word_1_510' title='bbox 3451 2657 3607 2712; x_wconf 84' lang='lat' dir='ltr'><strong>Alde-</strong></span> 
     </span>
    </p>
   </div>
   <div class='ocr_carea' id='block_1_69' title="bbox 2032 2747 3608 2816">
    <p class='ocr_par' dir='ltr' id='par_1_69' title="bbox 2032 2747 3608 2816">
     <span class='ocr_line' id='line_1_69' title="bbox 2032 2747 3608 2816; baseline -0.004 -13"><span class='ocrx_word' id='word_1_511' title='bbox 2032 2749 2218 2803; x_wconf 88' lang='lat' dir='ltr'><strong>bertus</strong></span> <span class='ocrx_word' id='word_1_512' title='bbox 2274 2749 2409 2801; x_wconf 84' lang='lat' dir='ltr'><strong>abba</strong></span> <span class='ocrx_word' id='word_1_513' title='bbox 2464 2749 2771 2815; x_wconf 80' lang='lat' dir='ltr'><strong>subscripsi.</strong></span> <span class='ocrx_word' id='word_1_514' title='bbox 2807 2749 2914 2816; x_wconf 83' lang='lat' dir='ltr'><strong>Ego</strong></span> <span class='ocrx_word' id='word_1_515' title='bbox 2944 2747 3214 2801; x_wconf 80' lang='lat' dir='ltr'><strong>Johannes</strong></span> <span class='ocrx_word' id='word_1_516' title='bbox 3246 2786 3260 2810; x_wconf 94' lang='lat'><strong>,</strong></span> <span class='ocrx_word' id='word_1_517' title='bbox 3319 2756 3534 2815; x_wconf 81' lang='lat' dir='ltr'><strong>rogatus</strong></span> <span class='ocrx_word' id='word_1_518' title='bbox 3580 2761 3608 2797; x_wconf 89' lang='lat' dir='ltr'><strong>a</strong></span> 
     </span>
    </p>
   </div>
   <div class='ocr_carea' id='block_1_70' title="bbox 2038 2838 3609 2905">
    <p class='ocr_par' dir='ltr' id='par_1_70' title="bbox 2038 2838 3609 2905">
     <span class='ocr_line' id='line_1_70' title="bbox 2038 2838 3609 2905; baseline -0.003 -12"><span class='ocrx_word' id='word_1_519' title='bbox 2038 2840 2239 2893; x_wconf 87' lang='lat' dir='ltr'><strong>domno</strong></span> <span class='ocrx_word' id='word_1_520' title='bbox 2269 2841 2530 2903; x_wconf 82' lang='lat' dir='ltr'><strong>Atnando,</strong></span> <span class='ocrx_word' id='word_1_521' title='bbox 2580 2842 2922 2894; x_wconf 80' lang='lat' dir='ltr'><strong>consentiens</strong></span> <span class='ocrx_word' id='word_1_522' title='bbox 2976 2841 3112 2892; x_wconf 89' lang='lat' dir='ltr'><strong>hanc</strong></span> <span class='ocrx_word' id='word_1_523' title='bbox 3159 2838 3435 2905; x_wconf 80' lang='lat' dir='ltr'><strong>epistolam</strong></span> <span class='ocrx_word' id='word_1_524' title='bbox 3487 2838 3609 2889; x_wconf 83' lang='lat' dir='ltr'><strong>Stib-</strong></span> 
     </span>
    </p>
   </div>
   <div class='ocr_carea' id='block_1_71' title="bbox 2034 2930 3602 3004">
    <p class='ocr_par' dir='ltr' id='par_1_71' title="bbox 2034 2930 3602 3004">
     <span class='ocr_line' id='line_1_71' title="bbox 2034 2930 3602 3004; baseline -0.005 -16"><span class='ocrx_word' id='word_1_525' title='bbox 2034 2934 2245 3003; x_wconf 81' lang='lat' dir='ltr'><strong>scripsi.</strong></span> <span class='ocrx_word' id='word_1_526' title='bbox 2283 2936 2392 3004; x_wconf 69' lang='lat' dir='ltr'><strong>ligo</strong></span> <span class='ocrx_word' id='word_1_527' title='bbox 2424 2934 2831 2987; x_wconf 86' lang='lat' dir='ltr'><strong>Baudetnundus</strong></span> <span class='ocrx_word' id='word_1_528' title='bbox 2864 2943 3131 3000; x_wconf 85' lang='lat' dir='ltr'><strong>peccator,</strong></span> <span class='ocrx_word' id='word_1_529' title='bbox 3163 2932 3379 3001; x_wconf 73' lang='lat' dir='ltr'><strong>iubente</strong></span> <span class='ocrx_word' id='word_1_530' title='bbox 3406 2930 3602 2983; x_wconf 83' lang='lat' dir='ltr'><strong>donum</strong></span> 
     </span>
    </p>
   </div>
   <div class='ocr_carea' id='block_1_72' title="bbox 2036 3021 3611 3095">
    <p class='ocr_par' dir='ltr' id='par_1_72' title="bbox 2036 3021 3611 3095">
     <span class='ocr_line' id='line_1_72' title="bbox 2036 3021 3611 3095; baseline -0.006 -12"><span class='ocrx_word' id='word_1_531' title='bbox 2036 3043 2156 3081; x_wconf 88' lang='lat' dir='ltr'><strong>meo</strong></span> <span class='ocrx_word' id='word_1_532' title='bbox 2198 3026 2458 3092; x_wconf 66' lang='lat' dir='ltr'><strong>Amantia,</strong></span> <span class='ocrx_word' id='word_1_533' title='bbox 2516 3025 2652 3079; x_wconf 85' lang='lat' dir='ltr'><strong>hanc</strong></span> <span class='ocrx_word' id='word_1_534' title='bbox 2702 3025 2978 3095; x_wconf 77' lang='lat' dir='ltr'><strong>epistolam</strong></span> <span class='ocrx_word' id='word_1_535' title='bbox 3036 3021 3438 3078; x_wconf 85' lang='lat' dir='ltr'><strong>deliberationis</strong></span> <span class='ocrx_word' id='word_1_536' title='bbox 3502 3034 3611 3074; x_wconf 66' lang='lat' dir='ltr'><strong>sua:</strong></span> 
     </span>
    </p>
   </div>
   <div class='ocr_carea' id='block_1_73' title="bbox 2036 3114 2641 3186">
    <p class='ocr_par' dir='ltr' id='par_1_73' title="bbox 2036 3114 2641 3186">
     <span class='ocr_line' id='line_1_73' title="bbox 2036 3114 2641 3186; baseline -0.01 -13"><span class='ocrx_word' id='word_1_537' title='bbox 2036 3118 2225 3186; x_wconf 80' lang='lat' dir='ltr'><strong>scripsi</strong></span> <span class='ocrx_word' id='word_1_538' title='bbox 2253 3126 2306 3171; x_wconf 89' lang='lat' dir='ltr'><strong>et</strong></span> <span class='ocrx_word' id='word_1_539' title='bbox 2331 3114 2641 3185; x_wconf 76' lang='lat' dir='ltr'><strong>subscripsi.</strong></span> 
     </span>
    </p>
   </div>
   <div class='ocr_carea' id='block_1_74' title="bbox 2034 3328 3614 3405">
    <p class='ocr_par' dir='ltr' id='par_1_74' title="bbox 2034 3328 3614 3405">
     <span class='ocr_line' id='line_1_74' title="bbox 2034 3328 3614 3405; baseline -0.005 -13"><span class='ocrx_word' id='word_1_540' title='bbox 2034 3349 2092 3392; x_wconf 91' lang='lat' dir='ltr'><strong>ut</strong></span> <span class='ocrx_word' id='word_1_541' title='bbox 2112 3338 2161 3391; x_wconf 87' lang='lat' dir='ltr'><strong>id</strong></span> <span class='ocrx_word' id='word_1_542' title='bbox 2176 3352 2293 3392; x_wconf 90' lang='lat' dir='ltr'><strong>cum</strong></span> <span class='ocrx_word' id='word_1_543' title='bbox 2310 3339 2521 3391; x_wconf 83' lang='lat' dir='ltr'><strong>nomine</strong></span> <span class='ocrx_word' id='word_1_544' title='bbox 2536 3336 2676 3405; x_wconf 78' lang='lat' dir='ltr'><strong>regis</strong></span> <span class='ocrx_word' id='word_1_545' title='bbox 2693 3346 2815 3390; x_wconf 91' lang='lat' dir='ltr'><strong>tunc</strong></span> <span class='ocrx_word' id='word_1_546' title='bbox 2829 3333 3097 3402; x_wconf 72' lang='lat' dir='ltr'><strong>regnantis</strong></span> <span class='ocrx_word' id='word_1_547' title='bbox 3113 3330 3376 3405; x_wconf 56' lang='lat' dir='ltr'><strong>conciliet,</strong></span> <span class='ocrx_word' id='word_1_548' title='bbox 3402 3328 3614 3405; x_wconf 83' lang='lat' dir='ltr'><strong>conjicit</strong></span> 
     </span>
    </p>
   </div>
   <div class='ocr_carea' id='block_1_75' title="bbox 2039 3400 3613 3477">
    <p class='ocr_par' dir='ltr' id='par_1_75' title="bbox 2039 3400 3613 3477">
     <span class='ocr_line' id='line_1_75' title="bbox 2039 3400 3613 3477; baseline -0.006 -15"><span class='ocrx_word' id='word_1_549' title='bbox 2039 3411 2319 3477; x_wconf 84' lang='lat' dir='ltr'><strong>legendum</strong></span> <span class='ocrx_word' id='word_1_550' title='bbox 2346 3424 2539 3460; x_wconf 84' lang='lat' dir='ltr'><strong>annum</strong></span> <span class='ocrx_word' id='word_1_551' title='bbox 2571 3400 2903 3471; x_wconf 51' lang='lat' dir='ltr'><strong>Q&#39;Cltlotarii,</strong></span> <span class='ocrx_word' id='word_1_552' title='bbox 2937 3421 3029 3473; x_wconf 86' lang='lat' dir='ltr'><strong>pro</strong></span> <span class='ocrx_word' id='word_1_553' title='bbox 3057 3420 3196 3456; x_wconf 85' lang='lat' dir='ltr'><strong>anno</strong></span> <span class='ocrx_word' id='word_1_554' title='bbox 3222 3402 3256 3455; x_wconf 73' lang='lat'>2</span> <span class='ocrx_word' id='word_1_555' title='bbox 3287 3400 3613 3477; x_wconf 65' lang='lat' dir='ltr'><strong>Theoderici.</strong></span> 
     </span>
    </p>
   </div>
   <div class='ocr_carea' id='block_1_76' title="bbox 2038 3473 3667 3542">
    <p class='ocr_par' dir='ltr' id='par_1_76' title="bbox 2038 3473 3667 3542">
     <span class='ocr_line' id='line_1_76' title="bbox 2038 3473 3667 3542; baseline -0.007 -8"><span class='ocrx_word' id='word_1_556' title='bbox 2038 3473 2146 3534; x_wconf 71' lang='lat' dir='ltr'><strong>sed</strong></span> <span class='ocrx_word' id='word_1_557' title='bbox 2181 3494 2374 3533; x_wconf 84' lang='lat' dir='ltr'><strong>nomen</strong></span> <span class='ocrx_word' id='word_1_558' title='bbox 2407 3476 2721 3531; x_wconf 73' lang='lat' dir='ltr'><strong>Theudorici</strong></span> <span class='ocrx_word' id='word_1_559' title='bbox 2753 3477 3072 3530; x_wconf 85' lang='lat' dir='ltr'><strong>servandum</strong></span> <span class='ocrx_word' id='word_1_560' title='bbox 3102 3489 3223 3527; x_wconf 87' lang='lat' dir='ltr'><strong>esse</strong></span> <span class='ocrx_word' id='word_1_561' title='bbox 3252 3474 3423 3542; x_wconf 80' lang='lat' dir='ltr'><strong>arguit</strong></span> <span class='ocrx_word' id='word_1_562' title='bbox 3452 3473 3613 3525; x_wconf 87' lang='lat' dir='ltr'><strong>Coin-</strong></span> <span class='ocrx_word' id='word_1_563' title='bbox 3662 3498 3667 3509; x_wconf 83' lang='lat'><em>-</em></span> 
     </span>
    </p>
   </div>
   <div class='ocr_carea' id='block_1_77' title="bbox 2040 3544 3615 3616">
    <p class='ocr_par' dir='ltr' id='par_1_77' title="bbox 2040 3544 3615 3616">
     <span class='ocr_line' id='line_1_77' title="bbox 2040 3544 3615 3616; baseline -0.007 -14"><span class='ocrx_word' id='word_1_564' title='bbox 2040 3553 2144 3603; x_wconf 89' lang='lat' dir='ltr'><strong>tius</strong></span> <span class='ocrx_word' id='word_1_565' title='bbox 2170 3593 2184 3616; x_wconf 88' lang='lat'><strong>,</strong></span> <span class='ocrx_word' id='word_1_566' title='bbox 2231 3564 2357 3601; x_wconf 91' lang='lat' dir='ltr'><strong>ann.</strong></span> <span class='ocrx_word' id='word_1_567' title='bbox 2388 3547 2475 3602; x_wconf 91' lang='lat' dir='ltr'><strong>ubi</strong></span> <span class='ocrx_word' id='word_1_568' title='bbox 2521 3564 2702 3612; x_wconf 85' lang='lat' dir='ltr'><strong>supra.</strong></span> <span class='ocrx_word' id='word_1_569' title='bbox 2726 3563 2787 3601; x_wconf 82' lang='lat' dir='ltr'><strong>ex</strong></span> <span class='ocrx_word' id='word_1_570' title='bbox 2816 3546 3296 3616; x_wconf 78' lang='lat' dir='ltr'><strong>subscriptionibus</strong></span> <span class='ocrx_word' id='word_1_571' title='bbox 3336 3544 3615 3611; x_wconf 86' lang='lat' dir='ltr'><strong>episcopo—</strong></span> 
     </span>
    </p>
   </div>
   <div class='ocr_carea' id='block_1_78' title="bbox 2042 3612 3617 3683">
    <p class='ocr_par' dir='ltr' id='par_1_78' title="bbox 2042 3612 3617 3683">
     <span class='ocr_line' id='line_1_78' title="bbox 2042 3612 3617 3683; baseline -0.004 -10"><span class='ocrx_word' id='word_1_572' title='bbox 2042 3612 2181 3683; x_wconf 77' lang='lat' dir='ltr'><strong>rum,</strong></span> <span class='ocrx_word' id='word_1_573' title='bbox 2210 3620 2479 3681; x_wconf 85' lang='lat' dir='ltr'><strong>abbatum,</strong></span> <span class='ocrx_word' id='word_1_574' title='bbox 2514 3630 2563 3671; x_wconf 92' lang='lat' dir='ltr'><strong>et</strong></span> <span class='ocrx_word' id='word_1_575' title='bbox 2587 3618 2750 3682; x_wconf 69' lang='lat' dir='ltr'><strong>ipsius</strong></span> <span class='ocrx_word' id='word_1_576' title='bbox 2776 3617 3136 3671; x_wconf 84' lang='lat' dir='ltr'><strong>Baudetnundi</strong></span> <span class='ocrx_word' id='word_1_577' title='bbox 3167 3612 3460 3683; x_wconf 84' lang='lat' dir='ltr'><strong>scriptoris,</strong></span> <span class='ocrx_word' id='word_1_578' title='bbox 3486 3628 3617 3676; x_wconf 83' lang='lat' dir='ltr'><strong>quas</strong></span> 
     </span>
    </p>
   </div>
   <div class='ocr_carea' id='block_1_79' title="bbox 2046 3682 3615 3753">
    <p class='ocr_par' dir='ltr' id='par_1_79' title="bbox 2046 3682 3615 3753">
     <span class='ocr_line' id='line_1_79' title="bbox 2046 3682 3615 3753; baseline -0.006 -10"><span class='ocrx_word' id='word_1_579' title='bbox 2046 3682 2235 3744; x_wconf 77' lang='lat' dir='ltr'><strong>omnes</strong></span> <span class='ocrx_word' id='word_1_580' title='bbox 2267 3690 2537 3753; x_wconf 66' lang='lat' dir='ltr'><strong>exiretttlit.</strong></span> <span class='ocrx_word' id='word_1_581' title='bbox 2576 3688 2772 3742; x_wconf 84' lang='lat' dir='ltr'><strong>Mensis</strong></span> <span class='ocrx_word' id='word_1_582' title='bbox 2802 3700 2974 3741; x_wconf 89' lang='lat' dir='ltr'><strong>autem</strong></span> <span class='ocrx_word' id='word_1_583' title='bbox 3010 3686 3203 3749; x_wconf 77' lang='lat' dir='ltr'><strong>Aprilis</strong></span> <span class='ocrx_word' id='word_1_584' title='bbox 3248 3686 3369 3735; x_wconf 81' lang='lat' dir='ltr'><strong>anni</strong></span> <span class='ocrx_word' id='word_1_585' title='bbox 3402 3682 3436 3733; x_wconf 73' lang='lat'>‘2</span> <span class='ocrx_word' id='word_1_586' title='bbox 3468 3685 3615 3753; x_wconf 67' lang='lat' dir='ltr'><strong>regni</strong></span> 
     </span>
    </p>
   </div>
   <div class='ocr_carea' id='block_1_80' title="bbox 2046 3754 3366 3813">
    <p class='ocr_par' dir='ltr' id='par_1_80' title="bbox 2046 3754 3366 3813">
     <span class='ocr_line' id='line_1_80' title="bbox 2046 3754 3366 3813; baseline -0.008 0"><span class='ocrx_word' id='word_1_587' title='bbox 2046 3760 2364 3813; x_wconf 78' lang='lat' dir='ltr'><strong>Theudorici</strong></span> <span class='ocrx_word' id='word_1_588' title='bbox 2395 3757 2459 3811; x_wconf 85' lang='lat' dir='ltr'><strong>lll</strong></span> <span class='ocrx_word' id='word_1_589' title='bbox 2492 3759 2676 3812; x_wconf 84' lang='lat' dir='ltr'><strong>incidit</strong></span> <span class='ocrx_word' id='word_1_590' title='bbox 2709 3762 2756 3810; x_wconf 86' lang='lat' dir='ltr'><strong>in</strong></span> <span class='ocrx_word' id='word_1_591' title='bbox 2788 3774 2984 3810; x_wconf 82' lang='lat' dir='ltr'><strong>annum</strong></span> <span class='ocrx_word' id='word_1_592' title='bbox 3017 3756 3211 3809; x_wconf 80' lang='lat' dir='ltr'><strong>Christi</strong></span> <span class='ocrx_word' id='word_1_593' title='bbox 3241 3754 3366 3806; x_wconf 75' lang='grc'><strong>675.</strong></span> 
     </span>
    </p>
   </div>
   <div class='ocr_carea' id='block_1_81' title="bbox 2115 3821 3617 3890">
    <p class='ocr_par' dir='ltr' id='par_1_81' title="bbox 2115 3821 3617 3890">
     <span class='ocr_line' id='line_1_81' title="bbox 2115 3821 3617 3890; baseline -0.007 -7"><span class='ocrx_word' id='word_1_594' title='bbox 2115 3829 2142 3866; x_wconf 77' lang='grc'>¹¹</span> <span class='ocrx_word' id='word_1_595' title='bbox 2172 3828 2365 3883; x_wconf 81' lang='lat' dir='ltr'><strong>Votuin</strong></span> <span class='ocrx_word' id='word_1_596' title='bbox 2413 3839 2689 3883; x_wconf 82' lang='lat' dir='ltr'><strong>assecutus</strong></span> <span class='ocrx_word' id='word_1_597' title='bbox 2741 3840 2819 3880; x_wconf 87' lang='lat' dir='ltr'><strong>est</strong></span> <span class='ocrx_word' id='word_1_598' title='bbox 2865 3831 3173 3887; x_wconf 80' lang='lat' dir='ltr'><strong>Amandus;</strong></span> <span class='ocrx_word' id='word_1_599' title='bbox 3208 3825 3446 3890; x_wconf 88' lang='lat' dir='ltr'><strong>sepultus</strong></span> <span class='ocrx_word' id='word_1_600' title='bbox 3476 3821 3617 3873; x_wconf 88' lang='lat' dir='ltr'><strong>enim</strong></span> 
     </span>
    </p>
   </div>
   <div class='ocr_carea' id='block_1_82' title="bbox 2044 3890 3615 3958">
    <p class='ocr_par' dir='ltr' id='par_1_82' title="bbox 2044 3890 3615 3958">
     <span class='ocr_line' id='line_1_82' title="bbox 2044 3890 3615 3958; baseline -0.008 -6"><span class='ocrx_word' id='word_1_601' title='bbox 2044 3900 2145 3952; x_wconf 84' lang='lat' dir='ltr'><strong>fuit</strong></span> <span class='ocrx_word' id='word_1_602' title='bbox 2201 3917 2249 3952; x_wconf 86' lang='lat' dir='ltr'><strong>In</strong></span> <span class='ocrx_word' id='word_1_603' title='bbox 2302 3906 2628 3953; x_wconf 84' lang='lat' dir='ltr'><strong>monasterio</strong></span> <span class='ocrx_word' id='word_1_604' title='bbox 2676 3899 2983 3958; x_wconf 60' lang='lat' dir='ltr'><strong>Elnonensi,</strong></span> <span class='ocrx_word' id='word_1_605' title='bbox 3022 3907 3155 3947; x_wconf 73' lang='lat' dir='ltr'><strong>teste</strong></span> <span class='ocrx_word' id='word_1_606' title='bbox 3190 3890 3570 3947; x_wconf 78' lang='lat' dir='ltr'><strong>Bundmnundo</strong></span> <span class='ocrx_word' id='word_1_607' title='bbox 3601 3930 3615 3952; x_wconf 88' lang='lat'><strong>,</strong></span> 
     </span>
    </p>
   </div>
   <div class='ocr_carea' id='block_1_83' title="bbox 2046 3961 3616 4037">
    <p class='ocr_par' dir='ltr' id='par_1_83' title="bbox 2046 3961 3616 4037">
     <span class='ocr_line' id='line_1_83' title="bbox 2046 3961 3616 4037; baseline -0.008 -14"><span class='ocrx_word' id='word_1_608' title='bbox 2046 3974 2131 4037; x_wconf 87' lang='lat' dir='ltr'><strong>qui</strong></span> <span class='ocrx_word' id='word_1_609' title='bbox 2158 3982 2207 4023; x_wconf 88' lang='lat' dir='ltr'><strong>et</strong></span> <span class='ocrx_word' id='word_1_610' title='bbox 2228 3972 2527 4022; x_wconf 89' lang='lat' dir='ltr'><strong>codicillum</strong></span> <span class='ocrx_word' id='word_1_611' title='bbox 2550 3982 2891 4037; x_wconf 71' lang='lat' dir='ltr'><strong>exumverat,</strong></span> <span class='ocrx_word' id='word_1_612' title='bbox 2911 3977 2961 4020; x_wconf 87' lang='lat' dir='ltr'><strong>ct</strong></span> <span class='ocrx_word' id='word_1_613' title='bbox 2996 3968 3162 4017; x_wconf 80' lang='lat' dir='ltr'><strong>\‘itam</strong></span> <span class='ocrx_word' id='word_1_614' title='bbox 3198 3963 3365 4015; x_wconf 73' lang='lat' dir='ltr'><strong>sancti</strong></span> <span class='ocrx_word' id='word_1_615' title='bbox 3395 3961 3616 4037; x_wconf 79' lang='lat' dir='ltr'><strong>Amandi</strong></span> 
     </span>
    </p>
   </div>
   <div class='ocr_carea' id='block_1_84' title="bbox 2048 4030 3619 4094">
    <p class='ocr_par' dir='ltr' id='par_1_84' title="bbox 2048 4030 3619 4094">
     <span class='ocr_line' id='line_1_84' title="bbox 2048 4030 3619 4094; baseline -0.006 -1"><span class='ocrx_word' id='word_1_616' title='bbox 2048 4030 2237 4094; x_wconf 76' lang='lat' dir='ltr'><strong>litteris</strong></span> <span class='ocrx_word' id='word_1_617' title='bbox 2291 4039 2703 4093; x_wconf 84' lang='lat' dir='ltr'><strong>commendavit.</strong></span> <span class='ocrx_word' id='word_1_618' title='bbox 2748 4030 2892 4090; x_wconf 82' lang='lat' dir='ltr'><strong>Obiit</strong></span> <span class='ocrx_word' id='word_1_619' title='bbox 2942 4037 3209 4089; x_wconf 83' lang='lat' dir='ltr'><strong>Amandus</strong></span> <span class='ocrx_word' id='word_1_620' title='bbox 3253 4046 3394 4086; x_wconf 88' lang='lat' dir='ltr'><strong>anno</strong></span> <span class='ocrx_word' id='word_1_621' title='bbox 3448 4030 3619 4083; x_wconf 67' lang='lat' dir='ltr'><strong>aetatis</strong></span> 
     </span>
    </p>
   </div>
   <div class='ocr_carea' id='block_1_85' title="bbox 2048 4106 3070 4179">
    <p class='ocr_par' dir='ltr' id='par_1_85' title="bbox 2048 4106 3070 4179">
     <span class='ocr_line' id='line_1_85' title="bbox 2048 4106 3070 4179; baseline -0.007 -16"><span class='ocrx_word' id='word_1_622' title='bbox 2048 4110 2415 4179; x_wconf 71' lang='lat' dir='ltr'><strong>nonagesimo,</strong></span> <span class='ocrx_word' id='word_1_623' title='bbox 2447 4126 2566 4162; x_wconf 47' lang='lat' dir='ltr'><strong>utra:</strong></span> <span class='ocrx_word' id='word_1_624' title='bbox 2594 4110 2913 4162; x_wconf 65' lang='lat' dir='ltr'><strong>Christianae</strong></span> <span class='ocrx_word' id='word_1_625' title='bbox 2945 4106 3070 4160; x_wconf 80' lang='lat'><strong>679.</strong></span> 
     </span>
    </p>
   </div>
   <div class='ocr_carea' id='block_1_86' title="bbox 399 4313 3607 4353">
    <p class='ocr_par' dir='ltr' id='par_1_86' title="bbox 399 4313 3607 4353">
     <span class='ocr_line' id='line_1_86' title="bbox 399 4313 3607 4353; baseline -0.006 -6"><span class='ocrx_word' id='word_1_626' title='bbox 399 4313 3607 4353; x_wconf 51' lang='grc' dir='ltr'><strong>,Μ-</strong></span> 
     </span>
    </p>
   </div>
   <div class='ocr_carea' id='block_1_87' title="bbox 1427 4454 2586 4539">
    <p class='ocr_par' dir='ltr' id='par_1_87' title="bbox 1427 4454 2586 4539">
     <span class='ocr_line' id='line_1_87' title="bbox 1427 4454 2586 4539; baseline -0.009 -6"><span class='ocrx_word' id='word_1_627' title='bbox 1427 4460 1796 4533; x_wconf 80' lang='grc' dir='ltr'><strong>ΗΥΜΝΙ</strong></span> <span class='ocrx_word' id='word_1_628' title='bbox 1860 4458 2082 4529; x_wconf 71' lang='grc' dir='ltr'><strong>τι)ῠο</strong></span> <span class='ocrx_word' id='word_1_629' title='bbox 2134 4454 2586 4539; x_wconf 84' lang='lat' dir='ltr'><strong>ANTIQUI</strong></span> 
     </span>
    </p>
   </div>
   <div class='ocr_carea' id='block_1_88' title="bbox 1201 4623 2764 4713">
    <p class='ocr_par' dir='ltr' id='par_1_88' title="bbox 1201 4623 2764 4713">
     <span class='ocr_line' id='line_1_88' title="bbox 1201 4623 2764 4713; baseline -0.012 0"><span class='ocrx_word' id='word_1_630' title='bbox 1201 4638 1306 4713; x_wconf 85' lang='lat' dir='ltr'><strong>IN</strong></span> <span class='ocrx_word' id='word_1_631' title='bbox 1369 4629 1856 4711; x_wconf 77' lang='lat' dir='ltr'><strong>HONOBEM</strong></span> <span class='ocrx_word' id='word_1_632' title='bbox 1912 4625 2279 4706; x_wconf 64' lang='lat' dir='ltr'><strong>SANCTI</strong></span> <span class='ocrx_word' id='word_1_633' title='bbox 2341 4623 2764 4701; x_wconf 84' lang='lat' dir='ltr'><strong>AMANDI.</strong></span> 
     </span>
    </p>
   </div>
   <div class='ocr_carea' id='block_1_89' title="bbox 1528 4830 2477 4901">
    <p class='ocr_par' dir='ltr' id='par_1_89' title="bbox 1528 4830 2477 4901">
     <span class='ocr_line' id='line_1_89' title="bbox 1528 4830 2477 4901; baseline -0.011 -13"><span class='ocrx_word' id='word_1_634' title='bbox 1528 4839 1621 4901; x_wconf 81' lang='lat' dir='ltr'><strong>[Ex</strong></span> <span class='ocrx_word' id='word_1_635' title='bbox 1645 4838 1780 4886; x_wconf 85' lang='lat' dir='ltr'><strong>Actis</strong></span> <span class='ocrx_word' id='word_1_636' title='bbox 1798 4838 2100 4892; x_wconf 84' lang='lat' dir='ltr'><strong>Sanctorum,</strong></span> <span class='ocrx_word' id='word_1_637' title='bbox 2123 4844 2278 4881; x_wconf 89' lang='lat' dir='ltr'><strong>mens.</strong></span> <span class='ocrx_word' id='word_1_638' title='bbox 2304 4830 2477 4891; x_wconf 84' lang='lat' dir='ltr'><strong>Febr.]</strong></span> 
     </span>
    </p>
   </div>
   <div class='ocr_carea' id='block_1_90' title="bbox 2587 4998 3332 5071">
    <p class='ocr_par' dir='ltr' id='par_1_90' title="bbox 2587 4998 3332 5071">
     <span class='ocr_line' id='line_1_90' title="bbox 2587 4998 3332 5071; baseline -0.009 -15"><span class='ocrx_word' id='word_1_639' title='bbox 2587 5002 2898 5071; x_wconf 86' lang='lat' dir='ltr'><strong>Quicunque</strong></span> <span class='ocrx_word' id='word_1_640' title='bbox 2933 5002 3078 5055; x_wconf 88' lang='lat' dir='ltr'><strong>venit</strong></span> <span class='ocrx_word' id='word_1_641' title='bbox 3118 4998 3332 5059; x_wconf 83' lang='lat' dir='ltr'><strong>debilis,</strong></span> 
     </span>
    </p>
   </div>
   <div class='ocr_carea' id='block_1_91' title="bbox 2585 5090 3367 5149">
    <p class='ocr_par' dir='ltr' id='par_1_91' title="bbox 2585 5090 3367 5149">
     <span class='ocr_line' id='line_1_91' title="bbox 2585 5090 3367 5149; baseline -0.01 0"><span class='ocrx_word' id='word_1_642' title='bbox 2585 5096 2734 5149; x_wconf 82' lang='lat' dir='ltr'><strong>Nunc</strong></span> <span class='ocrx_word' id='word_1_643' title='bbox 2765 5094 2994 5149; x_wconf 74' lang='lat' dir='ltr'><strong>Abraha:</strong></span> <span class='ocrx_word' id='word_1_644' title='bbox 3024 5090 3367 5145; x_wconf 82' lang='lat' dir='ltr'><strong>vernantibus</strong></span> 
     </span>
    </p>
   </div>
   <div class='ocr_carea' id='block_1_92' title="bbox 2589 5183 3259 5247">
    <p class='ocr_par' dir='ltr' id='par_1_92' title="bbox 2589 5183 3259 5247">
     <span class='ocr_line' id='line_1_92' title="bbox 2589 5183 3259 5247; baseline -0.018 -6"><span class='ocrx_word' id='word_1_645' title='bbox 2589 5186 2661 5240; x_wconf 91' lang='lat' dir='ltr'><strong>De</strong></span> <span class='ocrx_word' id='word_1_646' title='bbox 2692 5187 2815 5239; x_wconf 84' lang='lat' dir='ltr'><strong>Jesu</strong></span> <span class='ocrx_word' id='word_1_647' title='bbox 2847 5183 2985 5236; x_wconf 90' lang='lat' dir='ltr'><strong>dulci</strong></span> <span class='ocrx_word' id='word_1_648' title='bbox 3016 5195 3259 5247; x_wconf 84' lang='lat' dir='ltr'><strong>corpore.</strong></span> 
     </span>
    </p>
   </div>
   <div class='ocr_carea' id='block_1_93' title="bbox 1472 5006 2217 5078">
    <p class='ocr_par' dir='ltr' id='par_1_93' title="bbox 1472 5006 2217 5078">
     <span class='ocr_line' id='line_1_93' title="bbox 1472 5006 2217 5078; baseline -0.02 -10"><span class='ocrx_word' id='word_1_649' title='bbox 1472 5012 1722 5069; x_wconf 82' lang='lat' dir='ltr'><strong>Mundutn</strong></span> <span class='ocrx_word' id='word_1_650' title='bbox 1752 5007 1969 5078; x_wconf 89' lang='lat' dir='ltr'><strong>replesti</strong></span> <span class='ocrx_word' id='word_1_651' title='bbox 2002 5006 2217 5060; x_wconf 90' lang='lat' dir='ltr'><strong>lumine.</strong></span> 
     </span>
    </p>
   </div>
   <div class='ocr_carea' id='block_1_94' title="bbox 1473 5096 2367 5169">
    <p class='ocr_par' dir='ltr' id='par_1_94' title="bbox 1473 5096 2367 5169">
     <span class='ocr_line' id='line_1_94' title="bbox 1473 5096 2367 5169; baseline -0.012 -12"><span class='ocrx_word' id='word_1_652' title='bbox 1473 5107 1685 5157; x_wconf 86' lang='lat' dir='ltr'><strong>Astrum</strong></span> <span class='ocrx_word' id='word_1_653' title='bbox 1720 5100 1827 5169; x_wconf 89' lang='lat' dir='ltr'><strong>poli</strong></span> <span class='ocrx_word' id='word_1_654' title='bbox 1858 5113 2003 5151; x_wconf 91' lang='lat' dir='ltr'><strong>nunc</strong></span> <span class='ocrx_word' id='word_1_655' title='bbox 2031 5096 2367 5166; x_wconf 76' lang='lat' dir='ltr'><strong>sp‘lendidum</strong></span> 
     </span>
    </p>
   </div>
   <div class='ocr_carea' id='block_1_95' title="bbox 364 5028 1172 5099">
    <p class='ocr_par' dir='ltr' id='par_1_95' title="bbox 364 5028 1172 5099">
     <span class='ocr_line' id='line_1_95' title="bbox 364 5028 1172 5099; baseline -0.022 -7"><span class='ocrx_word' id='word_1_656' title='bbox 364 5034 632 5099; x_wconf 79' lang='lat' dir='ltr'><strong>Amande,</strong></span> <span class='ocrx_word' id='word_1_657' title='bbox 665 5030 853 5099; x_wconf 66' lang='lat' dir='ltr'><strong>praesul</strong></span> <span class='ocrx_word' id='word_1_658' title='bbox 884 5028 1172 5095; x_wconf 83' lang='lat' dir='ltr'><strong>nptimc,...</strong></span> 
     </span>
    </p>
   </div>
   <div class='ocr_carea' id='block_1_96' title="bbox 362 5122 1251 5185">
    <p class='ocr_par' dir='ltr' id='par_1_96' title="bbox 362 5122 1251 5185">
     <span class='ocr_line' id='line_1_96' title="bbox 362 5122 1251 5185; baseline -0.02 -2"><span class='ocrx_word' id='word_1_659' title='bbox 362 5127 609 5183; x_wconf 76' lang='lat' dir='ltr'><strong>Amantio</strong></span> <span class='ocrx_word' id='word_1_660' title='bbox 636 5122 904 5177; x_wconf 89' lang='lat' dir='ltr'><strong>Christum</strong></span> <span class='ocrx_word' id='word_1_661' title='bbox 935 5128 1251 5185; x_wconf 77' lang='lat' dir='ltr'><strong>congruum,</strong></span> 
     </span>
    </p>
   </div>
   <div class='ocr_carea' id='block_1_97' title="bbox 363 5209 972 5270">
    <p class='ocr_par' dir='ltr' id='par_1_97' title="bbox 363 5209 972 5270">
     <span class='ocr_line' id='line_1_97' title="bbox 363 5209 972 5270; baseline -0.015 -2"><span class='ocrx_word' id='word_1_662' title='bbox 363 5216 501 5269; x_wconf 78' lang='lat' dir='ltr'><strong>Audi</strong></span> <span class='ocrx_word' id='word_1_663' title='bbox 542 5224 751 5267; x_wconf 88' lang='lat' dir='ltr'><strong>tuorum</strong></span> <span class='ocrx_word' id='word_1_664' title='bbox 778 5209 972 5270; x_wconf 85' lang='lat' dir='ltr'><strong>dulcia,</strong></span> 
     </span>
    </p>
   </div>
   <div class='ocr_carea' id='block_1_98' title="bbox 359 5298 1166 5369">
    <p class='ocr_par' dir='ltr' id='par_1_98' title="bbox 359 5298 1166 5369">
     <span class='ocr_line' id='line_1_98' title="bbox 359 5298 1166 5369; baseline -0.01 -13"><span class='ocrx_word' id='word_1_665' title='bbox 359 5308 496 5369; x_wconf 72' lang='lat' dir='ltr'><strong>Qua:</strong></span> <span class='ocrx_word' id='word_1_666' title='bbox 522 5305 832 5362; x_wconf 88' lang='lat' dir='ltr'><strong>concinunt,</strong></span> <span class='ocrx_word' id='word_1_667' title='bbox 862 5298 1166 5368; x_wconf 79' lang='lat' dir='ltr'><strong>gratissimo</strong></span> 
     </span>
    </p>
   </div>
   <div class='ocr_carea' id='block_1_99' title="bbox 366 5392 1040 5457">
    <p class='ocr_par' dir='ltr' id='par_1_99' title="bbox 366 5392 1040 5457">
     <span class='ocr_line' id='line_1_99' title="bbox 366 5392 1040 5457; baseline -0.007 -11"><span class='ocrx_word' id='word_1_668' title='bbox 366 5394 503 5446; x_wconf 78' lang='lat' dir='ltr'><strong>lium</strong></span> <span class='ocrx_word' id='word_1_669' title='bbox 532 5392 755 5445; x_wconf 78' lang='lat' dir='ltr'><strong>floruisti</strong></span> <span class='ocrx_word' id='word_1_670' title='bbox 793 5404 1040 5457; x_wconf 90' lang='lat' dir='ltr'><strong>corpore,</strong></span> 
     </span>
    </p>
   </div>
   <div class='ocr_carea' id='block_1_100' title="bbox 366 5481 1079 5552">
    <p class='ocr_par' dir='ltr' id='par_1_100' title="bbox 366 5481 1079 5552">
     <span class='ocr_line' id='line_1_100' title="bbox 366 5481 1079 5552; baseline -0.01 -15"><span class='ocrx_word' id='word_1_671' title='bbox 366 5482 567 5552; x_wconf 77' lang='lat' dir='ltr'><strong>Dignus</strong></span> <span class='ocrx_word' id='word_1_672' title='bbox 595 5492 686 5536; x_wconf 93' lang='lat' dir='ltr'><strong>tuo</strong></span> <span class='ocrx_word' id='word_1_673' title='bbox 715 5482 803 5551; x_wconf 90' lang='lat' dir='ltr'><strong>qui</strong></span> <span class='ocrx_word' id='word_1_674' title='bbox 846 5481 1079 5543; x_wconf 85' lang='lat' dir='ltr'><strong>nomine,</strong></span> 
     </span>
    </p>
   </div>
   <div class='ocr_carea' id='block_1_101' title="bbox 357 5569 1045 5631">
    <p class='ocr_par' dir='ltr' id='par_1_101' title="bbox 357 5569 1045 5631">
     <span class='ocr_line' id='line_1_101' title="bbox 357 5569 1045 5631; baseline -0.009 -5"><span class='ocrx_word' id='word_1_675' title='bbox 357 5572 595 5626; x_wconf 86' lang='lat' dir='ltr'><strong>Sortitus</strong></span> <span class='ocrx_word' id='word_1_676' title='bbox 618 5586 679 5626; x_wconf 86' lang='lat' dir='ltr'><strong>es</strong></span> <span class='ocrx_word' id='word_1_677' title='bbox 707 5569 1045 5631; x_wconf 82' lang='lat' dir='ltr'><strong>voeabulum,</strong></span> 
     </span>
    </p>
   </div>
   <div class='ocr_carea' id='block_1_102' title="bbox 363 5662 1049 5720">
    <p class='ocr_par' dir='ltr' id='par_1_102' title="bbox 363 5662 1049 5720">
     <span class='ocr_line' id='line_1_102' title="bbox 363 5662 1049 5720; baseline -0.013 0"><span class='ocrx_word' id='word_1_678' title='bbox 363 5665 783 5720; x_wconf 74' lang='lat' dir='ltr'><strong>Vernaculorum</strong></span> <span class='ocrx_word' id='word_1_679' title='bbox 812 5662 1049 5716; x_wconf 77' lang='lat' dir='ltr'><strong>carmina</strong></span> 
     </span>
    </p>
   </div>
   <div class='ocr_carea' id='block_1_103' title="bbox 359 5750 1039 5821">
    <p class='ocr_par' dir='ltr' id='par_1_103' title="bbox 359 5750 1039 5821">
     <span class='ocr_line' id='line_1_103' title="bbox 359 5750 1039 5821; baseline -0.013 -11"><span class='ocrx_word' id='word_1_680' title='bbox 359 5753 687 5811; x_wconf 58' lang='lat' dir='ltr'><strong>Pracordior</strong></span> <span class='ocrx_word' id='word_1_681' title='bbox 703 5767 787 5807; x_wconf 86' lang='lat' dir='ltr'><strong>um</strong></span> <span class='ocrx_word' id='word_1_682' title='bbox 827 5750 1039 5821; x_wconf 68' lang='lat' dir='ltr'><strong>gaudio.</strong></span> 
     </span>
    </p>
   </div>
   <div class='ocr_carea' id='block_1_104' title="bbox 1476 5191 2226 5261">
    <p class='ocr_par' dir='ltr' id='par_1_104' title="bbox 1476 5191 2226 5261">
     <span class='ocr_line' id='line_1_104' title="bbox 1476 5191 2226 5261; baseline -0.012 -13"><span class='ocrx_word' id='word_1_683' title='bbox 1476 5196 1629 5248; x_wconf 80' lang='lat' dir='ltr'><strong>l’ater</strong></span> <span class='ocrx_word' id='word_1_684' title='bbox 1663 5195 1796 5261; x_wconf 89' lang='lat' dir='ltr'><strong>pius,</strong></span> <span class='ocrx_word' id='word_1_685' title='bbox 1828 5201 2013 5260; x_wconf 89' lang='lat' dir='ltr'><strong>pastor</strong></span> <span class='ocrx_word' id='word_1_686' title='bbox 2036 5191 2226 5253; x_wconf 88' lang='lat' dir='ltr'><strong>bonus,</strong></span> 
     </span>
    </p>
   </div>
   <div class='ocr_carea' id='block_1_105' title="bbox 1476 5272 2194 5346">
    <p class='ocr_par' dir='ltr' id='par_1_105' title="bbox 1476 5272 2194 5346">
     <span class='ocr_line' id='line_1_105' title="bbox 1476 5272 2194 5346; baseline -0.008 -7"><span class='ocrx_word' id='word_1_687' title='bbox 1476 5287 1582 5340; x_wconf 80' lang='lat' dir='ltr'><strong>llas</strong></span> <span class='ocrx_word' id='word_1_688' title='bbox 1622 5298 1801 5338; x_wconf 87' lang='lat' dir='ltr'><strong>recrea</strong></span> <span class='ocrx_word' id='word_1_689' title='bbox 1814 5283 1918 5336; x_wconf 87' lang='lat' dir='ltr'><strong>ndo</strong></span> <span class='ocrx_word' id='word_1_690' title='bbox 1949 5272 2194 5346; x_wconf 76' lang='lat' dir='ltr'><strong>flumine,</strong></span> 
     </span>
    </p>
   </div>
   <div class='ocr_carea' id='block_1_106' title="bbox 1481 5371 2120 5442">
    <p class='ocr_par' dir='ltr' id='par_1_106' title="bbox 1481 5371 2120 5442">
     <span class='ocr_line' id='line_1_106' title="bbox 1481 5371 2120 5442; baseline -0.009 -12"><span class='ocrx_word' id='word_1_691' title='bbox 1481 5376 1669 5430; x_wconf 89' lang='lat' dir='ltr'><strong>Frater</strong></span> <span class='ocrx_word' id='word_1_692' title='bbox 1700 5374 1880 5442; x_wconf 92' lang='lat' dir='ltr'><strong>pupilli</strong></span> <span class='ocrx_word' id='word_1_693' title='bbox 1907 5371 2120 5436; x_wconf 87' lang='lat' dir='ltr'><strong>flebilis,</strong></span> 
     </span>
    </p>
   </div>
   <div class='ocr_carea' id='block_1_107' title="bbox 1480 5462 2263 5531">
    <p class='ocr_par' dir='ltr' id='par_1_107' title="bbox 1480 5462 2263 5531">
     <span class='ocr_line' id='line_1_107' title="bbox 1480 5462 2263 5531; baseline -0.01 -8"><span class='ocrx_word' id='word_1_694' title='bbox 1480 5469 1692 5523; x_wconf 82' lang='lat' dir='ltr'><strong>Patrem</strong></span> <span class='ocrx_word' id='word_1_695' title='bbox 1726 5463 1932 5518; x_wconf 86' lang='lat' dir='ltr'><strong>vocavit</strong></span> <span class='ocrx_word' id='word_1_696' title='bbox 1970 5462 2263 5531; x_wconf 88' lang='lat' dir='ltr'><strong>orphanns,</strong></span> 
     </span>
    </p>
   </div>
   <div class='ocr_carea' id='block_1_108' title="bbox 1478 5554 2122 5619">
    <p class='ocr_par' dir='ltr' id='par_1_108' title="bbox 1478 5554 2122 5619">
     <span class='ocr_line' id='line_1_108' title="bbox 1478 5554 2122 5619; baseline -0.008 -7"><span class='ocrx_word' id='word_1_697' title='bbox 1478 5557 1645 5612; x_wconf 65' lang='lat' dir='ltr'><strong>Cascis</strong></span> <span class='ocrx_word' id='word_1_698' title='bbox 1672 5555 1872 5613; x_wconf 87' lang='lat' dir='ltr'><strong>ocellus</strong></span> <span class='ocrx_word' id='word_1_699' title='bbox 1896 5554 2122 5619; x_wconf 89' lang='lat' dir='ltr'><strong>lucidos,</strong></span> 
     </span>
    </p>
   </div>
   <div class='ocr_carea' id='block_1_109' title="bbox 1473 5647 2229 5717">
    <p class='ocr_par' dir='ltr' id='par_1_109' title="bbox 1473 5647 2229 5717">
     <span class='ocr_line' id='line_1_109' title="bbox 1473 5647 2229 5717; baseline -0.008 -14"><span class='ocrx_word' id='word_1_700' title='bbox 1473 5648 1747 5717; x_wconf 85' lang='lat' dir='ltr'><strong>Perir’que</strong></span> <span class='ocrx_word' id='word_1_701' title='bbox 1775 5648 1919 5717; x_wconf 80' lang='lat' dir='ltr'><strong>ligno</strong></span> <span class='ocrx_word' id='word_1_702' title='bbox 1951 5647 2229 5716; x_wconf 84' lang='lat' dir='ltr'><strong>pendulus,</strong></span> 
     </span>
    </p>
   </div>
   <div class='ocr_carea' id='block_1_110' title="bbox 1474 5742 2266 5814">
    <p class='ocr_par' dir='ltr' id='par_1_110' title="bbox 1474 5742 2266 5814">
     <span class='ocr_line' id='line_1_110' title="bbox 1474 5742 2266 5814; baseline -0.003 -15"><span class='ocrx_word' id='word_1_703' title='bbox 1474 5743 1606 5811; x_wconf 80' lang='lat' dir='ltr'><strong>Quid</strong></span> <span class='ocrx_word' id='word_1_704' title='bbox 1634 5744 1811 5814; x_wconf 89' lang='lat' dir='ltr'><strong>plura,</strong></span> <span class='ocrx_word' id='word_1_705' title='bbox 1861 5742 2017 5799; x_wconf 84' lang='lat' dir='ltr'><strong>miles</strong></span> <span class='ocrx_word' id='word_1_706' title='bbox 2049 5742 2266 5811; x_wconf 75' lang='lat' dir='ltr'><strong>inclyte,</strong></span> 
     </span>
    </p>
   </div>
   <div class='ocr_carea' id='block_1_111' title="bbox 2587 5270 3267 5344">
    <p class='ocr_par' dir='ltr' id='par_1_111' title="bbox 2587 5270 3267 5344">
     <span class='ocr_line' id='line_1_111' title="bbox 2587 5270 3267 5344; baseline -0.016 -10"><span class='ocrx_word' id='word_1_707' title='bbox 2587 5278 2701 5334; x_wconf 82' lang='lat' dir='ltr'><strong>Jam</strong></span> <span class='ocrx_word' id='word_1_708' title='bbox 2734 5276 3013 5344; x_wconf 89' lang='lat' dir='ltr'><strong>c0pulatos</strong></span> <span class='ocrx_word' id='word_1_709' title='bbox 3053 5270 3267 5340; x_wconf 86' lang='lat' dir='ltr'><strong>inclytis</strong></span> 
     </span>
    </p>
   </div>
   <div class='ocr_carea' id='block_1_112' title="bbox 2592 5360 3388 5430">
    <p class='ocr_par' dir='ltr' id='par_1_112' title="bbox 2592 5360 3388 5430">
     <span class='ocr_line' id='line_1_112' title="bbox 2592 5360 3388 5430; baseline -0.016 -7"><span class='ocrx_word' id='word_1_710' title='bbox 2592 5371 2786 5423; x_wconf 69' lang='lat' dir='ltr'><strong>Verte:</strong></span> <span class='ocrx_word' id='word_1_711' title='bbox 2816 5363 3048 5418; x_wconf 65' lang='lat' dir='ltr'><strong>rubescit</strong></span> <span class='ocrx_word' id='word_1_712' title='bbox 3079 5360 3388 5430; x_wconf 80' lang='lat' dir='ltr'><strong>gemmulis,</strong></span> 
     </span>
    </p>
   </div>
   <div class='ocr_carea' id='block_1_113' title="bbox 2586 5450 3372 5513">
    <p class='ocr_par' dir='ltr' id='par_1_113' title="bbox 2586 5450 3372 5513">
     <span class='ocr_line' id='line_1_113' title="bbox 2586 5450 3372 5513; baseline -0.013 0"><span class='ocrx_word' id='word_1_713' title='bbox 2586 5456 2762 5513; x_wconf 86' lang='lat' dir='ltr'><strong>Nostri</strong></span> <span class='ocrx_word' id='word_1_714' title='bbox 2805 5470 3009 5508; x_wconf 87' lang='lat' dir='ltr'><strong>memor</strong></span> <span class='ocrx_word' id='word_1_715' title='bbox 3039 5450 3372 5506; x_wconf 71' lang='lat' dir='ltr'><strong>sanctissime</strong></span> 
     </span>
    </p>
   </div>
   <div class='ocr_carea' id='block_1_114' title="bbox 2588 5542 3333 5621">
    <p class='ocr_par' dir='ltr' id='par_1_114' title="bbox 2588 5542 3333 5621">
     <span class='ocr_line' id='line_1_114' title="bbox 2588 5542 3333 5621; baseline -0.009 -16"><span class='ocrx_word' id='word_1_716' title='bbox 2588 5552 2755 5621; x_wconf 82' lang='lat' dir='ltr'><strong>(Tuus</strong></span> <span class='ocrx_word' id='word_1_717' title='bbox 2793 5548 3036 5619; x_wconf 90' lang='lat' dir='ltr'><strong>popellus</strong></span> <span class='ocrx_word' id='word_1_718' title='bbox 3058 5542 3333 5615; x_wconf 88' lang='lat' dir='ltr'><strong>adsumus)</strong></span> 
     </span>
    </p>
   </div>
   <div class='ocr_carea' id='block_1_115' title="bbox 2591 5638 3317 5711">
    <p class='ocr_par' dir='ltr' id='par_1_115' title="bbox 2591 5638 3317 5711">
     <span class='ocr_line' id='line_1_115' title="bbox 2591 5638 3317 5711; baseline -0.01 -13"><span class='ocrx_word' id='word_1_719' title='bbox 2591 5643 2659 5698; x_wconf 90' lang='lat' dir='ltr'><strong>Ut</strong></span> <span class='ocrx_word' id='word_1_720' title='bbox 2682 5642 2895 5711; x_wconf 85' lang='lat' dir='ltr'><strong>quando</strong></span> <span class='ocrx_word' id='word_1_721' title='bbox 2924 5640 3079 5695; x_wconf 84' lang='lat' dir='ltr'><strong>Jesus</strong></span> <span class='ocrx_word' id='word_1_722' title='bbox 3111 5638 3317 5692; x_wconf 87' lang='lat' dir='ltr'><strong>venerit</strong></span> 
     </span>
    </p>
   </div>
   <div class='ocr_carea' id='block_1_116' title="bbox 2589 5734 3271 5805">
    <p class='ocr_par' dir='ltr' id='par_1_116' title="bbox 2589 5734 3271 5805">
     <span class='ocr_line' id='line_1_116' title="bbox 2589 5734 3271 5805; baseline -0.012 -16"><span class='ocrx_word' id='word_1_723' title='bbox 2589 5734 2705 5791; x_wconf 86' lang='lat' dir='ltr'><strong>Non</strong></span> <span class='ocrx_word' id='word_1_724' title='bbox 2732 5746 3075 5805; x_wconf 71' lang='lat' dir='ltr'><strong>segregemur</strong></span> <span class='ocrx_word' id='word_1_725' title='bbox 3101 5747 3130 5785; x_wconf 82' lang='lat' dir='ltr'><strong>a</strong></span> <span class='ocrx_word' id='word_1_726' title='bbox 3162 5739 3271 5793; x_wconf 82' lang='lat' dir='ltr'><strong>tuo,</strong></span> 
     </span>
    </p>
   </div>
  </div>
