4008 6176
438 341 578 398 1275
956 340 1011 396 3.
1051 338 1462 396 MANSUETUS
1504 339 2056 396 MEDIOLANENSIS
2095 338 2489 398 EPISCUPUS.
2532 373 2603 384 —
2641 342 2915 400 NOTITIA
2959 345 3127 402 lllST.

442 456 555 512 Deo
586 452 729 507 Patri
755 452 828 508 sit
859 452 1051 520 gloria.

447 545 694 600 Candore
719 542 892 597 vincis
919 540 1226 613 Cynthiam.

435 636 614 691 Multis
647 634 790 689 fuisti
834 636 1119 704 gentibus:

434 727 559 781 Illas
586 726 827 780 docendo
857 726 1077 792 famine,

441 823 606 877 Soror
626 822 889 892 gementis
917 821 1116 876 exsulis
1141 840 1157 877 :

432 914 758 983 Matremque
790 914 957 968 sensit
986 912 1282 980 languidus.

433 1005 754 1075 Claudisque
800 1020 895 1074 pes
926 1004 1243 1067 tutissimus,

434 1099 612 1153 Vitam
655 1098 858 1167 recepit
886 1110 1149 1151 mortuus.

433 1190 632 1245 Nostro
662 1204 917 1244 canamus
955 1190 1228 1244 carmine?

432 1281 622 1337 Nullus
661 1282 887 1336 recessit
906 1280 1129 1335 ﬂebilis.

433 1372 611 1429 Latus
634 1373 861 1441 quiescit
883 1371 1122 1435 sedibus,

434 1465 645 1521 Mandis
673 1465 917 1534 bibisque
944 1466 1227 1534 sanguine.

435 1553 890 1626 Archangelorum
921 1554 1152 1622 gaudiis,

438 1638 508 1694 Et
531 1644 668 1697 colla
698 1642 928 1696 candent
954 1641 1156 1695 infulis.

436 1731 535 1787 ilic
561 1732 902 1787 exsulantqu
933 1746 1184 1802 corpore,

432 1822 763 1880 Succurrere
808 1826 962 1880 nobis
1005 1840 1347 1895 quaesumus:

432 1916 568 1971 Cum
598 1932 788 1984 carne,
818 1933 919 1988 qua
958 1918 1081 1971 hinc
1108 1917 1259 1986 abiit,

432 2006 685 2063 Clemens
713 2009 871 2064 Pater
896 2009 1166 2064 consortio

434 2097 673 2170 Ejusque
697 2102 798 2155 soli
830 2100 983 2168 Filio,
1012 2112 1118 2157 etc.

670 2194 951 2251 HYMNUS
990 2194 1244 2252 ALTER.

432 2280 546 2337 Ave
574 2281 754 2349 Pater,
784 2294 965 2355 pastor
989 2294 1191 2350 noster,

431 2373 547 2429 Ave
587 2375 783 2430 ebarus
811 2391 965 2432 amor
985 2390 1192 2445 noster,

436 2466 571 2533 Ave,
605 2470 795 2535 praesul
836 2469 1090 2538 gloriose,

433 2555 564 2611 Jure
592 2558 683 2612 tibi
710 2560 922 2615 laudum
953 2563 1121 2617 melos

434 2644 541 2698 Sed
567 2647 859 2717 condignas
898 2659 1045 2706 tanto
1088 2652 1233 2708 Patri

1545 451 1668 505 Mox
1700 450 1974 521 signorum
2005 448 2255 518 gloriosis

1546 543 1908 612 Triumphalis
1946 542 2098 612 signo
2126 545 2301 599 crucis

1549 635 1815 706 Verbique
1837 637 2032 691 virtute
2053 635 2229 706 pellis,

1547 729 1783 784 Virtutes
1818 730 2117 795 excoluisti,

1549 819 1665 888 lpse
1694 820 1787 875 sed
1806 818 2106 886 occuluisti,

1548 912 1722 966 Favor
1750 928 1819 966 ne
1852 912 2068 967 daretur
2095 910 2210 965 tibi.

1550 1004 1684 1057 Ilinc
1706 1003 1873 1056 factus
1903 1001 2106 1057 Praasul
2129 1011 2442 1072 mactusque

1551 1093 1618 1147 Ut
1660 1092 1879 1147 lucerna
1914 1091 2108 1146 ardens
2139 1092 2265 1156 fide,

1545 1186 1574 1242 J
1582 1202 1674 1241 ure
1718 1186 1866 1241 celso
1888 1185 2198 1239 candelabri

1548 1276 1626 1331 Tu
1659 1279 1966 1344 redemptor
1993 1277 2352 1343 captivorum,

1547 1368 1734 1437 Tuque
1764 1377 1914 1437 pater
1958 1368 2297 1437 pupillorum,

1552 1458 1710 1529 Vigor
1751 1459 2193 1529 paralyticorum,

1552 1552 1629 1603 'l‘u
1660 1551 1837 1605 surdis
1859 1550 2097 1604 auditum
2131 1556 2379 1617 praestas,

1550 1642 1743 1697 Lurida
1777 1650 1830 1695 tu
1869 1641 2109 1696 membra
2160 1653 2374 1709 purgas,

1552 1735 1736 1790 Verbis
1775 1732 1930 1789 simul
1958 1743 2012 1788 et
2040 1733 2306 1801 exemplis

1548 1826 1737 1881 Nostra
1780 1826 1895 1880 laus
1920 1824 2219 1880 succumbit
2244 1832 2422 1885 tanta}.

1551 1914 1685 1969 Dum
1719 1915 1973 1969 mundum
2001 1914 2179 1983 reples
2219 1913 2476 1967 doctrina:

1556 2003 1777 2058 Famam
1802 2003 2103 2058 diffundens
2127 2014 2183 2059 et
2212 2014 2391 2068 terrae,

1552 2092 1704 2147 Nunc
1734 2106 2032 2161 precamur,
2077 2092 2238 2146 Pater
2267 2095 2429 2158 alme,

1553 2183 1620 2237 Et
1647 2182 1829 2238 .lesum
1860 2183 2145 2251 benignum
2176 2196 2357 2251 posce,

1553 2271 1631 2325 Ac
1661 2281 1780 2338 post
1810 2270 1966 2339 hujus
2008 2272 2165 2323 finem
2193 2272 2337 2338 vitae,

1552 2362 1744 2416 Annue
1770 2362 1906 2415 votis
1937 2368 2274 2429 poseeutum,

1555 2450 1689 2505 Esse
1718 2450 1989 2505 credimus
2030 2464 2187 2519 quem
2217 2453 2413 2503 trinum

1552 2543 1731 2597 Manet
1753 2556 1909 2611 quem
1936 2544 2051 2597 laus
2090 2553 2214 2597 ante
2235 2556 2410 2597 arvum

1554 2631 1794 2686 Pontifex
1819 2633 2051 2703 egregie,

1489 2751 1493 2755 ·
1552 2728 1715 2783 Dulce
1742 2742 1954 2794 nomen,
1982 2729 2245 2796 Amande,

2657 453 2876 509 l’lectro
2906 453 3102 523 lingua:
3132 458 3444 525 promimus.

2653 544 2833 599 Sacra:
2862 546 3103 614 pueritia:

2656 636 2814 692 Visus
2843 653 2902 693 es
2942 639 3222 709 attingere,

2654 728 2913 784 Perfecta:
2952 730 3192 799 justitiae.

2654 819 2961 880 Muneratus
3002 821 3190 887 titulis,

2655 910 2894 979 Anguem
2916 925 3118 966 saevum
3149 912 3382 982 proteris

2653 998 2798 1068 θείω
2823 1000 2889 1053 de
2924 1000 3190 1054 terminis.

2653 1090 2844 1147 Studio
2900 1091 3165 1162 pervigili,

2654 1164 2827 1237 ﬂente
2855 1197 3068 1251 semper
3098 1183 3308 1243 humili,

2653 1270 2757 1325 Sed
2800 1286 3032 1340 superno
3079 1272 3303 1341 numini,

2655 1364 2878 1418 Deitatis
2922 1378 3168 1428 munere,

2659 1453 2820 1509 Claro
2848 1452 3031 1509 lucens
3058 1468 3241 1522 opere.

2663 1544 2968 1601 Sublevatis
2998 1546 3201 1614 stipite.

2661 1636 2981 1691 Consolator
3026 1651 3341 1705 pauperum,

2661 1724 2739 1778 Tu
2769 1734 2937 1780 mater
2965 1726 3351 1794 orpltanomm,

2662 1813 2931 1883 Efl‘ugator
2960 1814 3284 1879 daemonum,

2660 1906 2740 1962 Tu
2785 1921 2955 1962 caecos
2984 1904 3271 1971 illuminas,

2662 2000 2926 2055 Mortuum
2956 1999 3264 2053 resuscitas.

2664 2089 2886 2144 Animas
2932 2088 3170 2144 vivificas
3190 2129 3208 2157 ,

2662 2179 2777 2234 Tibi
2816 2177 2960 2233 datae
2996 2178 3204 2246 gratiae,

2586 2308 2587 2311 η
2666 2270 3036 2339 Virtutumque
3092 2284 3338 2323 munere.

2664 2362 2730 2416 Et
2759 2363 2881 2418 cmli
2927 2377 3019 2428 per
3054 2361 3319 2427 cardines,

2667 2449 2796 2504 Vota
2826 2460 3006 2505 nostra
3034 2450 3269 2517 suscipe.

2660 2542 2827 2598 Nobis
2857 2560 3071 2615 semper
3100 2562 3343 2617 parcere.

2661 2637 2860 2691 'l‘ecum
2903 2655 3116 2710 semper
3140 2641 3342 2707 vivere,

2663 2724 2804 2786 Deus
2845 2726 3013 2783 factor
3046 2730 3306 2785 omnium.

3556 353 3676 408 1276

435 2735 611 2792 Corde
641 2746 816 2795 tatnen
845 2742 987 2811 quod
1015 2747 1290 2815 gestimus,

433 2827 478 2877 A
513 2827 768 2895 primavo
798 2847 989 2904 nempe
1031 2835 1163 2892 flore

432 2916 671 2977 Moribus
716 2940 887 2980 sevum
919 2931 1089 2986 senile

432 3005 613 3064 Multis
641 3024 695 3067 et
724 3030 969 3073 normam
999 3021 1240 3089 praebere

1552 2816 1779 2885 Semper
1806 2818 2193 2887 amantissime,

1550 2909 1895 2964 Concinendo
1938 2911 2238 2979 pangimus.

1554 3000 1719 3056 Ferre
1750 3000 1934 3056 laudes
1966 3002 2267 3071 nequimus,

2661 2821 2834 2890 Atque
2861 2838 3020 2877 unum
3066 2823 3375 2883 Dominum,

2660 2908 2811 2966 Nunc
2834 2906 2891 2966 et
2920 2913 2972 2967 in
2998 2921 3335 2982 perpetuum.
3369 2910 3570 2964 Amen.

1666 3330 1833 3373 ANNO
1877 3332 2108 3375 DOMZNI
2153 3334 2436 3377 DCLXXX.

868 3505 1823 3655 SANGTUS
1996 3516 3289 3659 MANSUETUS

1499 3776 2139 3841 MEDIOLANENSIS
2184 3780 2623 3844 EPISCOPUS.

1016 4022 1454 4101 NOTITIA
1516 4026 2069 4105 HISTORICA
2133 4030 2243 4108 IN
2317 4027 2394 4106 S.
2464 4032 2599 4108 MA

1549 4026 2069 4105 IISTORICA
2133 4030 2243 4108 IN
2317 4027 2394 4106 S.
2464 4028 3132 4109 MANSUETUM.

1702 4236 1797 4298 [Ex
1828 4237 2075 4299 Ughellio,
2102 4238 2239 4290 Italia
2259 4240 2447 4302 Sacra.]

503 4422 732 4495 Sanctus
780 4419 1086 4495 Mansuetus
1135 4424 1213 4495 (a)
1262 4421 1493 4479 Sabellae
1524 4422 1709 4495 gentis
1753 4421 2009 4495 Romanae
2037 4430 2090 4489 Α
2116 4437 2310 4495 scopas
2339 4424 2553 4492 scripsit
2573 4423 2849 4491 epistolam
2878 4423 2943 4477 ad
2974 4422 3383 4495 Constantinum
3413 4424 3693 4493 imperato

432 4501 620 4545 sancto
651 4492 891 4560 Ampelio
917 4492 1170 4548 suffectus
1216 4505 1299 4548 est
1342 4510 1482 4547 anno
1509 4494 1633 4548 677.
1666 4492 1789 4560 Qui,
1836 4500 1895 4546 ut
1928 4493 2010 4548 sui
2118 4508 2232 4548 rem
2261 4494 2311 4548 in
2340 4495 2579 4550 eosdem.
2611 4494 2747 4549 Sunt
2775 4497 2862 4561 qui
2900 4495 3167 4548 aftirmcnt
3218 4492 3551 4548 Mansuetu’m
3584 4507 3696 4546 ma-

432 4562 771 4633 episcOpatus
815 4564 900 4631 pie
939 4571 1229 4632 sancteque
1271 4565 1637 4633 auspicaretur
1684 4563 1851 4629 initia,
1900 4565 2012 4618 suis
2115 4578 2222 4631 gno
2279 4565 2352 4618 illi
2415 4562 3001 4633 Constantinopolitano
3062 4565 3291 4618 concilio
3342 4565 3700 4627 interfuisse,

433 4631 971 4703 comprovincialibus
996 4631 1308 4689 convecatis
1349 4631 1637 4703 episcopis,
1664 4644 1855 4703 contra
1897 4633 2009 4687 Mo-
2115 4634 2258 4703 quod
2291 4636 2379 4688 vix
2420 4636 2674 4691 credibile
2725 4631 2827 4698 est,
2861 4649 2981 4689 cum
3029 4648 3277 4689 reversus
3329 4634 3495 4687 Roma
3540 4635 3698 4702 paulo

436 4700 723 4775 notlteljtas
756 4704 1027 4775 synodum
1082 4700 1399 4760 celebravif
1435 4704 1592 4773 (anno
1646 4702 1798 4775 679).
1860 4704 2013 4775 Anno
2117 4700 2240 4775 post
2270 4706 2322 4758 in
2350 4708 2597 4775 contagio
2629 4707 2719 4759 illo
2760 4706 2901 4774 quod
2931 4719 3250 4774 magnopere
3297 4700 3596 4775 Insubriain
3619 4704 3693 4755 af-

435 4786 562 4825 vero
605 4771 708 4826 679
756 4761 907 4844 [680]
954 4788 1075 4844 cum
1132 4776 1317 4828 iisdem
1377 4761 1617 4829 interfuit
1664 4761 2011 4828 Lateranensi
2119 4761 2274 4837 ilixit.
2321 4761 2617 4831 decessisse
2664 4761 2907 4831 narr'etur
2955 4761 3047 4828 die
3084 4761 3149 4827 19
3198 4776 3400 4828 mensis
3460 4774 3695 4828 Februa-

435 4844 661 4896 cnncilio
691 4842 790 4915 sub
816 4842 1097 4915 Agathone
1139 4846 1385 4908 pontifice
1410 4854 1594 4900 contra
1638 4844 1855 4898 eosdem
1883 4859 2016 4897 cou-
2117 4846 2182 4898 rii
2217 4844 2313 4915 (b).
2340 4846 2486 4901 Jacet
2509 4848 2561 4901 in
2603 4846 2957 4902 Ambrosiano
2991 4848 3208 4915 templo.
3244 4845 3403 4900 Deeo
3434 4844 3695 4914 Martyro-

438 4922 647 4985 vocato,
678 4913 831 4985 cujus
858 4913 1070 4985 decreta
1121 4915 1423 4969 Mansuetus
1460 4915 1798 4982 subscripsit.
1852 4915 2019 4985 llnjus
2126 4913 2321 4985 logi'um
2362 4918 2683 4972 Romanum.

437 4982 698 5039 Mansueti
727 4984 943 5040 nomine
986 4994 1204 5041 sanctus
1247 4985 1533 5040 Damianus
1575 4985 1872 5041 Ticineusis
1901 4984 2020 5053 epi-

506 5114 584 5185 (a)
623 5116 698 5170 De
742 5132 807 5173 eo
850 5119 979 5172 Acta
1028 5117 1368 5184 Sanctorum,
1421 5118 1697 5174 Februarii
1744 5126 1874 5173 tom.
1926 5117 2016 5187 lll,
2121 5115 2253 5187 obiit
2295 5128 2346 5168 ιι
2396 5112 2739 5187 ΚοιντΜεηξιίἰ,
2789 5113 3140 5187 sepultusest
3175 5112 3239 5167 ad
3268 5120 3526 5187 sanctum
3572 5109 3701 5164 Am-

436 5199 556 5255 pag.
602 5187 723 5241 155.
2002 5184 2009 5187 ⁷

2123 5186 2376 5240 brosiom.
2415 5203 2434 5237 υ
2481 5186 2679 5241 Obierit
2712 5200 2838 5254 ergo
2881 5200 2969 5238 an.
3008 5186 3221 5239 circiter
3251 5184 3375 5239 631.
3426 5185 3698 5237 thesmo-

510 5241 588 5327 ῖὺ)
628 5256 858 5316 Sanctus
886 5259 1187 5315 Mansuetus
1216 5275 1279 5314 ex
1307 5262 1547 5330 catalogo
1577 5261 1769 5317 «sedit
1805 5276 1893 5313 an.
1938 5273 2016 5321 ιχ,
2050 5241 2094 5300 Β
2122 5272 2294 5311 cuius.

438 5394 3666 5428 Μ

982 5532 1345 5593 EPISTULA
1386 5526 1778 5599 MANSUETI
1818 5528 1911 5581 AD
1951 5524 2546 5583 CONSTANTINUM
2594 5522 3166 5580 IMPERATOREM.

1295 5666 1451 5739 (Vide
1479 5680 1659 5736 supra,
1693 5664 1755 5717 all
1788 5663 2123 5734 Damianum,
2156 5662 2376 5732 hujusce
2406 5661 2531 5715 tomi
2559 5660 2663 5715 col.
2699 5657 2883 5727 1261.)
