3926 6174
166 370 3432 440 M
866 404 1463 415 ...Ἦ-...Ἦ
1466 411 1779 419 .______.__

748 403 852 410 —._

1376 410 1409 415 μ.
1426 410 1779 419 ...μ-Ἦ-

374 532 1866 704 FRANCORUM
2000 547 2859 714 REGUM
2990 553 3232 717 ιν

1416 824 1755 899 PRIMXE
1816 825 2220 905 STIRPlS

1064 1017 1204 1087 DE
1267 1010 1612 1089 REBUS
1673 1019 2549 1093 ECCLESIASTICIS

427 1208 1347 1341 DIPLOMATA
1441 1218 1642 1341 ET
1740 1219 2036 1343 PI/E
2134 1216 3193 1355 DONATIONES.

1531 1452 1685 1531 (AN.
1729 1452 2067 1531 eeo-700.)

1216 1671 2090 1852 ποι-Διιιι
2162 1740 2385 1853 ιιι

1458 1926 1887 1984 FBANCORUM
1931 1928 2137 1987 REGIS

697 2074 1724 2185 ECCLESIASTICfE
1803 2083 2862 2193 PIUECEPTIONES.

1184 2344 1279 2406 [Ex
1303 2345 1605 2410 Brequigny,
1628 2345 1915 2409 Diplomata,
1940 2346 2153 2411 Charta),
2184 2346 2384 2413 Leges]

143 2665 395 2731 Diploma
412 2659 648 2735 [Clotnrii
666 2658 692 2713 1
701 2658 760 2711 Il
770 2659 784 2729 ]
794 2674 894 2735 quo
911 2658 1028 2735 duo:
1048 2657 1732 2735 partespillaafauricciaci,

222 2728 379 2788 causa
413 2728 620 2799 cognitu
641 2774 656 2797 ,
698 2728 923 2784 ecclesia:
959 2728 1141 2785 Sancti
1173 2728 1407 2799 Dionysii
1437 2742 1735 2783 asseruntur

225 2816 250 2841 -
286 2808 433 2874 (ann.
464 2789 616 2870 6'53).

223 2911 571 2987 [Chlotarius]
600 2928 689 2968 rex
722 2911 1076 2977 Francorum,
1108 2910 1191 2965 vir
1219 2909 1443 2965 inluster
1575 2910 1732 2965 dere-

137 3009 400 3063 ntendum
441 3004 524 3059 vel
559 3004 702 3075 justo
744 3002 945 3072 judicio
1000 3001 1405 3056 termenandum
1456 3000 1735 3056 resedere-

139 3114 275 3153 mus
299 3139 314 3160 ,
352 3096 528 3165 ibique
557 3092 818 3149 venientis
848 3092 1044 3146 acturis
1083 3088 1413 3144 monasthirii
1456 3089 1735 3160 peculiaris

138 3190 361 3259 patroni
394 3185 563 3241 nostri
591 3183 772 3239 domni
802 3182 1087 3247 Dioninse,
1117 3181 1203 3236 ubi
1234 3180 1347 3249 ipse
1378 3181 1652 3250 preciosus
1681 3181 1732 3235 in

135 3298 375 3353 corpore
405 3279 690 3350 requiisset
708 3318 723 3343 ,
754 3277 993 3347 lngober.
1116 3274 1141 3353 ιξ
1163 3288 1291 3341 sup.
1313 3312 1327 3327 .
1350 3313 1365 3327 .
1383 3311 1397 3327 .
1424 3274 1614 3328 limena
1642 3274 1734 3328 de—

138 3375 232 3428 dit
264 3376 315 3425 in
344 3370 639 3439 responsis,
669 3367 809 3436 quod
838 3374 955 3420 acta
984 3363 1271 3433 conposcio
1302 3362 1461 3416 talem
1497 3363 1731 3427 habtbat,

137 3464 378 3533 qualiter
423 3460 568 3529 ipsas
608 3457 758 3511 villas
793 3456 907 3525 ipse
946 3454 1261 3508 Ermelenus
1294 3454 1487 3521 jocalis
1524 3467 1649 3505 suos
1683 3453 1731 3506 ei

136 3555 471 3612 comullerat
498 3571 514 3619 ;
545 3552 639 3607 sed
668 3553 782 3620 ipse
811 3548 1020 3619 agentis
1048 3559 1262 3603 econtra
1292 3589 1306 3602 .
1340 3587 1353 3601 .
1380 3585 1397 3603 .
1428 3587 1441 3600 .
1467 3559 1521 3601 et
1552 3547 1731 3617 predi-

141 3660 272 3703 ctus
302 3646 547 3716 pontel’ex
575 3643 626 3698 in
653 3642 888 3714 presenti
915 3640 1187 3703 adstabat,
1213 3647 1267 3693 et
1292 3637 1527 3708 precaria
1556 3649 1733 3693 osten-

138 3741 307 3795 debat
335 3738 402 3791 ab
432 3738 544 3804 ipsa
580 3734 769 3787 limena
798 3734 957 3800 facta,
980 3745 1085 3802 quo
1114 3729 1320 3798 relicta,
1351 3730 1620 3784 inventum
1650 3737 1733 3783 est

137 3826 289 3897 quod
331 3828 440 3894 ipsa
484 3824 679 3877 limena
714 3820 782 3875 de
819 3833 979 3874 omne
1005 3833 1261 3888 corpore.
1393 3832 1617 3886 corpore
1656 3816 1731 3870 fa-

138 3894 363 3973 cultatis
392 3914 556 3984 ipsius
583 3910 867 3967 Ermeleno
899 3908 1088 3962 iecisse
1112 3926 1125 3961 :
1154 3908 1246 3963 sed
1276 3908 1480 3978 agentis
1506 3908 1727 3979 predicti
1760 3894 1806 3955 B

142 4006 375 4064 basilice
402 4002 722 4064 vindicione,
753 4000 839 4054 vel
866 4000 1107 4068 precario
1130 3999 1199 4054 ab
1226 4000 1343 4069 ipso
1369 4000 1648 4054 Ermeleno
1677 4001 1731 4055 in

136 4111 404 4169 gt-rmano
426 4110 524 4151 suo
547 4092 953 4163 Clmgliberctus
1086 4090 1390 4160 conscripta
1415 4092 1604 4146 ostend

139 4192 216 4246 de
245 4204 405 4246 omne
430 4206 656 4261 corpore
683 4191 915 4247 facultati
943 4191 1026 4246 sui
1052 4191 1480 4259 conscripserat,
1507 4200 1561 4245 et
1587 4191 1731 4260 ipsas

219 4311 245 4337 ⁸
288 4302 526 4357 Mutilum
567 4304 723 4358 valde
762 4304 1177 4358 instrumentum
1220 4320 1285 4358 ex
1319 4304 1577 4358 tabulario
1610 4304 1733 4357 Dio-

143 4373 378 4443 nysiano
404 4373 734 4442 deprompsit
762 4375 1122 4439 Mabillonius,
1147 4385 1200 4429 et
1222 4376 1288 4427 ad
1316 4376 1518 4428 calcem
1552 4378 1679 4428 tomi
1712 4375 1729 4428 I

138 4445 434 4515 annalium
466 4443 667 4511 edidit,
703 4460 820 4515 pag.
855 4444 997 4515 (594;
1044 4447 1234 4498 iterum
1282 4445 1420 4513 typis
1462 4446 1743 4505 mandavit,

138 4514 473 4579 Felibianus,
506 4515 639 4568 Hist.
674 4514 797 4569 abb.
828 4516 884 4571 S.
918 4514 1073 4569 Dioo.
1104 4517 1255 4583 prob.
1289 4531 1405 4585 pag.
1437 4517 1489 4578 8,
1520 4530 1583 4567 ex
1612 4530 1732 4585 core

139 4588 293 4646 tice,
340 4591 398 4637 ut
425 4586 532 4650 ait,
583 4588 931 4654 exscriptum.
984 4586 1218 4653 Uterque
1267 4584 1461 4638 nomen
1508 4584 1731 4639 Clotarii

134 4656 511 4707 oblitteratum
547 4654 695 4708 initio
722 4656 1029 4724 diplomatis
1059 4656 1329 4722 supplevit
1359 4672 1422 4709 ex
1456 4657 1730 4720 conjectu-

136 4726 258 4787 ris,
309 4734 363 4778 et
412 4740 509 4779 nos
554 4726 704 4779 uncis
753 4726 1014 4779 inclusum
1067 4728 1414 4779 restituimus.
1466 4726 1727 4780 Recusum

133 4793 568 4865 castatdiploma
593 4795 988 4850 iuCollcctione
1016 4799 1335 4865 scriptorum
1356 4812 1533 4851 rerum
1559 4797 1727 4851 Fran-

142 4866 409 4936 cit-arum,
440 4876 567 4921 tom.
603 4865 664 4918 IV
687 4906 703 4932 ,
734 4882 853 4936 pag.
885 4866 1011 4922 659.

217 4936 245 4972 ι’
294 4935 486 5003 Iniuria
532 4935 828 5000 temporum
859 4948 912 4991 et
952 4938 1229 5000 scripturae
1270 4936 1412 4992 vitiis
1460 4937 1729 4992 deforma-

133 5016 257 5059 tum
280 5044 298 5072 ,
331 5007 456 5078 ipsis
484 5006 775 5078 Mabillonii
808 5008 1018 5072 verbis,
1050 5008 1244 5061 Annal.
1281 5016 1319 5062 t.
1356 5010 1402 5072 Ι,
1433 5023 1553 5078 pag.
1588 5008 1685 5061 GOl
1713 5049 1729 5074 ,

133 5076 659 5147 interpretabimur:
693 5095 711 5128 ι
742 5077 1029 5146 lngoberga
1051 5118 1067 5143 ,
1093 5079 1291 5147 jugalis
1321 5094 1415 5133 seu
1436 5076 1596 5132 iuxor
1628 5079 1724 5130 Er-

136 5146 379 5211 meleoi,
426 5147 784 5201 contendebat
823 5146 1138 5201 'l‘auriacutn
1164 5146 1363 5202 ’villam
1412 5150 1479 5202 ab
1522 5164 1587 5201 eo
1628 5149 1727 5202 sibi

133 5231 457 5314 goncessam
487 5218 652 5314 fuisse.
673 5234 688 5284 ;
718 5217 1022 5314 mo‘nasteiii
1052 5219 1230 5314 Sancti
1262 5220 1494 5301 Dioqysii
1521 5228 1729 5272 actores
1760 5253 1804 5314 Ο

136 5288 505 5355 denegabant.
548 5289 652 5342 Sed
687 5289 900 5355 quidam
947 5290 1179 5357 pontilex
1203 5329 1216 5353 ,
1252 5288 1404 5357 cujus
1437 5305 1629 5343 nomen
1662 5307 1724 5343 ex

134 5359 477 5427 autographo
504 5359 745 5413 avulsum
764 5398 811 5421 ,.
831 5398 845 5413 .
870 5395 886 5412 .
916 5362 1150 5413 ostendit
1181 5361 1477 5428 precariam
1508 5362 1575 5413 ab
1611 5364 1723 5425 ipsa

138 5430 345 5483 [emittat
388 5431 452 5482 de
482 5429 667 5484 eadem
698 5432 819 5484 villa
871 5432 1060 5482 lactant
1086 5472 1099 5493 ,
1133 5447 1233 5497 qua
1284 5440 1534 5484 constare
1580 5432 1723 5484 vide-

138 5501 303 5552 batur
334 5500 672 5553 Ermelenum
705 5502 751 5554 ei
781 5502 917 5554 hanc
947 5502 1288 5555 donationem
1323 5501 1533 5556 fecisse.
1565 5499 1727 5553 Acto-

135 5586 231 5623 res
260 5570 448 5625 Sani-ti
483 5570 722 5640 Dionysii
755 5581 939 5625 contra
972 5572 1329 5625 ostendebant
1360 5571 1722 5626 venditionem

130 5652 189 5694 ot
242 5642 547 5713 precariam
572 5643 639 5696 ab
669 5644 854 5695 eodem
904 5640 1187 5696 Ermeleno
1235 5643 1424 5695 factam
1471 5657 1726 5713 germano

130 5715 312 5775 ipsius
343 5712 740 5779 Chuglibercto,
766 5714 833 5765 de
861 5712 1005 5765 omni
1032 5726 1257 5778 corpore
1286 5712 1550 5766 facultatis
1580 5728 1687 5765 suae
1706 5752 1721 5778 ,

125 5795 184 5837 et
219 5783 367 5853 quod
409 5786 527 5837 dua:
560 5800 735 5853 partes
764 5783 830 5839 ab
855 5784 1043 5839 eodem
1075 5783 1458 5852 Cbuglibcrcto
1486 5784 1723 5852 accepis-

1758 2549 1802 2607 Α
1835 2546 1885 2599 in
1926 2548 2155 2615 presenti
2193 2549 2607 2605 ostendedirunt
2644 2552 3034 2618 recensendas,
3086 2562 3141 2609 et
3189 2555 3423 2614 intendi-

1840 2639 2000 2705 bant,
2030 2640 2171 2710 quod
2200 2642 2340 2709 ipsas
2364 2643 2496 2696 duas
2524 2644 2691 2711 partis
2714 2645 2781 2699 de
2807 2646 3070 2712 predictas
3098 2646 3249 2702 villas
3275 2648 3419 2702 Tau-

1840 2729 2065 2783 ricciaco
2087 2737 2181 2784 et.
2198 2768 2212 2783 .
2238 2770 2251 2783 .
2270 2768 2285 2784 .
2318 2731 2490 2785 dictas
2516 2732 2664 2785 villas
2690 2732 3176 2803 adgaccenciasque
3203 2752 3421 2792 aearum

1839 2820 1889 2873 in
1930 2819 2194 2889 integrum
2244 2834 2344 2874 suo
2391 2820 2630 2875 dominio
2675 2822 2875 2877 valeret
2924 2824 3236 2879 vendecare.
3285 2825 3422 2882 Pro-

1838 2921 2017 2979 pterea
2042 2926 2141 2966 nus
2166 2926 2269 2965 una
2293 2927 2414 2967 cum
2440 2912 2635 2967 nostris
2657 2914 2981 2982 procercbus
3001 2926 3211 2972 constet
3232 2916 3420 2971 decre-

1838 3000 2013 3068 visse,
2044 3012 2100 3057 ut
2128 3002 2272 3071 ipsas
2300 3004 2433 3058 duas
2463 3006 2627 3073 partis
2675 3007 2741 3061 de
2780 3007 2908 3074 pred
2930 3046 2943 3060 .
2966 3045 2980 3060 .
3001 3046 3016 3061 .
3038 3048 3055 3072 ,
3082 3008 3208 3061 dum
3250 3018 3305 3063 et
3344 3011 3427 3065 in-

1838 3088 2010 3144 lttSIer
2054 3092 2136 3146 vir
2179 3091 2608 3160 Chadoloaldns,
2651 3095 2818 3148 comis
2863 3096 3039 3164 palatii
3085 3100 3292 3151 nostri.
3323 3138 3337 3152 .
3363 3136 3378 3153 .
3406 3139 3421 3154 .

1837 3180 1981 3248 quod
2016 3182 2192 3235 taliter
2218 3183 2319 3238 bac
2342 3198 2501 3238 causa
2528 3193 2668 3250 acta,
2697 3186 2781 3241 vel
2813 3202 2905 3253 per
2932 3187 3120 3243 ordeni
3154 3191 3422 3258 inquisita,

1836 3284 1932 3324 seo
1962 3271 2193 3326 delenita
2228 3273 2388 3330 luisse
2412 3275 2753 3343 denuscetur,
2780 3278 3028 3345 jubemus
3056 3290 3111 3333 ut
3138 3282 3278 3351 ipsas
3301 3323 3313 3335 .
3334 3320 3348 3335 .
3369 3323 3383 3337 .
3403 3321 3420 3337 .

1835 3360 2019 3415 domui
2066 3363 2318 3419 Dioninse
2350 3367 2504 3419 bactu
2529 3405 2543 3419 .
2571 3405 2584 3420 .
2612 3406 2626 3420 .
2652 3404 2669 3420 .
2700 3382 2805 3436 que
2835 3410 2847 3422 .
2875 3407 2889 3423 .
2914 3408 2929 3423 .
2953 3406 2969 3422 .
3000 3371 3146 3424 omni
3181 3380 3424 3439 tempore

1838 3451 2055 3507 ltabiant
2085 3456 2478 3520 evendecatas;
2511 3468 2564 3512 et
2594 3458 2664 3511 sit
2693 3460 2831 3513 inter
2861 3459 2989 3529 ipsis
3020 3462 3086 3516 de
3118 3462 3216 3516 hac
3259 3478 3318 3518 re
3358 3463 3410 3518 in

1839 3550 2176 3615 postmodum
2207 3548 2381 3604 subita
2408 3552 2677 3605 causacio.

1908 3637 2238 3694 'l‘eobt-rctus
2276 3654 2401 3709 rog.
2548 3639 2839 3697 Novembr.
2865 3684 2879 3698 .
2908 3682 2922 3698 .
2953 3683 2967 3696 .
3010 3659 3075 3697 an
3098 3684 3113 3696 .
3142 3682 3157 3697 .
3185 3685 3199 3699 .
3230 3685 3245 3699 .
3277 3644 3416 3715 rigui

1837 3729 2004 3783 nostri
2038 3730 2201 3784 tercio
2233 3740 2255 3768 α
2285 3729 2372 3801 [in
2405 3730 2616 3786 nomine
2651 3732 2859 3787 Domini
2893 3734 3118 3789 feliciter
3132 3732 3175 3806 ].

1835 3955 2079 4030 Diploma
2104 3974 2205 4024 quo
2235 3958 2492 4013 Clolarius
2522 3961 2669 4012 villas
2701 3961 2875 4030 plures
2902 3963 3212 4015 monasterio
3238 3960 3421 4017 Sancti

1906 4026 2142 4098 Dionysii
2184 4031 2433 4094 donatas,
2467 4048 2496 4082 a
2532 4026 2842 4083 Bcraclario
2881 4034 3119 4097 episcopo
3148 4034 3420 4087 restituen-

1904 4100 2001 4151 das
2023 4139 2037 4164 ,
2071 4116 2227 4153 causa
2258 4101 2437 4155 audita
2468 4103 2768 4169 pronuntiat
2798 4098 2823 4137 ἀ
2859 4104 3008 4171 (ann.
3040 4102 3191 4169 658).

1905 4191 2253 4264 [Cltlotariusj
2285 4207 2375 4245 rex
2407 4192 2762 4257 Francorum,
2793 4208 2843 4246 v.
2877 4193 2949 4246 iul
2969 4230 3017 4246 ..
3041 4232 3054 4246 .
3075 4193 3421 4247 .Siniscaleis

1834 4316 1976 4359 sent.
2006 4322 2026 4356 ι
2058 4304 2113 4358 Ιιι
2139 4305 2364 4373 gratiam
2390 4303 2770 4359 monachorum
2793 4306 3111 4360 sententiam
3139 4304 3256 4357 tulit
3278 4304 3417 4357 Cha-

1834 4376 2113 4429 doloaldus
2134 4414 2149 4437 ,
2177 4387 2359 4429 comes
2390 4374 2608 4440 palatii,
2642 4390 2800 4441 quam
2833 4375 3128 4442 diplomate
3156 4390 3253 4427 suo
3280 4376 3415 4429 (llo-

1836 4448 2005 4499 tarins
2034 4445 2337 4499 conﬁrmat.
2371 4443 2662 4498 Mabillonii
2693 4445 2972 4499 lectionem
3005 4444 3299 4511 sequimur.

1910 4525 1933 4554 ε
1968 4516 2149 4569 Mense
2177 4514 2463 4585 Novembri
2495 4515 2629 4585 a_nni
2671 4515 2810 4568 tertii
2852 4516 3001 4583 regni
3044 4515 3266 4585 Clotarii
3303 4515 3419 4585 jam

1837 4590 2087 4640 currebat
2120 4600 2292 4639 annus
2320 4584 2446 4639 Chr.
2482 4582 2587 4637 658
2611 4624 2627 4649 ,
2659 4599 2781 4638 cum
2814 4582 3154 4639 Chlodoveus
3185 4584 3226 4637 ll
3246 4625 3262 4649 ,
3291 4582 3418 4639 Cio-

1837 4658 1952 4710 tarii
1986 4666 2155 4723 pater,
2184 4656 2379 4710 obierit
2404 4656 2547 4709 circa
2579 4654 2787 4709 initium
2818 4656 3094 4722 Septemb.
3130 4656 3254 4709 anni
3286 4656 3409 4709 (556.

1903 4726 1929 4763 ά
1976 4726 2269 4779 Ediderunt
2305 4725 2671 4795 Mabillonius,
2715 4729 2851 4780 Ann.
2900 4737 3029 4781 tom.
3065 4726 3121 4789 l,
3157 4742 3276 4795 pag.
3308 4726 3420 4781 695

1832 4804 1886 4849 et
1914 4797 2037 4861 501,
2069 4811 2134 4851 ex
2165 4796 2507 4858 authentico;
2550 4794 2875 4863 Felibianus,
2902 4797 3035 4850 llist.
3068 4797 3191 4849 abb.
3224 4794 3413 4851 Sancti

1835 4868 1992 4921 Dion.
2028 4866 2177 4936 prob.
2219 4882 2335 4936 pag.
2370 4867 2401 4918 '7
2425 4905 2441 4930 ,
2473 4880 2539 4919 ex
2569 4868 2902 4937 autographo
2944 4867 3274 4937 inucortice;
3308 4881 3407 4918 au-

1833 4949 2008 4991 ctores
2030 4934 2393 4991 ‘ColleCtiouis
2431 4934 2754 5003 scriptorum
2786 4951 2962 4992 rerum
2996 4934 3369 4990 Francicarum
3392 4973 3409 4996 ,

1834 5020 1967 5061 tum.
2004 5008 2090 5073 IV,
2128 5025 2246 5072 pag.
2280 5006 2414 5071 659,
2457 5022 2520 5059 ex
2564 5006 2889 5060 Mabillonio.
2936 5006 3177 5059 Mutilum
3220 5004 3407 5056 admo-

1832 5077 1957 5131 dum
2002 5072 2437 5131 instrumentum.
2471 5076 2801 5131 Felibiauum
2830 5077 3137 5142 sequimur;
3172 5072 3411 5126 Mabillo-

1836 5149 1906 5201 nii
1938 5150 2113 5202 varias
2163 5148 2419 5201 lectiones
2468 5148 2607 5202 inter
2654 5161 2816 5199 uncos
2858 5146 3194 5200 exhibemus.
3242 5143 3413 5196 Nulla:

1837 5228 1977 5271 noue
2007 5220 2435 5287 chronologicze;
2462 5217 2554 5271 sed
2584 5231 2705 5287 cum
2732 5216 2964 5281 diploma
2987 5212 3235 5287 Clotarii,
3264 5214 3408 5287 quod

1839 5292 2081 5354 proxime
2132 5283 2419 5357 praecedit,
2471 5299 2523 5341 et
2571 5286 2712 5352 quod
2759 5300 2916 5357 super
2962 5283 3152 5357 eodem
3200 5285 3413 5352 negotio

1838 5354 2151 5425 intervenit,
2185 5359 2364 5413 datuttt
2401 5358 2556 5411 fuerit
2588 5372 2727 5425 anno
2755 5356 2973 5425 Clotarii
3005 5354 3193 5425 tertio,
3226 5368 3411 5407 mense

1832 5423 2151 5492 Novembri,
2203 5430 2252 5483 id
2282 5439 2396 5492 est,
2425 5444 2564 5480 anno
2596 5423 2701 5476 (53:8
2725 5466 2739 5489 ,
2785 5424 2917 5476 satis
2962 5424 3204 5492 apposite
3235 5433 3410 5492 potest

1834 5502 2065 5569 diploma
2096 5501 2162 5555 de
2189 5516 2297 5569 quo
2327 5512 2466 5552 nunc
2507 5498 2713 5569 agimus
2755 5495 2855 5547 sub
2898 5497 2997 5569 hoc
3028 5494 3224 5569 eodem
3269 5509 3410 5547 anno

1834 5565 2112 5625 collocari.
2148 5565 2499 5625 Béracharius
2538 5566 2857 5632 episcoitus,
2900 5565 2990 5633 qui
3028 5566 3095 5617 ibi
3138 5578 3405 5617 memora-

1838 5651 1944 5707 tur,
1972 5640 2398 5695 Cenomanensis
2426 5638 2635 5690 videtor
2668 5635 2890 5707 pracsul,
2922 5638 3077 5687 vultzo
3106 5635 3403 5697 ltercarttts,

1835 5727 1928 5765 seu
1964 5713 2242 5773 llcrarius,
2274 5710 2362 5778 qui
2393 5707 2461 5762 ab
2490 5722 2632 5762 anno
2673 5706 2780 5762 655
2825 5706 3281 5763 Cenomanensem
3321 5721 3404 5760 rc-

1834 5786 1983 5852 gebat
2018 5781 2329 5836 Ecclesiam.
