3926 6174
416 388 555 445 H79

1477 387 1724 444 FRANC.
1770 386 1927 441 ΠΕΟ.
1972 385 2037 441 IV
2080 384 2313 439 ΡΒΙΜΑΞ
2352 385 2617 443 STIRPIS

3552 386 3685 440 1280

422 498 787 555 \‘uidrachado
814 505 867 552 et
900 494 1267 554 Anseberctho
1306 498 1717 564 referendariis,
1761 508 1813 553 et
1857 499 1995 552 Cha~
2027 504 2071 557 Λ
2103 514 2222 552 nem
2258 514 2351 567 pro
2376 498 2752 569 Cltagilbertho
2784 502 3055 570 quondam
3085 512 3140 557 et
3170 503 3464 559 Ermeleno
3497 505 3690 561 ads....

415 591 707 655 doloaldo,
754 590 937 644 comiti
992 589 1171 659 palatii
1224 600 1451 659 nostro,
1503 591 1570 644 ad
1626 592 1995 645 universorum

422 699 613 740 causas
661 683 1019 748 audiendum,
1072 686 1155 738 vel
1211 696 1359 739 recto
1405 685 1604 753 judicio
1658 683 2041 749 termenando_

426 773 832 839 resederemus,
881 773 1058 841 ibique
1098 773 1374 828 venientes
1418 773 1625 843 agentis
1667 770 2002 826 tuonasthirii

429 866 615 919 domui
650 865 899 918 Dioninse
922 906 936 929 ,
972 864 1057 917 ubi
1092 866 1204 932 ipse
1244 864 1518 932 preciosus
1547 863 1773 917 domnus
1805 860 1857 915 in
1886 875 2004 914 cor-

422 976 549 1029 pore
580 960 883 1028 requiiscit,
916 958 1173 1013 adversus
1203 956 1498 1025 apostolico
1528 957 1642 1009 viro
1673 954 1869 1008 domno
1902 953 2003 1006 Be-

425 1054 669 1105 rachurio
710 1054 962 1120 episcopo
1003 1050 1355 1114 adserebant,
1400 1064 1465 1103 eo
1507 1048 1647 1118 quod
1691 1045 2003 1101 Ermelenus

419 1144 688 1215 qunudam
710 1184 724 1206 ,
753 1144 835 1197 vel
866 1144 1002 1196 filius
1029 1156 1154 1197 suos
1178 1141 1362 1196 Goddo
1392 1141 1440 1193 in
1470 1156 1584 1210 ger.
1605 1177 1621 1193 .
1645 1177 1659 1193 .
1682 1178 1697 1193 .
1727 1138 2004 1192 erachario

418 1234 791 1289 contradicere
809 1272 824 1286 .
845 1273 859 1286 .
883 1272 898 1287 .
918 1270 933 1285 .
957 1231 1145 1297 debet,
1174 1232 1261 1300 qui
1297 1230 1643 1284 Berachnrius
1672 1237 1890 1284 econtra
1921 1226 2006 1280 di-

420 1327 616 1389 cebat,
649 1339 712 1379 eo
739 1324 879 1393 quod
922 1323 989 1377 ab
1030 1324 1147 1391 ipso
1194 1321 1478 1376 Ermeleno
1524 1320 1578 1374 iu
1622 1321 1865 1389 geniture
1908 1333 2006 1373 suo

422 1418 623 1473 exinde
661 1417 883 1487 epistola
927 1416 1230 1470 donationis
1270 1414 1434 1469 fuisse
1474 1413 1801 1480 conscripta,
1846 1422 1899 1465 et
1936 1411 2005 1465 ob

430 1510 531 1565 hoc
581 1513 693 1579 ipsa
745 1510 1021 1563 heredetas
1065 1507 1131 1561 ad
1175 1508 1363 1562 eodem
1410 1505 1772 1575 pervenissit:
1818 1504 1912 1559 sed
1956 1504 2006 1557 in

425 1601 657 1667 presenti
685 1598 903 1654 antefati
934 1600 1140 1667 agentis
1168 1598 1349 1652 domui
1379 1597 1630 1651 Dioninse
1661 1596 2010 1664 precepcioue

420 1695 594 1752 incliti
620 1694 1002 1750 recordationis
1024 1694 1204 1747 domui
1232 1702 1282 1746 et
1305 1693 1563 1759 genituris
1588 1692 1751 1744 nostri
1775 1689 2011 1744 ClliOdO-

426 1789 560 1851 vici,
592 1788 857 1857 quondam
887 1785 1027 1854 regis
1054 1785 1406 1854 protnllerunt
1427 1784 1782 1849 .recensenda,
1812 1783 2007 1836 ubi

2104 592 2360 658 prescrip.
2393 594 2547 645 villas
2598 591 3012 662 Simplicciaco,
3046 595 3341 659 Tauriaco,
3398 596 3690 664 Stupellas,

2103 683 2431 746 Flaviuiaco,
2468 682 2900 748 Pociusciniaco,
2940 685 3342 752 Vassnrecurti,
3382 689 3693 757 Burgonno,

2103 775 2487 838 Aliutumntas,
2523 774 2819 842 Sastivale,
2855 776 3235 841 Cambariaco,
3266 776 3566 840 Bnrsiaco,
3596 777 3695 831 Co-

2104 867 2248 919 riaco
2290 877 2343 919 et
2375 866 2644 919 Munsiaco
2666 907 2681 932 ,
2728 880 2885 933 quem
2936 882 3031 934 per
3071 877 3257 921 nostro
3285 907 3300 921 .
3327 907 3342 920 .
3370 906 3386 921 .
3418 908 3434 921 .
3458 869 3604 936 quod
3644 869 3692 920 in

2106 955 2247 1018 ipsas
2278 957 2433 1009 villas
2464 957 2817 1011 Beracharius
2849 958 3032 1012 habire
3065 959 3294 1027 poterit,
3328 960 3573 1026 inspecta
3604 974 3697 1011 sua

2106 1048 2332 1116 epistola
2360 1048 2515 1117 huius
2543 1052 2728 1105 mereti
2759 1051 2998 1117 partibus
3023 1052 3193 1105 sancti
3220 1051 3405 1105 domui
3441 1051 3699 1105 Dioninse

2110 1139 2195 1193 vel
2226 1176 2239 1191 .
2269 1177 2283 1193 .
2309 1178 2321 1192 .
2350 1179 2365 1193 .
2396 1139 2564 1195 facire
2612 1149 2666 1193 et
2688 1178 2703 1194 .
2730 1178 2743 1193 .
2770 1180 2784 1193 .
2814 1180 2827 1193 .
2858 1142 3056 1195 dictum
3082 1181 3096 1193 .
3127 1181 3145 1196 .
3169 1184 3185 1197 .
3209 1180 3226 1195 .
3258 1143 3489 1195 domnus
3544 1143 3701 1195 Uera-

2107 1231 2344 1285 charins.
2375 1230 2395 1301 (
2421 1230 2518 1284 llic
2546 1231 2749 1297 aliquot
2777 1241 2969 1298 puncta
2999 1234 3137 1301 apud
3173 1232 3312 1285 δεδι».
3340 1232 3363 1300 )
3404 1230 3534 1285 Illas
3574 1232 3700 1287 duas

2110 1323 2275 1389 partis
2302 1359 2317 1374 .
2345 1361 2359 1374 .
2383 1358 2403 1376 .
2433 1361 2447 1376 .
2490 1322 2729 1391 partibus
2769 1324 3102 1378 tnonastltirii
3148 1325 3354 1392 placuit
3396 1336 3699 1379 reStaurare

2109 1414 2379 1467 sentileter
2400 1412 2577 1466 antefa
2600 1452 2613 1466 .
2640 1454 2656 1469 .
2683 1452 2698 1467 .
2726 1456 2739 1468 .
2767 1427 2820 1468 et
2845 1418 3235 1484 expopoudedit
3270 1428 3327 1470 nt
3364 1418 3519 1470 omni
3571 1428 3698 1471 teru-

2114 1516 2276 1570 pore,
2327 1517 2385 1556 se
2434 1503 2622 1572 aleqna
2668 1503 2933 1558 calumnia
2976 1516 3068 1559 aut
3116 1506 3515 1575 repetieionem
3565 1512 3702 1575 quis-

2112 1592 2185 1646 lib
2208 1632 2220 1645 .
2254 1628 2271 1645 .
2297 1630 2313 1646 .
2340 1631 2355 1646 .
2388 1593 2590 1647 Madro.

2119 1778 2355 1850 Diploma
2390 1779 2624 1852 [Clolarii
2654 1778 2774 1851 III]
2802 1798 2901 1850 quo
2934 1783 2995 1836 (is
3036 1783 3088 1836 in
3129 1786 3318 1850 palatio
3351 1787 3620 1840 dirimitur
3648 1792 3707 1842 de

430 1849 716 1931 Errueleuo
733 1918 747 1931 .
772 1915 787 1929 .
806 1913 822 1930 .
841 1912 856 1929 .
878 1849 1095 1947 (M'aba.
1114 1914 1130 1930 .
1147 1915 1162 1929 .
1186 1914 1199 1928 .
1224 1874 1450 1944 eceplio)
1476 1874 1782 1928 conteuibat
1801 1913 1815 1937 ,
1840 1882 1896 1925 ut
1922 1871 2008 1925 ubi

2183 1849 2430 1947 qundo";
2452 1852 2573 1904 tilla
2625 1849 2968 1947 Erﬁltingaldo
3020 1858 3447 1922 majori-domus
3499 1863 3709 1925 collata,

2188 1938 2332 1947 nasi-nn.
2435 1923 2515 1947 ἱ..-
2563 1925 2668 1947 Αἵ..-
2756 1940 2807 1947 ι.-.
2858 1925 2978 1947 Δ...Σ...
3024 1928 3313 1947 __-__J_UAa
3392 1931 3400 1939 '
3445 1938 3489 1947 Α,
3572 1946 3607 1947 ,,
3649 1932 3660 1947 ι

429 1978 480 2022 et
508 1967 597 2021 ubi
625 1967 715 2021 ille
736 2006 751 2021 .
772 2005 821 2022 ..
843 2005 857 2019 .
886 1966 1203 2020 Ermelenus
1232 1966 1285 2019 in
1315 1965 1578 2018 Beroaldo
1606 1963 2010 2029 heredebusque

429 2058 543 2113 suis
578 2058 791 2118 liceret,
826 2057 1207 2111 invenibantur
1237 2070 1433 2109 vacuas
1465 2066 1513 2109 et
1548 2054 1723 2108 inanis
1754 2068 2008 2122 perman-

431 2150 627 2213 sirent,
661 2158 715 2202 et
744 2148 943 2201 nullum
976 2146 1296 2201 sortirentur
1327 2145 1609 2210 enectum;
1643 2145 1737 2199 sed
1771 2145 2013 2199 ubicum-

432 2254 538 2305 que
594 2240 892 2293 antedictos
950 2239 1264 2293 Ermelenus
1315 2240 1397 2293 vel
1456 2239 1594 2292 ﬁlius
1645 2252 1771 2292 suos
1824 2236 2013 2292 Goddo

429 2346 615 2384 eorum
652 2329 953 2383 facultatem
999 2329 1127 2383 dare
1167 2337 1258 2381 aut
1301 2328 1675 2397 derelinquere
1719 2327 2011 2393 vellibant,

434 2419 653 2472 liberum
686 2436 747 2473 ex
786 2421 1042 2485 permisso
1074 2418 1309 2487 predicto
1351 2420 1602 2487 princepe
1645 2418 1890 2470 habirent
1926 2432 2014 2469 ar-

432 2511 667 2563 litrinm.
698 2510 801 2564 Sed
834 2509 1125 2562 dummodo
1156 2509 1293 2561 inter
1324 2523 1381 2561 se
1413 2508 1464 2559 fo
1488 2546 1503 2561 .
1525 2548 1540 2562 .
1561 2548 1573 2559 .
1600 2510 1651 2575 .(
1677 2510 1844 2577 foret)
1872 2518 1922 2561 et
1950 2510 2016 2561 de

431 2601 651 2659 h....iat
680 2600 895 2671 (desunt
924 2601 1059 2667 apud
1086 2597 1309 2667 Mabill.)
1342 2614 1593 2653 revocare
1624 2598 2011 2652 dominium....

437 2696 571 2762 parti
607 2694 956 2748 Beracharius
984 2693 1265 2760 episcopus
1296 2708 1358 2744 ex
1403 2692 1512 2761 ip~a
1542 2692 1789 2745 facultate
1818 2691 2019 2758 absque

434 2785 814 2854 repeticionem
858 2796 1107 2853 agvntnm
1155 2782 1375 2851 predicti
1407 2782 1739 2836 monasthirii
1769 2782 1832 2835 ad
1864 2798 2017 2835 suum

436 2877 556 2947 jure
598 2889 854 2930 revocare
892 2875 1143 2927 deberit:
1190 2873 1328 2941 quod
1372 2883 1425 2927 et
1469 2873 1520 2927 in
1561 2873 1794 2939 presenti
1822 2871 2018 2941 judicia

438 2976 617 3021 nostra
648 2976 901 3031 utrasque
932 2966 1095 3033 partis
1125 2980 1220 3034 pro
1248 2964 1461 3018 calcada
1506 2963 1672 3032 (Μαι).
1722 2962 1974 3017 calcanda
1999 2962 2019 3031 )

438 3059 560 3123 lite,
591 3059 705 3110 vise
733 3057 943 3110 fuerunt
974 3058 1265 3125 accepisse.
1299 3056 1402 3112 Sed
1434 3056 1558 3109 dum
1589 3057 1641 3109 iu
1685 3055 1798 3125 ipsa
1829 3070 2017 3109 causa-

433 3149 593 3206 cione
636 3150 1007 3213 intenderent,
1054 3150 1270 3203 veniens
1311 3163 1373 3203 ex
1419 3149 1875 3217 pro....homo,
1923 3164 2017 3202 no-

439 3254 597 3295 ntene
627 3238 990 3301 Madrmldus,
1023 3238 1367 3306 presentebus
1396 3239 1768 3306 suprascriptis
1797 3238 2013 3292 viris....

441 3329 582 3397 quod
613 3329 678 3382 de
709 3328 909 3396 predict
929 3367 941 3379 .
968 3370 982 3383 .
1005 3364 1017 3378 .
1040 3365 1055 3381 .
1103 3326 1276 3380 fecere
1327 3341 1593 3396 suprascr.
1616 3367 1628 3379 .
1649 3367 1665 3380 .
1684 3367 1697 3381 .
1747 3328 1857 3381 loca
1910 3330 2019 3382 Ma-

437 3422 657 3477 drotldo
672 3423 783 3475 viro
805 3420 1027 3476 dedissit
1044 3461 1057 3473 .
1082 3460 1095 3473 .
1120 3460 1133 3474 .
1155 3460 1167 3472 .
1190 3421 1280 3475 sed
1306 3419 1356 3473 in
1378 3421 1607 3486 presenti
1634 3420 2015 3487 professns‘est,

438 3512 581 3581 quod
627 3513 765 3579 ipsas
813 3511 965 3562 villas
1013 3526 1105 3577 per
1150 3512 1469 3565 vindicionis
1519 3512 1755 3576 titolum,
1804 3521 2022 3578 accepta

439 3618 533 3656 suo
571 3602 791 3668 pecunia
820 3601 1184 3665 distraxerat;
1218 3603 1564 3670 suprascript.
1610 3604 1814 3672 agentis
1852 3605 2019 3656 sancti

438 3694 621 3747 domui
674 3693 925 3747 Dinuiuse
975 3693 1027 3747 in
1072 3694 1305 3760 presenti
1353 3695 1667 3748 asserebant
1717 3696 1855 3762 quod
1909 3696 2022 3750 illas

446 3786 583 3840 duas
630 3796 807 3853 partes
836 3785 901 3838 de
934 3785 1184 3851 prcdictis
1213 3785 1466 3848 villabns,
1500 3786 1637 3854 quod
1675 3786 2022 3841 Beracharius

445 3877 779 3943 viudedirat,
813 3877 1041 3941 recipire
1072 3876 1308 3931 vellibat.
1340 3876 1445 3930 Sed
1478 3875 1531 3930 in
1577 3888 1829 3945 quantum
1876 3880 2023 3932 inlu-

442 3979 555 4026 stcr
610 3970 690 4025 vir
727 3970 1139 4036 Chadoloaldus,
1182 3970 1349 4025 comis
1382 3973 1489 4039 pal.
1532 3971 1697 4024 nostri
1730 3973 1879 4025 nobis
1900 4012 1912 4025 .
1936 4013 1949 4024 .
1972 4010 1984 4023 .
2005 4008 2019 4022 .

452 4066 656 4133 absque
684 4079 809 4134 resp
829 4106 842 4118 .
866 4104 879 4117 .
900 4104 914 4118 .
939 4104 951 4117 .
980 4080 1082 4133 que
1111 4064 1406 4119 heredebus
1435 4065 1552 4120 vel.
1577 4105 1591 4119 .
1617 4104 1630 4118 .
1654 4105 1666 4117 .
1696 4080 1788 4119 sco
1817 4066 2023 4132 agentis

443 4157 625 4211 dotnni
656 4155 903 4210 Dioninse
930 4156 1139 4221 habeat,
1169 4155 1495 4210 evindicarct
1523 4157 1573 4209 in
1602 4157 1771 4219 villas,
1802 4156 1849 4210 id
1874 4165 2020 4220 sunt,

454 4246 826 4313 Simplicciaco
848 4288 864 4312 ,
895 4246 1192 4312 Tanriaco,
1223 4247 1487 4312 Stupellas
1507 4288 1521 4309 ,
1556 4246 1892 4309 Flaviuiaco,
1926 4245 2024 4298 Po-

448 4338 806 4403 ciusciuiaco,
840 4338 1208 4392 Vassurecurti
1230 4379 1245 4404 ,
1281 4340 1605 4407 Burgonno,
1637 4338 2022 4404 Alintntnmas,

450 4428 746 4492 Sastivale,
778 4428 1155 4493 Cautbariaco,
1205 4429 1487 4491 Bnrsiaco,
1518 4428 1739 4481 Coriaco
1780 4436 1835 4481 et
1877 4428 2025 4480 Mun-

446 4520 598 4571 ciaco
625 4522 754 4571 sitas
786 4521 836 4572 in
872 4536 1035 4589 pagus
1062 4521 1524 4587 Ciunomannico,
1568 4520 1868 4585 Audicavo,
1912 4519 2019 4573 Ro-
2054 4551 2100 4607 ι)

441 4607 617 4661 douuo
648 4605 818 4676 (Mab.
852 4607 1150 4679 Rudonico)
1182 4620 1234 4663 et
1263 4608 1429 4663 Musfa
1461 4628 1472 4662 :
1501 4609 1639 4664 unde
1668 4610 1722 4663 in
1752 4609 2021 4663 causacio-

516 4749 540 4776 ο
584 4738 859 4802 Vulgatum
890 4754 919 4791 a
949 4738 1267 4807 Mabillonio,
1296 4741 1362 4795 de
1390 4741 1468 4795 Re
1492 4740 1622 4807 dipl.
1653 4741 1759 4793 tab.
1791 4755 1939 4802 xvttt,
1971 4750 2026 4795 et

445 4828 562 4880 pag.
604 4809 728 4872 ⁸578,
770 4808 857 4880 qui
900 4822 1101 4875 partem
1145 4813 1259 4875 ejus
1304 4812 1673 4880 Meroviugicis
1713 4812 1901 4864 litteris
1932 4812 2025 4864 teri

445 4879 605 4938 incidi
636 4897 757 4935 cura
772 4879 841 4931 xit
865 4919 879 4940 ,
920 4890 1026 4931 tutu
1058 4882 1309 4947 quidquid
1343 4899 1407 4935 ex
1441 4879 1766 4951 autographo
1794 4884 2027 4934 corticeo

445 4952 755 5007 semilacero
784 4951 976 5003 elicere
1020 4954 1219 5017 potuit,
1261 4953 1563 5019 vulgaribus
1613 4954 1799 5005 litteris
1840 4952 2023 5005 edidit.

448 5025 709 5079 Recnsuut
759 5036 788 5075 a
839 5019 1130 5083 Felibiauo,
1188 5021 1240 5072 in
1296 5022 1518 5072 lli~toria
1566 5022 1793 5075 abbatia:
1842 5025 2024 5076 Sancti

449 5094 721 5165 Dionysii,
754 5093 906 5165 prob.
939 5106 1056 5159 pag.
1084 5089 1147 5154 6;
1193 5090 1323 5165 etin
1356 5090 1678 5165 Collegione
1708 5092 2025 5165 scriptorum

449 5160 630 5220 rerum
671 5160 1077 5225 FranciCaruut,
1120 5171 1157 5213 ι.
1193 5160 1281 5223 IV,
1324 5174 1441 5227 pag.
1474 5161 1593 5214 (:58.
1640 5162 1873 5214 Primum
1914 5165 2029 5228 qni-

451 5237 572 5290 dem
603 5235 934 5288 Mabillonius
964 5234 1084 5286 illud
1115 5231 1420 5285 Chlodoveo
1454 5229 1492 5282 ΙΙ
1524 5232 1859 5286 tribuendum
1892 5247 2026 5285 cou-

446 5308 680 5377 jecerat;
725 5316 957 5377 postea,
981 5304 1049 5359 de
1078 5304 1153 5357 Re
1192 5304 1320 5370 dipl.
1350 5301 1676 5377 Suppl._pag.
1715 5300 1803 5362 21,
1837 5301 2027 5377 plota-

453 5369 534 5431 rio
566 5376 628 5431 ΙΙΙ
673 5369 1054 5430 restituendum
1086 5369 1324 5437 censuit,
1366 5387 1483 5425 cum
1530 5369 1688 5425 fuerit
1728 5369 2025 5425 confectum

452 5459 572 5517 post
606 5457 826 5500 mortem
858 5444 1188 5501 Erchiuoaldi
1209 5484 1226 5510 ,
1260 5444 1722 5517 majorisdoutus,
1751 5442 1844 5517 qui
1870 5444 2027 5496 Chlo-

454 5512 628 5573 doveo
668 5517 989 5584 supervixit.
1038 5517 1174 5587 Ergo
1206 5518 1343 5570 male
1377 5512 1675 5587 Reliltjauus
1707 5514 1805 5564 hoc
1834 5512 2026 5569 inStru-

455 5598 689 5642 ruentum
737 5582 959 5641 collocat
1000 5582 1286 5642 sub'auuo
1332 5584 1454 5649 635,
1500 5582 1840 5638 Chlodoveus
1886 5588 2024 5637 enim

452 5659 583 5709 obiit
616 5672 755 5710 anno
782 5656 919 5717 (1'56;
953 5658 1334 5711 Erchinoaldus
1364 5672 1507 5718 vero,
1545 5659 1691 5722 juxta
1726 5651 2028 5715 Frcdegarii

451 5730 873 5778 eoutiuuatoreut
896 5768 909 5789 ,
943 5744 1059 5793 cap.
1093 5728 1159 5781 92
1186 5738 1238 5780 et
1270 5729 1415 5781 Gest.
1448 5725 1637 5781 Frauc.
1664 5739 1781 5789 cap.
1812 5722 1901 5789 9.3,
1932 5726 2031 5779 hoc

452 5798 641 5849 eodem
673 5811 811 5847 attito
842 5797 943 5849 vita
970 5799 1127 5852 cessit
1151 5798 1332 5867 :juxta
1362 5799 1558 5853 Chron.
1593 5795 1854 5850 Muissiat'.
1884 5806 1920 5848 t.
1949 5796 2027 5864 ll,

2184 1938 2335 1989 quam
2366 1921 2515 1992 ﬁlius
2557 1925 2668 1989 ejus
2706 1922 2979 1976 Leudesiua
3022 1921 3339 1992 possederat,
3383 1931 3523 1980 inter
3556 1921 3710 1981 certe;

2184 1993 2312 2044 siam
2356 1990 2809 2059 Rotlcomagensem
2850 2004 2897 2046 et
2943 1990 3308 2049 monasterium
3356 1999 3546 2052 Sancti
3590 2000 3711 2052 Dio-

2184 2063 2316 2131 nysii
2346 2071 2369 2098 ι
2401 2064 2544 2133 (amt.
2576 2062 2725 2129 6:39).

2187 2173 2527 2246 [Clotbarius,
2578 2190 2673 2228 rex
2730 2175 3093 2240 Francorum,
3140 2178 3224 2231 vir
3273 2180 3532 2234 inluster.
3583 2180 3713 2237 Cum

2116 2265 2368 2338 nos].....
2429 2267 2784 2332 Vuarattone,
2847 2269 3083 2335 Baseno,
3137 2274 3530 2341 gravionibns,
3590 2278 3711 2330 item

2118 2359 2448 2424 Atualberto,
2480 2357 2809 2421 Madelando,
2840 2360 3169 2425 seniscalcis,
3199 2373 3249 2415 et
3284 2362 3599 2434 \‘nauingo,
3626 2381 3710 2420 co-

2118 2452 2245 2503 mite
2295 2448 2504 2517 palatii,
2559 2450 2946 2516 resederemus,
2996 2452 3174 2520 ibique
3220 2453 3273 2506 in
3325 2464 3711 2522 praesentis...

2117 2539 2317 2594 latione
2350 2548 2558 2594 actores
2586 2542 2753 2593 sancti
2795 2540 3067 2596 Aecclesie
3101 2546 3128 2586 b
3168 2542 3495 2601 Rotominse
3524 2550 3713 2602 adver-

2120 2648 2209 2687 sus
2242 2632 2378 2686 V....
2413 2633 2479 2686 ad
2512 2642 2692 2686 sancta
2724 2631 2985 2687 Aecclisia
3030 2634 3438 2691 Rotominse....
3492 2654 3588 2706 per
3624 2656 3714 2693 eo-

2120 2740 2237 2779 rum
2265 2725 2517 2792 epistolas
2544 2724 2919 2792 delegaverant
2955 2737 3169 2794 post....
3203 2737 3457 2783 tenerent
3491 2731 3718 2787 iulebete

2119 2816 2302 2883 qui....
2334 2815 2491 2869 3b....
2539 2815 2625 2869 vel
2666 2825 2872 2870 actores
2912 2818 3260 2874 antedicti....
3293 2820 3558 2876 dicebant
3597 2824 3713 2877 red-

2121 2907 2338 2961 debere.
2368 2906 2473 2960 Sed
2506 2906 2832 2974 inquirentes
2859 2922 3044 2962 eorum
3079 2911 3458 2976 instrumenta,
3498 2914 3710 2969 iuvene-

2122 3009 2246 3051 runt
2285 2997 2426 3065 quod
2470 2997 2557 3050 illa
2600 3000 2799 3066 porcio,
2854 3000 2955 3052 hoc
3003 3010 3085 3053 est
3132 3000 3198 3053 de
3249 3002 3363 3068 ipsa
3408 3004 3543 3056 villa
3584 3006 3711 3073 quod

2121 3104 2245 3143 3....
2272 3100 2385 3141 erat
2416 3090 2514 3142 hoc
2540 3089 2903 3143 Erchenoaldo
2927 3091 3191 3160 quondam
3225 3093 3713 3162 majorem-domus

2044 3196 2090 3258 ς
2122 3183 2419 3233 eontnlerat
2454 3197 2467 3234 :
2499 3190 2551 3233 et
2593 3181 2706 3247 ipse
2744 3180 3041 3236 Leudusius
3083 3183 3335 3251 ligetcruo
3380 3188 3590 3243 ordene
3633 3191 3709 3241 illa

2122 3269 2501 3324 medietate....
2538 3270 2768 3324 habe....
2807 3270 2965 3325 ad....
3005 3273 3205 3328 ordeue
3243 3276 3425 3343 pri....
3468 3278 3613 3333 inter
3640 3296 3713 3343 se,

2119 3360 2256 3412 sicut
2294 3359 2441 3413 decet
2490 3360 2815 3423 sacerdotes,
2859 3376 2978 3415 cum
3022 3376 3255 3419 caretate
3302 3366 3616 3423 inracioncs
3654 3372 3713 3423 ad

2122 3448 2351 3503 basileca
2394 3450 2618 3504 intcnse
2660 3452 2933 3519 aequaliter
2963 3453 3212 3508 devidere
3244 3456 3524 3513 deberint.
3570 3462 3709 3527 Quod

2121 3550 2173 3596 et
2217 3542 2265 3593 iu
2313 3545 2558 3609 praesenti
2607 3543 2784 3596 taliter
2825 3547 3063 3598 noscitur
3104 3548 3526 3605 convenisse....
3572 3564 3710 3607 ut....

2122 3636 2264 3689 omni
2309 3645 2511 3689 mereto
2541 3634 2623 3687 vel
2669 3634 2997 3702 adjecentias
3037 3653 3180 3704 snas,
3227 3656 3334 3694 una
3368 3658 3497 3696 cum
3542 3648 3707 3709 terris,

2122 3726 2387 3789 domibus,
2418 3725 2691 3787 aadiﬁcies,
2728 3742 2872 3779 m....
2906 3731 3112 3795 pascuis
3142 3732 3322 3783 vel....
3374 3733 3441 3786 ad
3490 3737 3708 3789 baseliea

2123 3816 2300 3870 domni
2332 3816 2599 3886 Dionynse
2630 3817 2829 3885 absque
2860 3820 3276 3887 repeticione....
3320 3825 3582 3877 Andoino
3611 3828 3714 3894 epi-

2122 3920 2321 3976 scopo,
2380 3907 2464 3961 vel
2523 3920 2863 3962 successores
2917 3926 3044 3963 suos
3094 3910 3353 3966 Ecclesia:
3412 3915 3719 3969 [lotonu'nse

2124 4015 2280 4053 cn....
2333 4008 2748 4054 nomenante....
2796 4004 2965 4056 vis....
3014 4003 3217 4069 ipsa....
3264 4005 3384 4060 loca
3438 4010 3719 4064 medietate

2125 4093 2335 4146 valeant
2366 4092 2739 4161 possedere...
2774 4093 3006 4147 unde....
3046 4094 3159 4149 Dei.

2875 4206 2963 4260 ιγ.

2126 4296 2367 4366 Diploma
2410 4313 2509 4366 quo
2548 4297 2801 4351 Cfolarius
2844 4298 3015 4350 villam
3045 4296 3308 4351 Corbeiam
3340 4312 3389 4355 et
3429 4304 3570 4357 alios
3598 4321 3715 4357 cono

2196 4370 2291 4438 fert
2332 4370 2635 4438 monasterio
2678 4370 2985 4421 Sanctorum
3030 4368 3170 4421 Petri
3213 4382 3261 4423 et
3304 4370 3494 4437 Pauli,
3531 4377 3581 4426 in
3614 4382 3720 4427 loco

2198 4436 2284 4505 qui
2338 4439 2522 4489 dicitur
2580 4436 2832 4508 Corbeia,
2888 4454 3040 4505 super
3095 4441 3306 4507 ﬂuvium
3363 4436 3720 4508 qui'cocatar

2198 4510 2408 4563 Somnia
2440 4518 2462 4545 ε
2495 4509 2641 4579 (ann.
2675 4506 2825 4575 659).

2199 4601 2562 4667 Chlotharius,
2590 4616 2683 4655 rex
2714 4598 3059 4665 Francorum,
3091 4601 3171 4653 vir
3198 4601 3447 4659 inluster.
3480 4607 3561 4660 Ad
3594 4623 3723 4659 mer-

2130 4739 2265 4795 Coll.
2306 4736 2433 4790 biSt.
2478 4736 2663 4791 Franc.
2690 4750 2826 4806 pag.
2866 4732 3004 4806 652,
3044 4750 3184 4788 anno
3212 4736 3349 4801 638;
3379 4739 3535 4806 juxta
3565 4742 3721 4796 Cain.

2132 4813 2298 4872 timn,
2342 4808 2533 4861 Annal.
2573 4818 2610 4859 t.
2646 4805 2744 4869 lll,
2790 4821 2907 4875 pag.
2950 4805 3074 4871 478,
3106 4823 3246 4858 anno
3274 4805 3415 4873 659’;
3452 4814 3596 4865 unde
3627 4829 3719 4866 nos

2135 4883 2275 4935 hunc
2304 4894 2500 4932 annum
2547 4878 2667 4930 huic
2697 4877 2973 4946 tliploutati
3022 4876 3336 4946 pra-figimus
3357 4922 3372 4943 ,
3420 4884 3564 4946 quod
3596 4900 3718 4935 cou-

2136 4952 2318 5004 eordat
2352 4965 2470 5002 cum
2509 4947 2833 5020 temporibus
2864 4944 3203 5020 Wurathonts
3229 4959 3282 5000 et
3315 4944 3605 5019 Wauingi,
3636 4953 3717 5020 qui

2134 5021 2203 5074 ibi
2261 5014 3192 5091 memorantur.‘ﬁermoniusLde
3243 5027 3350 5071 vet.
3414 5014 3557 5086 Dipl.

2136 5092 2325 5145 Franc.
2347 5100 2385 5144 t.
2412 5090 2473 5153 ll,
2510 5104 2625 5155 pag.
2656 5087 2762 5161 2i?)
2789 5097 2842 5138 et
2868 5086 3513 5161 seq._,‘Waniugntuivnlt
3542 5086 3713 5161 palatii

2134 5163 2380 5216 comitem
2408 5176 2509 5212 non
2540 5159 2839 5220 exstitisse;
2868 5158 2959 5208 sed
2985 5155 3035 5208 id
3069 5172 3169 5209 llOtt
3199 5158 3327 5210 satis
3360 5155 3715 5216 firtnis'ratio-

2136 5233 2290 5285 nibus
2318 5230 2535 5286 evincit.
2571 5230 2952 5296 Argumentum
2985 5240 3159 5278 autem
3192 5228 3537 5284 instrumenti
3570 5236 3619 5285 in
3647 5234 3711 5285 ti-

2136 5304 2244 5355 lttlu
2270 5303 2391 5355 huic
2421 5302 2638 5366 prmftxo
2669 5300 3018 5361 declaramus,
3046 5306 3301 5365 quantum
3327 5314 3392 5353 ex
3424 5302 3580 5357 valde
3603 5318 3716 5356 mu-

2137 5373 2229 5426 tilo
2260 5374 2505 5437 exemplo
2534 5371 2645 5422 erui
2679 5378 2872 5433 potest.

2205 5441 2232 5480 δ
2278 5436 2696 5510 [fat/tomagt'nsis
2742 5436 2979 5491 Ecclesia
3008 5445 3090 5510 est
3117 5452 3235 5505 qua:
3277 5437 3364 5493 hic
3409 5442 3715 5496 Rotomimis

2136 5514 2448 5582 appellatur.
2495 5507 2823 5582 Sicrit'otamo
2862 5522 2956 5582 pro
3008 5507 3289 5582 iiolomago
3322 5510 3519 5579 legitur
3550 5516 3599 5567 in
3628 5514 3713 5566 lli.

2134 5580 2296 5638 storia
2324 5583 2562 5652 Gregorii
2593 5580 2921 5635 Turonensis
2950 5580 3256 5646 epitoutata,
3289 5582 3429 5638 Coll.
3465 5584 3593 5638 bist.
3625 5583 3709 5637 Fr.

2138 5666 2173 5709 t.
2211 5656 2280 5718 ll,
2318 5671 2369 5720 p.
2402 5654 2526 5708 407.

2211 5736 2232 5762 ε
2278 5718 2463 5778 Exstat
2504 5729 2554 5777 in
2586 5721 2838 5776 Conciliis
2866 5728 2973 5772 ant.
3010 5718 3197 5771 Gallice
3242 5719 3548 5787 Sirmondi,
3592 5734 3626 5777 t.
3661 5724 3710 5785 Ι,

2140 5810 2255 5865 pag.
2290 5794 2427 5860 500;
2472 5806 2525 5851 ct
2567 5795 2619 5849 iu
2650 5792 3006 5849 Conciliorutn
3051 5788 3456 5853 col'ectiontbus
3484 5793 3708 5855 Labbci.
