4008 6176
246 256 375 312 1281

1013 252 1429 310 DlPLOMATA.
1460 280 1531 294 —-
1572 251 1893 308 CLO’I‘ARII
1934 252 1998 308 Ill
2042 253 2327 311 ECCLES.
2369 254 2731 312 PRIECEPT.

3374 261 3513 315 1282

235 374 425 429 cedem
466 377 699 425 nostram
738 368 794 423 in
841 367 932 423 Dei
981 370 1195 423 nomine
1218 352 1483 424 credimus
1525 368 1814 436 pertinere,
1845 369 1895 426 Α
1921 365 2056 421 ullas
2083 368 2469 424 redhibitiones
2499 371 2551 425 in
2580 372 2723 425 villis
2752 370 2996 439 superius
3027 372 3335 439 nominatis,
3356 374 3487 442 quid

234 464 491 537 quicquid
531 478 630 534 pro
659 462 850 517 anima:
889 463 1059 516 salute
1100 462 1229 515 locis
1259 469 1562 514 sanctorum
1589 457 1822 514 conferi-

239 571 383 623 mus,
414 564 473 612 ut
500 555 695 610 ibidem
726 554 1033 623 perenniter
1059 552 1316 620 proﬁciat,
1347 560 1403 606 et
1424 550 1672 621 gloriam,
1709 551 1821 605 Deo

235 648 551 711 auxiliante,
600 645 799 701 habere
847 658 1169 699 mereamur.
1226 644 1387 713 Igitur
1436 644 1559 697 dum
1619 657 1717 696 nos
1767 650 1823 696 et

240 740 495 807 praecelsa
521 736 760 807 genetrix
788 746 989 801 nostra,
1018 736 1209 789 domna
1238 734 1592 789 Baldcchildis
1616 732 1818 803 regina,

238 829 623 885 monasterium
666 830 718 882 in
764 826 967 881 honore
1008 835 1316 881 sanctorum
1360 825 1503 880 Petri
1551 836 1603 880 et
1652 826 1820 889 l'auli,

239 922 626 991 apostolorum,
656 929 710 973 et
738 920 905 973 sancti
936 918 1219 987 Stephani,
1254 917 1703 986 prmo-martyris,
1734 930 1823 970 su-

243 1029 339 1082 per
385 1014 602 1067 ﬂuvium
651 1011 869 1073 Somna,
920 1009 971 1062 in
1025 1010 1145 1063 loco
1193 1008 1281 1076 qui
1332 1006 1525 1062 dicitur
1573 1006 1819 1073 Corbeii,

241 1117 399 1171 quem
432 1101 763 1157 Guntlaudus
789 1098 1053 1166 quondam
1088 1099 1429 1167 possederat,
1458 1107 1512 1151 et
1538 1097 1602 1150 ad
1636 1098 1821 1151 ﬁscum

242 1203 484 1247 nostrum
516 1200 848 1258 pervenerat,
875 1189 961 1243 ubi
994 1201 1185 1258 praeest
1210 1188 1529 1242 venerabilis
1548 1187 1630 1241 vir
1652 1187 1823 1241 Theo-

244 1284 484 1339 delridus
523 1283 678 1351 abba,
724 1298 819 1352 pro
858 1283 1040 1337 aaterni
1089 1281 1319 1335 numinis
1356 1280 1527 1335 intuiti
1570 1280 1819 1334 aediﬁcari

242 1375 614 1445 praecepimus,
658 1382 715 1427 ut
756 1372 1000 1426 monachi
1040 1372 1138 1425 sub
1176 1380 1356 1425 sancta
1402 1371 1581 1438 regula
1626 1370 1821 1424 ibidem

243 1471 475 1525 debeant
496 1467 819 1521 conversari.
841 1464 1140 1535 Cognoscat
1169 1464 1454 1519 Strenuitas
1482 1475 1653 1516 vestra
1682 1461 1820 1531 quod

243 1578 344 1616 nos
371 1561 542 1629 ipsam
572 1558 747 1612 villam
778 1556 1054 1610 Corbeiam
1096 1555 1160 1608 ad
1204 1555 1372 1621 ipsum
1412 1552 1817 1615 monasterium,

240 1667 366 1709 cum
403 1650 712 1719 adjacentiis
741 1650 852 1701 suis
889 1648 942 1701 in
975 1648 1233 1715 integrum
1255 1685 1272 1710 ,
1301 1660 1393 1700 seu
1425 1659 1476 1698 et
1508 1644 1636 1698 alias
1668 1642 1822 1697 villas

248 1716 615 1809 nuncupantes
664 1740 887 1804 Folieto,
940 1737 1187 1801 Gentilla,
1238 1737 1512 1805 Cipiliaco,
1567 1735 1819 1789 For-tilca-
1850 1716 1897 1775 Β

248 1833 407 1897 Villa,
455 1831 539 1884 vel
581 1830 809 1899 reliquas
845 1828 1167 1895 adjacentias
1208 1842 1389 1881 earum
1431 1826 1495 1878 ad
1540 1826 1821 1895 integrum,

245 1922 527 1979 Albiniaco
555 1937 673 1977 cum
698 1920 1010 1991 adjacentiis
1038 1919 1122 1973 vel
1149 1918 1466 1987 appenditiis
1496 1916 1627 1979 suis,
1654 1931 1824 1983 quan-

241 2023 359 2068 tum
393 2014 588 2067 ibidem
619 2013 777 2066 ﬁscus
804 2022 985 2064 noster
1012 2020 1197 2076 tenuit,
1230 2010 1292 2062 ad
1324 2009 1584 2075 integrum
1615 2008 1665 2059 in
1696 2019 1828 2073 pago

246 2104 627 2166 Ambianense,
671 2117 764 2156 seu
806 2109 860 2155 et
902 2102 1193 2165 Monciaco,
1228 2098 1505 2161 Walliaco,
1555 2098 1826 2161 Bellirino,

244 2209 369 2247 cum
397 2192 705 2262 adjacentiis
732 2207 913 2245 earum
957 2192 1007 2244 in
1052 2205 1182 2257 pago
1214 2194 1561 2243 Atravalense
1589 2205 1604 2241 :
1638 2189 1829 2242 immo-

244 2300 351 2352 quc
378 2294 432 2338 et
459 2286 633 2337 villam
655 2298 775 2351 quae
802 2292 1019 2337 vocatur
1044 2282 1326 2351 Templum
1356 2282 1555 2346 Martis,
1589 2280 1742 2333 sitam
1776 2278 1827 2331 in

246 2389 388 2443 pago
413 2375 783 2439 Ambianense,
815 2374 879 2427 ad
909 2376 1190 2443 integrum,
1226 2389 1345 2427 cum
1378 2387 1577 2442 pagena
1603 2372 1670 2426 de
1699 2369 1829 2425 silva

246 2469 317 2521 de
348 2466 546 2520 foreste
575 2476 750 2519 nostra
782 2465 1163 2534 Windegonia,
1200 2467 1298 2521 hoc
1324 2477 1437 2532 est,
1474 2480 1568 2534 per
1597 2466 1712 2518 loca
1740 2465 1831 2519 de-

248 2558 549 2619 nominata,
586 2572 618 2611 a
650 2558 754 2612 line
780 2557 1055 2612 Carlainse
1092 2573 1257 2627 usque
1283 2558 1334 2611 iu
1362 2557 1630 2611 dominico
1659 2556 1829 2622 lacco,

246 2665 345 2718 per
373 2650 571 2704 Siccasi
600 2650 832 2717 derude,
867 2665 960 2718 per
988 2664 1268 2704 cervorum
1298 2649 1578 2714 Marcasio,
1611 2663 1704 2717 per
1734 2649 1826 2702 Ba-

248 2757 423 2815 gusta,
455 2759 549 2813 per
580 2747 660 2798 via
705 2744 933 2812 publica,
977 2760 1142 2814 usque
1187 2744 1549 2799 Fraudehario
1592 2754 1827 2798 exsarto.

246 2836 505 2891 Similiter
538 2846 591 2889 et
632 2836 929 2905 portionem
962 2836 1014 2889 in
1056 2838 1172 2891 loco
1197 2838 1287 2904 qui
1320 2846 1543 2890 vocatur
1570 2836 1831 2901 Taceaco,

250 2945 404 2998 quem
436 2929 699 2983 Frodinus
726 2929 793 2983 de
826 2929 1016 2983 Ursino
1045 2928 1170 2983 dato
1198 2929 1366 2997 pretio
1394 2930 1752 2996 comparavit,
1782 2939 1836 2981 et

248 3023 318 3074 ad
352 3021 534 3074 iiscum
567 3030 803 3075 nostrum
833 3022 946 3090 ipse
971 3020 1235 3077 Frodinus
1266 3022 1315 3075 in
1344 3021 1831 3090 compensationem

1921 458 2045 527 quid
2078 469 2317 530 tempore
2348 465 2597 529 praisenti
2627 464 2835 519 videtur
2862 466 3159 533 possidere,
3193 477 3280 520 aut
3311 466 3513 533 adhuc,

1924 560 1979 604 ut
2003 551 2257 617 diximus,
2289 568 2318 607 a
2351 554 2506 608 nobis
2535 556 2619 609 vel
2649 570 2677 608 a
2716 556 3125 612 succedentibus
3152 556 3392 626 regibus,
3425 558 3511 612 vel

1921 657 1950 696 a
1983 644 2143 696 Deum
2178 646 2486 702 timentibus
2529 648 2831 702 hominibus
2860 649 2986 703 inibi
3019 650 3258 705 additum
3291 650 3374 706 vcl
3406 653 3514 704 de-

1924 733 2150 801 legatum
2184 734 2360 800 fuerit,
2397 739 2509 803 ipsa
2548 736 2832 805 iudiciaria
2867 750 3103 807 potestas
3147 756 3253 795 non
3304 755 3511 808 praesu-

1923 834 2032 878 mat
2076 825 2312 893 ingredi,
2358 828 2450 882 sed
2492 844 2616 898 pars
2658 830 2820 898 ipsius
2861 831 3166 885 monasterii
3211 831 3297 886 vel
3338 832 3513 885 omnis

1922 918 2261 985 congregatio
2293 918 2485 971 ibidem
2518 921 2852 984 consistens,
2885 922 3085 990 absque
3116 922 3332 975 introitu
3358 921 3505 991 judi-

1922 1021 2042 1061 cum
2065 1046 2079 1069 ,
2111 1017 2164 1060 ut
2197 1008 2464 1074 diximus,
2508 1010 2607 1062 sub
2645 1010 2846 1075 integra
2878 1008 3214 1065 immunitate
3246 1010 3517 1080 possidere

1928 1100 2101 1151 valeat
2131 1098 2214 1152 vel
2246 1099 2529 1153 dominari.
2568 1101 2633 1154 Et
2662 1111 2718 1153 ut
2749 1103 2861 1154 haec
2892 1104 3176 1171 praeceptio
3208 1112 3390 1157 n0stra
3421 1116 3517 1171 pe-

1924 1190 2073 1242 renni
2122 1198 2360 1258 tempore
2406 1192 2691 1246 lirmiorem
2737 1193 2982 1246 obtineat
3026 1194 3284 1261 vigorem,
3326 1208 3425 1247 nos
3464 1201 3519 1247 et

1923 1285 2175 1353 praecelsa
2207 1283 2445 1353 genetrix
2486 1294 2669 1338 nostra
2702 1286 3051 1340 Baldecbildis
3095 1287 3310 1354 regina,
3339 1287 3517 1356 signa-

1923 1373 2058 1429 culis
2085 1389 2275 1429 manus
2304 1384 2497 1429 nostra:
2528 1376 2713 1431 subter
2738 1375 3073 1432 decrevimus
3097 1374 3388 1431 afﬁrmare.

2686 1486 2753 1541 V.

1924 1574 2166 1647 Diploma
2201 1593 2300 1645 quo
2336 1576 2592 1631 Clolarius
2631 1579 3000 1647 immunitatem
3036 1579 3099 1632 ab
3143 1579 3283 1632 omni
3324 1578 3518 1632 teloneo

2074 1650 2302 1699 concedit
2331 1650 2631 1701 monasterio
2658 1646 2945 1702 Corbeiensi
2977 1660 3001 1687 ³
3037 1652 3180 1718 (ann.
3214 1648 3364 1717 660).

1998 1738 2360 1804 Chlotharius,
2393 1754 2481 1792 rex
2515 1739 2860 1807 Francorum,
2891 1740 2971 1794 vir
2996 1741 3238 1803 inluster,
3268 1740 3519 1794 omnibus

1927 1829 2202 1896 agentibus
2232 1837 2340 1881 tam
2372 1830 2725 1898 praesentibus
2754 1847 2913 1900 quam
2961 1832 3173 1887 futuris.
3216 1831 3521 1900 Cognoscat

1929 1919 2237 1988 magnitudo
2264 1934 2356 1974 seu
2390 1919 2647 1973 industria
2677 1933 2873 1987 vestra,
2907 1936 3002 1990 pro
3041 1921 3301 1976 mercedis
3330 1930 3523 1974 vestra:

1927 2018 2212 2076 augmento
2251 2018 2304 2062 et
2343 2009 2521 2063 divino
2566 2011 2780 2076 intuitu,
2831 2012 2934 2066 tale
2976 2027 3070 2065 nos
3113 2011 3380 2066 actoribus
3421 2024 3521 2063 seu

1930 2100 2325 2154 discursoribus
2382 2103 2693 2155 monasterii
2752 2103 2985 2157 virorum
3045 2100 3321 2165 Corbeia,
3379 2100 3523 2171 quod

1930 2193 2126 2246 domna
2171 2200 2223 2245 et
2265 2193 2509 2259 genetrix
2558 2205 2739 2248 nostra
2790 2195 3148 2249 Baldechildis
3196 2195 3377 2264 regina
3422 2209 3523 2248 suo

1930 2296 2093 2349 opere
2133 2282 2467 2349 construxit,
2519 2286 2830 2351 praestitisse
2879 2288 3230 2351 benelicium,
3287 2294 3342 2338 ut
3390 2299 3528 2354 quo-

1934 2377 2303 2441 tienscumque
2344 2376 2630 2443 monachi,
2664 2379 2847 2443 missi,
2881 2378 2965 2432 vel
2993 2379 3327 2431 discussores
3357 2377 3525 2445 ipsius

1932 2466 2265 2530 monasterii,
2295 2467 2534 2533 partibus
2567 2468 2878 2536 provinciae,
2910 2470 2992 2524 vel
3024 2484 3116 2537 per
3146 2469 3349 2537 reliqua
3384 2468 3525 2533 loca,

1931 2556 1995 2608 ad
2041 2570 2238 2623 cappas
2277 2560 2662 2625 comparandas
2700 2570 2792 2613 aut
2831 2559 3063 2628 reliquas
3101 2558 3527 2629 opportunitates

1932 2646 2099 2717 ipsius
2126 2650 2439 2705 monasterii
2470 2652 2825 2707 exercendum
2846 2690 2861 2715 ,
2894 2666 2987 2705 seu
3022 2650 3298 2703 cellarium
3331 2649 3533 2703 fuerint

1934 2750 2135 2821 egressi
2164 2749 2510 2804 mercandum
2540 2746 2591 2799 in
2624 2743 2949 2812 quibuslibet
2976 2742 3106 2796 locis
3131 2742 3214 2796 vel
3244 2740 3530 2795 territoriis

1933 2854 2029 2894 seu
2063 2840 2325 2909 partibus,
2360 2838 2677 2903 ubicumque
2707 2834 3005 2895 teloneum,
3035 2832 3361 2899 pontaticum
3382 2871 3396 2895 ,
3440 2846 3528 2883 ro-

1938 2933 2193 2997 taticum,
2249 2940 2564 2997 ceterasque
2619 2924 3006 2980 redhibitiones
3054 2924 3214 2978 liscus
3260 2930 3445 2976 noster
3497 2937 3529 2976 a

1939 3023 2363 3087 discursoribus,
2406 3035 2501 3076 seu
2534 3022 2635 3073 iter
2676 3016 2954 3086 agentibus
2983 3017 3198 3085 exigere
3224 3014 3526 3080 consoevit,

251 3127 351 3179 pro
392 3111 494 3165 alia
540 3126 596 3166 re
624 3112 788 3175 dedit,
833 3072 887 3165 ill
933 3113 1048 3181 ipso
1086 3128 1223 3181 pago
1254 3072 1631 3177 Ambianrense,
1672 3126 1701 3164 a
1748 3110 1835 3167 die
1864 3072 1910 3136 ϐ
1940 3117 2171 3170 habeant
2212 3114 2315 3169 hoc
2345 3110 2591 3167 monachi
2632 3109 2684 3163 in
2724 3106 2833 3177 jam
2861 3107 3003 3160 dicto
3048 3105 3374 3159 monasterio
3400 3104 3533 3156 Cor-

251 3202 526 3270 prazsenti,
572 3201 673 3256 sub
716 3204 916 3272 integra
967 3204 1323 3267 immunitate,
1374 3205 1573 3269 absque
1620 3200 1837 3255 introitu

243 3292 516 3361 judicum,
549 3294 646 3347 visi
682 3293 875 3347 luimus
901 3295 1253 3347 concessisse.
1301 3293 1528 3348 Proinde
1571 3308 1665 3361 per
1702 3293 1840 3346 hanc

249 3384 667 3451 praeceptionem
706 3385 988 3451 specialius
1015 3385 1351 3438 decernimus
1381 3399 1499 3438 esse
1530 3400 1838 3438 mansurum

251 3482 341 3534 ut,
376 3483 478 3526 tam
521 3475 689 3540 ipsum
736 3474 908 3527 locum
951 3475 1227 3528 Corbeiam
1259 3489 1415 3542 quam
1446 3484 1500 3528 et
1538 3478 1840 3544 soprascri-

251 3574 372 3632 ptas
421 3564 602 3629 villas,
658 3580 759 3617 una
808 3579 927 3617 cum
980 3566 1173 3630 terris,
1223 3566 1490 3631 domibus,
1540 3566 1837 3634 mancipiis,

247 3656 514 3723 adiﬁciis,
545 3657 735 3719 vineis,
775 3657 940 3722 silvis,
989 3658 1172 3724 pratis,
1210 3659 1438 3725 pascuis,
1470 3656 1757 3721 farinariis,
1787 3667 1842 3713 et

247 3750 459 3800 cunctis
498 3746 838 3816 append'itiis,
880 3748 960 3801 vel
1002 3748 1144 3817 quod
1189 3748 1382 3802 ibidem
1417 3748 1623 3804 videtur
1661 3752 1840 3819 adspi-

246 3852 395 3899 cere,
438 3852 562 3905 pars
603 3838 770 3906 ipsius
811 3839 1121 3894 monasterii
1166 3841 1246 3894 vel
1290 3840 1465 3895 (inuitis
1500 3844 1839 3911 congregatio

250 3927 320 3981 de
366 3928 485 3998 ipso
531 3931 855 3985 monasterio
902 3933 1076 3985 valeat
1119 3933 1393 4000 possidere
1429 3935 1510 3989 vel
1553 3934 1836 3990 dominari.

249 4020 319 4075 Et
348 4021 525 4074 nullus
562 4022 785 4091 quilibet
824 4022 891 4078 de
929 4022 1217 4092 judicibus,
1260 4039 1360 4079 nec
1402 4025 1466 4079 ad
1506 4024 1678 4094 ipsum
1720 4041 1838 4081 mo-

248 4114 543 4167 nasterium
563 4157 577 4181 ,
607 4127 706 4169 nec
732 4114 797 4167 ad
830 4116 1071 4168 homines
1093 4129 1240 4180 suos,
1273 4130 1370 4170 nec
1402 4117 1452 4170 in
1484 4128 1661 4175 curtes
1692 4135 1836 4187 suns,

248 4204 503 4271 quicquid
535 4220 563 4256 a
596 4205 682 4263 die
711 4207 958 4273 praxsenti
993 4206 1188 4260 ibidem
1217 4209 1573 4275 contulimus,
1607 4221 1660 4265 et
1696 4214 1837 4281 quod

248 4310 280 4348 a
327 4297 481 4349 nobis
521 4297 602 4350 vel
645 4312 671 4347 a
718 4297 1126 4352 succedentibus
1156 4297 1364 4353 domnis
1410 4302 1643 4369 regibus,
1688 4305 1769 4357 vel
1808 4318 1836 4357 a

1940 3206 2055 3261 heia
2093 3207 2465 3266 consistentes,
2514 3213 2618 3255 tam
2666 3210 2957 3275 praeseptes
2996 3212 3153 3263 quam
3196 3198 3248 3250 in
3292 3193 3525 3248 futurum

1938 3298 2066 3353 inibi
2114 3296 2493 3357 advenientes,
2549 3292 2601 3345 in
2653 3277 2921 3346 omnibus'
2950 3287 3210 3341 indultum
3261 3286 3529 3353 simulque

1939 3404 2274 3445 concessum.
2307 3386 2377 3439 Ea
2409 3386 2613 3439 scilicet
2656 3384 2863 3436 ratione
2902 3389 2959 3434 ut
3000 3394 3175 3447 neque
3210 3391 3327 3443 nos,
3358 3392 3531 3445 neque

1934 3480 2207 3550 juniores,
2238 3487 2328 3532 aut
2367 3487 2710 3531 successores
2739 3472 2942 3534 nestri,
2976 3471 3084 3524 ullo
3117 3483 3348 3538 unquam
3392 3477 3530 3522 tem-

1941 3586 2090 3643 pore,
2120 3571 2187 3625 de
2226 3584 2291 3623 eo
2334 3567 2473 3637 quod
2517 3565 2763 3634 superius
2806 3562 3132 3630 continetur,
3176 3575 3204 3613 a
3250 3560 3529 3614 monachis

1938 3674 2031 3719 aut
2058 3663 2233 3717 missis
2257 3661 2337 3714 vel
2367 3657 2762 3713 discursoribus
2786 3654 2952 3724 ipsius
2976 3654 3283 3708 monasterii
3310 3656 3528 3721 exigere

1940 3771 2038 3811 nec
2086 3755 2395 3821 requirere,
2446 3751 2570 3805 ullis
2617 3748 2750 3801 locis
2796 3746 3022 3814 ullisque
3070 3745 3346 3799 ordinibus
3391 3744 3529 3798 inira

1941 3848 2196 3903 terminos
2226 3844 2373 3913 regni
2420 3841 2586 3895 nostri
2627 3837 2982 3909 praesumatis.
3010 3835 3116 3891 Sed
3148 3843 3206 3889 ut
3234 3849 3397 3901 super
3430 3842 3527 3886 ha-

1942 3940 2097 3994 betur
2126 3938 2382 3991 insertum
2406 3974 2421 3998 ,
2455 3933 2687 3986 habeant
2711 3930 2882 3998 ipsum
2915 3927 3231 3982 beneficium
3258 3924 3369 3993 jam
3400 3924 3525 3977 dicti

1940 4027 2187 4084 monachi
2233 4033 2432 4078 sanctae
2475 4021 2900 4091 congregationis
2938 4017 3161 4072 Corbeia
3207 4022 3532 4069 monasteno

1940 4132 1992 4177 et
2023 4130 2230 4174 actores
2260 4130 2447 4171 eorum
2470 4153 2486 4178 ,
2517 4129 2581 4168 ex
2624 4123 2822 4167 nostra:
2863 4110 3121 4180 largitatis
3163 4109 3527 4164 muniﬁcentia

1940 4227 2253 4272 concessum
2292 4210 2557 4277 simulque
2600 4207 2894 4269 indultum,
2937 4221 3042 4273 quo
3089 4201 3258 4271 potius
3296 4201 3527 4255 delectet

1941 4312 2106 4379 ipsam
2135 4314 2373 4359 sanctam
2406 4300 2867 4369 congregationem
2895 4313 2957 4352 ex
3001 4298 3116 4365 ipso
3145 4294 3402 4350 beneﬁcio
3433 4309 3530 4363 pro

253 4387 425 4442 Deum
474 4388 779 4443 timentibus
829 4390 1132 4445 hominibus
1177 4390 1304 4445 inibi
1359 4390 1519 4446 fuerit
1567 4394 1834 4458 collatum,
1873 4399 2226 4478 Dstabilitate
2270 4393 2417 4461 regni
2465 4392 2630 4445 nostri
2679 4389 2886 4443 Domini
2934 4387 3351 4442 misericordiam
3397 4400 3527 4440 exo—

248 4494 352 4533 nec
376 4478 446 4532 ad
475 4492 667 4534 causas
696 4481 1039 4545 audiendum,
1069 4496 1165 4536 nec
1193 4482 1340 4536 freda
1371 4483 1709 4553 exigendum,
1737 4500 1835 4539 nec

247 4576 559 4631 mansiones
587 4571 906 4641 faciendum,
939 4588 1035 4628 nec
1066 4585 1275 4642 paratas
1304 4577 1698 4648 requirendum,
1732 4597 1831 4637 nec

244 4753 289 4798 t.
326 4737 427 4802 Vl,
456 4737 557 4791 col.
587 4735 714 4802 525,
756 4736 1046 4801 Harduini,
1079 4745 1117 4791 t.
1153 4735 1247 4798 Ill,
1277 4736 1385 4791 col.
1425 4734 1583 4801 1009,
1615 4746 1746 4799 etc.;
1790 4738 1842 4791 in

245 4810 548 4867 Annalibus
578 4806 803 4871 Cointii,
849 4818 887 4860 t.
936 4808 1035 4869 ΙΙΙ,
1069 4822 1187 4873 pag.
1222 4805 1356 4872 4’48;
1403 4807 1454 4860 in
1499 4808 1643 4860 Nova
1674 4808 1842 4861 Gallia

246 4880 578 4941 Christiana,
612 4886 649 4930 t.
682 4876 750 4943 X,
784 4882 907 4932 inst.
943 4892 1059 4945 pag.
1088 4879 1224 4941 281;
1272 4878 1411 4930 inter
1452 4879 1623 4945 Opera
1666 4878 1842 4944 diplo-

250 4952 449 5007 matica
494 4948 679 5013 Mirari,
712 4959 749 4999 t.
784 4948 822 5014 Ι,
854 4964 976 5015 pag.
1004 4948 1136 5012 658;
1181 4958 1235 5000 et
1274 4948 1325 5000 in
1357 4945 1682 5000 Colleciione
1711 4948 1845 5000 scri-

250 5033 469 5091 ptorum
500 5034 675 5091 rerum
710 5017 1104 5091 Francicaruin,
1149 5028 1188 5072 t.
1220 5018 1305 5080 ιν,
1340 5031 1457 5091 pag.
1486 5016 1611 5070 642.
1640 5017 1841 5091 liente-

245 5087 328 5147 ria
360 5102 443 5143 est
470 5089 667 5141 conditi
713 5088 1023 5142 monaSIerii
1051 5089 1118 5141 de
1145 5103 1251 5156 quo
1278 5090 1470 5156 agitur,
1514 5102 1608 5154 per
1638 5087 1840 5139 Bathil-

244 5167 374 5215 tlem
422 5174 516 5211 seu
566 5158 964 5212 Balilechildcm
1013 5158 1287 5226 reginam,
1339 5158 1391 5210 in
1448 5158 1561 5210 Vita
1611 5157 1726 5223 ejus
1774 5158 1841 5208 ab

244 5244 522 5299 anonymo
551 5229 747 5299 scripta
799 5244 871 5281 vn
911 5230 1127 5293 seculo,
1165 5228 1316 5299 inter
1356 5233 1489 5299 Acta
1535 5238 1838 5280 sanctorum

246 5297 461 5355 ordinis
488 5297 659 5351 sancti
694 5299 961 5353 Benedicti
987 5314 1015 5351 a
1040 5298 1346 5351 Mabillonio
1372 5298 1601 5363 vulgata,
1637 5311 1745 5350 sec.
1781 5312 1838 5358 ιι,

250 5384 293 5428 t.
332 5370 395 5432 ll,
428 5384 542 5437 pag.
574 5369 701 5423 747.
749 5370 949 5421 Desunt
987 5372 1039 5423 in
1068 5370 1357 5437 diplomate
1390 5378 1526 5437 nota;
1554 5367 1839 5420 chronolo.

251 5434 798 5512 gicmfblabillonius
841 5439 968 5492 illud
1009 5434 1162 5512 circa?
1193 5454 1389 5512 annum
1428 5434 1532 5512 6.59
1573 5437 1840 5491 collocan-

250 5507 381 5565 dum
409 5519 612 5573 censet,
645 5510 729 5563 cui
761 5514 1101 5578 assentimur.
1128 5511 1262 5563 Cum
1289 5507 1428 5561 enim
1461 5507 1530 5559 ibi
1566 5514 1839 5578 monaste-

253 5584 394 5635 rium
439 5594 468 5631 a
515 5580 850 5634 Baldechilde
889 5576 1157 5633 Conditum
1199 5578 1492 5646 appelletur
1536 5576 1840 5646 nominibus

254 5652 353 5708 SS.
384 5651 533 5707 Petri
562 5660 617 5707 et
646 5648 811 5718 Pauli,
835 5661 890 5706 et
920 5658 1042 5706 tunc
1067 5644 1297 5720 primum
1325 5649 1374 5704 ei
1400 5661 1655 5704 concessa
1684 5644 1842 5702 fuerit

1948 4505 2087 4546 rare.
2132 4488 2199 4542 Et
2241 4493 2299 4540 ut
2337 4484 2452 4537 hazc
2492 4481 2773 4549 praeceptio
2812 4478 3012 4532 ﬁrmior
3055 4478 3310 4531 habeatur
3338 4487 3390 4532 et
3429 4492 3524 4545 per

1942 4589 2180 4646 tempora
2208 4581 2575 4637 conservetur,
2619 4584 2717 4626 nos
2757 4579 2810 4623 et
2850 4567 3103 4637 praecelsa
3146 4566 3387 4634 genetrix
3428 4581 3525 4621 no-

1921 4734 2164 4790 'Curbeia
2195 4730 2342 4794 villa,
2375 4725 2584 4781 videtur
2612 4724 2711 4777 hoc
2738 4720 2971 4794 diploma
2998 4719 3176 4773 datum
3211 4718 3370 4794 fuisse
3399 4727 3526 4794 ante

1944 4807 2193 4867 alterum,
2241 4790 2380 4868 quod
2428 4798 2567 4850 idem
2612 4809 2703 4868 rex
2751 4793 2930 4868 emisit
2975 4806 3115 4868 anno
3156 4805 3184 4838 v
3226 4791 3373 4859 regni
3413 4790 3517 4867 sui,

1984 4863 2193 4940 uodque
2222 4863 2464 4940 proxime
2489 4866 2746 4940 sequitur,
2782 4863 2833 4915 in
2863 4864 3098 4940 quoilue
3135 4863 3516 4940 monasterium

1991 4930 2185 4998 orbeize
2210 4930 2426 4993 nomine
2448 4930 2906 5004 jam‘designatur.
2940 4932 3067 5004 illud
3097 4942 3270 4982 autem
3297 4930 3523 5004 alterum

1941 4995 2354 5067 instrumentum
2400 4995 2583 5079 datum
2624 4995 2741 5079 fuit,
2788 5012 2845 5057 ut
2888 5002 3073 5079 videre
3107 5009 3188 5079 est
3215 4998 3335 5079 .00]:
3363 4995 3523 5079 ﬁsi,

1945 5099 2087 5139 anno
2114 5099 2143 5135 v
2174 5081 2320 5148 regni
2361 5076 2602 5138 ()lotarii,
2635 5076 2746 5148 die
2776 5088 2917 5148 xxur
2932 5068 3277 5148 ‘Decembris,
3323 5068 3373 5119 id
3420 5077 3524 5135 est,

1946 5154 2178 5209 nondum
2209 5142 2424 5216 expleto
2454 5162 2595 5201 anno
2623 5145 2819 5218 Christi
2848 5142 2977 5218 960.
3076 5209 3107 5218 υ

2018 5204 2049 5259 ἔ
2062 5204 2340 5276 Ἐκειέιῖη
2363 5209 3133 5285 CouciliisGallitcASirmundi,
3154 5206 3253 5285 t_._l,
3269 5220 3383 5285 pag.
3400 5204 3530 5285 sui;

1942 5296 1995 5348 in
2026 5274 2349 5348 Collectione
2379 5287 2725 5361 conciliorum
2745 5302 2794 5361 ΔιιΔ
2815 5283 3048 5341 Labbeo,
3068 5286 3137 5361 ‘t..
3160 5275 3245 5361 ΥΙιξ
3264 5277 3372 5361 cpi.
3389 5274 3524 5361 .526,

1944 5346 2240 5425 illarduino,
2291 5369 2330 5413 t.
2378 5358 2469 5425 ΙΙΙ,
2512 5359 2614 5413 col.
2665 5355 2825 5419 lOlll,
2858 5357 3085 5425 etc.,-_e't
3127 5348 3177 5399 in
3208 5346 3531 5425 Conu_e_ctione

1943 5415 2263 5502 scriptorum
2295 5415 2474 5502 reruni
2506 5415 2899 5502 Eranciearum,
2929 5430 2967 5473 t.
3003 5418 3089 5502 IV,
3122 5430 3240 5502 pag.
3266 5415 3391 5502 6:55.
3420 5421 3531 5502 an:

1945 5486 2291 5571 nus'quintus
2330 5501 2479 5571 regni
2506 5495 2720 5553 Clotarii
2751 5492 2816 5571 _lll
2839 5532 2854 5556 ,
2896 5505 2924 5543 a
2957 5499 3159 5571 morte
3182 5486 3435 5571 Clodovei
3462 5486 3531 5571 ll

1946 5557 2226 5639 repetitus,
2258 5557 2535 5626 exordium
2564 5562 2792 5633 sumpsit
2821 5572 3009 5617 mense
3037 5557 3358 5629 Septembri,
3386 5569 3529 5612 anno

1946 5643 2145 5699 Christi
2176 5642 2299 5696 (560.
