4008 6176
531 156 666 212 1285

1592 154 1838 211 FliANC.
1881 154 2040 211 ΒΕΘ.
2080 153 2145 207 IV
2190 149 2427 209 PRIMIE
2466 153 2727 212 STIRPIS

3659 155 3793 211 1284

518 277 629 323 sm
678 266 874 323 domna
926 264 1315 332 Baldechildis,
1364 267 1545 335 regina
1594 266 1857 330 maxima,
1908 266 2105 320 nostris
2132 273 2179 333 Α
2208 266 2426 337 Signum
2482 269 2753 338 praecelsa:
2812 268 3166 326 Baldechildis
3219 269 3439 340 regium.
3506 269 3632 326 Data
3691 275 3794 329 sub

521 361 810 428 signaculis
838 358 1023 412 subter
1049 372 1167 412 eam
1207 357 1545 412 decernimus
1582 356 1887 412 adlirmare.
1922 356 2105 412 Vidre-

521 452 689 505 hadus
712 451 913 520 jussus.
930 450 1162 521 ‘Signnm
1199 450 1416 520 gloriosi
1445 448 1627 505 domui
1655 448 1910 505 Cblotarii
1943 449 2104 520 regis.

2209 360 2297 414 die
2327 368 2353 396 ιι
2385 374 2517 413 xxm
2558 361 2757 415 mensis
2813 360 3147 423 Decembris,
3179 376 3323 418 anno
3346 378 3378 416 v
3408 363 3564 434 regni
3602 366 3791 430 nostri,

2209 447 2550 517 Stirpiniaco.
2581 449 2640 504 In
2668 449 2760 506 Dei
2786 450 3004 506 nomine
3028 450 3274 508 feliciter.

594 570 621 599 ι
665 563 717 616 In
745 561 967 636 Gollect.
998 559 1193 616 concil.
1239 560 1408 615 Labb.
1450 571 1505 616 et
1549 560 1711 614 llard.
1753 559 1945 631 legitur
1972 560 2086 615 dies
2114 574 2208 615 xm
2239 576 2335 631 pro
2361 562 2448 617 die
2480 577 2609 616 χχιιι
2632 603 2646 629 ,
2678 562 2819 633 quod
2848 561 2985 636 forte
3015 564 3466 634 typographorum
3494 565 3791 621 oscitanti:

518 633 858 686 tribuendum
890 641 993 686 est.

710 785 985 797 _._._-—————

513 894 702 1006 AD
759 889 1573 1005 DlPLOMATA
1631 890 2446 1007 CHILDERICI
2511 893 2613 1005 ΙΙ
2692 892 3770 1008 PROLEGOMENA.

584 1136 772 1190 Decem
788 1134 993 1188 edimus
1031 1134 1319 1199 diplomata
1346 1131 1443 1185 sub
1468 1130 1754 1184 Childerici
1784 1131 1821 1185 ll
1858 1134 2090 1199 nomine,

508 1207 721 1261 sincera
775 1204 988 1271 quidem
1031 1215 1271 1270 septem,
1330 1204 1421 1256 sed
1454 1201 1787 1269 supposititia
1847 1203 1967 1256 tria.
2018 1204 2095 1259 De

506 1277 735 1331 sinceris
766 1274 992 1342 primum
1022 1274 1282 1343 agendum
1314 1282 1417 1326 est.

912 1344 939 1412 θ
976 1343 1016 1398 l.
1046 1341 1116 1383 ἑ-
1156 1344 1448 1412 Diplomata
1474 1341 1691 1395 sincera.

582 1414 631 1466 l.
689 1410 989 1481 Diplomaal
1043 1428 1098 1467 ιι.
1142 1414 1182 1477 l,
1224 1410 1343 1481 'quo
1399 1411 1730 1465 Childericus
1760 1410 1828 1481 ill
1883 1420 1939 1466 et
1966 1412 2094 1467 Chi-

507 1480 768 1538 nechildis
800 1483 978 1551 regina
1002 1482 1244 1536 Amando
1266 1482 1519 1551 episcopo
1538 1482 1712 1533 villam
1757 1480 2088 1536 Barisiacum

2269 1133 2323 1187 4.
2352 1134 2505 1188 Aliud
2532 1139 2725 1197 exstat,
2751 1129 2889 1193 n.X,
2916 1131 3133 1183 omnino
3160 1145 3348 1186 sanum
3376 1130 3614 1199 ejusdem
3642 1133 3781 1190 Chil-

2208 1206 2369 1261 derici
2400 1205 2656 1273 diploma,
2702 1202 3018 1273 quoeidem
3056 1206 3380 1255 monasterio
3425 1208 3786 1273 conceduntur

2208 1272 2469 1330 homines
2502 1275 2721 1327 duarum
2766 1272 3008 1325 villarum
3061 1273 3115 1324 in
3166 1272 3388 1326 Alsatia.
3440 1272 3559 1327 Jain
3591 1278 3780 1341 pluries

2201 1347 2424 1410 editum,
2456 1344 2549 1417 sed
2571 1354 2842 1417 corrupte,
2876 1341 3085 1417 recudit
3108 1343 3777 1417 ex_autographo__Schinp-

2204 1418 2381 1478 (linus,
2417 1416 2585 1469 Alsat.
2611 1413 2835 1479 diplom.
2872 1421 2909 1463 t.
2943 1411 2983 1475 Ι,
3019 1427 3135 1481 pag.
3164 1411 3219 1474 4,
3250 1422 3305 1465 et
3325 1414 3419 1466 aeri
3442 1411 3775 1470 incidendum

2203 1488 2444 1540 curavit:
2473 1484 2911 1547 lnstrumeutum,
2932 1496 3039 1548 quo
3066 1483 3336 1549 antiquius
3359 1484 3565 1538 nullum
3585 1487 3777 1541 Alsatia

508 1555 560 1607 in
591 1550 925 1627 Laudunensi
960 1567 1095 1621 pago
1121 1553 1279 1627 sitam
1308 1550 1628 1627 concedunt,
1664 1553 1860 1627 saepius
1890 1552 2087 1627 editum
2124 1569 2165 1627 Β
2200 1556 2456 1627 possidet,
2505 1553 2695 1608 eodem
2738 1550 3067 1627 Splimpiliuo
3096 1562 3251 1627 teste.
3285 1552 3599 1627 Monasterii
3630 1558 3778 1626 hujus

508 1625 808 1677 recudimus
832 1637 899 1676 ex
913 1620 1222 1691 apographo
1235 1622 1373 1689 quod
1397 1621 1627 1691 domnus
1653 1620 1927 1691 Quinsert,
1946 1624 2085 1676 inter

505 1695 604 1745 alia
627 1694 796 1759 plura,
827 1707 893 1746 ex
922 1690 1245 1745 chartulario
1268 1690 1450 1745 Sancti
1480 1692 1704 1744 Amandi
1732 1690 2086 1760 deprompsit,

480 1777 562 1830 get
618 1764 668 1815 in
725 1764 1214 1830 cliartOphylacium
1264 1770 1505 1815 nostrum
1553 1760 1775 1814 invexit.
1831 1760 2084 1827 Miraaus,

492 1816 678 1900 bpera
706 1831 835 1897 dipl.
870 1816 1133 1900 t.'|,'pag.
1162 1832 1286 1891 HS,
1313 1840 1367 1883 et
1397 1831 1485 1884 alii
1534 1832 1662 1883 editi
1694 1831 1744 1882 in
1777 1830 1915 1883 notis
1940 1816 2088 1885 citati

504 1904 742 1970 reginam
771 1902 1041 1968 appellant
1065 1902 1463 1964 Blidechildem,
1498 1915 1622 1970 quae,
1645 1900 1823 1970 regina
1846 1901 2085 1967 quidem,

500 1981 556 2024 et
574 1969 711 2025 uxor
738 1970 1031 2024 Childerici
1066 1974 1188 2034 l'uit,
1216 1972 1309 2025 sed
1342 1986 1499 2036 quam
1530 1969 1865 2023 Gliildericus
1910 1972 2088 2024 adhuc

506 2056 657 2107 puer,
689 2054 829 2092 anno
852 2040 888 2091 2
916 2040 1063 2106 regni
1104 2042 1206 2103 sui,
1239 2055 1343 2109 quo
1386 2039 1573 2109 datum
1604 2039 1837 2109 diploma
1868 2038 2086 2108 dicitur,

505 2126 555 2162 ιιι
581 2124 800 2163 uxorem
832 2110 1065 2162 nondum
1097 2107 1339 2164 duxerat.
1364 2108 1667 2179 Genuinuin
1700 2107 1855 2176 hujus
1889 2107 2088 2179 regina}

502 2194 698 2233 nomen
722 2180 878 2233 docet
903 2180 1306 2244 chartulnrium,
1338 2178 1691 2238 lliuechildis,
1722 2194 1817 2232 seu
1847 2178 2088 2247 asperio-

503 2252 546 2302 ri
601 2265 758 2313 sono,
814 2257 874 2302 ut
929 2250 1055 2303 olim
1103 2250 1448 2315 efferebatur,
1502 2247 1910 2312 Cliilnechildis,
1967 2264 2085 2317 qua

500 2322 705 2373 scilicet
732 2320 915 2372 relicta
948 2320 1043 2372 fuit
1066 2318 1329 2388 Sigeberti
1360 2319 1420 2372 ll.
1454 2318 1533 2373 Eo
1571 2318 1839 2381 defuncto,
1880 2320 1931 2371 in
1980 2324 2088 2373 Au-

498 2392 688 2442 strasin
715 2392 931 2442 tutelam
958 2391 1123 2458 gessit
1146 2388 1429 2444 Childerici
1454 2389 1612 2457 regis,
1638 2392 1801 2456 geniti
1824 2404 1853 2441 a
1883 2390 1978 2443 viri
2003 2390 2087 2444 sui

500 2458 768 2526 Sigeberti
800 2458 981 2509 fratre.

574 2527 631 2580 2.
680 2526 1015 2582 Ghildericus
1047 2528 1086 2581 ll
1119 2528 1255 2581 dona
1305 2527 1633 2581 monasterio
1679 2527 1997 2590 Senonensi,
2028 2528 2081 2582 in

503 2596 730 2662 Vosago,
749 2598 974 2649 contulit
998 2597 1286 2664 diplomate
1317 2614 1369 2649 n.
1392 2599 1451 2663 ll,
1478 2612 1544 2650 ex
1563 2599 1777 2650 arcliivu
1791 2598 2086 2652 Seuonensi

504 2681 534 2718 a
563 2666 1225 2738 Mabilluniudeprompto,
1257 2669 1450 2721 Annal.
1471 2676 1508 2720 t.
1534 2668 1574 2731 l,
1610 2683 1710 2738 pag
1733 2666 1857 2721 692.
1890 2669 2087 2722 Desunt

503 2748 642 2790 nota:
673 2736 1089 2804 chronologicte;
1140 2752 1341 2790 annum
1398 2736 1727 2807 praalixiiutis
1781 2738 2083 2806 66l,juxta

502 2817 770 2874 receptam
796 2809 1099 2860 criticorum
1129 2808 1456 2874 opinionem.
1481 2807 1573 2862 Sic
1599 2819 1774 2862 autem
1800 2808 1833 2860 ii
1865 2820 2086 2864 senten-

500 2878 624 2929 tiani
647 2891 797 2929 suam
830 2885 1041 2930 tuentur
1071 2895 1083 2929 :
1117 2879 1198 2931 Ab
1224 2878 1419 2931 Ottune
1476 2892 1601 2946 rege
1626 2893 1766 2930 anno
1817 2877 1920 2931 949
1944 2893 2076 2931 con-

436 2965 440 2968 ’
499 2949 763 2999 lirmatuin
818 2945 914 2999 fuit
958 2948 1390 3011 instrumentum,
1448 2958 1504 3001 ut
1528 2945 1707 3002 videre
1749 2957 1831 3001 est
1862 2950 1913 3001 in
1936 2949 2073 3002 Coll.

493 3026 677 3088 St‘l‘lpl.
696 3031 802 3069 rer.
822 3015 1011 3088 [ft-anc.
1040 3027 1078 3070 t.
1098 3019 1180 3080 Ill,
1199 3032 1315 3086 pag.
1331 3017 1456 3081 581,
1472 3021 1609 3088 quod
1625 3018 1814 3071 dicitur
1825 3020 2075 3088 emissum

493 3087 556 3139 ab
588 3088 798 3154 antiquo
829 3085 1066 3140 llildrico
1090 3103 1223 3155 rege.
1253 3085 1380 3141 inde
1406 3085 1582 3140 autem
1611 3100 1839 3155 arguunt
1865 3086 2077 3143 Childe-

498 3158 667 3210 ricnm
709 3162 848 3209 hunc
888 3158 1051 3211 fuisse
1100 3158 1255 3225 hujus
1302 3158 1530 3211 numinis
1567 3157 1882 3221 secundum,
1914 3173 2075 3226 quem

494 3230 761 3294 antiquum
792 3236 1000 3292 vocant,
1053 3228 1117 3279 ad
1148 3230 1433 3280 discrimen
1487 3241 1611 3280 cum
1639 3226 1941 3281 Childerico
1969 3239 2074 3282 ter—

498 3305 593 3359 tiu,
622 3311 803 3363 rcgnnt
825 3295 1300 3363 Mernvingicdrutn
1333 3298 1537 3349 ultimo.
1575 3296 1867 3350 Fatendum
1898 3307 2075 3352 tamen

497 3366 559 3439 id,
582 3382 685 3439 non
712 3371 844 3417 bene
872 3380 1165 3439 congruere
1184 3367 1583 3439 cu_m_clironico
1604 3367 1898 3420 SenonenSI
1928 3367 2076 3439 (Spi-

493 3436 580 3485 ιιι.
618 3435 836 3486 Dacher.
867 3444 900 3485 t.
938 3434 1057 3501 ΙΙΙ,
1079 3452 1199 3504 pag.
1230 3436 1372 3504 275)
1408 3440 1545 3504 quod
1586 3439 1853 3489 conditum
1900 3434 2073 3490 Seno-

496 3519 663 3556 nense
714 3506 1091 3557 monasterium
1123 3515 1347 3557 testatur
1397 3521 1535 3559 anno
1557 3506 1751 3559 Christi
1776 3508 1901 3560 720.
1925 3508 2074 3563 'l‘utic

494 3582 696 3646 autem,
723 3588 825 3625 non
868 3574 1176 3646 Ghildericu
1232 3575 1291 3637 Il,
1319 3573 1414 3629 sed
1443 3576 1746 3643 Chilperico
1779 3578 1885 3628 lilio
1932 3578 2069 3646 ejus,

497 3644 835 3695 tribuendum
879 3641 1017 3697 iuret
1045 3644 1278 3712 diploma
1310 3646 1375 3697 de
1405 3660 1509 3712 quo
1532 3641 1756 3712 agimus.
1787 3641 1976 3699 Facilis
2005 3641 2073 3701 de

495 3712 798 3779 Chilperico
820 3713 871 3766 in
920 3714 1275 3768 Ghildericum
1309 3716 1484 3783 lapsus
1512 3755 1527 3781 ,
1560 3728 1657 3768 nec
1709 3731 1830 3770 raro
1858 3718 2072 3785 gravius

494 3792 811 3835 erraverunt
840 3799 1208 3837 amauueuses.

565 3853 617 3905 3.
644 3852 966 3923 lfrumminm
997 3858 1157 3908 breve
1181 3852 1488 3923 diplomatis
1509 3853 1793 3909 Cliilderici
1815 3854 1875 3919 ll,
1906 3871 1961 3910 n.
1986 3855 2066 3920 ΙΙΙ,

488 3937 525 3975 a
548 3921 786 3990 pluribus
837 3924 1061 3991 editum,
1086 3939 1151 3977 ex
1173 3921 1431 3979 chronica
1456 3924 1861 3980 Monasteriensi
1891 3928 2069 3983 Sancti

494 3993 741 4061 Gregorii
764 3994 1133 4061 depromptum
1150 4005 1251 4057 est,
1281 4003 1499 4050 exarato
1528 4010 1666 4048 anno
1682 3995 1881 4049 Christi
1915 3995 2066 4064 H91,

492 4079 525 4115 a
544 4063 799 4117 Marteuin
822 4079 1050 4131 primum
1083 4067 1314 4133 vulgatu,
1345 4068 1593 4133 nuperab
1619 4066 1809 4119 abbate
1839 4067 2069 4121 Grandi-

488 4137 631 4197 dier,
659 4134 708 4186 in
740 4133 871 4186 llist.
904 4137 1037 4187 eccl.
1067 4135 1373 4202 Strazburg.
1406 4174 1421 4199 ,
1469 4147 1508 4188 ι.
1554 4137 1593 4199 l,
1627 4149 1744 4202 pag.
1796 4135 1884 4204 l9,
1916 4151 2070 4192 accu-

492 4203 663 4256 ratius
687 4218 893 4257 recuso.
931 4205 1008 4257 Ex
1059 4204 1315 4258 chronico
1359 4205 1610 4258 discimus
1664 4203 1876 4259 collata
1902 4206 2067 4262 fuisse

490 4279 598 4352 hoc
626 4273 1169 4352 diploinatehdunata
1199 4274 1525 4352 Childerico-
1550 4289 1697 4352 rege,
1744 4281 2067 4352 monasterio
2096 4292 2145 4352 D

486 4343 672 4396 Sancti
706 4341 943 4413 Gregorii
1000 4346 1050 4417 in
1102 4345 1325 4397 Alsatia.
1359 4345 1410 4396 Id
1440 4341 1655 4417 quidem
1681 4360 1767 4417 ex
1791 4346 1906 4416 ipso
1929 4346 2068 4417 [rag-

496 4423 695 4485 "leniti,
723 4419 859 4485 erui
888 4415 1228 4485 llequiILSCtl
1289 4429 1480 4468 nomen
1543 4415 1825 4485 Eltiltildis’
1852 4415 2069 4485 reginae,

488 4482 636 4547 quod
668 4483 737 4535 ibi
768 4484 976 4551 legitur,
1010 4501 1039 4536 ιι
1067 4482 1370 4538 Gliilderico
1396 4484 1710 4539 “emissum
1741 4482 2071 4541 instrumen-

488 4561 608 4625 inm
640 4552 823 4625 docet;
858 4554 958 4606 hoc
977 4557 1118 4625 enim
1151 4557 1366 4607 nomine
1400 4569 1695 4624 agnoscere
1718 4566 1799 4609 est
1836 4560 2070 4625 reginam

488 4620 899 4693 Hinectiddem,
946 4619 1039 4677 se‘u
1068 4619 1489 4684 Chiuechildem,
1536 4640 1650 4693 qua:
1682 4619 2091 4682 tutelain'Gnilv

492 4691 662 4745 derici
691 4691 728 4744 ll
754 4693 992 4759 gerebat,
1014 4704 1070 4747 ut
1095 4710 1273 4762 supra,
1294 4711 1438 4749 num.
1458 4695 1510 4761 1,
1535 4691 1779 4749 diximus.
1819 4699 1893 4750 Ex
1918 4702 2075 4750 chro-

487 4762 618 4815 uicu
656 4768 866 4836 eodem,
908 4777 1077 4817 annus
1120 4765 1298 4818 emissi
1325 4767 1632 4833 diplomatis
1676 4768 1917 4836 arguitur
1943 4769 2068 4834 (itil,

484 4843 586 4907 aut
612 4834 878 4907 circiter,
896 4847 1022 4907 ergo
1070 4836 1332 4907 Quintius,
1382 4836 1576 4907 Annal.
1606 4834 1759 4907 t.lll,'
1790 4852 1907 4907 pag.
1942 4838 2069 4903 £96,

488 4902 777 4977 infeliciter
805 4903 1091 4977 arbitratur
1118 4905 1391 4977 conditum
1432 4906 1618 4977 Sancti
1648 4902 1890 4977 Gregorii
1949 4902 2071 4963 uio;

486 4974 789 5047 itasterinm
832 4974 973 5027 circa
1010 4989 1211 5029 annum
1260 4973 1386 5029 6u7.
1435 4976 1601 5047 l’eriit
1650 4973 2071 5047 autograplinm,

488 5045 637 5112 quod
675 5058 773 5099 suo
804 5054 1043 5116 tempore
1072 5050 1276 5100 salvum
1314 5045 1583 5101 exstitisse
1634 5049 1709 5101 ait
1738 5045 2069 5116 chronogra-

496 5117 659 5181 gilius,
707 5114 845 5183 apud
876 5116 1100 5171 Marteu.
1158 5117 1319 5172 Thes.
1348 5117 1539 5171 anecd.
1589 5127 1626 5171 t.
1663 5118 1749 5183 ιιι,
1782 5119 1885 5172 col.
1912 5114 2071 5174 MSS.

494 5184 792 5261 Notandum
826 5188 1097 5261 praecipue,
1121 5190 1189 5241 ibi
1224 5186 1661 5261 ltuthariunidici
1691 5190 2071 5261 Strazburgen-

492 5257 963 5329 semepiscopuni.
1016 5259 1192 5312 Prima
1236 5261 1377 5312 enim
1423 5268 1506 5311 est
1534 5259 1646 5311 haec
1672 5257 2072 5329 Argeutinénsis

495 5327 1177 5401 Ecclesireappellatiosub
1205 5332 1417 5401 nomine
1455 5327 1770 5401 Strazburgi'
1790 5334 1847 5397 °;
1876 5335 1943 5387 de
1974 5337 2074 5387 hoc

495 5397 687 5449 videsis
716 5396 852 5450 Hist.
884 5397 1027 5451 Eccl.
1050 5399 1358 5470 Strasburg.
1391 5409 1429 5453 t.
1461 5402 1498 5466 ι,
1531 5413 1650 5469 pag.
1672 5396 1763 5455 20.

568 5516 590 5542 °
624 5510 677 5562 In
701 5519 881 5563 nostra
910 5515 1244 5570 recensione.
1276 5515 1415 5569 Edit.
2084 5554 2087 5557 »

570 5576 596 5614 b
627 5580 752 5635 Vide
781 5590 954 5636 tamen
978 5583 1289 5652 Gregorium
1317 5586 1703 5655 Turonensem,
1730 5586 1766 5643 i.
1802 5603 1875 5653 ix,
1899 5600 1949 5642 c.
1980 5584 2068 5641 56.

2196 1621 2501 1691 primarium
2533 1638 2726 1677 nomen
2765 1622 2863 1675 l'uit
2893 1623 3311 1674 monasteriolum
3337 1621 3662 1691 Conﬂuentis
3684 1621 3714 1690 ,⁷
3730 1644 3779 1681 ιιι

2195 1697 2297 1750 hoc
2329 1704 2551 1756 testatur
2570 1694 3013 1763 instrumentum;
3042 1702 3097 1745 et
3120 1693 3199 1746 sic
3221 1693 3419 1746 dictum
3438 1735 3455 1761 ,
3488 1696 3630 1763 quod
3660 1712 3781 1749 con-

2192 1766 2358 1817 ditum
2391 1765 2486 1818 fuit
2514 1762 2580 1815 ad
2604 1762 2910 1816 conﬂuxum
2939 1760 3165 1816 duorum
3198 1760 3523 1828 rivuluruni,
3543 1774 3600 1818 ut
3627 1767 3782 1821 docet

2196 1835 2551 1897 Mablllonins,
2577 1833 2769 1886 Annal.
2797 1841 2834 1886 t.
2870 1832 2908 1894 Ι,
2946 1845 3064 1900 pag.
3095 1831 3222 1887 457.
3253 1832 3401 1899 Quod
3441 1845 3624 1888 autem
3661 1852 3782 1889 san-

2192 1917 2278 1957 cto
2309 1904 2569 1973 Gregorio
2615 1903 2846 1956 dicatum
2895 1903 3013 1963 fuit,
3048 1902 3234 1973 Sancti
3274 1904 3513 1973 Gregorii
3547 1907 3600 1959 in
3632 1906 3782 1962 Valle

2192 1989 2385 2029 nomen
2417 1971 2676 2041 sumpsit,
2710 1975 2994 2026 vernacule
3036 1971 3269 2026 Munsler
3307 1989 3368 2026 en
3391 1971 3781 2045 'Gregoriental.

2262 2066 2315 2119 5.
2362 2065 2476 2119 Duo
2522 2065 2777 2119 habemus
2820 2061 3103 2117 Childerici
3136 2063 3174 2116 ll
3206 2064 3513 2135 diplomata,
3547 2081 3648 2135 pro
3677 2084 3785 2122 mo-

2192 2136 2440 2191 nasteriis
2467 2134 2767 2189 Stabulensi
2796 2143 2850 2188 et
2903 2135 3388 2189 Malinundariensi.
3420 2134 3595 2199 Prius,
3628 2155 3685 2190 η.
3724 2140 3781 2202 V,

2190 2223 2219 2260 a
2246 2204 3023 2272 Martenio,ampliss.Gollect.
3044 2214 3082 2256 t.
3117 2204 3179 2267 Il,
3204 2207 3306 2257 col.
3337 2204 3391 2268 9,
3420 2220 3487 2259 ex
3515 2210 3785 2261 chartula-

2194 2276 2272 2330 rio
2323 2275 2624 2330 Stabulensi
2678 2276 3048 2342 depromptum
3093 2275 3213 2327 fuit.
3253 2275 3326 2329 lbi
3354 2276 3695 2332 Ghildericus
3740 2280 3782 2333 ll

2192 2345 2594 2416 Germiniacum
2619 2344 2722 2416 his_
2744 2345 3086 2416 monasteriis
3128 2359 3156 2397 a
3186 2345 3465 2412 Sigeberto
3496 2361 3624 2416 rege
3654 2364 3779 2402 con-

2189 2432 2398 2471 cessum
2431 2415 2642 2471 asserit.
2685 2414 3045 2483 Expungenda
3074 2414 3288 2468 insolita
3322 2428 3443 2468 nota
3483 2414 3779 2471 chronolo-

2190 2487 2302 2555 gica
2332 2502 2468 2538 anno
2498 2485 2879 2555 lncarnationis
2909 2485 3016 2540 640
3044 2524 3058 2548 ,
3102 2486 3166 2538 ad
3198 2487 3398 2539 calcem
3432 2502 3459 2539 a
3490 2490 3780 2543 neoterice

2189 2558 2387 2620 addita,
2428 2554 2627 2610 infelici
2654 2556 3085 2621 computatione;
3137 2570 3308 2622 neque
3331 2559 3492 2621 enim,
3528 2557 3631 2611 nisi
3667 2572 3780 2624 post

2192 2628 2369 2694 viginti
2402 2627 2595 2679 abhinc
2624 2641 2792 2678 annos
2831 2624 3163 2697 Childericus
3189 2627 3233 2679 ll
3271 2640 3489 2695 regnum
3528 2631 3777 2697 auspica-

2192 2708 2276 2749 tus
2304 2706 2405 2750 est.
2440 2699 2588 2749 Circa
2638 2710 2835 2749 annum
2863 2695 2969 2749 664
3014 2697 3191 2749 datum
3244 2697 3404 2749 fuisse
3452 2695 3777 2764 conjiciinns

2190 2770 2622 2827 instrumentum,
2643 2766 2783 2834 quod
2805 2766 2870 2819 ibi
2901 2765 3183 2819 Remaclus
3210 2765 3325 2819 SOlll
3344 2765 3538 2819 abbatis
3553 2773 3778 2823 nomine

2187 2838 2503 2904 appellatur.
2537 2836 2625 2904 qui
2680 2850 2820 2888 anno
2846 2835 2951 2889 662
2982 2836 3310 2903 episcopales
3360 2837 3554 2890 infulas
3606 2840 3780 2903 dei-oo

2187 2917 2389 2974 suerat,
2409 2918 2463 2961 ut
2486 2907 2611 2961 dicit
2640 2906 2841 2959 Mabill.
2866 2907 3057 2960 Annal.
3085 2915 3125 2959 t.
3153 2906 3192 2969 l,
3227 2921 3345 2974 pag.
3374 2905 3500 2961 457.
3521 2907 3779 2963 Fatemur

2186 2989 2360 3030 tamen
2416 2978 2668 3031 omissam
2722 2976 2890 3028 videri
2933 2990 3088 3042 posse
3133 2992 3313 3029 vocent
3366 2978 3657 3043 episwpiis.
3688 2982 3776 3033 Sic

2178 3047 2323 3100 enim
2355 3049 2564 3115 legitur:
2614 3046 2767 3098 Pater
2786 3054 2957 3098 noster
2972 3044 3245 3098 Remaclus
3264 3057 3312 3098 et
3340 3047 3486 3099 abba.
3517 3049 3781 3102 Sci-ibeo-

2178 3120 2302 3171 duin
2336 3117 2473 3171 forte
2502 3118 2599 3170 fuit
2646 3117 2915 3184 episcopus
2944 3128 2991 3169 et
3045 3117 3194 3177 abba,
3241 3128 3299 3169 ut
3351 3118 3506 3184 vulgo
3563 3122 3617 3171 in
3651 3121 3776 3172 aliis

2178 3188 2544 3242 instrumentis
2574 3197 2793 3241 vocatur
2837 3187 3145 3249 lieniaclus;
3195 3197 3251 3240 et
3302 3187 3436 3240 hanc
3478 3190 3773 3242 lectionem

2180 3265 2354 3310 tuetur
2377 3257 2559 3311 vocula
2582 3264 2648 3319 et,
2678 3270 2794 3324 qua:
2826 3257 2910 3309 hic
2937 3258 3109 3310 otiosa
3130 3267 3327 3323 manet,
3356 3269 3408 3311 et
3435 3259 3773 3324 praetermis—

2175 3341 2289 3380 sam
2317 3328 2555 3397 episcopi
2589 3340 2772 3381 vocem
2802 3326 3069 3394 indigitat.

2246 3420 2300 3474 6.
2362 3420 2598 3473 Alterum
2653 3418 2941 3473 Childerici
2970 3417 3011 3471 ll
3040 3418 3294 3486 diploma,
3349 3435 3402 3472 n.
3438 3418 3547 3485 Vll,
3573 3420 3649 3472 ab
3680 3436 3775 3474 eo-

2174 3490 2297 3544 dem
2351 3489 2634 3554 Marteniu,
2691 3489 2931 3558 ampliss.
2961 3488 3187 3544 Collect.
3239 3499 3278 3543 ι.
3315 3489 3375 3553 ll,
3430 3505 3549 3558 pag.
3584 3491 3677 3551 £0,
3707 3506 3776 3544 ex

2174 3560 2499 3614 chartulario
2534 3560 2837 3613 Stabulensi
2871 3559 3164 3628 vulgatum,
3184 3568 3240 3613 et
3264 3561 3460 3627 saepius
3484 3574 3767 3627 recusem,

2175 3632 2454 3684 conﬁrmat
2482 3631 2821 3684 monasteriis
2857 3628 3162 3684 Stabulensi
3214 3640 3266 3684 et
3289 3632 3767 3685 Malmundariensi

2175 3703 2360 3753 silvam
2379 3715 2535 3766 quam
2549 3701 2625 3753 eis
2648 3699 2959 3767 Sigebertus
2983 3698 3026 3753 ll
3043 3710 3383 3753 concesserat
3407 3712 3454 3764 ε,
3480 3700 3548 3752 ad
3565 3702 3772 3754 medie-

2176 3779 2337 3824 tatem
2365 3781 2543 3825 tamen
2577 3774 2792 3823 reducta
2837 3772 3146 3823 donatione.
3202 3770 3365 3838 llujus
3421 3773 3769 3823 continuatio

2173 3841 2297 3895 data
2327 3849 2411 3895 est
2436 3844 2536 3895 sub
2597 3838 2900 3910 nominibus
2926 3841 3212 3894 Childerici
3271 3841 3427 3893 simul
3457 3851 3512 3895 et
3542 3842 3766 3910 regina-

2174 3925 2313 3976 rum,
2349 3910 2729 3976 Emnecbildis,
2774 3909 3034 3980 Sigelierti
3086 3913 3307 3971 relictae,
3340 3925 3405 3963 ac
3460 3909 3767 3975 Blichildis,

2175 3984 2354 4034 uxoris
2378 3980 2696 4046 Gliildcrici;
2729 3981 2845 4034 ha-c
2870 3981 2918 4032 ei
2960 3982 3258 4048 nuperrime
3289 3991 3577 4048 nupserat;
3607 3995 3775 4034 emis-

2173 4065 2292 4103 sum
2320 4052 2459 4104 enim
2490 4051 2586 4103 luit
2616 4052 3022 4103 instrumentum
3048 4057 3234 4103 octavo
3253 4052 3401 4117 regni
3432 4053 3574 4119 regis
3591 4066 3766 4111 anno,

2175 4122 2225 4174 id
2249 4130 2331 4174 est
2358 4136 2499 4173 anno
2537 4121 2734 4175 Ghristi
2785 4122 2910 4185 667,
2952 4135 3058 4189 quo
3095 4121 3181 4189 vix
3207 4130 3457 4188 quartum
3488 4122 3772 4174 decimum

2172 4206 2369 4244 annum
2389 4193 2698 4258 expleverat
2719 4188 3073 4245 Ghildericus.
3098 4188 3233 4244 [line
3256 4203 3399 4256 patet
3420 4191 3771 4255 licitiaciuui,

2173 4263 2261 4329 qui
2299 4272 2425 4315 tunc
2453 4261 2643 4315 dicitur
2672 4262 3000 4315 Stabulensis
3039 4270 3094 4314 et
3125 4260 3622 4315 Malmundariensis
3655 4264 3769 4313 ab-

2175 4337 2291 4397 bas,
2340 4332 2503 4384 vitam
2562 4332 2873 4399 produxisse
2926 4333 3165 4400 pluribus
3192 4332 3347 4384 annis
3378 4342 3497 4394 post
3551 4347 3767 4383 annum

2174 4401 2299 4467 664,
2343 4403 2444 4455 sub
2466 4416 2570 4469 quo
2603 4403 2768 4470 ipsius
2819 4403 3021 4455 obitum
3053 4416 3116 4453 ex
3171 4404 3479 4469 conjectura
3522 4401 3772 4454 collocas

2175 4472 2532 4535 Mabillunius,
2564 4475 2693 4527 Acta
2716 4472 2810 4526 SS.
2841 4473 3040 4527 Beued.
3073 4483 3111 4523 ι.
3148 4470 3209 4534 ll,
3241 4488 3359 4540 pag.
3384 4472 3514 4536 473,
3538 4480 3651 4525 not.

2246 4565 2298 4621 7.
2330 4563 2569 4631 Diploma
2624 4578 2677 4616 n.
2712 4561 2803 4627 IX,
2862 4576 2968 4630 quo
2997 4561 3331 4615 Childericus
3359 4562 3396 4613 ll
3451 4560 3773 4614 immunita-

2176 4642 2281 4689 tem
2303 4635 2687 4700 amplissimam
2698 4637 2943 4687 concedit
2967 4632 3217 4686 Dervensi
3247 4634 3591 4694 monasterio,
3610 4647 3773 4684 anno

2174 4706 2371 4759 Christi
2409 4703 2512 4756 675
2555 4703 2897 4771 ascripsimus
2929 4703 3153 4756 :datum
3198 4704 3345 4755 enim
3389 4704 3581 4755 dicitur
3606 4717 3768 4756 anno

2176 4776 2323 4845 regni
2352 4790 2429 4837 ιιι,
2477 4776 2618 4843 quod
2645 4776 2905 4845 deircguo
2960 4776 3010 4825 in
3056 4774 3356 4840 Burgundia
3386 4773 3769 4845 accipiendum

2173 4843 2277 4909 est,
2324 4845 2586 4913 siquidem
2617 4846 2668 4897 in
2695 4843 2998 4910 Burgundia
3025 4847 3184 4897 situm
3233 4853 3316 4897 est
3366 4843 3765 4895 monasterium

2180 4918 2447 4969 Dei-vense
2476 4930 2493 4979 ;
2526 4930 2746 4983 regnum
2804 4925 2981 4968 autem
3049 4913 3367 4982 Bnrgundia:
3404 4914 3625 4979 adeptus
3675 4924 3771 4965 est

2172 4986 2504 5054 dedericus
2532 4995 2645 5054 post
2676 4996 2900 5038 mortem
2948 4984 3163 5036 Clutarit
3198 4983 3285 5047 ιιι,
3315 4985 3403 5050 qui
3431 4984 3560 5036 obiit
3602 4996 3769 5054 anno

2173 5053 2298 5108 670.
2334 5051 2556 5111 Erulum
2600 5056 2698 5110 luit
2747 5057 3153 5108 instrumentum
3204 5066 3271 5106 ex
3320 5053 3581 5107 chartario
3611 5051 3767 5105 Der-

2175 5128 2344 5191 vensi,
2386 5140 2441 5181 et
2469 5131 2533 5179 ad
2559 5128 2715 5181 lidein
2764 5126 3032 5178 Gamusati
3064 5139 3093 5177 a
3150 5124 3304 5177 nubis
3362 5137 3595 5178 recnsum
3634 5133 3771 5189 est;

2174 5197 2268 5250 sed
2300 5198 2660 5269 postmodum,
2689 5197 2927 5269 inspecto
2950 5198 3064 5269 ipso
3079 5195 3423 5269 cliartulariu,
3452 5194 3768 5269 etdiligenf

2175 5273 2255 5319 ter
2283 5283 2402 5320 cum
2459 5268 2615 5321 editis
2654 5267 2867 5331 collato,
2898 5264 3088 5332 paucas
3132 5266 3374 5333 quidem,
3424 5278 3518 5317 nec
3563 5264 3773 5331 magni

2177 5338 2452 5402 momenti,
2507 5339 2795 5393 lectionum
2848 5338 3236 5404 discrepanti-as
3274 5334 3774 5405 deprehendimus,

2173 5423 2305 5477 quas
2344 5412 2478 5463 inter
2507 5422 2672 5462 uncos
2702 5408 3068 5476 ascripsimus.

2248 5523 2268 5550 ο
2295 5520 2533 5583 Diploma
2559 5520 2818 5591 Sigeberti
2848 5521 2971 5577 vide
2993 5535 3171 5592 supra,
3196 5522 3301 5578 col.
3332 5524 3449 5578 52!.
