4008 6176
363 222 500 279 1285

768 335 796 406 ς
838 335 901 390 ll.
931 362 1001 375 —
1029 333 1321 399 Diplomata
1344 335 1543 400 spuria.

430 428 554 483 Tria
603 425 703 481 sub
743 425 957 479 nomine
1009 425 1290 478 Childerici
1352 424 1391 478 11
1442 422 1597 479 edita
1631 422 1925 492 diplomata

361 498 651 553 manifesta:
675 494 921 547 falsitatis
944 493 1133 546 indicia
1164 494 1437 547 exhibent.

433 570 484 621 1.
528 567 759 619 Primum
815 564 1024 626 horum,
1056 579 1109 615 n.
1143 562 1230 626 IV,
1289 563 1500 630 fingitur
1526 564 1589 616 ad
1625 562 1919 617 Amandum

360 638 637 703 praesulem
684 644 735 703 et
795 635 1061 687 abbatem.
1104 632 1215 687 [loc
1254 632 1547 703 diplomate
1593 632 1922 703 Cliildericus

360 701 716 761 Nantuacensi
767 704 1087 756 monasterio
1116 704 1259 763 dona,
1299 702 1526 766 confert,
1552 714 1609 756 et
1643 701 1925 757 continuat

363 775 694 844 privilegium
723 787 753 844 a_
781 772 1036 844 Gregorio
1082 786 1211 844 papa
1241 771 1411 844 eidem
1445 772 1765 844 monasterio
1783 786 1921 844 conf

360 839 596 900 cessum.
620 842 756 909 quod
783 843 846 893 ad
878 839 935 893 se
961 856 1047 893 rex
1080 855 1107 892 a
1154 839 1412 909 Gregorio
1450 841 1707 895 directum
1746 840 1842 895 ait.
1871 841 1923 893 ld

360 930 489 968 vero
508 913 693 965 fal~um
718 910 913 980 prodit;
947 924 1044 963 nvc
1074 911 1207 963 ullus
1235 925 1363 980 papa
1396 909 1608 980 nomine
1636 911 1925 980 Gregorius

359 983 563 1037 exstitit
583 991 836 1041 regnante
863 978 1163 1034 Cltilderico
1199 978 1487 1041 ll.l)einde,
1517 981 1700 1033 datum
1731 978 1927 1033 dicitur

360 1054 592 1121 diploma
640 1048 885 1121 Parisiis,
920 1065 1054 1102 anno
1082 1065 1109 1101 ν
1141 1049 1351 1119 (regni)
1384 1048 1678 1121 Childerici,
1737 1049 1787 1102 id
1820 1060 1923 1121 est,

360 1118 501 1175 asino
525 1120 724 1173 Christi
758 1119 893 1180 66i;
935 1122 1032 1171 hoc
1055 1118 1226 1171 autem
1244 1118 1417 1181 anno,
1447 1118 1767 1172 Parisiorum
1792 1120 1925 1171 civi-

362 1202 444 1245 tas
488 1191 539 1243 in
586 1188 867 1241 Childerici
898 1188 1155 1242 ditionem
1203 1190 1433 1240 nondum
1464 1197 1719 1241 cesserat.
1763 1188 1925 1242 Deni-

358 1275 484 1330 que,
515 1258 840 1330 privilegium
867 1258 1119 1330 emissum
1144 1272 1173 1308 a
1204 1272 1324 1330 rege
1346 1256 1571 1321 dicitur,
1602 1257 1928 1330 concedente

357 1327 692 1384 Theoderico
722 1329 883 1380 fratre
911 1328 1046 1394 ejus,
1077 1328 1225 1393 quasi
1245 1334 1368 1381 tunc
1397 1336 1652 1396 regnaret.
1682 1327 1925 1381 Theodo-

360 1400 520 1459 ricus,
536 1397 622 1462 qui
639 1396 847 1450 nonnisi
872 1408 986 1462 post
1000 1410 1167 1449 annos
1183 1397 1357 1464 plures
1376 1411 1463 1449 rex
1481 1396 1805 1450 renuntiatus
1820 1406 1924 1452 est.

360 1468 511 1522 Bulla
526 1466 790 1535 Gregorii,
812 1480 968 1533 quam
996 1465 1323 1520 Cbildericus
1347 1466 1646 1529 confirmat,
1668 1470 1774 1533 ipsa
1800 1481 1927 1533 sop-

358 1536 592 1605 posititia
608 1545 711 1590 est.
730 1536 999 1589 Amandus
1033 1538 1220 1605 prtem!
1237 1545 1282 1587 et
1298 1535 1471 1597 abbas,
1502 1538 1745 1590 uenditor
1783 1535 1924 1590 Nan-

361 1604 625 1660 tuacensis
640 1606 943 1659 monasterii
958 1604 1271 1673 appellatur;
1288 1606 1332 1657 is
1347 1616 1427 1659 est
1439 1605 1793 1672 Trajectcnsis
1805 1607 1922 1673 epi-

1119 206 1526 273 DIPLOMATA.
1569 246 1636 257 —
1674 215 2058 272 CfllLDElthl
2100 217 2142 273 ll
2183 215 2461 275 ECCLES.
2504 217 2860 274 PRAECEPT.

1953 347 2001 403 Α
2029 348 2089 388 se
2130 334 2428 389 Elnonense
2480 336 2858 404 monasterium
2904 336 2955 387 in
2982 334 3201 390 dioecesi
3251 336 3596 404 Tornacensi,

3466 222 3601 278 1286

2028 407 2095 457 ab
2126 405 2328 458 Elnonc
2359 405 2520 473 Bclgii
2552 402 2712 459 ﬂuvio
2733 405 2809 458 sic
2837 406 3056 471 dictum,
3090 422 3208 460 cum
3238 402 3596 463 Nantnacensi

2022 477 2344 528 monasterio
2376 474 2426 528 in
2468 475 2685 529 dytecesi
2742 475 3107 544 Lugdunensi,
3170 478 3392 530 llelnoni
3427 482 3593 532 monti

2022 546 2283 610 proximo.
2306 544 2393 597 Sic
2415 559 2623 611 quoque
2644 546 2940 612 conjiciunt
2959 555 3204 600 auctores
3231 545 3389 601 Novae
3411 546 3601 603 Gallia:

2020 611 2356 676 Christianae,
2398 613 2485 666 ubi
2516 628 2698 680 supra.

2091 702 2128 755 2
2151 712 2204 756 et
2228 704 2282 756 5.
2318 701 2532 757 Duobus
2552 703 2950 768 diplomatibus,
2974 719 3028 758 n.
3053 703 3120 758 Vl
3145 714 3197 759 et
3229 704 3363 768 Vlll,
3381 705 3600 760 Childe-

2024 772 2164 844 ricus
2222 773 2260 825 Il
2304 772 2549 844 ecclesia,
2601 774 2990 828 Cenomanensi
3044 776 3289 829 concedit
3343 777 3600 844 quidquid

2025 842 2152 919 fisco
2179 844 2514 919 competebat
2542 843 2591 894 in
2623 855 2793 919 corte,
2824 858 2917 919 seu
2943 845 3066 919 villa
3114 842 3431 919 Arduno,‘in
3466 861 3602 919 pago

2026 912 2366 982 l’ictaviensi.
2384 913 2553 965 Ambo
2583 914 2913 979 supposititia
2935 914 3312 980 judicavimus,
3344 912 3600 982 quaenon

2025 981 2147 1045 alia,
2199 981 2299 1034 nisi
2349 988 2599 1034 Actorum
2656 982 3027 1049 episcoporum
3082 981 3598 1049 Cenomanensium,

2023 1052 2345 1104 auctoritate
2384 1051 2639 1112 nituntur,
2668 1066 2888 1117 quorum
2919 1053 3049 1107 ﬁdes
3092 1054 3325 1108 maxime
3353 1067 3601 1119 suspecta

2023 1127 2127 1190 est.
2185 1119 2277 1190 Sic,
2332 1130 2505 1173 autem
2563 1119 2752 1190 falsum
2810 1124 3098 1188 argnimus.
3165 1123 3312 1175 Prius
3366 1123 3602 1190 diploma

2023 1189 2201 1242 datum
2231 1189 2422 1261 dicitur
2450 1204 2589 1261 anno
2613 1188 2643 1241 7
2674 1191 2820 1257 regni
2850 1189 3155 1261 Childerici,
3187 1193 3391 1246 scilicet
3429 1188 3604 1261 hujus

2025 1261 2255 1313 nominis
2281 1259 2341 1323 ll;
2372 1273 2493 1312 nam
2521 1259 2781 1312 directum
2812 1269 2895 1312 est
2924 1260 2989 1311 ad
3016 1261 3269 1314 Didonem
3300 1259 3603 1316 Pictavien-

2023 1343 2135 1382 seni
2160 1328 2488 1396 episcopum,
2513 1330 2623 1397 qui,
2644 1339 2910 1397 regnante
2935 1328 3238 1383 Cbilderico
3257 1330 3323 1389 ll,
3352 1332 3605 1386 Ecclesia:

2026 1397 2336 1452 Pietaviensi
2372 1399 2601 1467 proﬂuit.
2636 1396 2820 1462 Porro,
2867 1400 2981 1451 falsi
3010 1399 3261 1453 indicium
3286 1410 3367 1453 est
3393 1400 3507 1453 bare
3536 1404 3606 1454 ad

2027 1467 2409 1521 Pietaviensem
2454 1469 2764 1551 episcopum
2817 1467 3117 1547 inscriptio.
3172 1468 3602 1551 flocenitnnin

2022 1547 2322 1590 stramento
2355 1538 2598 1592 ecclesiae
2627 1536 3011 1591 Cenomanensi
3046 1553 3137 1592 rex
3170 1536 3378 1593 ﬁscales
3402 1538 3607 1593 reditus

2024 1607 2079 1661 in
2111 1607 2310 1661 Arduni
2356 1616 2506 1660 curte
2534 1606 2813 1671 concedit;
2845 1608 2983 1674 quod
3021 1610 3088 1667 ad
3138 1605 3603 1663 Cenomanenaetn

359 1676 685 1751 scqpus,qui
716 1671 1082 1751 inter‘sanctos
1110 1671 1209 1728 fuit
1234 1680 1449 1751 relatus,
1478 1671 1919 1751 etquemibinsej
1952 1690 1998 1751 Β
2026 1677 2238 1751 quidem
2273 1676 2601 1751 episcopum,
2637 1676 2778 1751 nulla
2825 1671 3034 1731 ratione
3082 1677 3148 1729 ad
3185 1676 3603 1751 _Pi_cta\'_ienseui,

358 1745 561 1812 pultum
592 1758 684 1810 pro
720 1744 996 1798 conditore
1025 1755 1344 1797 venerantur
1365 1744 1778 1798 Nantuacenses.
1811 1745 1917 1800 Sed
1953 1744 1995 1751 ⁷
2026 1744 2319 1813 spectabat.
2351 1746 2590 1800 Alterum
2621 1746 2853 1812 diploma
2888 1760 3029 1799 anno
3051 1747 3198 1813 regni
3234 1748 3291 1798 11
3334 1749 3605 1813 signatur,

358 1823 512 1867 vetus
540 1813 729 1881 fabella
777 1823 860 1867 est
885 1815 1057 1881 potius
1086 1828 1245 1881 quam
1275 1812 1506 1877 traditio,
1532 1825 1585 1866 ut
1612 1814 1920 1878 Mabillonii,

360 1881 550 1937 Annal.
582 1891 620 1935 t.
651 1880 694 1943 l,
745 1895 865 1951 pag.
888 1880 1019 1949 373,
1052 1880 1230 1936 verbis
1267 1891 1493 1948 utamur,
1531 1898 1689 1951 quam
1744 1894 1923 1938 tamen

358 1952 591 2017 antiquis
619 1951 718 2007 loci
754 1952 1118 2024 monumentis
1133 1962 1197 2024 et
1219 1953 1611 2024 martyrologiis
1635 1957 1922 2024 consigna-

359 2033 491 2084 tam,
532 2035 650 2074 cum
705 2036 841 2075 nova
888 2021 1022 2075 Call.
1085 2022 1281 2076 Christ.
1336 2033 1373 2074 t.
1401 2022 1486 2084 IV,
1522 2021 1637 2076 col.
1696 2021 1927 2087 215⁷,18-

361 2101 555 2144 temur.
600 2090 861 2156 Cointius,
891 2093 1085 2148 Annal.
1117 2101 1153 2143 t.
1188 2092 1272 2155 111,
1302 2105 1417 2159 pag.
1445 2092 1575 2154 791,
1609 2104 1661 2147 et
1690 2093 1929 2146 Mabillo-

360 2161 505 2227 nius,
532 2163 720 2218 AnnaL
752 2160 849 2228 t.|,
878 2176 994 2233 pag.
1017 2161 1144 2228 461,
1175 2162 1635 2223 voluntfalsarium
1664 2163 1931 2217 confudis—

2025 1825 2081 1870 et
2104 1818 2171 1869 ibi
2197 1815 2479 1870 defunctus
2515 1816 2707 1868 dicitur
2735 1815 3000 1877 llerarius,
3050 1816 3466 1869 Cenomanensis
3492 1822 3607 1880 ept-

2026 1900 2241 1955 scoptts,
2271 1884 2360 1954 qui
2384 1900 2488 1955 non
2530 1885 2631 1955 nisi
2658 1893 2782 1954 post
2807 1886 3089 1951 septimum
3113 1896 3347 1955 amorte
3392 1883 3606 1937 Childe-

2033 1953 2138 2009 rici
2155 1969 2354 2008 annum
2387 1954 2537 2007 obiit.
2569 1954 2645 2007 De
2666 1953 2813 2007 anno
2855 1970 2962 2021 quo
2994 1953 3241 2007 Berarius
3269 1954 3497 2008 decessit
3526 1957 3600 2003 vi.

2030 2026 2172 2079 desis
2207 2027 2494 2078 Institutatn
2530 2039 2558 2077 a
2585 2023 2815 2087 Cointio,
2859 2023 2911 2077 in
2946 2026 3134 2078 Annal.
3161 2032 3200 2076 t.
3250 2021 3339 2083 ιν,
3368 2038 3491 2090 pag.
3535 2021 3606 2074 55

2031 2103 2084 2174 et
2137 2108 2253 2215 sleq.
2281 2134 2295 2156 ,
2336 2094 2769 2162 disputationem.
2801 2091 2952 2147 Adde
2987 2094 3039 2147 in
3086 2102 3308 2161 utroque
3352 2091 3607 2147 formulas

2034 2179 2150 2215 tnso
2175 2174 2295 2215 ttas.

2034 2174 2295 2217 lllSOlllas.

1339 2416 2387 2529 CEILDERICI
2466 2416 2616 2525 II

1662 2604 2086 2661 FRANCORUM
2124 2602 2328 2659 REGIS

661 2760 1874 2888 PIUECEPTIONES
1972 2758 3298 2889 ECCLESIASTIC/E.

1638 2970 1877 3050 (ANNO
1923 2971 2040 3031 660
2069 2969 2145 3031 ad
2174 2969 2338 3049 673.)

371 3312 612 3379 Dipfo‘mn
637 3327 735 3377 quo
760 3308 1073 3379 Childericus
1101 3317 1149 3361 et
1174 3304 1520 3361 Chinechildis
1549 3306 1738 3379 regina,
1763 3304 1938 3379 villam

442 3376 760 3436 BarisiaCum
792 3382 841 3432 in
874 3395 1004 3449 pago
1038 3378 1365 3432 Laudunensi
1397 3376 1676 3429 concidunt
1707 3377 1939 3431 Amando

435 3456 670 3521 episcopo
694 3456 719 3483 ⁸
743 3452 888 3521 (ann.
916 3451 1065 3518 651).

443 3560 809 3623 Cltildericus,
856 3573 947 3612 rex
979 3556 1305 3610 Francorum
1326 3595 1341 3619 ,
1382 3564 1434 3609 et
1460 3552 1824 3608 Chinecliildis
1853 3562 1947 3606 re-'

366 3651 491 3720 gina
522 3691 537 3716 ,
587 3651 706 3702 viro
755 3650 943 3701 illustri
997 3646 1248 3701 liertuino
1287 3645 1470 3699 comiti
1518 3654 1569 3699 et
1623 3643 1940 3697 Bertelando

370 3741 596 3795 vicario.
636 3740 827 3794 Merito
857 3737 1113 3807 largitatis
1142 3746 1323 3791 nostre
1352 3752 1569 3790 munere
1597 3738 1941 3790 sublevantur

368 3834 462 3903 qui
504 3847 598 3901 pro
636 3832 945 3902 parentibus
991 3829 1228 3896 nostris,
1276 3830 1358 3884 vel
1406 3828 1566 3883 etiam
1617 3844 1712 3897 pro
1760 3837 1941 3882 nostre

372 3924 740 3980 adolescentie
790 3932 930 3979 etate
981 3922 1324 3977 famulantur.
1380 3920 1608 3974 Proinde
1655 3926 1942 3987 cognoscat

374 4016 692 4085 magnitudo
719 4028 815 4069 seu
846 4013 1046 4068 utilitas
1074 4022 1250 4067 vestra
1280 4012 1401 4080 quia
1432 4025 1553 4077 nos,
1596 4017 1811 4077 prepter
1839 4023 1940 4063 no-

374 4123 501 4162 men
530 4106 739 4162 Domini
767 4106 847 4160 vel
876 4118 1111 4159 amorem
1141 4102 1396 4157 celestem
1418 4143 1432 4166 ,
1479 4099 1776 4168 apostolico
1806 4097 1941 4167 patri

372 4211 566 4254 nostro
596 4198 836 4252 Amando
860 4197 1134 4266 episcopo,
1167 4193 1342 4247 villam
1373 4200 1605 4246 nostram
1627 4234 1641 4257 ,
1672 4204 1943 4258 nuncupa-

371 4302 485 4344 tam
518 4291 843 4349 Barisiacum
869 4329 885 4354 ,
922 4289 1078 4343 sitam
1111 4288 1163 4341 in
1195 4300 1329 4355 pago
1360 4283 1696 4338 Laudunensi
1720 4321 1737 4348 ,
1785 4296 1940 4351 quam

444 4480 471 4508 ἰ
501 4469 789 4523 Ediderunt
818 4465 1047 4524 Μίνωας,
1078 4462 1249 4530 Opera
1272 4460 1492 4525 diplom.
1526 4467 1566 4512 t.
1598 4458 1637 4530 l,
1660 4473 1789 4530 pag.
1818 4456 1937 4521 125,

1966 3197 2012 3258 Ο
2043 3207 2210 3262 usque
2236 3209 2377 3248 nunc
2409 3193 2563 3248 ﬁscus
2596 3204 2777 3247 noster
2807 3195 3010 3259 tenuit,
3051 3197 3411 3265 promtissima
3441 3201 3607 3258 devo-

2042 3286 2205 3350 tione,
2235 3302 2355 3340 cum
2387 3286 2648 3341 universis
2679 3288 2869 3340 villulis
2900 3288 2966 3341 ad
2994 3302 3055 3343 se
3092 3289 3526 3360 adspicientibus,
3558 3305 3613 3349 et

2039 3392 2160 3431 cum
2187 3378 2328 3431 omni
2361 3377 2663 3447 integritate
2687 3380 2751 3432 ad
2779 3393 2838 3434 se
2862 3381 3175 3448 pertinente,
3196 3384 3536 3441 concedimus
3557 3398 3612 3440 et

2039 3480 2352 3520 concessam
2380 3480 2499 3521 esse
2522 3467 2784 3521 volumus.
2817 3467 3151 3537 Quapropter
3176 3474 3491 3528 auctoritate
3516 3491 3611 3527 no-

2040 3566 2148 3609 stra
2180 3556 2409 3623 presenti
2440 3556 2777 3611 decernimus
2819 3572 2884 3612 ac
2919 3560 3190 3626 jubemus,
3222 3563 3364 3631 quod
3395 3564 3446 3617 in
3479 3579 3611 3632 per-

2041 3655 2255 3715 petuum
2288 3647 2537 3701 volumus
2566 3661 2686 3702 esse
2716 3647 3122 3714 immansurum,
3154 3660 3209 3705 ut
3238 3652 3405 3719 ipsam
3435 3655 3612 3709 villam

2042 3748 2393 3791 memoratam
2428 3737 2755 3791 Barisiacum
2775 3778 2791 3804 ,
2836 3753 2957 3793 cum
2988 3740 3236 3796 omnibus
3263 3742 3331 3795 ad
3360 3758 3420 3798 se
3452 3748 3616 3813 perti-

2041 3826 2312 3890 nentibus,
2348 3836 2451 3879 tam
2483 3826 2534 3879 in
2564 3827 2746 3893 terris,
2774 3828 3041 3896 domibus,
3069 3831 3258 3897 vineis,
3286 3831 3460 3899 silvis,
3492 3849 3614 3901 pra-

2044 3916 2145 3981 tis,
2198 3916 2412 3983 pascuis
2456 3927 2510 3971 et
2551 3918 2829 3987 mancipiis
2870 3920 3061 3974 ibidem
3107 3921 3606 3989 commanentibus,

2041 4005 2180 4060 sicut
2208 4005 2366 4059 fiscus
2398 4015 2583 4059 noster
2616 4007 2813 4061 ibidem
2849 4012 3018 4063 tenuit
3043 4025 3105 4063 ac
3134 4011 3389 4079 possedit,
3414 4020 3468 4065 et
3500 4013 3618 4082 ipse

2044 4094 2281 4164 pontifex
2321 4096 2549 4149 domnus
2578 4096 2849 4150 Amandus
2875 4136 2891 4161 ,
2941 4098 3005 4150 ad
3052 4113 3186 4167 Opus
3231 4100 3616 4156 monachorum

2044 4202 2281 4251 suorum,
2313 4187 2516 4254 absque
2548 4187 2655 4240 ulla
2685 4188 3104 4243 contradictione
3134 4192 3215 4243 vel
3258 4190 3493 4243 dominio
3525 4209 3618 4246 ra-

2048 4278 2192 4332 tione
2220 4276 2372 4349 [Leg.
2405 4275 2839 4348 diutinorationej
2874 4288 3050 4332 teneat
3087 4295 3149 4334 ac
3191 4281 3477 4347 possideat.
3525 4283 3618 4339 Sic

2046 4466 2101 4531 nt
2143 4457 2432 4526 conjiciunt
2463 4457 2735 4531 Labbeus,
2781 4457 2998 4531 Miscell.
3037 4460 3174 4531 t_.7|l,
3224 4476 3341 4531 pag.
3376 4455 3502 4527 451,
3559 4474 3613 4518 et

361 4540 629 4601 Cointius,
659 4536 846 4591 Annal.
878 4536 1009 4589 eccl.
1042 4528 1232 4589 Frzinc.
1264 4540 1302 4584 t.
1324 4531 1405 4591 III,
1440 4545 1555 4596 pag.
1578 4529 1713 4592 5l2;
1748 4530 1930 4583 Mabil-
1961 4542 2011 4601 ο
2046 4528 2609 4601 Foppenus,_not:ead
2638 4528 2803 4601 Mirmi
2834 4530 3005 4601 Opera
3036 4528 3399 4601 diplom.,'ubi
3426 4548 3614 4601 supra,

363 4612 542 4665 Ionius
598 4613 732 4661 Ann.
765 4617 802 4658 t.
834 4605 873 4663 l.
908 4620 1024 4673 pag.
1066 4602 1205 4673 411οί
1250 4601 1574 4673 Collecmrcs
1613 4602 1930 4667 scriptorum

364 4696 549 4734 rerum
574 4678 758 4732 Gallic.
783 4684 821 4728 t.
851 4673 936 4734 IV,
962 4670 1081 4741 pag.
1104 4671 1231 4725 645.
1262 4671 1367 4725 Nos
1389 4670 1688 4741 recodimus
1714 4685 1776 4741 es
1807 4684 1934 4741 apo—

363 4748 571 4820 grapho
598 4747 777 4820 domui
806 4739 1126 4820 Queinsert,
1161 4739 1593 4820 congregationis
1625 4740 1683 4792 S.
1722 4739 1889 4820 Mauri
1914 4777 1928 4799 ,

363 4810 619 4889 quifillud
649 4810 979 4889 deprompsit
1016 4827 1082 4865 ex
1126 4810 1575 4889 cliqrtular-i‘ohanlt
1603 4810 1781 4889 simpli
1810 4849 1824 4871 ,
1877 4810 1930 4862 in

364 4877 601 4943 archivis
648 4877 981 4940 SCAmandi
1032 4881 1325 4936 recondito.
1385 4879 1555 4931 Editis
1602 4877 1929 4931 simillimum

362 4957 731 5027 apograpbum
781 4954 882 5027 _n_i_si_
913 4948 1506 5027 _guod__C_hinecb_iltlem
1529 4949 1787 5027 reginam
1821 4963 1929 5027 apo

364 5018 530 5094 pelli“
561 5018 716 5094 quam
748 5023 836 5077 alii
869 5018 1265 5094 Blidechildem.
1314 5019 1635 5094 Corruptum
1677 5018 1729 5071 in
1771 5018 1931 5072 editis

363 5089 906 5151 nomen'monuerant
933 5092 1122 5145 critici.
1173 5089 1430 5149 Cointius,
1463 5089 1548 5141 ubi
1580 5101 1760 5157 supra,
1808 5103 1928 5157 pag.

362 5167 494 5229 511,
537 5176 627 5219 aut
656 5162 1089 5224 Chinechildem,
1128 5175 1194 5214 ex
1224 5157 1549 5211 chartulario
1580 5158 1637 5210 S.
1668 5156 1929 5229 Atnandi,

363 5227 509 5305 quod
542 5244 788 5299 noverat,
831 5242 921 5286 aut
955 5229 1429 5305 liymnecbildem_,_
1450 5243 1515 5281 ex
1544 5227 1931 5305 appendicead

367 5295 545 5359 Vitam
574 5307 740 5359 sancti
775 5295 1060 5357 Amandi'a
1090 5300 1323 5353 Chesnio
1348 5297 1540 5351 editam
1569 5336 1584 5359 ,
1641 5296 1818 5366 legere
1842 5295 1932 5363 ju-

366 5377 458 5428 bet
485 5393 497 5427 :
529 5374 669 5444 quod
699 5382 753 5429 et
781 5370 1403 5444 Mabillonio,_ubi_snp.,
1438 5366 1813 5444 placeggerte
1850 5369 1935 5420 hic

364 5446 508 5499 male
529 5436 777 5499 convenit
798 5456 990 5496 nomen
1015 5438 1380 5500 Blidechildis,
1402 5450 1556 5505 quam
1579 5436 1932 5498 Childericus,

363 5515 541 5568 adhuc
572 5529 717 5583 puer,
748 5510 1063 5583 modumin
1088 5523 1306 5583 uxorem
1338 5508 1590 5583 duxerat;
1623 5514 1714 5583 aut
1725 5521 1932 5583 nomen

366 5572 611 5640 Baltildis
633 5572 716 5641 vel
741 5579 1121 5647 Baldecbildis,
1149 5577 1333 5634 matris
1357 5576 1594 5646 ejusdem
1618 5572 1927 5642 Childerici,

2041 4614 2158 4667 quae
2189 4614 2307 4653 cum
2344 4596 2576 4652 Clotario
2636 4598 2699 4650 lll
2747 4599 2996 4664 regnabat
3046 4596 3107 4653 in
3144 4596 3389 4656 Neustria
3416 4642 3432 4667 ,
3481 4596 3613 4657 con;

2034 4684 2187 4723 cesso
2234 4684 2397 4737 regno
2451 4668 2742 4722 Austrasiae
2783 4667 3116 4733 Cliilderico,
3171 4672 3393 4728 Clotarii
3436 4670 3610 4726 fratri.

2035 4738 2269 4795 Alterius
2297 4739 2617 4809 diplomatis
2639 4738 2873 4809 ejusdem
2907 4737 3189 4799 Childerici
3225 4742 3612 4809 fragmentum,

2035 4809 2170 4862 infra
2223 4809 2559 4863 referendum
2599 4807 2701 4875 (N.
2747 4806 2866 4875 III)
2895 4848 2911 4873 ,
2971 4819 3234 4865 memorat
3287 4806 3611 4867 Elmbildcui

2034 4881 2271 4947 reginam
2299 4920 2314 4943 ,
2364 4892 2551 4949 quam“
2570 4892 2725 4930 nemo
2772 4894 2889 4949 non
2923 4880 3164 4947 agnoscit
3210 4883 3454 4936 eamdem
3485 4897 3611 4949 quae

2033 4946 2289 5016 asperiori
2321 4963 2453 5019 snno
2478 4946 2695 5019 edertur
2720 4962 2853 5002 voce
2878 4946 3272 5019 ilyinnecltildis
3297 4962 3389 5005 aut
3409 4946 3606 5005 Clii'ne-

2033 5020 2243 5084 childis,
2280 5018 2475 5071 Mabill.
2510 5018 2646 5070 Ann.
2683 5026 2722 5069 t.
2759 5018 2806 5082 I,
2841 5018 2958 5086 pag.
2991 5018 3117 5073 456.
3174 5019 3246 5072 Ea
3275 5030 3391 5073 erat
3422 5019 3609 5074 relicta

2033 5088 2312 5156 Sigiberti,
2346 5102 2494 5156 qua),
2526 5102 2646 5142 cum
2680 5087 2816 5142 ﬁlius
2846 5103 2973 5143 suus
3007 5091 3055 5142 in
3093 5088 3403 5143 Hiberniam
3434 5104 3492 5143 se
3520 5105 3608 5142 rc-

2034 5161 2290 5223 cepisset,
2324 5158 2519 5211 mansit
2548 5159 2599 5212 in
2634 5158 2905 5212 Austrasia
2936 5158 3074 5223 apud
3105 5158 3467 5212 Cliildericum
3489 5198 3504 5222 ,
3554 5168 3608 5212 et

2036 5238 2159 5280 tunc
2211 5228 2338 5280 nihil
2386 5242 2514 5281 ausa
2565 5230 2615 5281 in
2666 5230 2888 5298 gratiam
2932 5228 3021 5281 filii
3056 5227 3134 5280 sui
3181 5227 3431 5298 profugi,
3480 5243 3612 5280 con-

2038 5306 2182 5351 tenta
2238 5298 2332 5351 fuit
2387 5300 2594 5366 nepotis
2646 5300 2727 5351 sui
2782 5296 3063 5349 Childerici
3116 5296 3361 5366 tutelam'
3397 5312 3608 5366 gerere.

2041 5366 2115 5421 De
2143 5368 2223 5421 bis
2257 5368 2373 5423 fuse
2401 5364 2612 5436 Pagius,
2644 5367 2695 5420 in
2731 5366 3109 5436 Baronium,_t.
3147 5364 3232 5436 Ill,
3268 5381 3388 5436 pag.
3406 5364 3512 5432 ‘57,
3557 5378 3613 5423 et

2036 5435 2364 5495 Collectores
2418 5433 2739 5510 scriptorum
2792 5449 2970 5490 rerum
3030 5433 3448 5507 Francicartim,
3521 5439 3613 5492 ubi

2037 5524 2218 5577 supra.
