  <div class='ocr_page' id='page_1' title='image "/cluster/home/n/w/nwhite01/storage/ocr_20150623/87/hvd.32044054758917/651.png"; bbox 0 0 3926 6174; ppageno 0'>
   <div class='ocr_carea' id='block_1_1' title="bbox 381 219 514 275">
    <p class='ocr_par' dir='ltr' id='par_1_1' title="bbox 381 219 514 275">
     <span class='ocr_line' id='line_1_1' title="bbox 381 219 514 275; baseline -0.03 0"><span class='ocrx_word' id='word_1_1' title='bbox 381 219 514 275; x_wconf 70' lang='lat'><strong>1987</strong></span> 
     </span>
    </p>
   </div>
   <div class='ocr_carea' id='block_1_2' title="bbox 1432 202 2565 263">
    <p class='ocr_par' dir='ltr' id='par_1_2' title="bbox 1432 202 2565 263">
     <span class='ocr_line' id='line_1_2' title="bbox 1432 202 2565 263; baseline -0.003 0"><span class='ocrx_word' id='word_1_2' title='bbox 1432 206 1677 263; x_wconf 80' lang='lat' dir='ltr'><strong>FRANC.</strong></span> <span class='ocrx_word' id='word_1_3' title='bbox 1719 206 1880 262; x_wconf 69' lang='grc' dir='ltr'><strong>ΠΕΟ.</strong></span> <span class='ocrx_word' id='word_1_4' title='bbox 1923 206 1989 263; x_wconf 70' lang='lat' dir='ltr'><strong>IV</strong></span> <span class='ocrx_word' id='word_1_5' title='bbox 2028 204 2264 262; x_wconf 57' lang='lat' dir='ltr'><strong>PRIMA]</strong></span> <span class='ocrx_word' id='word_1_6' title='bbox 2303 202 2565 260; x_wconf 75' lang='lat' dir='ltr'><strong>STIRPIS</strong></span> 
     </span>
    </p>
   </div>
   <div class='ocr_carea' id='block_1_3' title="bbox 3500 207 3641 262">
    <p class='ocr_par' dir='ltr' id='par_1_3' title="bbox 3500 207 3641 262">
     <span class='ocr_line' id='line_1_3' title="bbox 3500 207 3641 262; baseline 0 -1"><span class='ocrx_word' id='word_1_7' title='bbox 3500 207 3641 262; x_wconf 66' lang='lat'><strong>1288</strong></span> 
     </span>
    </p>
   </div>
   <div class='ocr_carea' id='block_1_4' title="bbox 383 310 3640 399">
    <p class='ocr_par' dir='ltr' id='par_1_4' title="bbox 383 310 3640 399">
     <span class='ocr_line' id='line_1_4' title="bbox 383 310 3640 399; baseline 0.001 -30"><span class='ocrx_word' id='word_1_8' title='bbox 383 333 546 399; x_wconf 52' lang='lat' dir='ltr'><strong>igitur</strong></span> <span class='ocrx_word' id='word_1_9' title='bbox 578 329 628 382; x_wconf 75' lang='lat' dir='ltr'><strong>in</strong></span> <span class='ocrx_word' id='word_1_10' title='bbox 679 326 939 394; x_wconf 77' lang='lat' dir='ltr'><strong>integrum</strong></span> <span class='ocrx_word' id='word_1_11' title='bbox 990 323 1090 376; x_wconf 89' lang='lat' dir='ltr'><strong>hoc</strong></span> <span class='ocrx_word' id='word_1_12' title='bbox 1138 326 1320 375; x_wconf 89' lang='lat' dir='ltr'><strong>nostre</strong></span> <span class='ocrx_word' id='word_1_13' title='bbox 1361 319 1727 373; x_wconf 83' lang='lat' dir='ltr'><strong>concessionis</strong></span> <span class='ocrx_word' id='word_1_14' title='bbox 1753 317 1953 372; x_wconf 87' lang='lat' dir='ltr'><strong>henell—</strong></span> <span class='ocrx_word' id='word_1_15' title='bbox 1982 321 2028 376; x_wconf 82' lang='grc' dir='ltr'><strong>Α</strong></span> <span class='ocrx_word' id='word_1_16' title='bbox 2059 330 2165 370; x_wconf 95' lang='lat' dir='ltr'><strong>non</strong></span> <span class='ocrx_word' id='word_1_17' title='bbox 2197 314 2265 369; x_wconf 90' lang='lat' dir='ltr'><strong>de</strong></span> <span class='ocrx_word' id='word_1_18' title='bbox 2314 314 2569 368; x_wconf 88' lang='lat' dir='ltr'><strong>canonica</strong></span> <span class='ocrx_word' id='word_1_19' title='bbox 2619 310 2952 368; x_wconf 78' lang='lat' dir='ltr'><strong>institutione</strong></span> <span class='ocrx_word' id='word_1_20' title='bbox 2999 313 3335 377; x_wconf 86' lang='lat' dir='ltr'><strong>convellitur,</strong></span> <span class='ocrx_word' id='word_1_21' title='bbox 3382 316 3640 387; x_wconf 79' lang='lat' dir='ltr'><strong>quidquid</strong></span> 
     </span>
    </p>
   </div>
   <div class='ocr_carea' id='block_1_5' title="bbox 380 408 1950 480">
    <p class='ocr_par' dir='ltr' id='par_1_5' title="bbox 380 408 1950 480">
     <span class='ocr_line' id='line_1_5' title="bbox 380 408 1950 480; baseline -0.011 -1"><span class='ocrx_word' id='word_1_22' title='bbox 380 425 523 479; x_wconf 89' lang='lat' dir='ltr'><strong>cium</strong></span> <span class='ocrx_word' id='word_1_23' title='bbox 557 423 767 475; x_wconf 83' lang='lat' dir='ltr'><strong>firmum</strong></span> <span class='ocrx_word' id='word_1_24' title='bbox 800 431 920 471; x_wconf 87' lang='lat' dir='ltr'><strong>esse</strong></span> <span class='ocrx_word' id='word_1_25' title='bbox 950 415 1214 477; x_wconf 87' lang='lat' dir='ltr'><strong>volumus,</strong></span> <span class='ocrx_word' id='word_1_26' title='bbox 1249 420 1305 465; x_wconf 88' lang='lat' dir='ltr'><strong>ut</strong></span> <span class='ocrx_word' id='word_1_27' title='bbox 1330 410 1440 480; x_wconf 90' lang='lat' dir='ltr'><strong>jam</strong></span> <span class='ocrx_word' id='word_1_28' title='bbox 1472 411 1644 465; x_wconf 90' lang='lat' dir='ltr'><strong>dictus</strong></span> <span class='ocrx_word' id='word_1_29' title='bbox 1677 408 1950 477; x_wconf 77' lang='lat' dir='ltr'><strong>pontifex,</strong></span> 
     </span>
    </p>
   </div>
   <div class='ocr_carea' id='block_1_6' title="bbox 377 499 1954 581">
    <p class='ocr_par' dir='ltr' id='par_1_6' title="bbox 377 499 1954 581">
     <span class='ocr_line' id='line_1_6' title="bbox 377 499 1954 581; baseline -0.011 -11"><span class='ocrx_word' id='word_1_30' title='bbox 377 514 447 570; x_wconf 87' lang='lat' dir='ltr'><strong>de</strong></span> <span class='ocrx_word' id='word_1_31' title='bbox 478 515 587 581; x_wconf 90' lang='lat' dir='ltr'><strong>ipsa</strong></span> <span class='ocrx_word' id='word_1_32' title='bbox 622 510 749 564; x_wconf 87' lang='lat' dir='ltr'><strong>villa</strong></span> <span class='ocrx_word' id='word_1_33' title='bbox 801 506 1072 559; x_wconf 88' lang='lat' dir='ltr'><strong>Barisiaco</strong></span> <span class='ocrx_word' id='word_1_34' title='bbox 1097 543 1114 569; x_wconf 93' lang='lat'><strong>,</strong></span> <span class='ocrx_word' id='word_1_35' title='bbox 1161 512 1215 556; x_wconf 89' lang='lat' dir='ltr'><strong>et</strong></span> <span class='ocrx_word' id='word_1_36' title='bbox 1258 501 1325 555; x_wconf 91' lang='lat' dir='ltr'><strong>de</strong></span> <span class='ocrx_word' id='word_1_37' title='bbox 1356 500 1515 554; x_wconf 85' lang='lat' dir='ltr'><strong>rebus</strong></span> <span class='ocrx_word' id='word_1_38' title='bbox 1546 499 1610 553; x_wconf 89' lang='lat' dir='ltr'><strong>ad</strong></span> <span class='ocrx_word' id='word_1_39' title='bbox 1644 514 1759 553; x_wconf 88' lang='lat' dir='ltr'><strong>eam</strong></span> <span class='ocrx_word' id='word_1_40' title='bbox 1794 500 1954 567; x_wconf 90' lang='lat' dir='ltr'><strong>perti-</strong></span> 
     </span>
    </p>
   </div>
   <div class='ocr_carea' id='block_1_7' title="bbox 382 589 1955 663">
    <p class='ocr_par' dir='ltr' id='par_1_7' title="bbox 382 589 1955 663">
     <span class='ocr_line' id='line_1_7' title="bbox 382 589 1955 663; baseline -0.01 -5"><span class='ocrx_word' id='word_1_41' title='bbox 382 604 656 663; x_wconf 89' lang='lat' dir='ltr'><strong>nentibus,</strong></span> <span class='ocrx_word' id='word_1_42' title='bbox 678 596 928 660; x_wconf 84' lang='lat' dir='ltr'><strong>habendi,</strong></span> <span class='ocrx_word' id='word_1_43' title='bbox 950 592 1183 659; x_wconf 72' lang='lat' dir='ltr'><strong>tenendi,</strong></span> <span class='ocrx_word' id='word_1_44' title='bbox 1204 592 1347 645; x_wconf 89' lang='lat' dir='ltr'><strong>freda</strong></span> <span class='ocrx_word' id='word_1_45' title='bbox 1372 590 1637 658; x_wconf 77' lang='lat' dir='ltr'><strong>exigendi,</strong></span> <span class='ocrx_word' id='word_1_46' title='bbox 1654 589 1955 643; x_wconf 82' lang='lat' dir='ltr'><strong>mansiones</strong></span> 
     </span>
    </p>
   </div>
   <div class='ocr_carea' id='block_1_8' title="bbox 378 678 1956 754">
    <p class='ocr_par' dir='ltr' id='par_1_8' title="bbox 378 678 1956 754">
     <span class='ocr_line' id='line_1_8' title="bbox 378 678 1956 754; baseline -0.01 -6"><span class='ocrx_word' id='word_1_47' title='bbox 378 692 632 754; x_wconf 80' lang='lat' dir='ltr'><strong>faciendi,</strong></span> <span class='ocrx_word' id='word_1_48' title='bbox 660 689 844 753; x_wconf 90' lang='lat' dir='ltr'><strong>dandi,</strong></span> <span class='ocrx_word' id='word_1_49' title='bbox 872 682 1261 747; x_wconf 91' lang='lat' dir='ltr'><strong>commutandi,</strong></span> <span class='ocrx_word' id='word_1_50' title='bbox 1290 682 1374 735; x_wconf 92' lang='lat' dir='ltr'><strong>vel</strong></span> <span class='ocrx_word' id='word_1_51' title='bbox 1405 679 1661 749; x_wconf 85' lang='lat' dir='ltr'><strong>quidquid</strong></span> <span class='ocrx_word' id='word_1_52' title='bbox 1695 678 1956 748; x_wconf 81' lang='lat' dir='ltr'><strong>elegerint</strong></span> 
     </span>
    </p>
   </div>
   <div class='ocr_carea' id='block_1_9' title="bbox 382 776 1955 846">
    <p class='ocr_par' dir='ltr' id='par_1_9' title="bbox 382 776 1955 846">
     <span class='ocr_line' id='line_1_9' title="bbox 382 776 1955 846; baseline -0.011 -7"><span class='ocrx_word' id='word_1_53' title='bbox 382 783 634 846; x_wconf 78' lang='lat' dir='ltr'><strong>faciendi,</strong></span> <span class='ocrx_word' id='word_1_54' title='bbox 662 782 879 835; x_wconf 91' lang='lat' dir='ltr'><strong>liberam</strong></span> <span class='ocrx_word' id='word_1_55' title='bbox 909 792 972 831; x_wconf 91' lang='lat' dir='ltr'><strong>ac</strong></span> <span class='ocrx_word' id='word_1_56' title='bbox 999 776 1357 829; x_wconf 88' lang='lat' dir='ltr'><strong>firmissimam</strong></span> <span class='ocrx_word' id='word_1_57' title='bbox 1387 787 1480 840; x_wconf 92' lang='lat' dir='ltr'><strong>per</strong></span> <span class='ocrx_word' id='word_1_58' title='bbox 1505 780 1741 824; x_wconf 89' lang='lat' dir='ltr'><strong>nostram</strong></span> <span class='ocrx_word' id='word_1_59' title='bbox 1773 779 1955 823; x_wconf 83' lang='lat' dir='ltr'><strong>aucto-</strong></span> 
     </span>
    </p>
   </div>
   <div class='ocr_carea' id='block_1_10' title="bbox 384 864 1955 939">
    <p class='ocr_par' dir='ltr' id='par_1_10' title="bbox 384 864 1955 939">
     <span class='ocr_line' id='line_1_10' title="bbox 384 864 1955 939; baseline -0.01 -8"><span class='ocrx_word' id='word_1_60' title='bbox 384 879 592 931; x_wconf 88' lang='lat' dir='ltr'><strong>ritatem</strong></span> <span class='ocrx_word' id='word_1_61' title='bbox 640 875 833 927; x_wconf 83' lang='lat' dir='ltr'><strong>habeat</strong></span> <span class='ocrx_word' id='word_1_62' title='bbox 876 877 1213 939; x_wconf 87' lang='lat' dir='ltr'><strong>potestatem.</strong></span> <span class='ocrx_word' id='word_1_63' title='bbox 1270 864 1491 931; x_wconf 86' lang='lat' dir='ltr'><strong>Insuper</strong></span> <span class='ocrx_word' id='word_1_64' title='bbox 1521 878 1708 916; x_wconf 86' lang='lat' dir='ltr'><strong>omnes</strong></span> <span class='ocrx_word' id='word_1_65' title='bbox 1741 876 1955 916; x_wconf 88' lang='lat' dir='ltr'><strong>succes-</strong></span> 
     </span>
    </p>
   </div>
   <div class='ocr_carea' id='block_1_11' title="bbox 379 954 1956 1030">
    <p class='ocr_par' dir='ltr' id='par_1_11' title="bbox 379 954 1956 1030">
     <span class='ocr_line' id='line_1_11' title="bbox 379 954 1956 1030; baseline -0.012 -6"><span class='ocrx_word' id='word_1_66' title='bbox 379 983 530 1024; x_wconf 89' lang='lat' dir='ltr'><strong>sores</strong></span> <span class='ocrx_word' id='word_1_67' title='bbox 585 974 798 1020; x_wconf 89' lang='lat' dir='ltr'><strong>nostros</strong></span> <span class='ocrx_word' id='word_1_68' title='bbox 854 977 949 1030; x_wconf 92' lang='lat' dir='ltr'><strong>per</strong></span> <span class='ocrx_word' id='word_1_69' title='bbox 999 975 1195 1013; x_wconf 89' lang='lat' dir='ltr'><strong>nomen</strong></span> <span class='ocrx_word' id='word_1_70' title='bbox 1246 955 1452 1011; x_wconf 89' lang='lat' dir='ltr'><strong>Domini</strong></span> <span class='ocrx_word' id='word_1_71' title='bbox 1500 954 1848 1021; x_wconf 81' lang='lat' dir='ltr'><strong>adjuramus,</strong></span> <span class='ocrx_word' id='word_1_72' title='bbox 1898 962 1956 1006; x_wconf 91' lang='lat' dir='ltr'><strong>ut</strong></span> 
     </span>
    </p>
   </div>
   <div class='ocr_carea' id='block_1_12' title="bbox 382 1045 1954 1120">
    <p class='ocr_par' dir='ltr' id='par_1_12' title="bbox 382 1045 1954 1120">
     <span class='ocr_line' id='line_1_12' title="bbox 382 1045 1954 1120; baseline -0.009 -7"><span class='ocrx_word' id='word_1_73' title='bbox 382 1059 557 1113; x_wconf 86' lang='lat' dir='ltr'><strong>nullus</strong></span> <span class='ocrx_word' id='word_1_74' title='bbox 599 1070 781 1109; x_wconf 89' lang='lat' dir='ltr'><strong>eorum</strong></span> <span class='ocrx_word' id='word_1_75' title='bbox 832 1054 1003 1120; x_wconf 87' lang='lat' dir='ltr'><strong>ipsam</strong></span> <span class='ocrx_word' id='word_1_76' title='bbox 1046 1051 1257 1112; x_wconf 83' lang='lat' dir='ltr'><strong>villam,</strong></span> <span class='ocrx_word' id='word_1_77' title='bbox 1309 1063 1428 1101; x_wconf 91' lang='lat' dir='ltr'><strong>cum</strong></span> <span class='ocrx_word' id='word_1_78' title='bbox 1477 1046 1727 1098; x_wconf 87' lang='lat' dir='ltr'><strong>omnibus</strong></span> <span class='ocrx_word' id='word_1_79' title='bbox 1776 1045 1841 1098; x_wconf 89' lang='lat' dir='ltr'><strong>ad</strong></span> <span class='ocrx_word' id='word_1_80' title='bbox 1893 1058 1954 1099; x_wconf 87' lang='lat' dir='ltr'><strong>se</strong></span> 
     </span>
    </p>
   </div>
   <div class='ocr_carea' id='block_1_13' title="bbox 382 1138 1955 1221">
    <p class='ocr_par' dir='ltr' id='par_1_13' title="bbox 382 1138 1955 1221">
     <span class='ocr_line' id='line_1_13' title="bbox 382 1138 1955 1221; baseline -0.009 -16"><span class='ocrx_word' id='word_1_81' title='bbox 382 1148 793 1221; x_wconf 82' lang='lat' dir='ltr'><strong>pertinentibus,</strong></span> <span class='ocrx_word' id='word_1_82' title='bbox 826 1146 1021 1198; x_wconf 84' lang='lat' dir='ltr'><strong>domno</strong></span> <span class='ocrx_word' id='word_1_83' title='bbox 1056 1142 1198 1195; x_wconf 82' lang='lat' dir='ltr'><strong>Patri</strong></span> <span class='ocrx_word' id='word_1_84' title='bbox 1231 1139 1475 1194; x_wconf 80' lang='lat' dir='ltr'><strong>Amantio</strong></span> <span class='ocrx_word' id='word_1_85' title='bbox 1505 1138 1590 1194; x_wconf 85' lang='lat' dir='ltr'><strong>vel</strong></span> <span class='ocrx_word' id='word_1_86' title='bbox 1618 1140 1731 1193; x_wconf 89' lang='lat' dir='ltr'><strong>suis</strong></span> <span class='ocrx_word' id='word_1_87' title='bbox 1766 1153 1955 1192; x_wconf 81' lang='lat' dir='ltr'><strong>mona-</strong></span> 
     </span>
    </p>
   </div>
   <div class='ocr_carea' id='block_1_14' title="bbox 387 1230 1951 1305">
    <p class='ocr_par' dir='ltr' id='par_1_14' title="bbox 387 1230 1951 1305">
     <span class='ocr_line' id='line_1_14' title="bbox 387 1230 1951 1305; baseline -0.008 -9"><span class='ocrx_word' id='word_1_88' title='bbox 387 1243 503 1297; x_wconf 91' lang='lat' dir='ltr'><strong>chis</strong></span> <span class='ocrx_word' id='word_1_89' title='bbox 554 1238 765 1293; x_wconf 88' lang='lat' dir='ltr'><strong>auferre</strong></span> <span class='ocrx_word' id='word_1_90' title='bbox 814 1241 1125 1305; x_wconf 88' lang='lat' dir='ltr'><strong>presumat,</strong></span> <span class='ocrx_word' id='word_1_91' title='bbox 1180 1234 1267 1287; x_wconf 88' lang='lat' dir='ltr'><strong>vel</strong></span> <span class='ocrx_word' id='word_1_92' title='bbox 1322 1233 1480 1285; x_wconf 88' lang='lat' dir='ltr'><strong>ullam</strong></span> <span class='ocrx_word' id='word_1_93' title='bbox 1534 1230 1951 1300; x_wconf 83' lang='lat' dir='ltr'><strong>inquietudinem</strong></span> 
     </span>
    </p>
   </div>
   <div class='ocr_carea' id='block_1_15' title="bbox 384 1319 1953 1394">
    <p class='ocr_par' dir='ltr' id='par_1_15' title="bbox 384 1319 1953 1394">
     <span class='ocr_line' id='line_1_15' title="bbox 384 1319 1953 1394; baseline -0.008 -10"><span class='ocrx_word' id='word_1_94' title='bbox 384 1332 599 1384; x_wconf 84' lang='lat' dir='ltr'><strong>faciant.</strong></span> <span class='ocrx_word' id='word_1_95' title='bbox 652 1327 802 1394; x_wconf 86' lang='lat' dir='ltr'><strong>Quod</strong></span> <span class='ocrx_word' id='word_1_96' title='bbox 836 1326 1154 1391; x_wconf 79' lang='lat' dir='ltr'><strong>quicumque</strong></span> <span class='ocrx_word' id='word_1_97' title='bbox 1183 1331 1266 1375; x_wconf 90' lang='lat' dir='ltr'><strong>est</strong></span> <span class='ocrx_word' id='word_1_98' title='bbox 1300 1321 1390 1375; x_wconf 84' lang='lat' dir='ltr'><strong>iile</strong></span> <span class='ocrx_word' id='word_1_99' title='bbox 1422 1320 1649 1383; x_wconf 89' lang='lat' dir='ltr'><strong>fecerit,</strong></span> <span class='ocrx_word' id='word_1_100' title='bbox 1692 1319 1953 1387; x_wconf 84' lang='lat' dir='ltr'><strong>judicium</strong></span> 
     </span>
    </p>
   </div>
   <div class='ocr_carea' id='block_1_16' title="bbox 384 1410 1956 1489">
    <p class='ocr_par' dir='ltr' id='par_1_16' title="bbox 384 1410 1956 1489">
     <span class='ocr_line' id='line_1_16' title="bbox 384 1410 1956 1489; baseline -0.006 -16"><span class='ocrx_word' id='word_1_101' title='bbox 384 1429 559 1489; x_wconf 86' lang='lat' dir='ltr'><strong>portet</strong></span> <span class='ocrx_word' id='word_1_102' title='bbox 606 1426 659 1471; x_wconf 90' lang='lat' dir='ltr'><strong>et</strong></span> <span class='ocrx_word' id='word_1_103' title='bbox 706 1415 1025 1471; x_wconf 88' lang='lat' dir='ltr'><strong>sententiam</strong></span> <span class='ocrx_word' id='word_1_104' title='bbox 1074 1411 1432 1467; x_wconf 85' lang='lat' dir='ltr'><strong>damnationis</strong></span> <span class='ocrx_word' id='word_1_105' title='bbox 1477 1411 1737 1464; x_wconf 85' lang='lat' dir='ltr'><strong>incurrat.</strong></span> <span class='ocrx_word' id='word_1_106' title='bbox 1792 1410 1855 1463; x_wconf 87' lang='lat' dir='ltr'><strong>Et</strong></span> <span class='ocrx_word' id='word_1_107' title='bbox 1899 1420 1956 1463; x_wconf 92' lang='lat' dir='ltr'><strong>ut</strong></span> 
     </span>
    </p>
   </div>
   <div class='ocr_carea' id='block_1_17' title="bbox 392 1499 1955 1570">
    <p class='ocr_par' dir='ltr' id='par_1_17' title="bbox 392 1499 1955 1570">
     <span class='ocr_line' id='line_1_17' title="bbox 392 1499 1955 1570; baseline -0.007 -7"><span class='ocrx_word' id='word_1_108' title='bbox 392 1512 490 1563; x_wconf 90' lang='lat' dir='ltr'><strong>hec</strong></span> <span class='ocrx_word' id='word_1_109' title='bbox 528 1506 815 1561; x_wconf 87' lang='lat' dir='ltr'><strong>auctoritas</strong></span> <span class='ocrx_word' id='word_1_110' title='bbox 849 1504 987 1557; x_wconf 90' lang='lat' dir='ltr'><strong>circa</strong></span> <span class='ocrx_word' id='word_1_111' title='bbox 1036 1503 1207 1570; x_wconf 93' lang='lat' dir='ltr'><strong>ipsum</strong></span> <span class='ocrx_word' id='word_1_112' title='bbox 1241 1501 1542 1570; x_wconf 86' lang='lat' dir='ltr'><strong>pontificem</strong></span> <span class='ocrx_word' id='word_1_113' title='bbox 1582 1509 1635 1553; x_wconf 90' lang='lat' dir='ltr'><strong>et</strong></span> <span class='ocrx_word' id='word_1_114' title='bbox 1666 1499 1955 1553; x_wconf 90' lang='lat' dir='ltr'><strong>monachos</strong></span> 
     </span>
    </p>
   </div>
   <div class='ocr_carea' id='block_1_18' title="bbox 394 1592 1954 1673">
    <p class='ocr_par' dir='ltr' id='par_1_18' title="bbox 394 1592 1954 1673">
     <span class='ocr_line' id='line_1_18' title="bbox 394 1592 1954 1673; baseline -0.009 -16"><span class='ocrx_word' id='word_1_115' title='bbox 394 1605 512 1673; x_wconf 83' lang='lat' dir='ltr'><strong>ejus</strong></span> <span class='ocrx_word' id='word_1_116' title='bbox 545 1600 746 1654; x_wconf 82' lang='lat' dir='ltr'><strong>firmior</strong></span> <span class='ocrx_word' id='word_1_117' title='bbox 776 1598 1049 1658; x_wconf 84' lang='lat' dir='ltr'><strong>habeatur,</strong></span> <span class='ocrx_word' id='word_1_118' title='bbox 1098 1606 1153 1649; x_wconf 90' lang='lat' dir='ltr'><strong>et</strong></span> <span class='ocrx_word' id='word_1_119' title='bbox 1198 1609 1291 1662; x_wconf 88' lang='lat' dir='ltr'><strong>per</strong></span> <span class='ocrx_word' id='word_1_120' title='bbox 1330 1604 1567 1662; x_wconf 89' lang='lat' dir='ltr'><strong>tempora</strong></span> <span class='ocrx_word' id='word_1_121' title='bbox 1617 1592 1954 1646; x_wconf 90' lang='lat' dir='ltr'><strong>snecedentia</strong></span> 
     </span>
    </p>
   </div>
   <div class='ocr_carea' id='block_1_19' title="bbox 2056 403 3643 473">
    <p class='ocr_par' dir='ltr' id='par_1_19' title="bbox 2056 403 3643 473">
     <span class='ocr_line' id='line_1_19' title="bbox 2056 403 3643 473; baseline 0.001 -13"><span class='ocrx_word' id='word_1_122' title='bbox 2056 406 2369 461; x_wconf 78' lang='lat' dir='ltr'><strong>domesticis</strong></span> <span class='ocrx_word' id='word_1_123' title='bbox 2397 403 2519 458; x_wconf 84' lang='lat' dir='ltr'><strong>fidei</strong></span> <span class='ocrx_word' id='word_1_124' title='bbox 2550 418 2646 473; x_wconf 91' lang='lat' dir='ltr'><strong>pro</strong></span> <span class='ocrx_word' id='word_1_125' title='bbox 2674 403 3072 473; x_wconf 86' lang='lat' dir='ltr'><strong>tranquillitatis</strong></span> <span class='ocrx_word' id='word_1_126' title='bbox 3099 407 3362 461; x_wconf 83' lang='lat' dir='ltr'><strong>beneficio</strong></span> <span class='ocrx_word' id='word_1_127' title='bbox 3389 409 3643 464; x_wconf 64' lang='lat' dir='ltr'><strong>concedi.</strong></span> 
     </span>
    </p>
   </div>
   <div class='ocr_carea' id='block_1_20' title="bbox 2056 495 3639 569">
    <p class='ocr_par' dir='ltr' id='par_1_20' title="bbox 2056 495 3639 569">
     <span class='ocr_line' id='line_1_20' title="bbox 2056 495 3639 569; baseline 0.002 -19"><span class='ocrx_word' id='word_1_128' title='bbox 2056 506 2159 551; x_wconf 94' lang='lat' dir='ltr'><strong>tur.</strong></span> <span class='ocrx_word' id='word_1_129' title='bbox 2191 496 2302 551; x_wconf 85' lang='lat' dir='ltr'><strong>Nec</strong></span> <span class='ocrx_word' id='word_1_130' title='bbox 2327 506 2574 550; x_wconf 89' lang='lat' dir='ltr'><strong>causetur</strong></span> <span class='ocrx_word' id='word_1_131' title='bbox 2600 495 2865 564; x_wconf 89' lang='lat' dir='ltr'><strong>quispiam</strong></span> <span class='ocrx_word' id='word_1_132' title='bbox 2900 497 3049 563; x_wconf 85' lang='lat' dir='ltr'><strong>quasi</strong></span> <span class='ocrx_word' id='word_1_133' title='bbox 3080 512 3275 551; x_wconf 84' lang='lat' dir='ltr'><strong>novum</strong></span> <span class='ocrx_word' id='word_1_134' title='bbox 3307 514 3407 553; x_wconf 90' lang='lat' dir='ltr'><strong>nos</strong></span> <span class='ocrx_word' id='word_1_135' title='bbox 3434 501 3639 569; x_wconf 90' lang='lat' dir='ltr'><strong>aliquid</strong></span> 
     </span>
    </p>
   </div>
   <div class='ocr_carea' id='block_1_21' title="bbox 2056 584 3645 659">
    <p class='ocr_par' dir='ltr' id='par_1_21' title="bbox 2056 584 3645 659">
     <span class='ocr_line' id='line_1_21' title="bbox 2056 584 3645 659; baseline 0.003 -16"><span class='ocrx_word' id='word_1_136' title='bbox 2056 584 2139 643; x_wconf 81' lang='lat' dir='ltr'><strong>vel</strong></span> <span class='ocrx_word' id='word_1_137' title='bbox 2171 589 2480 643; x_wconf 88' lang='lat' dir='ltr'><strong>inusitatum</strong></span> <span class='ocrx_word' id='word_1_138' title='bbox 2507 586 2798 654; x_wconf 87' lang='lat' dir='ltr'><strong>stabilisse,</strong></span> <span class='ocrx_word' id='word_1_139' title='bbox 2830 602 2952 643; x_wconf 92' lang='lat' dir='ltr'><strong>cum</strong></span> <span class='ocrx_word' id='word_1_140' title='bbox 2983 590 3297 657; x_wconf 85' lang='lat' dir='ltr'><strong>antiquitus,</strong></span> <span class='ocrx_word' id='word_1_141' title='bbox 3321 591 3476 659; x_wconf 82' lang='lat' dir='ltr'><strong>juxta</strong></span> <span class='ocrx_word' id='word_1_142' title='bbox 3508 608 3645 647; x_wconf 81' lang='lat' dir='ltr'><strong>con-</strong></span> 
     </span>
    </p>
   </div>
   <div class='ocr_carea' id='block_1_22' title="bbox 2055 680 3643 749">
    <p class='ocr_par' dir='ltr' id='par_1_22' title="bbox 2055 680 3643 749">
     <span class='ocr_line' id='line_1_22' title="bbox 2055 680 3643 749; baseline 0.003 -14"><span class='ocrx_word' id='word_1_143' title='bbox 2055 681 2387 735; x_wconf 89' lang='lat' dir='ltr'><strong>stitutionem</strong></span> <span class='ocrx_word' id='word_1_144' title='bbox 2444 680 2785 747; x_wconf 83' lang='lat' dir='ltr'><strong>pontificum,</strong></span> <span class='ocrx_word' id='word_1_145' title='bbox 2844 695 2937 748; x_wconf 90' lang='lat' dir='ltr'><strong>per</strong></span> <span class='ocrx_word' id='word_1_146' title='bbox 2986 680 3215 749; x_wconf 78' lang='lat' dir='ltr'><strong>regalem</strong></span> <span class='ocrx_word' id='word_1_147' title='bbox 3266 684 3643 747; x_wconf 83' lang='lat' dir='ltr'><strong>sanctionem,</strong></span> 
     </span>
    </p>
   </div>
   <div class='ocr_carea' id='block_1_23' title="bbox 2057 771 3642 830">
    <p class='ocr_par' dir='ltr' id='par_1_23' title="bbox 2057 771 3642 830">
     <span class='ocr_line' id='line_1_23' title="bbox 2057 771 3642 830; baseline 0.003 -5"><span class='ocrx_word' id='word_1_148' title='bbox 2057 772 2344 825; x_wconf 89' lang='lat' dir='ltr'><strong>multorum</strong></span> <span class='ocrx_word' id='word_1_149' title='bbox 2366 780 2668 824; x_wconf 90' lang='lat' dir='ltr'><strong>sanctorum</strong></span> <span class='ocrx_word' id='word_1_150' title='bbox 2694 771 3015 825; x_wconf 89' lang='lat' dir='ltr'><strong>monasteria</strong></span> <span class='ocrx_word' id='word_1_151' title='bbox 3037 771 3136 825; x_wconf 91' lang='lat' dir='ltr'><strong>sub</strong></span> <span class='ocrx_word' id='word_1_152' title='bbox 3158 774 3344 827; x_wconf 90' lang='lat' dir='ltr'><strong>eodem</strong></span> <span class='ocrx_word' id='word_1_153' title='bbox 3373 774 3642 830; x_wconf 80' lang='lat' dir='ltr'><strong>libertatis</strong></span> 
     </span>
    </p>
   </div>
   <div class='ocr_carea' id='block_1_24' title="bbox 2056 860 3639 931">
    <p class='ocr_par' dir='ltr' id='par_1_24' title="bbox 2056 860 3639 931">
     <span class='ocr_line' id='line_1_24' title="bbox 2056 860 3639 931; baseline 0.004 -18"><span class='ocrx_word' id='word_1_154' title='bbox 2056 861 2334 915; x_wconf 91' lang='lat' dir='ltr'><strong>videantur</strong></span> <span class='ocrx_word' id='word_1_155' title='bbox 2364 860 2662 931; x_wconf 87' lang='lat' dir='ltr'><strong>privilegio,</strong></span> <span class='ocrx_word' id='word_1_156' title='bbox 2703 877 2809 930; x_wconf 90' lang='lat' dir='ltr'><strong>quo</strong></span> <span class='ocrx_word' id='word_1_157' title='bbox 2850 871 2907 916; x_wconf 91' lang='lat' dir='ltr'><strong>et</strong></span> <span class='ocrx_word' id='word_1_158' title='bbox 2956 877 3194 930; x_wconf 74' lang='lat' dir='ltr'><strong>przesens</strong></span> <span class='ocrx_word' id='word_1_159' title='bbox 3225 864 3474 918; x_wconf 84' lang='lat' dir='ltr'><strong>volumus</strong></span> <span class='ocrx_word' id='word_1_160' title='bbox 3517 881 3639 920; x_wconf 86' lang='lat' dir='ltr'><strong>cum</strong></span> 
     </span>
    </p>
   </div>
   <div class='ocr_carea' id='block_1_25' title="bbox 2058 951 3644 1023">
    <p class='ocr_par' dir='ltr' id='par_1_25' title="bbox 2058 951 3644 1023">
     <span class='ocr_line' id='line_1_25' title="bbox 2058 951 3644 1023; baseline 0.002 -17"><span class='ocrx_word' id='word_1_161' title='bbox 2058 952 2150 1006; x_wconf 87' lang='lat' dir='ltr'><strong>Dei</strong></span> <span class='ocrx_word' id='word_1_162' title='bbox 2181 953 2445 1021; x_wconf 86' lang='lat' dir='ltr'><strong>adjutorio</strong></span> <span class='ocrx_word' id='word_1_163' title='bbox 2477 952 2849 1020; x_wconf 71' lang='lat' dir='ltr'><strong>praemunitum</strong></span> <span class='ocrx_word' id='word_1_164' title='bbox 2878 951 3194 1006; x_wconf 87' lang='lat' dir='ltr'><strong>consistere.</strong></span> <span class='ocrx_word' id='word_1_165' title='bbox 3252 953 3485 1022; x_wconf 89' lang='lat' dir='ltr'><strong>Ideoque</strong></span> <span class='ocrx_word' id='word_1_166' title='bbox 3518 971 3644 1023; x_wconf 69' lang='lat' dir='ltr'><strong>prn-</strong></span> 
     </span>
    </p>
   </div>
   <div class='ocr_carea' id='block_1_26' title="bbox 2059 1043 3642 1112">
    <p class='ocr_par' dir='ltr' id='par_1_26' title="bbox 2059 1043 3642 1112">
     <span class='ocr_line' id='line_1_26' title="bbox 2059 1043 3642 1112; baseline 0.002 -15"><span class='ocrx_word' id='word_1_167' title='bbox 2059 1054 2174 1112; x_wconf 87' lang='lat' dir='ltr'><strong>pter</strong></span> <span class='ocrx_word' id='word_1_168' title='bbox 2203 1060 2397 1098; x_wconf 89' lang='lat' dir='ltr'><strong>nomen</strong></span> <span class='ocrx_word' id='word_1_169' title='bbox 2429 1043 2630 1098; x_wconf 90' lang='lat' dir='ltr'><strong>Domini</strong></span> <span class='ocrx_word' id='word_1_170' title='bbox 2660 1056 2709 1098; x_wconf 91' lang='lat' dir='ltr'><strong>et</strong></span> <span class='ocrx_word' id='word_1_171' title='bbox 2741 1044 3030 1098; x_wconf 84' lang='lat' dir='ltr'><strong>Salvatoris</strong></span> <span class='ocrx_word' id='word_1_172' title='bbox 3062 1044 3229 1098; x_wconf 88' lang='lat' dir='ltr'><strong>nostri</strong></span> <span class='ocrx_word' id='word_1_173' title='bbox 3262 1044 3387 1099; x_wconf 79' lang='lat' dir='ltr'><strong>Jesn</strong></span> <span class='ocrx_word' id='word_1_174' title='bbox 3416 1047 3642 1112; x_wconf 88' lang='lat' dir='ltr'><strong>Christi,</strong></span> 
     </span>
    </p>
   </div>
   <div class='ocr_carea' id='block_1_27' title="bbox 2056 1131 3644 1206">
    <p class='ocr_par' dir='ltr' id='par_1_27' title="bbox 2056 1131 3644 1206">
     <span class='ocr_line' id='line_1_27' title="bbox 2056 1131 3644 1206; baseline 0.002 -17"><span class='ocrx_word' id='word_1_175' title='bbox 2056 1136 2304 1206; x_wconf 84' lang='lat' dir='ltr'><strong>quicquid</strong></span> <span class='ocrx_word' id='word_1_176' title='bbox 2361 1136 2474 1203; x_wconf 90' lang='lat' dir='ltr'><strong>ipse</strong></span> <span class='ocrx_word' id='word_1_177' title='bbox 2525 1136 2755 1189; x_wconf 90' lang='lat' dir='ltr'><strong>domnus</strong></span> <span class='ocrx_word' id='word_1_178' title='bbox 2807 1131 3201 1189; x_wconf 87' lang='lat' dir='ltr'><strong>Gundelbertus</strong></span> <span class='ocrx_word' id='word_1_179' title='bbox 3252 1151 3317 1189; x_wconf 88' lang='lat' dir='ltr'><strong>ex</strong></span> <span class='ocrx_word' id='word_1_180' title='bbox 3373 1139 3644 1203; x_wconf 83' lang='lat' dir='ltr'><strong>permissu</strong></span> 
     </span>
    </p>
   </div>
   <div class='ocr_carea' id='block_1_28' title="bbox 2060 1226 3635 1295">
    <p class='ocr_par' dir='ltr' id='par_1_28' title="bbox 2060 1226 3635 1295">
     <span class='ocr_line' id='line_1_28' title="bbox 2060 1226 3635 1295; baseline 0.001 -14"><span class='ocrx_word' id='word_1_181' title='bbox 2060 1239 2244 1281; x_wconf 88' lang='lat' dir='ltr'><strong>nostro</strong></span> <span class='ocrx_word' id='word_1_182' title='bbox 2274 1228 2325 1282; x_wconf 92' lang='lat' dir='ltr'><strong>in</strong></span> <span class='ocrx_word' id='word_1_183' title='bbox 2355 1227 2567 1295; x_wconf 81' lang='lat' dir='ltr'><strong>Vosago</strong></span> <span class='ocrx_word' id='word_1_184' title='bbox 2599 1226 2856 1281; x_wconf 83' lang='lat' dir='ltr'><strong>laboravit</strong></span> <span class='ocrx_word' id='word_1_185' title='bbox 2885 1240 3045 1294; x_wconf 82' lang='lat' dir='ltr'><strong>super</strong></span> <span class='ocrx_word' id='word_1_186' title='bbox 3075 1227 3350 1281; x_wconf 82' lang='lat' dir='ltr'><strong>ﬂuviolum</strong></span> <span class='ocrx_word' id='word_1_187' title='bbox 3381 1229 3635 1283; x_wconf 79' lang='lat' dir='ltr'><strong>Rabado-</strong></span> 
     </span>
    </p>
   </div>
   <div class='ocr_carea' id='block_1_29' title="bbox 2058 1318 3638 1383">
    <p class='ocr_par' dir='ltr' id='par_1_29' title="bbox 2058 1318 3638 1383">
     <span class='ocr_line' id='line_1_29' title="bbox 2058 1318 3638 1383; baseline 0.002 -10"><span class='ocrx_word' id='word_1_188' title='bbox 2058 1335 2177 1373; x_wconf 89' lang='lat' dir='ltr'><strong>nem</strong></span> <span class='ocrx_word' id='word_1_189' title='bbox 2202 1360 2216 1383; x_wconf 95' lang='lat'><strong>,</strong></span> <span class='ocrx_word' id='word_1_190' title='bbox 2256 1330 2309 1373; x_wconf 91' lang='lat' dir='ltr'><strong>et</strong></span> <span class='ocrx_word' id='word_1_191' title='bbox 2337 1318 2780 1373; x_wconf 86' lang='lat' dir='ltr'><strong>Grandemrivum</strong></span> <span class='ocrx_word' id='word_1_192' title='bbox 2810 1327 2864 1372; x_wconf 91' lang='lat' dir='ltr'><strong>et</strong></span> <span class='ocrx_word' id='word_1_193' title='bbox 2897 1318 3246 1382; x_wconf 88' lang='lat' dir='ltr'><strong>Dolonosum,</strong></span> <span class='ocrx_word' id='word_1_194' title='bbox 3285 1321 3638 1376; x_wconf 85' lang='lat' dir='ltr'><strong>concedimus</strong></span> 
     </span>
    </p>
   </div>
   <div class='ocr_carea' id='block_1_30' title="bbox 2059 1406 3637 1478">
    <p class='ocr_par' dir='ltr' id='par_1_30' title="bbox 2059 1406 3637 1478">
     <span class='ocr_line' id='line_1_30' title="bbox 2059 1406 3637 1478; baseline -0.001 -15"><span class='ocrx_word' id='word_1_195' title='bbox 2059 1411 2123 1463; x_wconf 87' lang='lat' dir='ltr'><strong>ad</strong></span> <span class='ocrx_word' id='word_1_196' title='bbox 2154 1409 2325 1476; x_wconf 89' lang='lat' dir='ltr'><strong>ipsum</strong></span> <span class='ocrx_word' id='word_1_197' title='bbox 2357 1407 2770 1471; x_wconf 89' lang='lat' dir='ltr'><strong>monasterium,</strong></span> <span class='ocrx_word' id='word_1_198' title='bbox 2810 1406 3129 1462; x_wconf 89' lang='lat' dir='ltr'><strong>Senonicum</strong></span> <span class='ocrx_word' id='word_1_199' title='bbox 3160 1410 3398 1472; x_wconf 86' lang='lat' dir='ltr'><strong>dictum,</strong></span> <span class='ocrx_word' id='word_1_200' title='bbox 3433 1412 3578 1478; x_wconf 89' lang='lat' dir='ltr'><strong>quod</strong></span> <span class='ocrx_word' id='word_1_201' title='bbox 3611 1428 3637 1462; x_wconf 86' lang='lat' dir='ltr'><strong>a</strong></span> 
     </span>
    </p>
   </div>
   <div class='ocr_carea' id='block_1_31' title="bbox 2060 1500 3640 1569">
    <p class='ocr_par' dir='ltr' id='par_1_31' title="bbox 2060 1500 3640 1569">
     <span class='ocr_line' id='line_1_31' title="bbox 2060 1500 3640 1569; baseline 0.001 -14"><span class='ocrx_word' id='word_1_202' title='bbox 2060 1517 2197 1556; x_wconf 80' lang='lat' dir='ltr'><strong>noro</strong></span> <span class='ocrx_word' id='word_1_203' title='bbox 2224 1501 2502 1556; x_wconf 68' lang='lat' dir='ltr'><strong>aediﬁcavit</strong></span> <span class='ocrx_word' id='word_1_204' title='bbox 2550 1516 2645 1569; x_wconf 89' lang='lat' dir='ltr'><strong>per</strong></span> <span class='ocrx_word' id='word_1_205' title='bbox 2677 1500 2809 1555; x_wconf 87' lang='lat' dir='ltr'><strong>lines</strong></span> <span class='ocrx_word' id='word_1_206' title='bbox 2847 1509 2902 1553; x_wconf 90' lang='lat' dir='ltr'><strong>et</strong></span> <span class='ocrx_word' id='word_1_207' title='bbox 2944 1500 3226 1566; x_wconf 88' lang='lat' dir='ltr'><strong>marchias,</strong></span> <span class='ocrx_word' id='word_1_208' title='bbox 3265 1503 3533 1556; x_wconf 84' lang='lat' dir='ltr'><strong>terminos</strong></span> <span class='ocrx_word' id='word_1_209' title='bbox 3560 1507 3640 1557; x_wconf 77' lang='lat' dir='ltr'><strong>vel</strong></span> 
     </span>
    </p>
   </div>
   <div class='ocr_carea' id='block_1_32' title="bbox 2061 1588 3640 1659">
    <p class='ocr_par' dir='ltr' id='par_1_32' title="bbox 2061 1588 3640 1659">
     <span class='ocr_line' id='line_1_32' title="bbox 2061 1588 3640 1659; baseline 0.001 -13"><span class='ocrx_word' id='word_1_210' title='bbox 2061 1591 2309 1656; x_wconf 88' lang='lat' dir='ltr'><strong>confinia,</strong></span> <span class='ocrx_word' id='word_1_211' title='bbox 2341 1591 2391 1645; x_wconf 93' lang='lat' dir='ltr'><strong>id</strong></span> <span class='ocrx_word' id='word_1_212' title='bbox 2420 1599 2502 1645; x_wconf 88' lang='lat' dir='ltr'><strong>est</strong></span> <span class='ocrx_word' id='word_1_213' title='bbox 2530 1588 3003 1654; x_wconf 84' lang='lat' dir='ltr'><strong>Pertulumvillare,</strong></span> <span class='ocrx_word' id='word_1_214' title='bbox 3032 1589 3337 1659; x_wconf 85' lang='lat' dir='ltr'><strong>Almarega,</strong></span> <span class='ocrx_word' id='word_1_215' title='bbox 3384 1603 3559 1659; x_wconf 78' lang='lat' dir='ltr'><strong>usque</strong></span> <span class='ocrx_word' id='word_1_216' title='bbox 3590 1595 3640 1647; x_wconf 85' lang='lat' dir='ltr'><strong>in</strong></span> 
     </span>
    </p>
   </div>
   <div class='ocr_carea' id='block_1_33' title="bbox 391 1668 3639 1761">
    <p class='ocr_par' dir='ltr' id='par_1_33' title="bbox 391 1668 3639 1761">
     <span class='ocr_line' id='line_1_33' title="bbox 391 1668 3639 1761; baseline -0.003 -18"><span class='ocrx_word' id='word_1_217' title='bbox 391 1668 649 1761; x_wconf 62' lang='lat' dir='ltr'><strong>perpetuo</strong></span> <span class='ocrx_word' id='word_1_218' title='bbox 680 1694 1047 1748; x_wconf 79' lang='lat' dir='ltr'><strong>conservetur,</strong></span> <span class='ocrx_word' id='word_1_219' title='bbox 1080 1694 1134 1737; x_wconf 88' lang='lat' dir='ltr'><strong>ct</strong></span> <span class='ocrx_word' id='word_1_220' title='bbox 1164 1698 1281 1751; x_wconf 87' lang='lat' dir='ltr'><strong>ego,</strong></span> <span class='ocrx_word' id='word_1_221' title='bbox 1314 1683 1437 1735; x_wconf 87' lang='lat' dir='ltr'><strong>dum</strong></span> <span class='ocrx_word' id='word_1_222' title='bbox 1472 1689 1683 1750; x_wconf 88' lang='lat' dir='ltr'><strong>propter</strong></span> <span class='ocrx_word' id='word_1_223' title='bbox 1716 1680 1950 1734; x_wconf 88' lang='lat' dir='ltr'><strong>imbecil-</strong></span> <span class='ocrx_word' id='word_1_224' title='bbox 1988 1668 2030 1725; x_wconf 83' lang='grc' dir='ltr'>Β</span> <span class='ocrx_word' id='word_1_225' title='bbox 2058 1697 2292 1737; x_wconf 88' lang='lat' dir='ltr'><strong>summas</strong></span> <span class='ocrx_word' id='word_1_226' title='bbox 2320 1680 2645 1747; x_wconf 80' lang='lat' dir='ltr'><strong>campanias,</strong></span> <span class='ocrx_word' id='word_1_227' title='bbox 2678 1690 2731 1734; x_wconf 90' lang='lat' dir='ltr'><strong>et</strong></span> <span class='ocrx_word' id='word_1_228' title='bbox 2758 1680 2982 1734; x_wconf 78' lang='lat' dir='ltr'><strong>Medium</strong></span> <span class='ocrx_word' id='word_1_229' title='bbox 3014 1690 3270 1745; x_wconf 87' lang='lat' dir='ltr'><strong>montem,</strong></span> <span class='ocrx_word' id='word_1_230' title='bbox 3316 1690 3374 1733; x_wconf 92' lang='lat' dir='ltr'><strong>et</strong></span> <span class='ocrx_word' id='word_1_231' title='bbox 3419 1682 3566 1735; x_wconf 78' lang='lat' dir='ltr'><strong>Petri</strong></span> <span class='ocrx_word' id='word_1_232' title='bbox 3611 1698 3639 1733; x_wconf 73' lang='grc' dir='ltr'><strong>ι</strong></span> 
     </span>
    </p>
   </div>
   <div class='ocr_carea' id='block_1_34' title="bbox 398 1772 1956 1843">
    <p class='ocr_par' dir='ltr' id='par_1_34' title="bbox 398 1772 1956 1843">
     <span class='ocr_line' id='line_1_34' title="bbox 398 1772 1956 1843; baseline -0.006 -9"><span class='ocrx_word' id='word_1_233' title='bbox 398 1782 503 1835; x_wconf 89' lang='lat' dir='ltr'><strong>lam</strong></span> <span class='ocrx_word' id='word_1_234' title='bbox 536 1790 743 1833; x_wconf 61' lang='lat' dir='ltr'><strong>aetatem</strong></span> <span class='ocrx_word' id='word_1_235' title='bbox 771 1776 987 1829; x_wconf 87' lang='lat' dir='ltr'><strong>minime</strong></span> <span class='ocrx_word' id='word_1_236' title='bbox 1015 1776 1157 1843; x_wconf 83' lang='lat' dir='ltr'><strong>potui</strong></span> <span class='ocrx_word' id='word_1_237' title='bbox 1182 1773 1538 1837; x_wconf 80' lang='lat' dir='ltr'><strong>subscribere,</strong></span> <span class='ocrx_word' id='word_1_238' title='bbox 1563 1788 1724 1825; x_wconf 90' lang='lat' dir='ltr'><strong>manu</strong></span> <span class='ocrx_word' id='word_1_239' title='bbox 1747 1772 1956 1839; x_wconf 89' lang='lat' dir='ltr'><strong>propria</strong></span> 
     </span>
    </p>
   </div>
   <div class='ocr_carea' id='block_1_35' title="bbox 397 1860 1959 1939">
    <p class='ocr_par' dir='ltr' id='par_1_35' title="bbox 397 1860 1959 1939">
     <span class='ocr_line' id='line_1_35' title="bbox 397 1860 1959 1939; baseline -0.008 -14"><span class='ocrx_word' id='word_1_240' title='bbox 397 1868 807 1939; x_wconf 60' lang='lat' dir='ltr'><strong>subtersignavi,</strong></span> <span class='ocrx_word' id='word_1_241' title='bbox 832 1878 883 1920; x_wconf 93' lang='lat' dir='ltr'><strong>et</strong></span> <span class='ocrx_word' id='word_1_242' title='bbox 913 1866 1095 1935; x_wconf 81' lang='lat' dir='ltr'><strong>regina</strong></span> <span class='ocrx_word' id='word_1_243' title='bbox 1122 1864 1537 1931; x_wconf 83' lang='lat' dir='ltr'><strong>subterscripsit.</strong></span> <span class='ocrx_word' id='word_1_244' title='bbox 1572 1862 1789 1931; x_wconf 83' lang='lat' dir='ltr'><strong>Signum</strong></span> <span class='ocrx_word' id='word_1_245' title='bbox 1813 1860 1959 1915; x_wconf 88' lang='lat' dir='ltr'><strong>Chil-</strong></span> 
     </span>
    </p>
   </div>
   <div class='ocr_carea' id='block_1_36' title="bbox 389 1954 1957 2028">
    <p class='ocr_par' dir='ltr' id='par_1_36' title="bbox 389 1954 1957 2028">
     <span class='ocr_line' id='line_1_36' title="bbox 389 1954 1957 2028; baseline -0.008 -11"><span class='ocrx_word' id='word_1_246' title='bbox 389 1962 553 2018; x_wconf 89' lang='lat' dir='ltr'><strong>derici</strong></span> <span class='ocrx_word' id='word_1_247' title='bbox 588 1962 748 2028; x_wconf 88' lang='lat' dir='ltr'><strong>regis.</strong></span> <span class='ocrx_word' id='word_1_248' title='bbox 800 1956 1162 2011; x_wconf 90' lang='lat' dir='ltr'><strong>Chinechildis</strong></span> <span class='ocrx_word' id='word_1_249' title='bbox 1194 1956 1372 2023; x_wconf 83' lang='lat' dir='ltr'><strong>regina</strong></span> <span class='ocrx_word' id='word_1_250' title='bbox 1403 1954 1713 2020; x_wconf 88' lang='lat' dir='ltr'><strong>subscripsi.</strong></span> <span class='ocrx_word' id='word_1_251' title='bbox 1769 1954 1957 2006; x_wconf 87' lang='lat' dir='ltr'><strong>Datum</strong></span> 
     </span>
    </p>
   </div>
   <div class='ocr_carea' id='block_1_37' title="bbox 390 2040 1959 2115">
    <p class='ocr_par' dir='ltr' id='par_1_37' title="bbox 390 2040 1959 2115">
     <span class='ocr_line' id='line_1_37' title="bbox 390 2040 1959 2115; baseline -0.008 -10"><span class='ocrx_word' id='word_1_252' title='bbox 390 2051 488 2104; x_wconf 82' lang='lat' dir='ltr'><strong>sub</strong></span> <span class='ocrx_word' id='word_1_253' title='bbox 518 2050 603 2103; x_wconf 92' lang='lat' dir='ltr'><strong>die</strong></span> <span class='ocrx_word' id='word_1_254' title='bbox 642 2046 853 2101; x_wconf 79' lang='lat' dir='ltr'><strong>kalend.</strong></span> <span class='ocrx_word' id='word_1_255' title='bbox 890 2048 1153 2115; x_wconf 83' lang='lat' dir='ltr'><strong>Augustas</strong></span> <span class='ocrx_word' id='word_1_256' title='bbox 1184 2057 1324 2096; x_wconf 89' lang='lat' dir='ltr'><strong>anno</strong></span> <span class='ocrx_word' id='word_1_257' title='bbox 1352 2058 1387 2095; x_wconf 88' lang='lat' dir='ltr'><strong>tt</strong></span> <span class='ocrx_word' id='word_1_258' title='bbox 1407 2082 1423 2108; x_wconf 94' lang='lat'><strong>,</strong></span> <span class='ocrx_word' id='word_1_259' title='bbox 1472 2049 1731 2111; x_wconf 81' lang='lat' dir='ltr'><strong>regnante</strong></span> <span class='ocrx_word' id='word_1_260' title='bbox 1762 2040 1959 2094; x_wconf 86' lang='lat' dir='ltr'><strong>domno</strong></span> 
     </span>
    </p>
   </div>
   <div class='ocr_carea' id='block_1_38' title="bbox 392 2140 1122 2206">
    <p class='ocr_par' dir='ltr' id='par_1_38' title="bbox 392 2140 1122 2206">
     <span class='ocr_line' id='line_1_38' title="bbox 392 2140 1122 2206; baseline -0.012 -7"><span class='ocrx_word' id='word_1_261' title='bbox 392 2153 575 2199; x_wconf 88' lang='lat' dir='ltr'><strong>nostro</strong></span> <span class='ocrx_word' id='word_1_262' title='bbox 602 2140 897 2197; x_wconf 78' lang='lat' dir='ltr'><strong>Childerico</strong></span> <span class='ocrx_word' id='word_1_263' title='bbox 928 2154 1051 2206; x_wconf 83' lang='lat' dir='ltr'><strong>rege</strong></span> <span class='ocrx_word' id='word_1_264' title='bbox 1074 2146 1122 2190; x_wconf 81' lang='grc'><strong>⁸.</strong></span> 
     </span>
    </p>
   </div>
   <div class='ocr_carea' id='block_1_39' title="bbox 397 2314 1957 2398">
    <p class='ocr_par' dir='ltr' id='par_1_39' title="bbox 397 2314 1957 2398">
     <span class='ocr_line' id='line_1_39' title="bbox 397 2314 1957 2398; baseline -0.01 -16"><span class='ocrx_word' id='word_1_265' title='bbox 397 2327 641 2398; x_wconf 79' lang='lat' dir='ltr'><strong>Diploma</strong></span> <span class='ocrx_word' id='word_1_266' title='bbox 671 2341 769 2395; x_wconf 86' lang='lat' dir='ltr'><strong>quo</strong></span> <span class='ocrx_word' id='word_1_267' title='bbox 796 2323 1108 2398; x_wconf 64' lang='lat' dir='ltr'><strong>Childericus</strong></span> <span class='ocrx_word' id='word_1_268' title='bbox 1141 2322 1286 2398; x_wconf 41' lang='lat' dir='ltr'><strong>dona.</strong></span> <span class='ocrx_word' id='word_1_269' title='bbox 1305 2314 1812 2398; x_wconf 48' lang='lat' dir='ltr'><strong>confertnsnenonensi</strong></span> <span class='ocrx_word' id='word_1_270' title='bbox 1854 2330 1957 2367; x_wconf 86' lang='lat' dir='ltr'><strong>mo-</strong></span> 
     </span>
    </p>
   </div>
   <div class='ocr_carea' id='block_1_40' title="bbox 700 2388 1651 2459">
    <p class='ocr_par' dir='ltr' id='par_1_40' title="bbox 700 2388 1651 2459">
     <span class='ocr_line' id='line_1_40' title="bbox 700 2388 1651 2459; baseline -0.011 -10"><span class='ocrx_word' id='word_1_271' title='bbox 700 2394 944 2457; x_wconf 78' lang='lat' dir='ltr'><strong>nasterio,</strong></span> <span class='ocrx_word' id='word_1_272' title='bbox 976 2394 1030 2444; x_wconf 84' lang='lat' dir='ltr'><strong>in</strong></span> <span class='ocrx_word' id='word_1_273' title='bbox 1055 2390 1255 2459; x_wconf 77' lang='lat' dir='ltr'><strong>Vosago</strong></span> <span class='ocrx_word' id='word_1_274' title='bbox 1279 2388 1302 2424; x_wconf 64' lang='grc' dir='ltr'><strong>ι)</strong></span> <span class='ocrx_word' id='word_1_275' title='bbox 1333 2392 1478 2457; x_wconf 86' lang='lat' dir='ltr'><strong>(amt.</strong></span> <span class='ocrx_word' id='word_1_276' title='bbox 1505 2388 1651 2455; x_wconf 86' lang='grc'>661).</span> 
     </span>
    </p>
   </div>
   <div class='ocr_carea' id='block_1_41' title="bbox 468 2497 1959 2572">
    <p class='ocr_par' dir='ltr' id='par_1_41' title="bbox 468 2497 1959 2572">
     <span class='ocr_line' id='line_1_41' title="bbox 468 2497 1959 2572; baseline -0.013 -7"><span class='ocrx_word' id='word_1_277' title='bbox 468 2508 827 2572; x_wconf 87' lang='lat' dir='ltr'><strong>Childericus,</strong></span> <span class='ocrx_word' id='word_1_278' title='bbox 858 2520 954 2560; x_wconf 90' lang='lat' dir='ltr'><strong>rex</strong></span> <span class='ocrx_word' id='word_1_279' title='bbox 987 2502 1343 2564; x_wconf 85' lang='lat' dir='ltr'><strong>Francorum,</strong></span> <span class='ocrx_word' id='word_1_280' title='bbox 1383 2498 1628 2553; x_wconf 82' lang='lat' dir='ltr'><strong>omnibus</strong></span> <span class='ocrx_word' id='word_1_281' title='bbox 1668 2497 1794 2549; x_wconf 91' lang='lat' dir='ltr'><strong>viris</strong></span> <span class='ocrx_word' id='word_1_282' title='bbox 1834 2509 1959 2562; x_wconf 90' lang='lat' dir='ltr'><strong>apo-</strong></span> 
     </span>
    </p>
   </div>
   <div class='ocr_carea' id='block_1_42' title="bbox 395 2584 1962 2668">
    <p class='ocr_par' dir='ltr' id='par_1_42' title="bbox 395 2584 1962 2668">
     <span class='ocr_line' id='line_1_42' title="bbox 395 2584 1962 2668; baseline -0.013 -11"><span class='ocrx_word' id='word_1_283' title='bbox 395 2603 600 2657; x_wconf 84' lang='lat' dir='ltr'><strong>stolicis</strong></span> <span class='ocrx_word' id='word_1_284' title='bbox 631 2599 866 2668; x_wconf 88' lang='lat' dir='ltr'><strong>patribus</strong></span> <span class='ocrx_word' id='word_1_285' title='bbox 897 2593 1127 2657; x_wconf 90' lang='lat' dir='ltr'><strong>nostris,</strong></span> <span class='ocrx_word' id='word_1_286' title='bbox 1181 2604 1279 2644; x_wconf 92' lang='lat' dir='ltr'><strong>nec</strong></span> <span class='ocrx_word' id='word_1_287' title='bbox 1329 2604 1433 2641; x_wconf 91' lang='lat' dir='ltr'><strong>non</strong></span> <span class='ocrx_word' id='word_1_288' title='bbox 1480 2585 1792 2641; x_wconf 91' lang='lat' dir='ltr'><strong>inlustribus</strong></span> <span class='ocrx_word' id='word_1_289' title='bbox 1832 2584 1962 2637; x_wconf 88' lang='lat' dir='ltr'><strong>viris</strong></span> 
     </span>
    </p>
   </div>
   <div class='ocr_carea' id='block_1_43' title="bbox 395 2674 1962 2751">
    <p class='ocr_par' dir='ltr' id='par_1_43' title="bbox 395 2674 1962 2751">
     <span class='ocr_line' id='line_1_43' title="bbox 395 2674 1962 2751; baseline -0.013 -5"><span class='ocrx_word' id='word_1_290' title='bbox 395 2690 701 2751; x_wconf 85' lang='lat' dir='ltr'><strong>comitibus,</strong></span> <span class='ocrx_word' id='word_1_291' title='bbox 722 2685 810 2741; x_wconf 93' lang='lat' dir='ltr'><strong>vel</strong></span> <span class='ocrx_word' id='word_1_292' title='bbox 836 2684 1083 2739; x_wconf 89' lang='lat' dir='ltr'><strong>omnibus</strong></span> <span class='ocrx_word' id='word_1_293' title='bbox 1106 2679 1441 2735; x_wconf 89' lang='lat' dir='ltr'><strong>audientibus</strong></span> <span class='ocrx_word' id='word_1_294' title='bbox 1470 2686 1525 2731; x_wconf 90' lang='lat' dir='ltr'><strong>et</strong></span> <span class='ocrx_word' id='word_1_295' title='bbox 1553 2675 1761 2730; x_wconf 86' lang='lat' dir='ltr'><strong>futuris.</strong></span> <span class='ocrx_word' id='word_1_296' title='bbox 1791 2674 1962 2741; x_wconf 80' lang='lat' dir='ltr'><strong>Oper-</strong></span> 
     </span>
    </p>
   </div>
   <div class='ocr_carea' id='block_1_44' title="bbox 400 2769 1958 2845">
    <p class='ocr_par' dir='ltr' id='par_1_44' title="bbox 400 2769 1958 2845">
     <span class='ocr_line' id='line_1_44' title="bbox 400 2769 1958 2845; baseline -0.013 -7"><span class='ocrx_word' id='word_1_297' title='bbox 400 2793 477 2838; x_wconf 89' lang='lat' dir='ltr'><strong>tet</strong></span> <span class='ocrx_word' id='word_1_298' title='bbox 505 2778 843 2837; x_wconf 89' lang='lat' dir='ltr'><strong>clementiam</strong></span> <span class='ocrx_word' id='word_1_299' title='bbox 893 2774 1127 2845; x_wconf 76' lang='lat' dir='ltr'><strong>regalem</strong></span> <span class='ocrx_word' id='word_1_300' title='bbox 1177 2773 1315 2825; x_wconf 92' lang='lat' dir='ltr'><strong>inter</strong></span> <span class='ocrx_word' id='word_1_301' title='bbox 1344 2769 1627 2838; x_wconf 82' lang='lat' dir='ltr'><strong>petitiones</strong></span> <span class='ocrx_word' id='word_1_302' title='bbox 1659 2776 1958 2821; x_wconf 85' lang='lat' dir='ltr'><strong>ceterorum</strong></span> 
     </span>
    </p>
   </div>
   <div class='ocr_carea' id='block_1_45' title="bbox 402 2858 1958 2941">
    <p class='ocr_par' dir='ltr' id='par_1_45' title="bbox 402 2858 1958 2941">
     <span class='ocr_line' id='line_1_45' title="bbox 402 2858 1958 2941; baseline -0.01 -15"><span class='ocrx_word' id='word_1_303' title='bbox 402 2872 668 2941; x_wconf 62' lang='lat' dir='ltr'><strong>prmeipue</strong></span> <span class='ocrx_word' id='word_1_304' title='bbox 698 2866 1066 2923; x_wconf 78' lang='lat' dir='ltr'><strong>saeerdmibus</strong></span> <span class='ocrx_word' id='word_1_305' title='bbox 1110 2864 1204 2917; x_wconf 83' lang='lat' dir='ltr'><strong>Dei</strong></span> <span class='ocrx_word' id='word_1_306' title='bbox 1252 2861 1480 2929; x_wconf 80' lang='lat' dir='ltr'><strong>benigne</strong></span> <span class='ocrx_word' id='word_1_307' title='bbox 1526 2858 1762 2912; x_wconf 89' lang='lat' dir='ltr'><strong>auditum</strong></span> <span class='ocrx_word' id='word_1_308' title='bbox 1800 2870 1958 2911; x_wconf 89' lang='lat' dir='ltr'><strong>acco-</strong></span> 
     </span>
    </p>
   </div>
   <div class='ocr_carea' id='block_1_46' title="bbox 400 2950 1964 3027">
    <p class='ocr_par' dir='ltr' id='par_1_46' title="bbox 400 2950 1964 3027">
     <span class='ocr_line' id='line_1_46' title="bbox 400 2950 1964 3027; baseline -0.012 -10"><span class='ocrx_word' id='word_1_309' title='bbox 400 2962 651 3025; x_wconf 86' lang='lat' dir='ltr'><strong>modare,</strong></span> <span class='ocrx_word' id='word_1_310' title='bbox 684 2958 930 3027; x_wconf 88' lang='lat' dir='ltr'><strong>quodque</strong></span> <span class='ocrx_word' id='word_1_311' title='bbox 960 2971 1054 3023; x_wconf 84' lang='lat' dir='ltr'><strong>pro</strong></span> <span class='ocrx_word' id='word_1_312' title='bbox 1087 2955 1279 3007; x_wconf 89' lang='lat' dir='ltr'><strong>timore</strong></span> <span class='ocrx_word' id='word_1_313' title='bbox 1305 2951 1467 3005; x_wconf 83' lang='lat' dir='ltr'><strong>divini</strong></span> <span class='ocrx_word' id='word_1_314' title='bbox 1510 2950 1741 3003; x_wconf 93' lang='lat' dir='ltr'><strong>nominis</strong></span> <span class='ocrx_word' id='word_1_315' title='bbox 1783 2955 1964 3025; x_wconf 85' lang='lat' dir='ltr'><strong>postu-</strong></span> 
     </span>
    </p>
   </div>
   <div class='ocr_carea' id='block_1_47' title="bbox 397 3038 1959 3121">
    <p class='ocr_par' dir='ltr' id='par_1_47' title="bbox 397 3038 1959 3121">
     <span class='ocr_line' id='line_1_47' title="bbox 397 3038 1959 3121; baseline -0.013 -11"><span class='ocrx_word' id='word_1_316' title='bbox 397 3058 559 3121; x_wconf 89' lang='lat' dir='ltr'><strong>latur,</strong></span> <span class='ocrx_word' id='word_1_317' title='bbox 594 3064 818 3119; x_wconf 88' lang='lat' dir='ltr'><strong>ponatur</strong></span> <span class='ocrx_word' id='word_1_318' title='bbox 848 3048 911 3101; x_wconf 91' lang='lat' dir='ltr'><strong>ad</strong></span> <span class='ocrx_word' id='word_1_319' title='bbox 944 3045 1187 3101; x_wconf 75' lang='lat' dir='ltr'><strong>effectum</strong></span> <span class='ocrx_word' id='word_1_320' title='bbox 1207 3084 1223 3110; x_wconf 87' lang='lat'><strong>,</strong></span> <span class='ocrx_word' id='word_1_321' title='bbox 1266 3052 1322 3097; x_wconf 92' lang='lat' dir='ltr'><strong>ut</strong></span> <span class='ocrx_word' id='word_1_322' title='bbox 1351 3058 1417 3097; x_wconf 94' lang='lat' dir='ltr'><strong>eo</strong></span> <span class='ocrx_word' id='word_1_323' title='bbox 1448 3043 1539 3094; x_wconf 86' lang='lat' dir='ltr'><strong>fiat</strong></span> <span class='ocrx_word' id='word_1_324' title='bbox 1564 3040 1629 3094; x_wconf 92' lang='lat' dir='ltr'><strong>ad</strong></span> <span class='ocrx_word' id='word_1_325' title='bbox 1659 3038 1959 3095; x_wconf 84' lang='lat' dir='ltr'><strong>mercedem</strong></span> 
     </span>
    </p>
   </div>
   <div class='ocr_carea' id='block_1_48' title="bbox 400 3130 1964 3214">
    <p class='ocr_par' dir='ltr' id='par_1_48' title="bbox 400 3130 1964 3214">
     <span class='ocr_line' id='line_1_48' title="bbox 400 3130 1964 3214; baseline -0.01 -16"><span class='ocrx_word' id='word_1_326' title='bbox 400 3159 505 3214; x_wconf 91' lang='lat' dir='ltr'><strong>quo</strong></span> <span class='ocrx_word' id='word_1_327' title='bbox 532 3141 704 3197; x_wconf 81' lang='lat' dir='ltr'><strong>servis</strong></span> <span class='ocrx_word' id='word_1_328' title='bbox 734 3140 825 3194; x_wconf 87' lang='lat' dir='ltr'><strong>Dei</strong></span> <span class='ocrx_word' id='word_1_329' title='bbox 859 3137 1104 3205; x_wconf 87' lang='lat' dir='ltr'><strong>congruit</strong></span> <span class='ocrx_word' id='word_1_330' title='bbox 1133 3135 1199 3189; x_wconf 91' lang='lat' dir='ltr'><strong>ad</strong></span> <span class='ocrx_word' id='word_1_331' title='bbox 1228 3135 1480 3203; x_wconf 89' lang='lat' dir='ltr'><strong>quietem.</strong></span> <span class='ocrx_word' id='word_1_332' title='bbox 1532 3131 1681 3199; x_wconf 87' lang='lat' dir='ltr'><strong>Quod</strong></span> <span class='ocrx_word' id='word_1_333' title='bbox 1711 3130 1851 3186; x_wconf 91' lang='lat' dir='ltr'><strong>enim</strong></span> <span class='ocrx_word' id='word_1_334' title='bbox 1886 3139 1964 3183; x_wconf 87' lang='lat' dir='ltr'><strong>ta-</strong></span> 
     </span>
    </p>
   </div>
   <div class='ocr_carea' id='block_1_49' title="bbox 406 3221 1964 3294">
    <p class='ocr_par' dir='ltr' id='par_1_49' title="bbox 406 3221 1964 3294">
     <span class='ocr_line' id='line_1_49' title="bbox 406 3221 1964 3294; baseline -0.01 -5"><span class='ocrx_word' id='word_1_335' title='bbox 406 3236 544 3289; x_wconf 73' lang='lat' dir='ltr'><strong>lifous</strong></span> <span class='ocrx_word' id='word_1_336' title='bbox 576 3234 763 3286; x_wconf 87' lang='lat' dir='ltr'><strong>devota</strong></span> <span class='ocrx_word' id='word_1_337' title='bbox 794 3239 969 3283; x_wconf 83' lang='lat' dir='ltr'><strong>mente</strong></span> <span class='ocrx_word' id='word_1_338' title='bbox 1000 3226 1341 3294; x_wconf 89' lang='lat' dir='ltr'><strong>impenditur,</strong></span> <span class='ocrx_word' id='word_1_339' title='bbox 1369 3223 1535 3291; x_wconf 86' lang='lat' dir='ltr'><strong>major</strong></span> <span class='ocrx_word' id='word_1_340' title='bbox 1564 3223 1755 3275; x_wconf 80' lang='lat' dir='ltr'><strong>exinde</strong></span> <span class='ocrx_word' id='word_1_341' title='bbox 1785 3221 1964 3288; x_wconf 92' lang='lat' dir='ltr'><strong>procul</strong></span> 
     </span>
    </p>
   </div>
   <div class='ocr_carea' id='block_1_50' title="bbox 408 3310 1965 3383">
    <p class='ocr_par' dir='ltr' id='par_1_50' title="bbox 408 3310 1965 3383">
     <span class='ocr_line' id='line_1_50' title="bbox 408 3310 1965 3383; baseline -0.008 -8"><span class='ocrx_word' id='word_1_342' title='bbox 408 3322 570 3377; x_wconf 90' lang='lat' dir='ltr'><strong>dubio</strong></span> <span class='ocrx_word' id='word_1_343' title='bbox 600 3333 806 3375; x_wconf 90' lang='lat' dir='ltr'><strong>merces</strong></span> <span class='ocrx_word' id='word_1_344' title='bbox 836 3315 1152 3383; x_wconf 83' lang='lat' dir='ltr'><strong>adquiritur,</strong></span> <span class='ocrx_word' id='word_1_345' title='bbox 1202 3315 1337 3366; x_wconf 90' lang='lat' dir='ltr'><strong>sicut</strong></span> <span class='ocrx_word' id='word_1_346' title='bbox 1382 3312 1639 3380; x_wconf 83' lang='lat' dir='ltr'><strong>scriptum</strong></span> <span class='ocrx_word' id='word_1_347' title='bbox 1670 3320 1785 3364; x_wconf 90' lang='lat' dir='ltr'><strong>est:</strong></span> <span class='ocrx_word' id='word_1_348' title='bbox 1836 3310 1965 3364; x_wconf 85' lang='lat' dir='ltr'><strong>Dis-</strong></span> 
     </span>
    </p>
   </div>
   <div class='ocr_carea' id='block_1_51' title="bbox 404 3404 1963 3483">
    <p class='ocr_par' dir='ltr' id='par_1_51' title="bbox 404 3404 1963 3483">
     <span class='ocr_line' id='line_1_51' title="bbox 404 3404 1963 3483; baseline -0.006 -18"><span class='ocrx_word' id='word_1_349' title='bbox 404 3417 591 3483; x_wconf 81' lang='lat' dir='ltr'><strong>persit,</strong></span> <span class='ocrx_word' id='word_1_350' title='bbox 622 3412 766 3465; x_wconf 84' lang='lat' dir='ltr'><strong>dedit</strong></span> <span class='ocrx_word' id='word_1_351' title='bbox 799 3407 1117 3478; x_wconf 74' lang='lat' dir='ltr'><strong>pauperibus</strong></span> <span class='ocrx_word' id='word_1_352' title='bbox 1145 3424 1155 3459; x_wconf 94' lang='lat'>:</span> <span class='ocrx_word' id='word_1_353' title='bbox 1201 3405 1406 3475; x_wconf 91' lang='lat' dir='ltr'><strong>justitia</strong></span> <span class='ocrx_word' id='word_1_354' title='bbox 1437 3405 1551 3473; x_wconf 92' lang='lat' dir='ltr'><strong>ejus</strong></span> <span class='ocrx_word' id='word_1_355' title='bbox 1582 3413 1762 3457; x_wconf 88' lang='lat' dir='ltr'><strong>manet</strong></span> <span class='ocrx_word' id='word_1_356' title='bbox 1793 3404 1843 3456; x_wconf 93' lang='lat' dir='ltr'><strong>in</strong></span> <span class='ocrx_word' id='word_1_357' title='bbox 1874 3416 1963 3456; x_wconf 87' lang='lat' dir='ltr'><strong>se-</strong></span> 
     </span>
    </p>
   </div>
   <div class='ocr_carea' id='block_1_52' title="bbox 398 3494 1965 3565">
    <p class='ocr_par' dir='ltr' id='par_1_52' title="bbox 398 3494 1965 3565">
     <span class='ocr_line' id='line_1_52' title="bbox 398 3494 1965 3565; baseline -0.008 -5"><span class='ocrx_word' id='word_1_358' title='bbox 398 3506 577 3560; x_wconf 90' lang='lat' dir='ltr'><strong>culum</strong></span> <span class='ocrx_word' id='word_1_359' title='bbox 609 3502 794 3557; x_wconf 90' lang='lat' dir='ltr'><strong>seculi.</strong></span> <span class='ocrx_word' id='word_1_360' title='bbox 845 3505 866 3531; x_wconf 78' lang='lat'>°</span> <span class='ocrx_word' id='word_1_361' title='bbox 893 3498 1285 3553; x_wconf 86' lang='lat' dir='ltr'><strong>Gundelbertus</strong></span> <span class='ocrx_word' id='word_1_362' title='bbox 1330 3498 1507 3565; x_wconf 85' lang='lat' dir='ltr'><strong>igitur,</strong></span> <span class='ocrx_word' id='word_1_363' title='bbox 1539 3497 1823 3563; x_wconf 88' lang='lat' dir='ltr'><strong>episcopus</strong></span> <span class='ocrx_word' id='word_1_364' title='bbox 1852 3494 1965 3547; x_wconf 84' lang='lat' dir='ltr'><strong>sive</strong></span> 
     </span>
    </p>
   </div>
   <div class='ocr_carea' id='block_1_53' title="bbox 406 3585 1965 3660">
    <p class='ocr_par' dir='ltr' id='par_1_53' title="bbox 406 3585 1965 3660">
     <span class='ocr_line' id='line_1_53' title="bbox 406 3585 1965 3660; baseline -0.008 -11"><span class='ocrx_word' id='word_1_365' title='bbox 406 3596 565 3660; x_wconf 87' lang='lat' dir='ltr'><strong>abba,</strong></span> <span class='ocrx_word' id='word_1_366' title='bbox 588 3591 967 3647; x_wconf 81' lang='lat' dir='ltr'><strong>manasterium</strong></span> <span class='ocrx_word' id='word_1_367' title='bbox 999 3591 1047 3643; x_wconf 93' lang='lat' dir='ltr'><strong>in</strong></span> <span class='ocrx_word' id='word_1_368' title='bbox 1076 3589 1277 3643; x_wconf 88' lang='lat' dir='ltr'><strong>honore</strong></span> <span class='ocrx_word' id='word_1_369' title='bbox 1299 3598 1496 3641; x_wconf 68' lang='lat' dir='ltr'><strong>sancta:</strong></span> <span class='ocrx_word' id='word_1_370' title='bbox 1519 3586 1694 3639; x_wconf 65' lang='lat' dir='ltr'><strong>Mariae</strong></span> <span class='ocrx_word' id='word_1_371' title='bbox 1721 3596 1775 3640; x_wconf 92' lang='lat' dir='ltr'><strong>et</strong></span> <span class='ocrx_word' id='word_1_372' title='bbox 1796 3585 1965 3638; x_wconf 88' lang='lat' dir='ltr'><strong>sancti</strong></span> 
     </span>
    </p>
   </div>
   <div class='ocr_carea' id='block_1_54' title="bbox 404 3677 1965 3755">
    <p class='ocr_par' dir='ltr' id='par_1_54' title="bbox 404 3677 1965 3755">
     <span class='ocr_line' id='line_1_54' title="bbox 404 3677 1965 3755; baseline -0.008 -13"><span class='ocrx_word' id='word_1_373' title='bbox 404 3689 541 3742; x_wconf 81' lang='lat' dir='ltr'><strong>Petri</strong></span> <span class='ocrx_word' id='word_1_374' title='bbox 592 3685 962 3751; x_wconf 84' lang='lat' dir='ltr'><strong>sociorumque</strong></span> <span class='ocrx_word' id='word_1_375' title='bbox 1007 3681 1151 3751; x_wconf 89' lang='lat' dir='ltr'><strong>ejus,</strong></span> <span class='ocrx_word' id='word_1_376' title='bbox 1206 3681 1258 3734; x_wconf 90' lang='lat' dir='ltr'><strong>in</strong></span> <span class='ocrx_word' id='word_1_377' title='bbox 1306 3696 1442 3755; x_wconf 85' lang='lat' dir='ltr'><strong>pago</strong></span> <span class='ocrx_word' id='word_1_378' title='bbox 1487 3678 1864 3732; x_wconf 85' lang='lat' dir='ltr'><strong>Calvomontisi</strong></span> <span class='ocrx_word' id='word_1_379' title='bbox 1913 3677 1965 3730; x_wconf 91' lang='lat' dir='ltr'><strong>in</strong></span> 
     </span>
    </p>
   </div>
   <div class='ocr_carea' id='block_1_55' title="bbox 404 3766 1963 3845">
    <p class='ocr_par' dir='ltr' id='par_1_55' title="bbox 404 3766 1963 3845">
     <span class='ocr_line' id='line_1_55' title="bbox 404 3766 1963 3845; baseline -0.007 -14"><span class='ocrx_word' id='word_1_380' title='bbox 404 3777 635 3845; x_wconf 75' lang='lat' dir='ltr'><strong>VOSngo,</strong></span> <span class='ocrx_word' id='word_1_381' title='bbox 682 3789 843 3842; x_wconf 89' lang='lat' dir='ltr'><strong>super</strong></span> <span class='ocrx_word' id='word_1_382' title='bbox 874 3772 1145 3827; x_wconf 80' lang='lat' dir='ltr'><strong>ﬂuviolnm</strong></span> <span class='ocrx_word' id='word_1_383' title='bbox 1177 3770 1515 3824; x_wconf 84' lang='lat' dir='ltr'><strong>Rahadonem</strong></span> <span class='ocrx_word' id='word_1_384' title='bbox 1550 3769 1693 3821; x_wconf 89' lang='lat' dir='ltr'><strong>visus</strong></span> <span class='ocrx_word' id='word_1_385' title='bbox 1724 3776 1803 3821; x_wconf 92' lang='lat' dir='ltr'><strong>est</strong></span> <span class='ocrx_word' id='word_1_386' title='bbox 1831 3766 1963 3821; x_wconf 71' lang='lat' dir='ltr'><strong>tedi-</strong></span> 
     </span>
    </p>
   </div>
   <div class='ocr_carea' id='block_1_56' title="bbox 407 3858 1965 3933">
    <p class='ocr_par' dir='ltr' id='par_1_56' title="bbox 407 3858 1965 3933">
     <span class='ocr_line' id='line_1_56' title="bbox 407 3858 1965 3933; baseline -0.006 -12"><span class='ocrx_word' id='word_1_387' title='bbox 407 3871 631 3933; x_wconf 78' lang='lat' dir='ltr'><strong>licasse,</strong></span> <span class='ocrx_word' id='word_1_388' title='bbox 705 3865 793 3918; x_wconf 91' lang='lat' dir='ltr'><strong>ubi</strong></span> <span class='ocrx_word' id='word_1_389' title='bbox 847 3863 1123 3932; x_wconf 88' lang='lat' dir='ltr'><strong>plurimam</strong></span> <span class='ocrx_word' id='word_1_390' title='bbox 1176 3862 1243 3915; x_wconf 88' lang='lat' dir='ltr'><strong>ad</strong></span> <span class='ocrx_word' id='word_1_391' title='bbox 1297 3874 1530 3929; x_wconf 70' lang='lat' dir='ltr'><strong>praesens</strong></span> <span class='ocrx_word' id='word_1_392' title='bbox 1583 3858 1965 3914; x_wconf 88' lang='lat' dir='ltr'><strong>monachorum</strong></span> 
     </span>
    </p>
   </div>
   <div class='ocr_carea' id='block_1_57' title="bbox 410 3948 1966 4021">
    <p class='ocr_par' dir='ltr' id='par_1_57' title="bbox 410 3948 1966 4021">
     <span class='ocr_line' id='line_1_57' title="bbox 410 3948 1966 4021; baseline -0.007 -8"><span class='ocrx_word' id='word_1_393' title='bbox 410 3958 619 4013; x_wconf 84' lang='lat' dir='ltr'><strong>turbam</strong></span> <span class='ocrx_word' id='word_1_394' title='bbox 657 3956 891 4010; x_wconf 89' lang='lat' dir='ltr'><strong>noscitur</strong></span> <span class='ocrx_word' id='word_1_395' title='bbox 920 3954 1205 4008; x_wconf 89' lang='lat' dir='ltr'><strong>adunasse.</strong></span> <span class='ocrx_word' id='word_1_396' title='bbox 1258 3951 1422 4021; x_wconf 83' lang='lat' dir='ltr'><strong>Hujus</strong></span> <span class='ocrx_word' id='word_1_397' title='bbox 1450 3951 1625 4020; x_wconf 79' lang='lat' dir='ltr'><strong>itaque</strong></span> <span class='ocrx_word' id='word_1_398' title='bbox 1654 3948 1752 4003; x_wconf 91' lang='lat' dir='ltr'><strong>viri</strong></span> <span class='ocrx_word' id='word_1_399' title='bbox 1797 3950 1966 4003; x_wconf 81' lang='lat' dir='ltr'><strong>sancti</strong></span> 
     </span>
    </p>
   </div>
   <div class='ocr_carea' id='block_1_58' title="bbox 404 4042 1969 4123">
    <p class='ocr_par' dir='ltr' id='par_1_58' title="bbox 404 4042 1969 4123">
     <span class='ocr_line' id='line_1_58' title="bbox 404 4042 1969 4123; baseline -0.006 -18"><span class='ocrx_word' id='word_1_400' title='bbox 404 4051 659 4123; x_wconf 90' lang='lat' dir='ltr'><strong>petitione</strong></span> <span class='ocrx_word' id='word_1_401' title='bbox 688 4057 956 4115; x_wconf 88' lang='lat' dir='ltr'><strong>suscepta,</strong></span> <span class='ocrx_word' id='word_1_402' title='bbox 988 4056 1045 4099; x_wconf 93' lang='lat' dir='ltr'><strong>ut</strong></span> <span class='ocrx_word' id='word_1_403' title='bbox 1074 4045 1277 4099; x_wconf 88' lang='lat' dir='ltr'><strong>scilicet</strong></span> <span class='ocrx_word' id='word_1_404' title='bbox 1304 4043 1583 4097; x_wconf 87' lang='lat' dir='ltr'><strong>clementia</strong></span> <span class='ocrx_word' id='word_1_405' title='bbox 1613 4052 1794 4096; x_wconf 88' lang='lat' dir='ltr'><strong>nostra</strong></span> <span class='ocrx_word' id='word_1_406' title='bbox 1822 4042 1969 4110; x_wconf 84' lang='lat' dir='ltr'><strong>quie-</strong></span> 
     </span>
    </p>
   </div>
   <div class='ocr_carea' id='block_1_59' title="bbox 408 4134 1970 4209">
    <p class='ocr_par' dir='ltr' id='par_1_59' title="bbox 408 4134 1970 4209">
     <span class='ocr_line' id='line_1_59' title="bbox 408 4134 1970 4209; baseline -0.004 -13"><span class='ocrx_word' id='word_1_407' title='bbox 408 4153 514 4196; x_wconf 89' lang='lat' dir='ltr'><strong>tem</strong></span> <span class='ocrx_word' id='word_1_408' title='bbox 540 4142 771 4209; x_wconf 89' lang='lat' dir='ltr'><strong>ipsorum</strong></span> <span class='ocrx_word' id='word_1_409' title='bbox 798 4151 1067 4194; x_wconf 88' lang='lat' dir='ltr'><strong>servorum</strong></span> <span class='ocrx_word' id='word_1_410' title='bbox 1095 4135 1189 4190; x_wconf 89' lang='lat' dir='ltr'><strong>Dei</strong></span> <span class='ocrx_word' id='word_1_411' title='bbox 1216 4136 1566 4203; x_wconf 61' lang='lat' dir='ltr'><strong>praceptione</strong></span> <span class='ocrx_word' id='word_1_412' title='bbox 1586 4134 1782 4204; x_wconf 79' lang='lat' dir='ltr'><strong>vigoris</strong></span> <span class='ocrx_word' id='word_1_413' title='bbox 1804 4135 1970 4189; x_wconf 90' lang='lat' dir='ltr'><strong>nostri</strong></span> 
     </span>
    </p>
   </div>
   <div class='ocr_carea' id='block_1_60' title="bbox 405 4226 1969 4297">
    <p class='ocr_par' dir='ltr' id='par_1_60' title="bbox 405 4226 1969 4297">
     <span class='ocr_line' id='line_1_60' title="bbox 405 4226 1969 4297; baseline -0.005 -10"><span class='ocrx_word' id='word_1_414' title='bbox 405 4234 594 4287; x_wconf 89' lang='lat' dir='ltr'><strong>debeat</strong></span> <span class='ocrx_word' id='word_1_415' title='bbox 640 4233 934 4295; x_wconf 91' lang='lat' dir='ltr'><strong>rohorare,</strong></span> <span class='ocrx_word' id='word_1_416' title='bbox 993 4228 1184 4297; x_wconf 89' lang='lat' dir='ltr'><strong>placuit</strong></span> <span class='ocrx_word' id='word_1_417' title='bbox 1232 4227 1353 4281; x_wconf 91' lang='lat' dir='ltr'><strong>huic</strong></span> <span class='ocrx_word' id='word_1_418' title='bbox 1400 4235 1594 4281; x_wconf 76' lang='lat' dir='ltr'><strong>nostra:</strong></span> <span class='ocrx_word' id='word_1_419' title='bbox 1643 4226 1969 4280; x_wconf 88' lang='lat' dir='ltr'><strong>auctoritatis</strong></span> 
     </span>
    </p>
   </div>
   <div class='ocr_carea' id='block_1_61' title="bbox 2061 1773 3641 1841">
    <p class='ocr_par' dir='ltr' id='par_1_61' title="bbox 2061 1773 3641 1841">
     <span class='ocr_line' id='line_1_61' title="bbox 2061 1773 3641 1841; baseline -0.002 -11"><span class='ocrx_word' id='word_1_420' title='bbox 2061 1776 2349 1830; x_wconf 86' lang='lat' dir='ltr'><strong>Fontanam</strong></span> <span class='ocrx_word' id='word_1_421' title='bbox 2400 1774 2540 1828; x_wconf 92' lang='lat' dir='ltr'><strong>inter</strong></span> <span class='ocrx_word' id='word_1_422' title='bbox 2582 1774 2715 1827; x_wconf 90' lang='lat' dir='ltr'><strong>duas</strong></span> <span class='ocrx_word' id='word_1_423' title='bbox 2763 1783 2963 1828; x_wconf 88' lang='lat' dir='ltr'><strong>stratas</strong></span> <span class='ocrx_word' id='word_1_424' title='bbox 3009 1788 3175 1841; x_wconf 86' lang='lat' dir='ltr'><strong>usque</strong></span> <span class='ocrx_word' id='word_1_425' title='bbox 3225 1773 3278 1827; x_wconf 91' lang='lat' dir='ltr'><strong>in</strong></span> <span class='ocrx_word' id='word_1_426' title='bbox 3331 1774 3597 1827; x_wconf 83' lang='lat' dir='ltr'><strong>Bruscam</strong></span> <span class='ocrx_word' id='word_1_427' title='bbox 3626 1816 3641 1837; x_wconf 84' lang='lat'><strong>,</strong></span> 
     </span>
    </p>
   </div>
   <div class='ocr_carea' id='block_1_62' title="bbox 2058 1862 3643 1926">
    <p class='ocr_par' dir='ltr' id='par_1_62' title="bbox 2058 1862 3643 1926">
     <span class='ocr_line' id='line_1_62' title="bbox 2058 1862 3643 1926; baseline -0.001 -8"><span class='ocrx_word' id='word_1_428' title='bbox 2058 1864 2391 1919; x_wconf 88' lang='lat' dir='ltr'><strong>Marcofeldis</strong></span> <span class='ocrx_word' id='word_1_429' title='bbox 2432 1879 2554 1917; x_wconf 89' lang='lat' dir='ltr'><strong>cum</strong></span> <span class='ocrx_word' id='word_1_430' title='bbox 2602 1862 3069 1926; x_wconf 80' lang='lat' dir='ltr'><strong>Rotundomonte;</strong></span> <span class='ocrx_word' id='word_1_431' title='bbox 3122 1863 3314 1916; x_wconf 89' lang='lat' dir='ltr'><strong>deinde</strong></span> <span class='ocrx_word' id='word_1_432' title='bbox 3364 1864 3418 1916; x_wconf 91' lang='lat' dir='ltr'><strong>in</strong></span> <span class='ocrx_word' id='word_1_433' title='bbox 3472 1875 3643 1917; x_wconf 83' lang='lat' dir='ltr'><strong>strata</strong></span> 
     </span>
    </p>
   </div>
   <div class='ocr_carea' id='block_1_63' title="bbox 2058 1955 3649 2023">
    <p class='ocr_par' dir='ltr' id='par_1_63' title="bbox 2058 1955 3649 2023">
     <span class='ocr_line' id='line_1_63' title="bbox 2058 1955 3649 2023; baseline -0.003 -10"><span class='ocrx_word' id='word_1_434' title='bbox 2058 1957 2417 2013; x_wconf 78' lang='lat' dir='ltr'><strong>Sarmatarum</strong></span> <span class='ocrx_word' id='word_1_435' title='bbox 2451 1971 2616 2023; x_wconf 89' lang='lat' dir='ltr'><strong>usque</strong></span> <span class='ocrx_word' id='word_1_436' title='bbox 2646 1956 2697 2009; x_wconf 90' lang='lat' dir='ltr'><strong>in</strong></span> <span class='ocrx_word' id='word_1_437' title='bbox 2725 1955 3043 2022; x_wconf 79' lang='lat' dir='ltr'><strong>Marisanga,</strong></span> <span class='ocrx_word' id='word_1_438' title='bbox 3077 1970 3196 2010; x_wconf 90' lang='lat' dir='ltr'><strong>cum</strong></span> <span class='ocrx_word' id='word_1_439' title='bbox 3227 1955 3496 2009; x_wconf 89' lang='lat' dir='ltr'><strong>Dolosana</strong></span> <span class='ocrx_word' id='word_1_440' title='bbox 3528 1956 3649 2009; x_wconf 80' lang='lat' dir='ltr'><strong>fon-</strong></span> 
     </span>
    </p>
   </div>
   <div class='ocr_carea' id='block_1_64' title="bbox 2060 2047 3648 2114">
    <p class='ocr_par' dir='ltr' id='par_1_64' title="bbox 2060 2047 3648 2114">
     <span class='ocr_line' id='line_1_64' title="bbox 2060 2047 3648 2114; baseline 0.001 -14"><span class='ocrx_word' id='word_1_441' title='bbox 2060 2058 2205 2113; x_wconf 89' lang='lat' dir='ltr'><strong>tana,</strong></span> <span class='ocrx_word' id='word_1_442' title='bbox 2233 2064 2353 2101; x_wconf 91' lang='lat' dir='ltr'><strong>cum</strong></span> <span class='ocrx_word' id='word_1_443' title='bbox 2385 2047 2589 2105; x_wconf 77' lang='lat' dir='ltr'><strong>liurino</strong></span> <span class='ocrx_word' id='word_1_444' title='bbox 2622 2056 2823 2111; x_wconf 90' lang='lat' dir='ltr'><strong>monte,</strong></span> <span class='ocrx_word' id='word_1_445' title='bbox 2854 2056 3053 2101; x_wconf 91' lang='lat' dir='ltr'><strong>etcum</strong></span> <span class='ocrx_word' id='word_1_446' title='bbox 3084 2047 3197 2114; x_wconf 88' lang='lat' dir='ltr'><strong>ipsa</strong></span> <span class='ocrx_word' id='word_1_447' title='bbox 3228 2047 3447 2100; x_wconf 88' lang='lat' dir='ltr'><strong>fontana</strong></span> <span class='ocrx_word' id='word_1_448' title='bbox 3482 2048 3648 2101; x_wconf 82' lang='lat' dir='ltr'><strong>[luri-</strong></span> 
     </span>
    </p>
   </div>
   <div class='ocr_carea' id='block_1_65' title="bbox 2060 2137 3644 2208">
    <p class='ocr_par' dir='ltr' id='par_1_65' title="bbox 2060 2137 3644 2208">
     <span class='ocr_line' id='line_1_65' title="bbox 2060 2137 3644 2208; baseline 0.001 -16"><span class='ocrx_word' id='word_1_449' title='bbox 2060 2154 2192 2208; x_wconf 88' lang='lat' dir='ltr'><strong>nega</strong></span> <span class='ocrx_word' id='word_1_450' title='bbox 2235 2148 2288 2191; x_wconf 90' lang='lat' dir='ltr'><strong>et</strong></span> <span class='ocrx_word' id='word_1_451' title='bbox 2331 2138 2549 2192; x_wconf 87' lang='lat' dir='ltr'><strong>Foreste</strong></span> <span class='ocrx_word' id='word_1_452' title='bbox 2576 2137 2866 2191; x_wconf 90' lang='lat' dir='ltr'><strong>abitatione</strong></span> <span class='ocrx_word' id='word_1_453' title='bbox 2888 2180 2904 2203; x_wconf 93' lang='lat'><strong>,</strong></span> <span class='ocrx_word' id='word_1_454' title='bbox 2959 2152 3124 2205; x_wconf 90' lang='lat' dir='ltr'><strong>usque</strong></span> <span class='ocrx_word' id='word_1_455' title='bbox 3159 2141 3207 2189; x_wconf 93' lang='lat' dir='ltr'><strong>in</strong></span> <span class='ocrx_word' id='word_1_456' title='bbox 3243 2138 3596 2193; x_wconf 79' lang='lat' dir='ltr'><strong>Rabadonem</strong></span> <span class='ocrx_word' id='word_1_457' title='bbox 3627 2180 3644 2206; x_wconf 94' lang='lat'><strong>,</strong></span> 
     </span>
    </p>
   </div>
   <div class='ocr_carea' id='block_1_66' title="bbox 2058 2230 3645 2297">
    <p class='ocr_par' dir='ltr' id='par_1_66' title="bbox 2058 2230 3645 2297">
     <span class='ocr_line' id='line_1_66' title="bbox 2058 2230 3645 2297; baseline 0.001 -12"><span class='ocrx_word' id='word_1_458' title='bbox 2058 2247 2178 2286; x_wconf 93' lang='lat' dir='ltr'><strong>cum</strong></span> <span class='ocrx_word' id='word_1_459' title='bbox 2209 2231 2398 2297; x_wconf 85' lang='lat' dir='ltr'><strong>Pigero</strong></span> <span class='ocrx_word' id='word_1_460' title='bbox 2425 2230 2612 2285; x_wconf 81' lang='lat' dir='ltr'><strong>rivulo.</strong></span> <span class='ocrx_word' id='word_1_461' title='bbox 2647 2230 2771 2283; x_wconf 68' lang='lat' dir='ltr'><strong>Hcec</strong></span> <span class='ocrx_word' id='word_1_462' title='bbox 2801 2230 2977 2283; x_wconf 86' lang='lat' dir='ltr'><strong>omnia</strong></span> <span class='ocrx_word' id='word_1_463' title='bbox 3006 2230 3341 2283; x_wconf 82' lang='lat' dir='ltr'><strong>denominata</strong></span> <span class='ocrx_word' id='word_1_464' title='bbox 3375 2247 3501 2285; x_wconf 86' lang='lat' dir='ltr'><strong>cum</strong></span> <span class='ocrx_word' id='word_1_465' title='bbox 3536 2243 3645 2287; x_wconf 84' lang='lat' dir='ltr'><strong>ter-</strong></span> 
     </span>
    </p>
   </div>
   <div class='ocr_carea' id='block_1_67' title="bbox 2061 2319 3649 2389">
    <p class='ocr_par' dir='ltr' id='par_1_67' title="bbox 2061 2319 3649 2389">
     <span class='ocr_line' id='line_1_67' title="bbox 2061 2319 3649 2389; baseline 0.001 -15"><span class='ocrx_word' id='word_1_466' title='bbox 2061 2322 2219 2374; x_wconf 82' lang='lat' dir='ltr'><strong>minis</strong></span> <span class='ocrx_word' id='word_1_467' title='bbox 2250 2336 2456 2387; x_wconf 89' lang='lat' dir='ltr'><strong>rerum,</strong></span> <span class='ocrx_word' id='word_1_468' title='bbox 2500 2320 2584 2375; x_wconf 90' lang='lat' dir='ltr'><strong>vel</strong></span> <span class='ocrx_word' id='word_1_469' title='bbox 2627 2319 2884 2389; x_wconf 87' lang='lat' dir='ltr'><strong>quidquid</strong></span> <span class='ocrx_word' id='word_1_470' title='bbox 2918 2320 2968 2372; x_wconf 93' lang='lat' dir='ltr'><strong>in</strong></span> <span class='ocrx_word' id='word_1_471' title='bbox 2999 2319 3459 2385; x_wconf 85' lang='lat' dir='ltr'><strong>Calvomontinsi,</strong></span> <span class='ocrx_word' id='word_1_472' title='bbox 3513 2322 3649 2376; x_wconf 88' lang='lat' dir='ltr'><strong>Sue-</strong></span> 
     </span>
    </p>
   </div>
   <div class='ocr_carea' id='block_1_68' title="bbox 2065 2407 3644 2474">
    <p class='ocr_par' dir='ltr' id='par_1_68' title="bbox 2065 2407 3644 2474">
     <span class='ocr_line' id='line_1_68' title="bbox 2065 2407 3644 2474; baseline 0.001 -12"><span class='ocrx_word' id='word_1_473' title='bbox 2065 2409 2209 2474; x_wconf 89' lang='lat' dir='ltr'><strong>tinsi,</strong></span> <span class='ocrx_word' id='word_1_474' title='bbox 2243 2410 2434 2463; x_wconf 87' lang='lat' dir='ltr'><strong>Salinsi</strong></span> <span class='ocrx_word' id='word_1_475' title='bbox 2550 2424 2645 2463; x_wconf 89' lang='lat' dir='ltr'><strong>seu</strong></span> <span class='ocrx_word' id='word_1_476' title='bbox 2674 2423 2793 2462; x_wconf 92' lang='lat' dir='ltr'><strong>cum</strong></span> <span class='ocrx_word' id='word_1_477' title='bbox 2824 2407 3070 2461; x_wconf 89' lang='lat' dir='ltr'><strong>omnibus</strong></span> <span class='ocrx_word' id='word_1_478' title='bbox 3101 2407 3230 2461; x_wconf 85' lang='lat' dir='ltr'><strong>locis</strong></span> <span class='ocrx_word' id='word_1_479' title='bbox 3259 2408 3474 2463; x_wconf 91' lang='lat' dir='ltr'><strong>videtur</strong></span> <span class='ocrx_word' id='word_1_480' title='bbox 3504 2410 3644 2464; x_wconf 90' lang='lat' dir='ltr'><strong>idem</strong></span> 
     </span>
    </p>
   </div>
   <div class='ocr_carea' id='block_1_69' title="bbox 2062 2497 3648 2568">
    <p class='ocr_par' dir='ltr' id='par_1_69' title="bbox 2062 2497 3648 2568">
     <span class='ocr_line' id='line_1_69' title="bbox 2062 2497 3648 2568; baseline 0 -15"><span class='ocrx_word' id='word_1_481' title='bbox 2062 2499 2442 2553; x_wconf 88' lang='lat' dir='ltr'><strong>monasterium</strong></span> <span class='ocrx_word' id='word_1_482' title='bbox 2488 2500 2542 2553; x_wconf 91' lang='lat' dir='ltr'><strong>in</strong></span> <span class='ocrx_word' id='word_1_483' title='bbox 2588 2499 2835 2567; x_wconf 71' lang='lat' dir='ltr'><strong>praesenti</strong></span> <span class='ocrx_word' id='word_1_484' title='bbox 2884 2497 3157 2567; x_wconf 88' lang='lat' dir='ltr'><strong>possidere</strong></span> <span class='ocrx_word' id='word_1_485' title='bbox 3188 2499 3267 2553; x_wconf 91' lang='lat' dir='ltr'><strong>vel</strong></span> <span class='ocrx_word' id='word_1_486' title='bbox 3308 2501 3515 2568; x_wconf 88' lang='lat' dir='ltr'><strong>poterit</strong></span> <span class='ocrx_word' id='word_1_487' title='bbox 3554 2501 3648 2553; x_wconf 87' lang='lat' dir='ltr'><strong>ad-</strong></span> 
     </span>
    </p>
   </div>
   <div class='ocr_carea' id='block_1_70' title="bbox 2061 2588 3644 2659">
    <p class='ocr_par' dir='ltr' id='par_1_70' title="bbox 2061 2588 3644 2659">
     <span class='ocr_line' id='line_1_70' title="bbox 2061 2588 3644 2659; baseline -0.001 -15"><span class='ocrx_word' id='word_1_488' title='bbox 2061 2591 2297 2659; x_wconf 89' lang='lat' dir='ltr'><strong>quirere,</strong></span> <span class='ocrx_word' id='word_1_489' title='bbox 2319 2589 2606 2644; x_wconf 90' lang='lat' dir='ltr'><strong>secundum</strong></span> <span class='ocrx_word' id='word_1_490' title='bbox 2636 2590 2770 2643; x_wconf 91' lang='lat' dir='ltr'><strong>hanc</strong></span> <span class='ocrx_word' id='word_1_491' title='bbox 2796 2597 2992 2643; x_wconf 74' lang='lat' dir='ltr'><strong>nostra:</strong></span> <span class='ocrx_word' id='word_1_492' title='bbox 3015 2588 3367 2659; x_wconf 88' lang='lat' dir='ltr'><strong>delegationis</strong></span> <span class='ocrx_word' id='word_1_493' title='bbox 3391 2591 3644 2659; x_wconf 85' lang='lat' dir='ltr'><strong>paginam</strong></span> 
     </span>
    </p>
   </div>
   <div class='ocr_carea' id='block_1_71' title="bbox 2064 2680 3643 2750">
    <p class='ocr_par' dir='ltr' id='par_1_71' title="bbox 2064 2680 3643 2750">
     <span class='ocr_line' id='line_1_71' title="bbox 2064 2680 3643 2750; baseline -0.001 -15"><span class='ocrx_word' id='word_1_494' title='bbox 2064 2682 2332 2737; x_wconf 87' lang='lat' dir='ltr'><strong>liberrima</strong></span> <span class='ocrx_word' id='word_1_495' title='bbox 2375 2681 2476 2735; x_wconf 93' lang='lat' dir='ltr'><strong>sibi</strong></span> <span class='ocrx_word' id='word_1_496' title='bbox 2522 2680 2827 2749; x_wconf 88' lang='lat' dir='ltr'><strong>illibataque</strong></span> <span class='ocrx_word' id='word_1_497' title='bbox 2862 2689 3228 2748; x_wconf 89' lang='lat' dir='ltr'><strong>permaneant.</strong></span> <span class='ocrx_word' id='word_1_498' title='bbox 3280 2681 3392 2734; x_wconf 87' lang='lat' dir='ltr'><strong>lloc</strong></span> <span class='ocrx_word' id='word_1_499' title='bbox 3424 2682 3479 2734; x_wconf 89' lang='lat' dir='ltr'><strong>in</strong></span> <span class='ocrx_word' id='word_1_500' title='bbox 3511 2696 3643 2750; x_wconf 86' lang='lat' dir='ltr'><strong>aug-</strong></span> 
     </span>
    </p>
   </div>
   <div class='ocr_carea' id='block_1_72' title="bbox 2064 2772 3651 2842">
    <p class='ocr_par' dir='ltr' id='par_1_72' title="bbox 2064 2772 3651 2842">
     <span class='ocr_line' id='line_1_72' title="bbox 2064 2772 3651 2842; baseline 0 -16"><span class='ocrx_word' id='word_1_501' title='bbox 2064 2785 2297 2829; x_wconf 89' lang='lat' dir='ltr'><strong>mentum</strong></span> <span class='ocrx_word' id='word_1_502' title='bbox 2325 2773 2596 2840; x_wconf 88' lang='lat' dir='ltr'><strong>adhihito,</strong></span> <span class='ocrx_word' id='word_1_503' title='bbox 2640 2781 2695 2826; x_wconf 92' lang='lat' dir='ltr'><strong>ut</strong></span> <span class='ocrx_word' id='word_1_504' title='bbox 2728 2772 2903 2826; x_wconf 89' lang='lat' dir='ltr'><strong>nullus</strong></span> <span class='ocrx_word' id='word_1_505' title='bbox 2935 2772 3142 2840; x_wconf 88' lang='lat' dir='ltr'><strong>penitus</strong></span> <span class='ocrx_word' id='word_1_506' title='bbox 3167 2774 3446 2841; x_wconf 88' lang='lat' dir='ltr'><strong>judicum,</strong></span> <span class='ocrx_word' id='word_1_507' title='bbox 3502 2789 3651 2842; x_wconf 79' lang='lat' dir='ltr'><strong>pra:-</strong></span> 
     </span>
    </p>
   </div>
   <div class='ocr_carea' id='block_1_73' title="bbox 2064 2864 3650 2934">
    <p class='ocr_par' dir='ltr' id='par_1_73' title="bbox 2064 2864 3650 2934">
     <span class='ocr_line' id='line_1_73' title="bbox 2064 2864 3650 2934; baseline 0 -15"><span class='ocrx_word' id='word_1_508' title='bbox 2064 2866 2333 2920; x_wconf 85' lang='lat' dir='ltr'><strong>sumtione</strong></span> <span class='ocrx_word' id='word_1_509' title='bbox 2366 2879 2462 2919; x_wconf 86' lang='lat' dir='ltr'><strong>sua</strong></span> <span class='ocrx_word' id='word_1_510' title='bbox 2490 2865 2575 2919; x_wconf 91' lang='lat' dir='ltr'><strong>vel</strong></span> <span class='ocrx_word' id='word_1_511' title='bbox 2608 2864 2889 2934; x_wconf 89' lang='lat' dir='ltr'><strong>cujuslibet</strong></span> <span class='ocrx_word' id='word_1_512' title='bbox 2920 2866 3146 2919; x_wconf 88' lang='lat' dir='ltr'><strong>hominis</strong></span> <span class='ocrx_word' id='word_1_513' title='bbox 3178 2866 3419 2930; x_wconf 87' lang='lat' dir='ltr'><strong>licentia,</strong></span> <span class='ocrx_word' id='word_1_514' title='bbox 3459 2868 3650 2934; x_wconf 60' lang='lat' dir='ltr'><strong>prmia-</strong></span> 
     </span>
    </p>
   </div>
   <div class='ocr_carea' id='block_1_74' title="bbox 2066 2955 3649 3024">
    <p class='ocr_par' dir='ltr' id='par_1_74' title="bbox 2066 2955 3649 3024">
     <span class='ocr_line' id='line_1_74' title="bbox 2066 2955 3649 3024; baseline 0.003 -17"><span class='ocrx_word' id='word_1_515' title='bbox 2066 2963 2176 3008; x_wconf 77' lang='lat' dir='ltr'><strong>tum</strong></span> <span class='ocrx_word' id='word_1_516' title='bbox 2200 2957 2577 3009; x_wconf 90' lang='lat' dir='ltr'><strong>m0nasterium</strong></span> <span class='ocrx_word' id='word_1_517' title='bbox 2598 2955 2797 3023; x_wconf 85' lang='lat' dir='ltr'><strong>absque</strong></span> <span class='ocrx_word' id='word_1_518' title='bbox 2815 2955 3083 3009; x_wconf 81' lang='lat' dir='ltr'><strong>voluntate</strong></span> <span class='ocrx_word' id='word_1_519' title='bbox 3106 2956 3341 3024; x_wconf 87' lang='lat' dir='ltr'><strong>ipsorum</strong></span> <span class='ocrx_word' id='word_1_520' title='bbox 3366 2971 3649 3011; x_wconf 71' lang='lat' dir='ltr'><strong>servorum</strong></span> 
     </span>
    </p>
   </div>
   <div class='ocr_carea' id='block_1_75' title="bbox 2072 3043 3645 3113">
    <p class='ocr_par' dir='ltr' id='par_1_75' title="bbox 2072 3043 3645 3113">
     <span class='ocr_line' id='line_1_75' title="bbox 2072 3043 3645 3113; baseline 0.001 -14"><span class='ocrx_word' id='word_1_521' title='bbox 2072 3045 2163 3099; x_wconf 86' lang='lat' dir='ltr'><strong>Dei</strong></span> <span class='ocrx_word' id='word_1_522' title='bbox 2195 3045 2245 3098; x_wconf 93' lang='lat' dir='ltr'><strong>in</strong></span> <span class='ocrx_word' id='word_1_523' title='bbox 2274 3045 2489 3099; x_wconf 87' lang='lat' dir='ltr'><strong>alterius</strong></span> <span class='ocrx_word' id='word_1_524' title='bbox 2519 3043 2747 3097; x_wconf 90' lang='lat' dir='ltr'><strong>hominis</strong></span> <span class='ocrx_word' id='word_1_525' title='bbox 2769 3044 2855 3113; x_wconf 91' lang='lat' dir='ltr'><strong>jus</strong></span> <span class='ocrx_word' id='word_1_526' title='bbox 2876 3047 2956 3098; x_wconf 91' lang='lat' dir='ltr'><strong>vel</strong></span> <span class='ocrx_word' id='word_1_527' title='bbox 2982 3045 3274 3099; x_wconf 90' lang='lat' dir='ltr'><strong>dominium</strong></span> <span class='ocrx_word' id='word_1_528' title='bbox 3303 3046 3504 3101; x_wconf 84' lang='lat' dir='ltr'><strong>audeat</strong></span> <span class='ocrx_word' id='word_1_529' title='bbox 3531 3063 3645 3101; x_wconf 81' lang='lat' dir='ltr'><strong>ver-</strong></span> 
     </span>
    </p>
   </div>
   <div class='ocr_carea' id='block_1_76' title="bbox 2072 3134 3648 3205">
    <p class='ocr_par' dir='ltr' id='par_1_76' title="bbox 2072 3134 3648 3205">
     <span class='ocr_line' id='line_1_76' title="bbox 2072 3134 3648 3205; baseline 0.003 -17"><span class='ocrx_word' id='word_1_530' title='bbox 2072 3145 2206 3199; x_wconf 89' lang='lat' dir='ltr'><strong>tere,</strong></span> <span class='ocrx_word' id='word_1_531' title='bbox 2240 3135 2322 3189; x_wconf 92' lang='lat' dir='ltr'><strong>vel</strong></span> <span class='ocrx_word' id='word_1_532' title='bbox 2350 3134 2562 3189; x_wconf 90' lang='lat' dir='ltr'><strong>sibimet</strong></span> <span class='ocrx_word' id='word_1_533' title='bbox 2595 3150 2891 3204; x_wconf 90' lang='lat' dir='ltr'><strong>usurpare:</strong></span> <span class='ocrx_word' id='word_1_534' title='bbox 2936 3145 2990 3189; x_wconf 88' lang='lat' dir='ltr'><strong>et</strong></span> <span class='ocrx_word' id='word_1_535' title='bbox 3016 3135 3061 3188; x_wconf 90' lang='lat' dir='ltr'><strong>si</strong></span> <span class='ocrx_word' id='word_1_536' title='bbox 3088 3136 3187 3189; x_wconf 92' lang='lat' dir='ltr'><strong>hoc</strong></span> <span class='ocrx_word' id='word_1_537' title='bbox 3216 3136 3450 3201; x_wconf 88' lang='lat' dir='ltr'><strong>fecerit,</strong></span> <span class='ocrx_word' id='word_1_538' title='bbox 3507 3140 3648 3205; x_wconf 87' lang='lat' dir='ltr'><strong>quod</strong></span> 
     </span>
    </p>
   </div>
   <div class='ocr_carea' id='block_1_77' title="bbox 2072 3228 3650 3299">
    <p class='ocr_par' dir='ltr' id='par_1_77' title="bbox 2072 3228 3650 3299">
     <span class='ocr_line' id='line_1_77' title="bbox 2072 3228 3650 3299; baseline 0.001 -17"><span class='ocrx_word' id='word_1_539' title='bbox 2072 3228 2297 3296; x_wconf 77' lang='lat' dir='ltr'><strong>primum</strong></span> <span class='ocrx_word' id='word_1_540' title='bbox 2330 3240 2445 3293; x_wconf 88' lang='lat' dir='ltr'><strong>est,</strong></span> <span class='ocrx_word' id='word_1_541' title='bbox 2498 3230 2626 3281; x_wconf 90' lang='lat' dir='ltr'><strong>iram</strong></span> <span class='ocrx_word' id='word_1_542' title='bbox 2660 3229 2752 3282; x_wconf 91' lang='lat' dir='ltr'><strong>Dei</strong></span> <span class='ocrx_word' id='word_1_543' title='bbox 2784 3230 3036 3293; x_wconf 86' lang='lat' dir='ltr'><strong>incurrat,</strong></span> <span class='ocrx_word' id='word_1_544' title='bbox 3070 3240 3122 3284; x_wconf 92' lang='lat' dir='ltr'><strong>et</strong></span> <span class='ocrx_word' id='word_1_545' title='bbox 3153 3229 3350 3299; x_wconf 89' lang='lat' dir='ltr'><strong>regalis</strong></span> <span class='ocrx_word' id='word_1_546' title='bbox 3382 3229 3650 3286; x_wconf 82' lang='lat' dir='ltr'><strong>olIensam</strong></span> 
     </span>
    </p>
   </div>
   <div class='ocr_carea' id='block_1_78' title="bbox 2068 3317 3650 3388">
    <p class='ocr_par' dir='ltr' id='par_1_78' title="bbox 2068 3317 3650 3388">
     <span class='ocr_line' id='line_1_78' title="bbox 2068 3317 3650 3388; baseline 0.003 -19"><span class='ocrx_word' id='word_1_547' title='bbox 2068 3320 2250 3386; x_wconf 66' lang='lat' dir='ltr'><strong>gratiae</strong></span> <span class='ocrx_word' id='word_1_548' title='bbox 2277 3318 2555 3371; x_wconf 88' lang='lat' dir='ltr'><strong>sustineat.</strong></span> <span class='ocrx_word' id='word_1_549' title='bbox 2587 3317 2716 3370; x_wconf 93' lang='lat' dir='ltr'><strong>lllud</strong></span> <span class='ocrx_word' id='word_1_550' title='bbox 2744 3320 2901 3372; x_wconf 88' lang='lat' dir='ltr'><strong>etiam</strong></span> <span class='ocrx_word' id='word_1_551' title='bbox 2930 3319 3079 3373; x_wconf 91' lang='lat' dir='ltr'><strong>nobis</strong></span> <span class='ocrx_word' id='word_1_552' title='bbox 3107 3335 3202 3388; x_wconf 88' lang='lat' dir='ltr'><strong>pro</strong></span> <span class='ocrx_word' id='word_1_553' title='bbox 3233 3320 3444 3388; x_wconf 84' lang='lat' dir='ltr'><strong>integra</strong></span> <span class='ocrx_word' id='word_1_554' title='bbox 3475 3321 3650 3375; x_wconf 66' lang='lat' dir='ltr'><strong>visum</strong></span> 
     </span>
    </p>
   </div>
   <div class='ocr_carea' id='block_1_79' title="bbox 2069 3408 3650 3476">
    <p class='ocr_par' dir='ltr' id='par_1_79' title="bbox 2069 3408 3650 3476">
     <span class='ocr_line' id='line_1_79' title="bbox 2069 3408 3650 3476; baseline -0.001 -12"><span class='ocrx_word' id='word_1_555' title='bbox 2069 3419 2150 3464; x_wconf 89' lang='lat' dir='ltr'><strong>est</strong></span> <span class='ocrx_word' id='word_1_556' title='bbox 2180 3408 2426 3463; x_wconf 87' lang='lat' dir='ltr'><strong>mercede</strong></span> <span class='ocrx_word' id='word_1_557' title='bbox 2455 3408 2786 3473; x_wconf 89' lang='lat' dir='ltr'><strong>addendum,</strong></span> <span class='ocrx_word' id='word_1_558' title='bbox 2840 3416 2897 3461; x_wconf 91' lang='lat' dir='ltr'><strong>ut</strong></span> <span class='ocrx_word' id='word_1_559' title='bbox 2926 3417 3031 3461; x_wconf 90' lang='lat' dir='ltr'><strong>tam</strong></span> <span class='ocrx_word' id='word_1_560' title='bbox 3063 3410 3182 3462; x_wconf 89' lang='lat' dir='ltr'><strong>illas</strong></span> <span class='ocrx_word' id='word_1_561' title='bbox 3211 3424 3334 3476; x_wconf 75' lang='lat' dir='ltr'><strong>qua:</strong></span> <span class='ocrx_word' id='word_1_562' title='bbox 3366 3424 3431 3464; x_wconf 90' lang='lat' dir='ltr'><strong>ex</strong></span> <span class='ocrx_word' id='word_1_563' title='bbox 3469 3422 3650 3463; x_wconf 87' lang='lat' dir='ltr'><strong>nostra</strong></span> 
     </span>
    </p>
   </div>
   <div class='ocr_carea' id='block_1_80' title="bbox 2072 3497 3652 3568">
    <p class='ocr_par' dir='ltr' id='par_1_80' title="bbox 2072 3497 3652 3568">
     <span class='ocr_line' id='line_1_80' title="bbox 2072 3497 3652 3568; baseline -0.001 -14"><span class='ocrx_word' id='word_1_564' title='bbox 2072 3500 2382 3568; x_wconf 89' lang='lat' dir='ltr'><strong>largitione,</strong></span> <span class='ocrx_word' id='word_1_565' title='bbox 2425 3515 2580 3567; x_wconf 87' lang='lat' dir='ltr'><strong>quam</strong></span> <span class='ocrx_word' id='word_1_566' title='bbox 2610 3514 2701 3553; x_wconf 89' lang='lat' dir='ltr'><strong>eas</strong></span> <span class='ocrx_word' id='word_1_567' title='bbox 2729 3515 2846 3567; x_wconf 78' lang='lat' dir='ltr'><strong>qua:</strong></span> <span class='ocrx_word' id='word_1_568' title='bbox 2876 3515 2943 3553; x_wconf 91' lang='lat' dir='ltr'><strong>ex</strong></span> <span class='ocrx_word' id='word_1_569' title='bbox 2977 3497 3333 3567; x_wconf 89' lang='lat' dir='ltr'><strong>adquisitione</strong></span> <span class='ocrx_word' id='word_1_570' title='bbox 3379 3513 3477 3552; x_wconf 87' lang='lat' dir='ltr'><strong>seu</strong></span> <span class='ocrx_word' id='word_1_571' title='bbox 3504 3500 3652 3553; x_wconf 83' lang='lat' dir='ltr'><strong>dele-</strong></span> 
     </span>
    </p>
   </div>
   <div class='ocr_carea' id='block_1_81' title="bbox 2070 3590 3640 3661">
    <p class='ocr_par' dir='ltr' id='par_1_81' title="bbox 2070 3590 3640 3661">
     <span class='ocr_line' id='line_1_81' title="bbox 2070 3590 3640 3661; baseline 0.001 -20"><span class='ocrx_word' id='word_1_572' title='bbox 2070 3592 2280 3661; x_wconf 74' lang='lat' dir='ltr'><strong>galione</strong></span> <span class='ocrx_word' id='word_1_573' title='bbox 2337 3602 2671 3660; x_wconf 89' lang='lat' dir='ltr'><strong>posterorum</strong></span> <span class='ocrx_word' id='word_1_574' title='bbox 2724 3590 2789 3643; x_wconf 91' lang='lat' dir='ltr'><strong>ad</strong></span> <span class='ocrx_word' id='word_1_575' title='bbox 2845 3592 3189 3657; x_wconf 72' lang='lat' dir='ltr'><strong>smpedictum</strong></span> <span class='ocrx_word' id='word_1_576' title='bbox 3248 3592 3640 3645; x_wconf 55' lang='lat' dir='ltr'><strong>monasterium</strong></span> 
     </span>
    </p>
   </div>
   <div class='ocr_carea' id='block_1_82' title="bbox 2071 3681 3650 3751">
    <p class='ocr_par' dir='ltr' id='par_1_82' title="bbox 2071 3681 3650 3751">
     <span class='ocr_line' id='line_1_82' title="bbox 2071 3681 3650 3751; baseline -0.004 -12"><span class='ocrx_word' id='word_1_577' title='bbox 2071 3684 2331 3739; x_wconf 71' lang='lat' dir='ltr'><strong>devoluta:</strong></span> <span class='ocrx_word' id='word_1_578' title='bbox 2370 3681 2567 3737; x_wconf 88' lang='lat' dir='ltr'><strong>fuerint</strong></span> <span class='ocrx_word' id='word_1_579' title='bbox 2611 3684 3009 3751; x_wconf 87' lang='lat' dir='ltr'><strong>possessiones,</strong></span> <span class='ocrx_word' id='word_1_580' title='bbox 3059 3682 3200 3735; x_wconf 88' lang='lat' dir='ltr'><strong>nulla</strong></span> <span class='ocrx_word' id='word_1_581' title='bbox 3232 3698 3471 3751; x_wconf 84' lang='lat' dir='ltr'><strong>unquam</strong></span> <span class='ocrx_word' id='word_1_582' title='bbox 3508 3684 3650 3750; x_wconf 63' lang='lat' dir='ltr'><strong>judi.</strong></span> 
     </span>
    </p>
   </div>
   <div class='ocr_carea' id='block_1_83' title="bbox 2072 3775 3654 3845">
    <p class='ocr_par' dir='ltr' id='par_1_83' title="bbox 2072 3775 3654 3845">
     <span class='ocr_line' id='line_1_83' title="bbox 2072 3775 3654 3845; baseline -0.001 -14"><span class='ocrx_word' id='word_1_583' title='bbox 2072 3780 2233 3831; x_wconf 83' lang='lat' dir='ltr'><strong>ciaria</strong></span> <span class='ocrx_word' id='word_1_584' title='bbox 2265 3785 2520 3845; x_wconf 87' lang='lat' dir='ltr'><strong>potestas,</strong></span> <span class='ocrx_word' id='word_1_585' title='bbox 2546 3790 2643 3830; x_wconf 92' lang='lat' dir='ltr'><strong>nec</strong></span> <span class='ocrx_word' id='word_1_586' title='bbox 2672 3790 2924 3844; x_wconf 66' lang='lat' dir='ltr'><strong>prazsens,</strong></span> <span class='ocrx_word' id='word_1_587' title='bbox 2948 3790 3044 3828; x_wconf 82' lang='lat' dir='ltr'><strong>nec</strong></span> <span class='ocrx_word' id='word_1_588' title='bbox 3069 3775 3344 3838; x_wconf 89' lang='lat' dir='ltr'><strong>succidua,</strong></span> <span class='ocrx_word' id='word_1_589' title='bbox 3372 3776 3438 3829; x_wconf 90' lang='lat' dir='ltr'><strong>ad</strong></span> <span class='ocrx_word' id='word_1_590' title='bbox 3462 3790 3654 3831; x_wconf 82' lang='lat' dir='ltr'><strong>causas</strong></span> 
     </span>
    </p>
   </div>
   <div class='ocr_carea' id='block_1_84' title="bbox 2073 3864 3651 3935">
    <p class='ocr_par' dir='ltr' id='par_1_84' title="bbox 2073 3864 3651 3935">
     <span class='ocr_line' id='line_1_84' title="bbox 2073 3864 3651 3935; baseline -0.002 -14"><span class='ocrx_word' id='word_1_591' title='bbox 2073 3866 2390 3921; x_wconf 88' lang='lat' dir='ltr'><strong>audiendum</strong></span> <span class='ocrx_word' id='word_1_592' title='bbox 2419 3876 2509 3919; x_wconf 89' lang='lat' dir='ltr'><strong>aut</strong></span> <span class='ocrx_word' id='word_1_593' title='bbox 2534 3864 2729 3934; x_wconf 90' lang='lat' dir='ltr'><strong>aliquid</strong></span> <span class='ocrx_word' id='word_1_594' title='bbox 2758 3866 3071 3935; x_wconf 83' lang='lat' dir='ltr'><strong>exigendum</strong></span> <span class='ocrx_word' id='word_1_595' title='bbox 3101 3874 3393 3932; x_wconf 70' lang='lat' dir='ltr'><strong>praesumat</strong></span> <span class='ocrx_word' id='word_1_596' title='bbox 3421 3866 3651 3933; x_wconf 83' lang='lat' dir='ltr'><strong>ingredi,</strong></span> 
     </span>
    </p>
   </div>
   <div class='ocr_carea' id='block_1_85' title="bbox 2075 3958 3651 4027">
    <p class='ocr_par' dir='ltr' id='par_1_85' title="bbox 2075 3958 3651 4027">
     <span class='ocr_line' id='line_1_85' title="bbox 2075 3958 3651 4027; baseline 0.001 -14"><span class='ocrx_word' id='word_1_597' title='bbox 2075 3961 2170 4015; x_wconf 89' lang='lat' dir='ltr'><strong>sed</strong></span> <span class='ocrx_word' id='word_1_598' title='bbox 2204 3961 2304 4014; x_wconf 89' lang='lat' dir='ltr'><strong>sub</strong></span> <span class='ocrx_word' id='word_1_599' title='bbox 2341 3958 2685 4013; x_wconf 84' lang='lat' dir='ltr'><strong>immnnitatis</strong></span> <span class='ocrx_word' id='word_1_600' title='bbox 2710 3958 3004 4027; x_wconf 79' lang='lat' dir='ltr'><strong>privilegio,</strong></span> <span class='ocrx_word' id='word_1_601' title='bbox 3036 3958 3135 4012; x_wconf 91' lang='lat' dir='ltr'><strong>hoc</strong></span> <span class='ocrx_word' id='word_1_602' title='bbox 3163 3960 3339 4027; x_wconf 88' lang='lat' dir='ltr'><strong>ipsum</strong></span> <span class='ocrx_word' id='word_1_603' title='bbox 3384 3968 3651 4014; x_wconf 56' lang='lat' dir='ltr'><strong>monaste.</strong></span> 
     </span>
    </p>
   </div>
   <div class='ocr_carea' id='block_1_86' title="bbox 2076 4049 3653 4119">
    <p class='ocr_par' dir='ltr' id='par_1_86' title="bbox 2076 4049 3653 4119">
     <span class='ocr_line' id='line_1_86' title="bbox 2076 4049 3653 4119; baseline 0 -16"><span class='ocrx_word' id='word_1_604' title='bbox 2076 4050 2215 4104; x_wconf 89' lang='lat' dir='ltr'><strong>rium</strong></span> <span class='ocrx_word' id='word_1_605' title='bbox 2245 4050 2327 4103; x_wconf 91' lang='lat' dir='ltr'><strong>vel</strong></span> <span class='ocrx_word' id='word_1_606' title='bbox 2357 4049 2695 4119; x_wconf 84' lang='lat' dir='ltr'><strong>congregatio</strong></span> <span class='ocrx_word' id='word_1_607' title='bbox 2724 4064 2818 4102; x_wconf 85' lang='lat' dir='ltr'><strong>sua</strong></span> <span class='ocrx_word' id='word_1_608' title='bbox 2850 4049 3063 4103; x_wconf 66' lang='lat' dir='ltr'><strong>sibimet</strong></span> <span class='ocrx_word' id='word_1_609' title='bbox 3088 4058 3237 4103; x_wconf 85' lang='lat' dir='ltr'><strong>extra</strong></span> <span class='ocrx_word' id='word_1_610' title='bbox 3268 4064 3460 4103; x_wconf 83' lang='lat' dir='ltr'><strong>omnes</strong></span> <span class='ocrx_word' id='word_1_611' title='bbox 3499 4051 3653 4103; x_wconf 79' lang='lat' dir='ltr'><strong>fiscos</strong></span> 
     </span>
    </p>
   </div>
   <div class='ocr_carea' id='block_1_87' title="bbox 2076 4142 3656 4212">
    <p class='ocr_par' dir='ltr' id='par_1_87' title="bbox 2076 4142 3656 4212">
     <span class='ocr_line' id='line_1_87' title="bbox 2076 4142 3656 4212; baseline 0.001 -16"><span class='ocrx_word' id='word_1_612' title='bbox 2076 4144 2307 4197; x_wconf 87' lang='lat' dir='ltr'><strong>debeant</strong></span> <span class='ocrx_word' id='word_1_613' title='bbox 2347 4143 2652 4211; x_wconf 88' lang='lat' dir='ltr'><strong>possidere;</strong></span> <span class='ocrx_word' id='word_1_614' title='bbox 2703 4148 2759 4196; x_wconf 89' lang='lat' dir='ltr'><strong>et</strong></span> <span class='ocrx_word' id='word_1_615' title='bbox 2805 4142 3057 4212; x_wconf 90' lang='lat' dir='ltr'><strong>quidquid</strong></span> <span class='ocrx_word' id='word_1_616' title='bbox 3103 4143 3225 4196; x_wconf 87' lang='lat' dir='ltr'><strong>inde</strong></span> <span class='ocrx_word' id='word_1_617' title='bbox 3268 4144 3431 4197; x_wconf 85' lang='lat' dir='ltr'><strong>fiscus</strong></span> <span class='ocrx_word' id='word_1_618' title='bbox 3475 4154 3656 4198; x_wconf 79' lang='lat' dir='ltr'><strong>noster</strong></span> 
     </span>
    </p>
   </div>
   <div class='ocr_carea' id='block_1_88' title="bbox 2078 4232 3652 4297">
    <p class='ocr_par' dir='ltr' id='par_1_88' title="bbox 2078 4232 3652 4297">
     <span class='ocr_line' id='line_1_88' title="bbox 2078 4232 3652 4297; baseline 0.001 -12"><span class='ocrx_word' id='word_1_619' title='bbox 2078 4233 2331 4297; x_wconf 89' lang='lat' dir='ltr'><strong>forsitan,</strong></span> <span class='ocrx_word' id='word_1_620' title='bbox 2374 4241 2465 4286; x_wconf 90' lang='lat' dir='ltr'><strong>aut</strong></span> <span class='ocrx_word' id='word_1_621' title='bbox 2494 4249 2558 4286; x_wconf 77' lang='lat' dir='ltr'><strong>ex</strong></span> <span class='ocrx_word' id='word_1_622' title='bbox 2590 4247 2778 4287; x_wconf 90' lang='lat' dir='ltr'><strong>eorum</strong></span> <span class='ocrx_word' id='word_1_623' title='bbox 2812 4232 3151 4297; x_wconf 89' lang='lat' dir='ltr'><strong>hominibus,</strong></span> <span class='ocrx_word' id='word_1_624' title='bbox 3197 4242 3290 4285; x_wconf 86' lang='lat' dir='ltr'><strong>aut</strong></span> <span class='ocrx_word' id='word_1_625' title='bbox 3328 4248 3396 4287; x_wconf 83' lang='lat' dir='ltr'><strong>ex</strong></span> <span class='ocrx_word' id='word_1_626' title='bbox 3437 4234 3652 4288; x_wconf 87' lang='lat' dir='ltr'><strong>illorum</strong></span> 
     </span>
    </p>
   </div>
   <div class='ocr_carea' id='block_1_89' title="bbox 409 4315 1963 4402">
    <p class='ocr_par' dir='ltr' id='par_1_89' title="bbox 409 4315 1963 4389">
     <span class='ocr_line' id='line_1_89' title="bbox 409 4315 1963 4389; baseline -0.006 -13"><span class='ocrx_word' id='word_1_627' title='bbox 409 4324 622 4376; x_wconf 91' lang='lat' dir='ltr'><strong>decreto</strong></span> <span class='ocrx_word' id='word_1_628' title='bbox 652 4322 854 4389; x_wconf 91' lang='lat' dir='ltr'><strong>plenius</strong></span> <span class='ocrx_word' id='word_1_629' title='bbox 885 4320 1148 4381; x_wconf 88' lang='lat' dir='ltr'><strong>inserere,</strong></span> <span class='ocrx_word' id='word_1_630' title='bbox 1196 4316 1294 4370; x_wconf 91' lang='lat' dir='ltr'><strong>sub</strong></span> <span class='ocrx_word' id='word_1_631' title='bbox 1323 4330 1425 4384; x_wconf 91' lang='lat' dir='ltr'><strong>quo</strong></span> <span class='ocrx_word' id='word_1_632' title='bbox 1455 4315 1845 4382; x_wconf 87' lang='lat' dir='ltr'><strong>tranquillitatis</strong></span> <span class='ocrx_word' id='word_1_633' title='bbox 1876 4330 1963 4368; x_wconf 92' lang='lat' dir='ltr'><strong>or-</strong></span> 
     </span>
    </p>
   </div>
   <div class='ocr_carea' id='block_1_90' title="bbox 2067 4315 3654 4402">
    <p class='ocr_par' dir='ltr' id='par_1_90' title="bbox 2077 4324 3654 4394">
     <span class='ocr_line' id='line_1_90' title="bbox 2077 4324 3654 4394; baseline 0.002 -17"><span class='ocrx_word' id='word_1_634' title='bbox 2077 4325 2455 4389; x_wconf 88' lang='lat' dir='ltr'><strong>servitoribns,</strong></span> <span class='ocrx_word' id='word_1_635' title='bbox 2506 4324 2589 4378; x_wconf 90' lang='lat' dir='ltr'><strong>vel</strong></span> <span class='ocrx_word' id='word_1_636' title='bbox 2628 4324 2679 4377; x_wconf 92' lang='lat' dir='ltr'><strong>in</strong></span> <span class='ocrx_word' id='word_1_637' title='bbox 2718 4340 2900 4378; x_wconf 87' lang='lat' dir='ltr'><strong>eorum</strong></span> <span class='ocrx_word' id='word_1_638' title='bbox 2946 4326 3088 4394; x_wconf 87' lang='lat' dir='ltr'><strong>agris</strong></span> <span class='ocrx_word' id='word_1_639' title='bbox 3132 4327 3476 4380; x_wconf 87' lang='lat' dir='ltr'><strong>manentibus</strong></span> <span class='ocrx_word' id='word_1_640' title='bbox 3504 4368 3519 4393; x_wconf 90' lang='lat'><strong>,</strong></span> <span class='ocrx_word' id='word_1_641' title='bbox 3567 4328 3654 4381; x_wconf 80' lang='lat' dir='ltr'><strong>vel</strong></span> 
     </span>
    </p>
   </div>
   <div class='ocr_carea' id='block_1_91' title="bbox 410 4406 1972 4480">
    <p class='ocr_par' dir='ltr' id='par_1_91' title="bbox 410 4406 1972 4480">
     <span class='ocr_line' id='line_1_91' title="bbox 410 4406 1972 4480; baseline -0.004 -15"><span class='ocrx_word' id='word_1_642' title='bbox 410 4413 556 4476; x_wconf 91' lang='lat' dir='ltr'><strong>dine,</strong></span> <span class='ocrx_word' id='word_1_643' title='bbox 598 4414 747 4480; x_wconf 78' lang='lat' dir='ltr'><strong>juxta</strong></span> <span class='ocrx_word' id='word_1_644' title='bbox 791 4411 1061 4478; x_wconf 84' lang='lat' dir='ltr'><strong>religionis</strong></span> <span class='ocrx_word' id='word_1_645' title='bbox 1100 4422 1360 4471; x_wconf 89' lang='lat' dir='ltr'><strong>normam,</strong></span> <span class='ocrx_word' id='word_1_646' title='bbox 1395 4406 1614 4459; x_wconf 92' lang='lat' dir='ltr'><strong>Domino</strong></span> <span class='ocrx_word' id='word_1_647' title='bbox 1644 4414 1972 4473; x_wconf 88' lang='lat' dir='ltr'><strong>protegente,</strong></span> 
     </span>
    </p>
   </div>
   <div class='ocr_carea' id='block_1_92' title="bbox 411 4495 1973 4569">
    <p class='ocr_par' dir='ltr' id='par_1_92' title="bbox 411 4495 1973 4569">
     <span class='ocr_line' id='line_1_92' title="bbox 411 4495 1973 4569; baseline -0.003 -18"><span class='ocrx_word' id='word_1_648' title='bbox 411 4501 581 4554; x_wconf 90' lang='lat' dir='ltr'><strong>securi</strong></span> <span class='ocrx_word' id='word_1_649' title='bbox 628 4502 839 4553; x_wconf 85' lang='lat' dir='ltr'><strong>valeant</strong></span> <span class='ocrx_word' id='word_1_650' title='bbox 886 4501 938 4553; x_wconf 89' lang='lat' dir='ltr'><strong>itt</strong></span> <span class='ocrx_word' id='word_1_651' title='bbox 986 4508 1298 4569; x_wconf 91' lang='lat' dir='ltr'><strong>perpetuum</strong></span> <span class='ocrx_word' id='word_1_652' title='bbox 1329 4496 1585 4549; x_wconf 87' lang='lat' dir='ltr'><strong>residere.</strong></span> <span class='ocrx_word' id='word_1_653' title='bbox 1635 4495 1749 4547; x_wconf 85' lang='lat' dir='ltr'><strong>Non</strong></span> <span class='ocrx_word' id='word_1_654' title='bbox 1800 4504 1973 4548; x_wconf 90' lang='lat' dir='ltr'><strong>autem</strong></span> 
     </span>
    </p>
   </div>
   <div class='ocr_carea' id='block_1_93' title="bbox 411 4587 1975 4660">
    <p class='ocr_par' dir='ltr' id='par_1_93' title="bbox 411 4587 1975 4660">
     <span class='ocr_line' id='line_1_93' title="bbox 411 4587 1975 4660; baseline -0.003 -16"><span class='ocrx_word' id='word_1_655' title='bbox 411 4606 569 4659; x_wconf 89' lang='lat' dir='ltr'><strong>super</strong></span> <span class='ocrx_word' id='word_1_656' title='bbox 595 4591 696 4644; x_wconf 88' lang='lat' dir='ltr'><strong>hoc</strong></span> <span class='ocrx_word' id='word_1_657' title='bbox 733 4590 1105 4660; x_wconf 84' lang='lat' dir='ltr'><strong>nobisaliquis</strong></span> <span class='ocrx_word' id='word_1_658' title='bbox 1134 4588 1518 4645; x_wconf 84' lang='lat' dir='ltr'><strong>detrahendum</strong></span> <span class='ocrx_word' id='word_1_659' title='bbox 1547 4587 1771 4643; x_wconf 72' lang='lat' dir='ltr'><strong>testimet</strong></span> <span class='ocrx_word' id='word_1_660' title='bbox 1790 4627 1804 4652; x_wconf 95' lang='lat'><strong>,</strong></span> <span class='ocrx_word' id='word_1_661' title='bbox 1853 4588 1975 4657; x_wconf 89' lang='lat' dir='ltr'><strong>quia</strong></span> 
     </span>
    </p>
   </div>
   <div class='ocr_carea' id='block_1_94' title="bbox 483 4761 1974 4833">
    <p class='ocr_par' dir='ltr' id='par_1_94' title="bbox 483 4761 1974 4833">
     <span class='ocr_line' id='line_1_94' title="bbox 483 4761 1974 4833; baseline 0.003 -17"><span class='ocrx_word' id='word_1_662' title='bbox 483 4771 509 4799; x_wconf 70' lang='grc' dir='ltr'>α</span> <span class='ocrx_word' id='word_1_663' title='bbox 534 4761 829 4833; x_wconf 66' lang='lat' dir='ltr'><strong>Austrasite</strong></span> <span class='ocrx_word' id='word_1_664' title='bbox 868 4763 1153 4833; x_wconf 79' lang='lat' dir='ltr'><strong>rex_datus</strong></span> <span class='ocrx_word' id='word_1_665' title='bbox 1194 4772 1275 4818; x_wconf 80' lang='lat' dir='ltr'><strong>est</strong></span> <span class='ocrx_word' id='word_1_666' title='bbox 1308 4763 1638 4833; x_wconf 89' lang='lat' dir='ltr'><strong>Chilpericus</strong></span> <span class='ocrx_word' id='word_1_667' title='bbox 1678 4779 1817 4819; x_wconf 88' lang='lat' dir='ltr'><strong>anno</strong></span> <span class='ocrx_word' id='word_1_668' title='bbox 1847 4764 1974 4829; x_wconf 86' lang='lat'><strong>660,</strong></span> 
     </span>
    </p>
   </div>
   <div class='ocr_carea' id='block_1_95' title="bbox 417 4829 1971 4903">
    <p class='ocr_par' dir='ltr' id='par_1_95' title="bbox 417 4829 1971 4903">
     <span class='ocr_line' id='line_1_95' title="bbox 417 4829 1971 4903; baseline 0.001 -16"><span class='ocrx_word' id='word_1_669' title='bbox 417 4844 539 4887; x_wconf 90' lang='lat' dir='ltr'><strong>ante</strong></span> <span class='ocrx_word' id='word_1_670' title='bbox 570 4840 772 4903; x_wconf 81' lang='lat' dir='ltr'><strong>sextam</strong></span> <span class='ocrx_word' id='word_1_671' title='bbox 803 4831 939 4883; x_wconf 87' lang='lat' dir='ltr'><strong>diem</strong></span> <span class='ocrx_word' id='word_1_672' title='bbox 963 4829 1313 4903; x_wconf 78' lang='lat' dir='ltr'><strong>Septembris,</strong></span> <span class='ocrx_word' id='word_1_673' title='bbox 1342 4829 1752 4903; x_wconf 72' lang='lat' dir='ltr'><strong>Langueruteus,</strong></span> <span class='ocrx_word' id='word_1_674' title='bbox 1779 4837 1971 4891; x_wconf 83' lang='lat' dir='ltr'><strong>Annal.</strong></span> 
     </span>
    </p>
   </div>
   <div class='ocr_carea' id='block_1_96' title="bbox 416 4901 1974 4972">
    <p class='ocr_par' dir='ltr' id='par_1_96' title="bbox 416 4901 1974 4972">
     <span class='ocr_line' id='line_1_96' title="bbox 416 4901 1974 4972; baseline 0.002 -15"><span class='ocrx_word' id='word_1_675' title='bbox 416 4906 604 4958; x_wconf 84' lang='lat' dir='ltr'><strong>Franc.</strong></span> <span class='ocrx_word' id='word_1_676' title='bbox 628 4901 691 4952; x_wconf 84' lang='lat' dir='ltr'><strong>ad</strong></span> <span class='ocrx_word' id='word_1_677' title='bbox 719 4902 939 4963; x_wconf 84' lang='lat' dir='ltr'><strong>calcem,</strong></span> <span class='ocrx_word' id='word_1_678' title='bbox 968 4911 1006 4951; x_wconf 93' lang='lat' dir='ltr'><strong>t.</strong></span> <span class='ocrx_word' id='word_1_679' title='bbox 1029 4901 1112 4964; x_wconf 91' lang='lat' dir='ltr'><strong>Ill,</strong></span> <span class='ocrx_word' id='word_1_680' title='bbox 1138 4902 1355 4957; x_wconf 87' lang='lat' dir='ltr'><strong>Collect.</strong></span> <span class='ocrx_word' id='word_1_681' title='bbox 1380 4901 1625 4972; x_wconf 86' lang='lat' dir='ltr'><strong>scriptor.</strong></span> <span class='ocrx_word' id='word_1_682' title='bbox 1650 4921 1756 4959; x_wconf 90' lang='lat' dir='ltr'><strong>rer.</strong></span> <span class='ocrx_word' id='word_1_683' title='bbox 1781 4905 1974 4960; x_wconf 85' lang='lat' dir='ltr'><strong>Franc.</strong></span> 
     </span>
    </p>
   </div>
   <div class='ocr_carea' id='block_1_97' title="bbox 416 4972 1977 5044">
    <p class='ocr_par' dir='ltr' id='par_1_97' title="bbox 416 4972 1977 5044">
     <span class='ocr_line' id='line_1_97' title="bbox 416 4972 1977 5044; baseline 0.005 -23"><span class='ocrx_word' id='word_1_684' title='bbox 416 4991 531 5042; x_wconf 74' lang='lat' dir='ltr'><strong>pag.</strong></span> <span class='ocrx_word' id='word_1_685' title='bbox 563 4972 693 5035; x_wconf 80' lang='lat'><strong>690;</strong></span> <span class='ocrx_word' id='word_1_686' title='bbox 744 4986 808 5023; x_wconf 90' lang='lat' dir='ltr'><strong>an</strong></span> <span class='ocrx_word' id='word_1_687' title='bbox 839 4986 967 5044; x_wconf 66' lang='lat' dir='ltr'><strong>Vero</strong></span> <span class='ocrx_word' id='word_1_688' title='bbox 1004 4980 1126 5023; x_wconf 89' lang='lat' dir='ltr'><strong>ante</strong></span> <span class='ocrx_word' id='word_1_689' title='bbox 1170 4972 1371 5044; x_wconf 81' lang='lat' dir='ltr'><strong>initium</strong></span> <span class='ocrx_word' id='word_1_690' title='bbox 1418 4978 1615 5030; x_wconf 88' lang='lat' dir='ltr'><strong>mensis</strong></span> <span class='ocrx_word' id='word_1_691' title='bbox 1647 4980 1867 5044; x_wconf 71' lang='lat' dir='ltr'><strong>Augusu</strong></span> <span class='ocrx_word' id='word_1_692' title='bbox 1898 4977 1977 5030; x_wconf 86' lang='lat' dir='ltr'><strong>iti-</strong></span> 
     </span>
    </p>
   </div>
   <div class='ocr_carea' id='block_1_98' title="bbox 414 5040 1977 5110">
    <p class='ocr_par' dir='ltr' id='par_1_98' title="bbox 414 5040 1977 5110">
     <span class='ocr_line' id='line_1_98' title="bbox 414 5040 1977 5110; baseline 0.003 -13"><span class='ocrx_word' id='word_1_693' title='bbox 414 5040 746 5110; x_wconf 73' lang='lat' dir='ltr'><strong>cofnpertum</strong></span> <span class='ocrx_word' id='word_1_694' title='bbox 778 5049 879 5095; x_wconf 91' lang='lat' dir='ltr'><strong>est.</strong></span> <span class='ocrx_word' id='word_1_695' title='bbox 932 5040 1068 5108; x_wconf 88' lang='lat' dir='ltr'><strong>Ergo</strong></span> <span class='ocrx_word' id='word_1_696' title='bbox 1099 5056 1201 5092; x_wconf 94' lang='lat' dir='ltr'><strong>non</strong></span> <span class='ocrx_word' id='word_1_697' title='bbox 1235 5042 1396 5108; x_wconf 86' lang='lat' dir='ltr'><strong>liquet</strong></span> <span class='ocrx_word' id='word_1_698' title='bbox 1432 5059 1495 5097; x_wconf 91' lang='lat' dir='ltr'><strong>an</strong></span> <span class='ocrx_word' id='word_1_699' title='bbox 1526 5047 1692 5110; x_wconf 88' lang='lat' dir='ltr'><strong>prima</strong></span> <span class='ocrx_word' id='word_1_700' title='bbox 1725 5040 1840 5101; x_wconf 83' lang='lat' dir='ltr'><strong>dies</strong></span> <span class='ocrx_word' id='word_1_701' title='bbox 1872 5048 1977 5101; x_wconf 85' lang='lat' dir='ltr'><strong>Au-</strong></span> 
     </span>
    </p>
   </div>
   <div class='ocr_carea' id='block_1_99' title="bbox 415 5110 1978 5182">
    <p class='ocr_par' dir='ltr' id='par_1_99' title="bbox 415 5110 1978 5182">
     <span class='ocr_line' id='line_1_99' title="bbox 415 5110 1978 5182; baseline 0.006 -19"><span class='ocrx_word' id='word_1_702' title='bbox 415 5117 573 5182; x_wconf 80' lang='lat' dir='ltr'><strong>gusti,</strong></span> <span class='ocrx_word' id='word_1_703' title='bbox 604 5129 743 5165; x_wconf 86' lang='lat' dir='ltr'><strong>anno</strong></span> <span class='ocrx_word' id='word_1_704' title='bbox 772 5111 805 5163; x_wconf 76' lang='lat'><strong>2</strong></span> <span class='ocrx_word' id='word_1_705' title='bbox 836 5113 980 5177; x_wconf 80' lang='lat' dir='ltr'><strong>regni</strong></span> <span class='ocrx_word' id='word_1_706' title='bbox 1011 5110 1144 5179; x_wconf 87' lang='lat' dir='ltr'><strong>ejus,</strong></span> <span class='ocrx_word' id='word_1_707' title='bbox 1176 5125 1312 5162; x_wconf 91' lang='lat' dir='ltr'><strong>anno</strong></span> <span class='ocrx_word' id='word_1_708' title='bbox 1341 5112 1467 5167; x_wconf 84' lang='lat' dir='ltr'><strong>Chr.</strong></span> <span class='ocrx_word' id='word_1_709' title='bbox 1497 5114 1594 5169; x_wconf 90' lang='grc'>661</span> <span class='ocrx_word' id='word_1_710' title='bbox 1626 5126 1716 5170; x_wconf 89' lang='lat' dir='ltr'><strong>aut</strong></span> <span class='ocrx_word' id='word_1_711' title='bbox 1743 5117 1848 5171; x_wconf 71' lang='lat'><strong>662</strong></span> <span class='ocrx_word' id='word_1_712' title='bbox 1892 5132 1978 5172; x_wconf 86' lang='lat' dir='ltr'><strong>as-</strong></span> 
     </span>
    </p>
   </div>
   <div class='ocr_carea' id='block_1_100' title="bbox 415 5183 816 5247">
    <p class='ocr_par' dir='ltr' id='par_1_100' title="bbox 415 5183 816 5247">
     <span class='ocr_line' id='line_1_100' title="bbox 415 5183 816 5247; baseline -0.005 -10"><span class='ocrx_word' id='word_1_713' title='bbox 415 5188 699 5247; x_wconf 78' lang='lat' dir='ltr'><strong>signantlus</strong></span> <span class='ocrx_word' id='word_1_714' title='bbox 732 5183 816 5235; x_wconf 87' lang='lat' dir='ltr'><strong>sit.</strong></span> 
     </span>
    </p>
   </div>
   <div class='ocr_carea' id='block_1_101' title="bbox 488 5249 1977 5324">
    <p class='ocr_par' dir='ltr' id='par_1_101' title="bbox 488 5249 1977 5324">
     <span class='ocr_line' id='line_1_101' title="bbox 488 5249 1977 5324; baseline 0.005 -21"><span class='ocrx_word' id='word_1_715' title='bbox 488 5254 514 5290; x_wconf 71' lang='grc' dir='ltr'><strong>ι’</strong></span> <span class='ocrx_word' id='word_1_716' title='bbox 550 5254 784 5319; x_wconf 86' lang='lat' dir='ltr'><strong>Vulgavit</strong></span> <span class='ocrx_word' id='word_1_717' title='bbox 818 5251 1175 5324; x_wconf 81' lang='lat' dir='ltr'><strong>Mabillonius,</strong></span> <span class='ocrx_word' id='word_1_718' title='bbox 1209 5249 1399 5303; x_wconf 77' lang='lat' dir='ltr'><strong>Annal.</strong></span> <span class='ocrx_word' id='word_1_719' title='bbox 1429 5253 1541 5324; x_wconf 12' lang='lat' dir='ltr'><strong>t.7l,</strong></span> <span class='ocrx_word' id='word_1_720' title='bbox 1573 5269 1692 5324; x_wconf 85' lang='lat' dir='ltr'><strong>pag.</strong></span> <span class='ocrx_word' id='word_1_721' title='bbox 1725 5256 1861 5319; x_wconf 72' lang='lat'><strong>692,</strong></span> <span class='ocrx_word' id='word_1_722' title='bbox 1909 5271 1977 5310; x_wconf 84' lang='lat' dir='ltr'><strong>ex</strong></span> 
     </span>
    </p>
   </div>
   <div class='ocr_carea' id='block_1_102' title="bbox 416 5321 1976 5388">
    <p class='ocr_par' dir='ltr' id='par_1_102' title="bbox 416 5321 1976 5388">
     <span class='ocr_line' id='line_1_102' title="bbox 416 5321 1976 5388; baseline 0.001 -11"><span class='ocrx_word' id='word_1_723' title='bbox 416 5323 711 5377; x_wconf 77' lang='lat' dir='ltr'><strong>Senonensi</strong></span> <span class='ocrx_word' id='word_1_724' title='bbox 763 5322 977 5375; x_wconf 85' lang='lat' dir='ltr'><strong>archivo</strong></span> <span class='ocrx_word' id='word_1_725' title='bbox 1022 5321 1414 5388; x_wconf 87' lang='lat' dir='ltr'><strong>depromptum.</strong></span> <span class='ocrx_word' id='word_1_726' title='bbox 1472 5321 1808 5378; x_wconf 70' lang='lat' dir='ltr'><strong>ltecuderunt</strong></span> <span class='ocrx_word' id='word_1_727' title='bbox 1855 5328 1976 5381; x_wconf 83' lang='lat' dir='ltr'><strong>Cal—</strong></span> 
     </span>
    </p>
   </div>
   <div class='ocr_carea' id='block_1_103' title="bbox 419 5389 1977 5460">
    <p class='ocr_par' dir='ltr' id='par_1_103' title="bbox 419 5389 1977 5460">
     <span class='ocr_line' id='line_1_103' title="bbox 419 5389 1977 5460; baseline 0.002 -16"><span class='ocrx_word' id='word_1_728' title='bbox 419 5404 615 5457; x_wconf 89' lang='lat' dir='ltr'><strong>metus,</strong></span> <span class='ocrx_word' id='word_1_729' title='bbox 661 5392 795 5445; x_wconf 86' lang='lat' dir='ltr'><strong>llist.</strong></span> <span class='ocrx_word' id='word_1_730' title='bbox 829 5393 1042 5445; x_wconf 84' lang='lat' dir='ltr'><strong>Lothar.</strong></span> <span class='ocrx_word' id='word_1_731' title='bbox 1076 5389 1222 5459; x_wconf 91' lang='lat' dir='ltr'><strong>prob.</strong></span> <span class='ocrx_word' id='word_1_732' title='bbox 1259 5405 1375 5460; x_wconf 75' lang='lat' dir='ltr'><strong>pag.</strong></span> <span class='ocrx_word' id='word_1_733' title='bbox 1406 5390 1534 5460; x_wconf 67' lang='grc'><strong>258,</strong></span> <span class='ocrx_word' id='word_1_734' title='bbox 1574 5405 1629 5448; x_wconf 90' lang='lat' dir='ltr'><strong>et</strong></span> <span class='ocrx_word' id='word_1_735' title='bbox 1652 5394 1977 5449; x_wconf 82' lang='lat' dir='ltr'><strong>Collectnres</strong></span> 
     </span>
    </p>
   </div>
   <div class='ocr_carea' id='block_1_104' title="bbox 417 5459 1977 5534">
    <p class='ocr_par' dir='ltr' id='par_1_104' title="bbox 417 5459 1977 5534">
     <span class='ocr_line' id='line_1_104' title="bbox 417 5459 1977 5534; baseline 0.003 -20"><span class='ocrx_word' id='word_1_736' title='bbox 417 5464 731 5534; x_wconf 81' lang='lat' dir='ltr'><strong>scripturum</strong></span> <span class='ocrx_word' id='word_1_737' title='bbox 763 5476 939 5534; x_wconf 84' lang='lat' dir='ltr'><strong>rerum</strong></span> <span class='ocrx_word' id='word_1_738' title='bbox 972 5459 1361 5534; x_wconf 33' lang='lat' dir='ltr'><strong>Francicarumi,</strong></span> <span class='ocrx_word' id='word_1_739' title='bbox 1390 5469 1427 5514; x_wconf 90' lang='lat' dir='ltr'><strong>t.</strong></span> <span class='ocrx_word' id='word_1_740' title='bbox 1453 5459 1542 5534; x_wconf 79' lang='grc' dir='ltr'><strong>ιν,</strong></span> <span class='ocrx_word' id='word_1_741' title='bbox 1567 5477 1694 5534; x_wconf 83' lang='lat' dir='ltr'><strong>pag.</strong></span> <span class='ocrx_word' id='word_1_742' title='bbox 1718 5464 1843 5518; x_wconf 76' lang='lat' dir='ltr'><strong>6H.</strong></span> <span class='ocrx_word' id='word_1_743' title='bbox 1876 5465 1977 5519; x_wconf 77' lang='lat' dir='ltr'><strong>Re-</strong></span> 
     </span>
    </p>
   </div>
   <div class='ocr_carea' id='block_1_105' title="bbox 418 5532 1654 5588">
    <p class='ocr_par' dir='ltr' id='par_1_105' title="bbox 418 5532 1654 5588">
     <span class='ocr_line' id='line_1_105' title="bbox 418 5532 1654 5588; baseline 0.002 -2"><span class='ocrx_word' id='word_1_744' title='bbox 418 5542 670 5586; x_wconf 85' lang='lat' dir='ltr'><strong>nuvatnm</strong></span> <span class='ocrx_word' id='word_1_745' title='bbox 704 5532 800 5583; x_wconf 87' lang='lat' dir='ltr'><strong>fuit</strong></span> <span class='ocrx_word' id='word_1_746' title='bbox 826 5532 893 5583; x_wconf 80' lang='lat' dir='ltr'><strong>ab</strong></span> <span class='ocrx_word' id='word_1_747' title='bbox 919 5537 1112 5586; x_wconf 87' lang='lat' dir='ltr'><strong>Uttoue</strong></span> <span class='ocrx_word' id='word_1_748' title='bbox 1142 5532 1200 5585; x_wconf 92' lang='lat' dir='ltr'><strong>Ill</strong></span> <span class='ocrx_word' id='word_1_749' title='bbox 1234 5542 1286 5586; x_wconf 90' lang='lat' dir='ltr'><strong>et</strong></span> <span class='ocrx_word' id='word_1_750' title='bbox 1314 5532 1538 5586; x_wconf 83' lang='lat' dir='ltr'><strong>Henrico</strong></span> <span class='ocrx_word' id='word_1_751' title='bbox 1566 5532 1654 5588; x_wconf 77' lang='lat' dir='ltr'><strong>lll.</strong></span> 
     </span>
    </p>
   </div>
   <div class='ocr_carea' id='block_1_106' title="bbox 493 5600 1975 5671">
    <p class='ocr_par' dir='ltr' id='par_1_106' title="bbox 493 5600 1975 5671">
     <span class='ocr_line' id='line_1_106' title="bbox 493 5600 1975 5671; baseline 0.005 -20"><span class='ocrx_word' id='word_1_752' title='bbox 493 5612 517 5639; x_wconf 81' lang='grc' dir='ltr'><strong><em>ο</em></strong></span> <span class='ocrx_word' id='word_1_753' title='bbox 548 5600 935 5655; x_wconf 82' lang='lat' dir='ltr'><strong>Gundelbertus</strong></span> <span class='ocrx_word' id='word_1_754' title='bbox 959 5640 974 5669; x_wconf 92' lang='lat'><strong>,</strong></span> <span class='ocrx_word' id='word_1_755' title='bbox 1019 5603 1169 5671; x_wconf 73' lang='lat' dir='ltr'><strong>juxta</strong></span> <span class='ocrx_word' id='word_1_756' title='bbox 1203 5606 1510 5660; x_wconf 83' lang='lat' dir='ltr'><strong>Senonense</strong></span> <span class='ocrx_word' id='word_1_757' title='bbox 1540 5604 1827 5662; x_wconf 88' lang='lat' dir='ltr'><strong>chronicon</strong></span> <span class='ocrx_word' id='word_1_758' title='bbox 1855 5644 1869 5671; x_wconf 91' lang='lat'><strong>,</strong></span> <span class='ocrx_word' id='word_1_759' title='bbox 1923 5604 1975 5659; x_wconf 93' lang='lat' dir='ltr'><strong>in</strong></span> 
     </span>
    </p>
   </div>
   <div class='ocr_carea' id='block_1_107' title="bbox 2079 4416 3651 4488">
    <p class='ocr_par' dir='ltr' id='par_1_107' title="bbox 2079 4416 3651 4488">
     <span class='ocr_line' id='line_1_107' title="bbox 2079 4416 3651 4488; baseline 0.003 -19"><span class='ocrx_word' id='word_1_760' title='bbox 2079 4416 2427 4485; x_wconf 90' lang='lat' dir='ltr'><strong>undecunque</strong></span> <span class='ocrx_word' id='word_1_761' title='bbox 2459 4425 2667 4485; x_wconf 81' lang='lat' dir='ltr'><strong>poterat</strong></span> <span class='ocrx_word' id='word_1_762' title='bbox 2704 4431 2939 4485; x_wconf 83' lang='lat' dir='ltr'><strong>sperare,</strong></span> <span class='ocrx_word' id='word_1_763' title='bbox 2984 4427 3073 4470; x_wconf 91' lang='lat' dir='ltr'><strong>aut</strong></span> <span class='ocrx_word' id='word_1_764' title='bbox 3116 4419 3319 4471; x_wconf 88' lang='lat' dir='ltr'><strong>solebat</strong></span> <span class='ocrx_word' id='word_1_765' title='bbox 3353 4420 3651 4488; x_wconf 81' lang='lat' dir='ltr'><strong>suscipere,</strong></span> 
     </span>
    </p>
   </div>
   <div class='ocr_carea' id='block_1_108' title="bbox 2077 4510 3653 4579">
    <p class='ocr_par' dir='ltr' id='par_1_108' title="bbox 2077 4510 3653 4579">
     <span class='ocr_line' id='line_1_108' title="bbox 2077 4510 3653 4579; baseline -0.001 -16"><span class='ocrx_word' id='word_1_766' title='bbox 2077 4524 2139 4563; x_wconf 85' lang='lat' dir='ltr'><strong>ex</strong></span> <span class='ocrx_word' id='word_1_767' title='bbox 2170 4510 2494 4579; x_wconf 84' lang='lat' dir='ltr'><strong>indulgentia</strong></span> <span class='ocrx_word' id='word_1_768' title='bbox 2526 4518 2701 4563; x_wconf 88' lang='lat' dir='ltr'><strong>nostra</strong></span> <span class='ocrx_word' id='word_1_769' title='bbox 2729 4550 2745 4573; x_wconf 94' lang='lat'><strong>,</strong></span> <span class='ocrx_word' id='word_1_770' title='bbox 2797 4510 3005 4577; x_wconf 90' lang='lat' dir='ltr'><strong>penitus</strong></span> <span class='ocrx_word' id='word_1_771' title='bbox 3053 4510 3149 4577; x_wconf 86' lang='lat' dir='ltr'><strong>ipsi</strong></span> <span class='ocrx_word' id='word_1_772' title='bbox 3190 4520 3378 4563; x_wconf 77' lang='lat' dir='ltr'><strong>saneto</strong></span> <span class='ocrx_word' id='word_1_773' title='bbox 3421 4510 3543 4565; x_wconf 88' lang='lat' dir='ltr'><strong>loco</strong></span> <span class='ocrx_word' id='word_1_774' title='bbox 3586 4512 3653 4562; x_wconf 83' lang='lat' dir='ltr'><strong>ad</strong></span> 
     </span>
    </p>
   </div>
   <div class='ocr_carea' id='block_1_109' title="bbox 2079 4599 3653 4669">
    <p class='ocr_par' dir='ltr' id='par_1_109' title="bbox 2079 4599 3653 4669">
     <span class='ocr_line' id='line_1_109' title="bbox 2079 4599 3653 4669; baseline 0.002 -15"><span class='ocrx_word' id='word_1_775' title='bbox 2079 4599 2336 4668; x_wconf 89' lang='lat' dir='ltr'><strong>stipendia</strong></span> <span class='ocrx_word' id='word_1_776' title='bbox 2371 4601 2479 4655; x_wconf 92' lang='lat' dir='ltr'><strong>Deo</strong></span> <span class='ocrx_word' id='word_1_777' title='bbox 2508 4601 2702 4655; x_wconf 90' lang='lat' dir='ltr'><strong>ibidem</strong></span> <span class='ocrx_word' id='word_1_778' title='bbox 2731 4600 3075 4654; x_wconf 78' lang='lat' dir='ltr'><strong>servientium</strong></span> <span class='ocrx_word' id='word_1_779' title='bbox 3105 4601 3461 4669; x_wconf 88' lang='lat' dir='ltr'><strong>remittimus,</strong></span> <span class='ocrx_word' id='word_1_780' title='bbox 3504 4613 3557 4657; x_wconf 92' lang='lat' dir='ltr'><strong>et</strong></span> <span class='ocrx_word' id='word_1_781' title='bbox 3598 4603 3653 4657; x_wconf 90' lang='lat' dir='ltr'><strong>in</strong></span> 
     </span>
    </p>
   </div>
   <div class='ocr_carea' id='block_1_110' title="bbox 2080 4772 3653 4843">
    <p class='ocr_par' dir='ltr' id='par_1_110' title="bbox 2080 4772 3653 4843">
     <span class='ocr_line' id='line_1_110' title="bbox 2080 4772 3653 4843; baseline 0.003 -15"><span class='ocrx_word' id='word_1_782' title='bbox 2080 4772 2263 4841; x_wconf 84' lang='lat' dir='ltr'><strong>Spicil.</strong></span> <span class='ocrx_word' id='word_1_783' title='bbox 2298 4773 2623 4837; x_wconf 80' lang='lat' dir='ltr'><strong>Acheriano,</strong></span> <span class='ocrx_word' id='word_1_784' title='bbox 2658 4782 2697 4825; x_wconf 90' lang='lat' dir='ltr'><strong>t.</strong></span> <span class='ocrx_word' id='word_1_785' title='bbox 2730 4773 2817 4836; x_wconf 89' lang='lat' dir='ltr'><strong>Ill,</strong></span> <span class='ocrx_word' id='word_1_786' title='bbox 2851 4789 2973 4843; x_wconf 85' lang='lat' dir='ltr'><strong>pag.</strong></span> <span class='ocrx_word' id='word_1_787' title='bbox 2996 4773 3123 4839; x_wconf 76' lang='lat'><strong>273,</strong></span> <span class='ocrx_word' id='word_1_788' title='bbox 3159 4791 3256 4829; x_wconf 75' lang='lat' dir='ltr'><strong>xm</strong></span> <span class='ocrx_word' id='word_1_789' title='bbox 3289 4777 3491 4830; x_wconf 65' lang='lat' dir='ltr'><strong>saeculo</strong></span> <span class='ocrx_word' id='word_1_790' title='bbox 3522 4780 3653 4832; x_wconf 73' lang='lat' dir='ltr'><strong>scri-</strong></span> 
     </span>
    </p>
   </div>
   <div class='ocr_carea' id='block_1_111' title="bbox 2079 4843 3649 4912">
    <p class='ocr_par' dir='ltr' id='par_1_111' title="bbox 2079 4843 3649 4912">
     <span class='ocr_line' id='line_1_111' title="bbox 2079 4843 3649 4912; baseline 0.003 -16"><span class='ocrx_word' id='word_1_791' title='bbox 2079 4854 2224 4912; x_wconf 92' lang='lat' dir='ltr'><strong>ptum</strong></span> <span class='ocrx_word' id='word_1_792' title='bbox 2252 4883 2267 4907; x_wconf 91' lang='lat'><strong>,</strong></span> <span class='ocrx_word' id='word_1_793' title='bbox 2317 4843 2646 4898; x_wconf 88' lang='lat' dir='ltr'><strong>Senonensis</strong></span> <span class='ocrx_word' id='word_1_794' title='bbox 2691 4848 2971 4910; x_wconf 73' lang='lat' dir='ltr'><strong>epiSCOpus</strong></span> <span class='ocrx_word' id='word_1_795' title='bbox 3019 4843 3116 4898; x_wconf 87' lang='lat' dir='ltr'><strong>fuit</strong></span> <span class='ocrx_word' id='word_1_796' title='bbox 3160 4860 3302 4899; x_wconf 90' lang='lat' dir='ltr'><strong>anno</strong></span> <span class='ocrx_word' id='word_1_797' title='bbox 3344 4850 3477 4901; x_wconf 81' lang='lat' dir='ltr'><strong>Chr.</strong></span> <span class='ocrx_word' id='word_1_798' title='bbox 3513 4849 3649 4908; x_wconf 67' lang='lat'><strong>720.</strong></span> 
     </span>
    </p>
   </div>
   <div class='ocr_carea' id='block_1_112' title="bbox 2078 4913 3654 4983">
    <p class='ocr_par' dir='ltr' id='par_1_112' title="bbox 2078 4913 3654 4983">
     <span class='ocr_line' id='line_1_112' title="bbox 2078 4913 3654 4983; baseline 0.003 -16"><span class='ocrx_word' id='word_1_799' title='bbox 2078 4914 2218 4982; x_wconf 91' lang='lat' dir='ltr'><strong>quod</strong></span> <span class='ocrx_word' id='word_1_800' title='bbox 2251 4929 2348 4968; x_wconf 89' lang='lat' dir='ltr'><strong>nec</strong></span> <span class='ocrx_word' id='word_1_801' title='bbox 2376 4928 2495 4983; x_wconf 88' lang='lat' dir='ltr'><strong>cum</strong></span> <span class='ocrx_word' id='word_1_802' title='bbox 2528 4929 2692 4982; x_wconf 90' lang='lat' dir='ltr'><strong>regno</strong></span> <span class='ocrx_word' id='word_1_803' title='bbox 2720 4913 3005 4967; x_wconf 85' lang='lat' dir='ltr'><strong>Childerici</strong></span> <span class='ocrx_word' id='word_1_804' title='bbox 3038 4915 3101 4975; x_wconf 84' lang='lat' dir='ltr'><strong>ll,</strong></span> <span class='ocrx_word' id='word_1_805' title='bbox 3133 4932 3231 4969; x_wconf 88' lang='lat' dir='ltr'><strong>nec</strong></span> <span class='ocrx_word' id='word_1_806' title='bbox 3260 4931 3383 4969; x_wconf 90' lang='lat' dir='ltr'><strong>cum</strong></span> <span class='ocrx_word' id='word_1_807' title='bbox 3413 4921 3654 4983; x_wconf 70' lang='lat' dir='ltr'><strong>catalogo</strong></span> 
     </span>
    </p>
   </div>
   <div class='ocr_carea' id='block_1_113' title="bbox 2078 4982 3646 5053">
    <p class='ocr_par' dir='ltr' id='par_1_113' title="bbox 2078 4982 3646 5053">
     <span class='ocr_line' id='line_1_113' title="bbox 2078 4982 3646 5053; baseline 0.001 -16"><span class='ocrx_word' id='word_1_808' title='bbox 2078 4986 2449 5053; x_wconf 85' lang='lat' dir='ltr'><strong>episcoporum</strong></span> <span class='ocrx_word' id='word_1_809' title='bbox 2481 4982 2871 5053; x_wconf 89' lang='lat' dir='ltr'><strong>Senonensium</strong></span> <span class='ocrx_word' id='word_1_810' title='bbox 2902 4985 3175 5037; x_wconf 82' lang='lat' dir='ltr'><strong>cnnciliari</strong></span> <span class='ocrx_word' id='word_1_811' title='bbox 3208 4996 3403 5052; x_wconf 83' lang='lat' dir='ltr'><strong>potest.</strong></span> <span class='ocrx_word' id='word_1_812' title='bbox 3457 4989 3646 5042; x_wconf 80' lang='lat' dir='ltr'><strong>Mabil-</strong></span> 
     </span>
    </p>
   </div>
   <div class='ocr_carea' id='block_1_114' title="bbox 2080 5052 3648 5121">
    <p class='ocr_par' dir='ltr' id='par_1_114' title="bbox 2080 5052 3648 5121">
     <span class='ocr_line' id='line_1_114' title="bbox 2080 5052 3648 5121; baseline 0.002 -15"><span class='ocrx_word' id='word_1_813' title='bbox 2080 5052 2277 5115; x_wconf 87' lang='lat' dir='ltr'><strong>Ionius,</strong></span> <span class='ocrx_word' id='word_1_814' title='bbox 2312 5056 2448 5106; x_wconf 79' lang='lat' dir='ltr'><strong>Ann.</strong></span> <span class='ocrx_word' id='word_1_815' title='bbox 2481 5062 2518 5105; x_wconf 94' lang='lat' dir='ltr'><strong>t.</strong></span> <span class='ocrx_word' id='word_1_816' title='bbox 2557 5055 2604 5116; x_wconf 89' lang='lat' dir='ltr'><strong>l,</strong></span> <span class='ocrx_word' id='word_1_817' title='bbox 2647 5069 2764 5121; x_wconf 89' lang='lat' dir='ltr'><strong>pag.</strong></span> <span class='ocrx_word' id='word_1_818' title='bbox 2796 5052 2933 5118; x_wconf 71' lang='lat'><strong>462,</strong></span> <span class='ocrx_word' id='word_1_819' title='bbox 2978 5053 3194 5121; x_wconf 90' lang='lat' dir='ltr'><strong>conjicit</strong></span> <span class='ocrx_word' id='word_1_820' title='bbox 3225 5057 3648 5111; x_wconf 83' lang='lat' dir='ltr'><strong>Gundelbertum</strong></span> 
     </span>
    </p>
   </div>
   <div class='ocr_carea' id='block_1_115' title="bbox 2079 5124 3648 5192">
    <p class='ocr_par' dir='ltr' id='par_1_115' title="bbox 2079 5124 3648 5192">
     <span class='ocr_line' id='line_1_115' title="bbox 2079 5124 3648 5192; baseline 0.003 -17"><span class='ocrx_word' id='word_1_821' title='bbox 2079 5124 2241 5177; x_wconf 89' lang='lat' dir='ltr'><strong>fuisse</strong></span> <span class='ocrx_word' id='word_1_822' title='bbox 2272 5124 2628 5191; x_wconf 88' lang='lat' dir='ltr'><strong>regionarium</strong></span> <span class='ocrx_word' id='word_1_823' title='bbox 2661 5126 2999 5190; x_wconf 77' lang='lat' dir='ltr'><strong>episconum,</strong></span> <span class='ocrx_word' id='word_1_824' title='bbox 3041 5134 3095 5177; x_wconf 90' lang='lat' dir='ltr'><strong>et</strong></span> <span class='ocrx_word' id='word_1_825' title='bbox 3133 5126 3404 5178; x_wconf 86' lang='lat' dir='ltr'><strong>conditum</strong></span> <span class='ocrx_word' id='word_1_826' title='bbox 3438 5129 3509 5180; x_wconf 86' lang='lat' dir='ltr'><strong>ab</strong></span> <span class='ocrx_word' id='word_1_827' title='bbox 3540 5131 3648 5192; x_wconf 82' lang='lat' dir='ltr'><strong>ipso</strong></span> 
     </span>
    </p>
   </div>
   <div class='ocr_carea' id='block_1_116' title="bbox 2080 5193 3644 5249">
    <p class='ocr_par' dir='ltr' id='par_1_116' title="bbox 2080 5193 3644 5249">
     <span class='ocr_line' id='line_1_116' title="bbox 2080 5193 3644 5249; baseline 0.003 -5"><span class='ocrx_word' id='word_1_828' title='bbox 2080 5193 2458 5246; x_wconf 81' lang='lat' dir='ltr'><strong>monasterium</strong></span> <span class='ocrx_word' id='word_1_829' title='bbox 2484 5193 2792 5247; x_wconf 88' lang='lat' dir='ltr'><strong>Senonense</strong></span> <span class='ocrx_word' id='word_1_830' title='bbox 2822 5194 3109 5247; x_wconf 90' lang='lat' dir='ltr'><strong>arbitratur</strong></span> <span class='ocrx_word' id='word_1_831' title='bbox 3135 5196 3273 5249; x_wconf 82' lang='lat' dir='ltr'><strong>eirea</strong></span> <span class='ocrx_word' id='word_1_832' title='bbox 3301 5212 3501 5249; x_wconf 89' lang='lat' dir='ltr'><strong>annum</strong></span> <span class='ocrx_word' id='word_1_833' title='bbox 3524 5197 3644 5249; x_wconf 86' lang='grc'>661.</span> 
     </span>
    </p>
   </div>
   <div class='ocr_carea' id='block_1_117' title="bbox 2079 5263 3647 5333">
    <p class='ocr_par' dir='ltr' id='par_1_117' title="bbox 2079 5263 3647 5333">
     <span class='ocr_line' id='line_1_117' title="bbox 2079 5263 3647 5333; baseline 0.001 -18"><span class='ocrx_word' id='word_1_834' title='bbox 2079 5264 2230 5327; x_wconf 87' lang='lat' dir='ltr'><strong>Quod</strong></span> <span class='ocrx_word' id='word_1_835' title='bbox 2266 5272 2440 5333; x_wconf 79' lang='lat' dir='ltr'><strong>autem</strong></span> <span class='ocrx_word' id='word_1_836' title='bbox 2475 5264 2689 5333; x_wconf 74' lang='lat' dir='ltr'><strong>nomine</strong></span> <span class='ocrx_word' id='word_1_837' title='bbox 2719 5263 3001 5317; x_wconf 86' lang='lat' dir='ltr'><strong>Childerici</strong></span> <span class='ocrx_word' id='word_1_838' title='bbox 3036 5264 3119 5315; x_wconf 90' lang='lat' dir='ltr'><strong>hic</strong></span> <span class='ocrx_word' id='word_1_839' title='bbox 3150 5265 3479 5333; x_wconf 84' lang='lat' dir='ltr'><strong>intelligatur</strong></span> <span class='ocrx_word' id='word_1_840' title='bbox 3507 5266 3647 5320; x_wconf 81' lang='lat' dir='ltr'><strong>Chil-</strong></span> 
     </span>
    </p>
   </div>
   <div class='ocr_carea' id='block_1_118' title="bbox 2078 5331 3643 5403">
    <p class='ocr_par' dir='ltr' id='par_1_118' title="bbox 2078 5331 3643 5403">
     <span class='ocr_line' id='line_1_118' title="bbox 2078 5331 3643 5403; baseline 0.002 -17"><span class='ocrx_word' id='word_1_841' title='bbox 2078 5334 2289 5387; x_wconf 85' lang='lat' dir='ltr'><strong>dericus</strong></span> <span class='ocrx_word' id='word_1_842' title='bbox 2329 5332 2369 5385; x_wconf 90' lang='lat' dir='ltr'><strong>ll</strong></span> <span class='ocrx_word' id='word_1_843' title='bbox 2400 5373 2414 5397; x_wconf 92' lang='lat'><strong>,</strong></span> <span class='ocrx_word' id='word_1_844' title='bbox 2466 5331 2985 5403; x_wconf 9' lang='lat' dir='ltr'><strong>Clodoveigjunioris</strong></span> <span class='ocrx_word' id='word_1_845' title='bbox 3033 5332 3167 5403; x_wconf 81' lang='lat' dir='ltr'><strong>[ilius</strong></span> <span class='ocrx_word' id='word_1_846' title='bbox 3195 5376 3207 5397; x_wconf 94' lang='lat'><strong>,</strong></span> <span class='ocrx_word' id='word_1_847' title='bbox 3263 5331 3341 5389; x_wconf 78' lang='lat' dir='ltr'><strong>id</strong></span> <span class='ocrx_word' id='word_1_848' title='bbox 3371 5338 3535 5403; x_wconf 84' lang='lat' dir='ltr'><strong>liquet</strong></span> <span class='ocrx_word' id='word_1_849' title='bbox 3580 5350 3643 5389; x_wconf 77' lang='lat' dir='ltr'><strong>ex</strong></span> 
     </span>
    </p>
   </div>
   <div class='ocr_carea' id='block_1_119' title="bbox 2079 5401 3639 5469">
    <p class='ocr_par' dir='ltr' id='par_1_119' title="bbox 2079 5401 3639 5469">
     <span class='ocr_line' id='line_1_119' title="bbox 2079 5401 3639 5469; baseline 0 -14"><span class='ocrx_word' id='word_1_850' title='bbox 2079 5404 2423 5456; x_wconf 89' lang='lat' dir='ltr'><strong>renovatione</strong></span> <span class='ocrx_word' id='word_1_851' title='bbox 2464 5401 2769 5469; x_wconf 86' lang='lat' dir='ltr'><strong>diplomatis</strong></span> <span class='ocrx_word' id='word_1_852' title='bbox 2813 5403 2898 5455; x_wconf 84' lang='lat' dir='ltr'><strong>tibi</strong></span> <span class='ocrx_word' id='word_1_853' title='bbox 2942 5401 3278 5457; x_wconf 87' lang='lat' dir='ltr'><strong>Childericus</strong></span> <span class='ocrx_word' id='word_1_854' title='bbox 3308 5401 3528 5459; x_wconf 79' lang='lat' dir='ltr'><strong>vocatur</strong></span> <span class='ocrx_word' id='word_1_855' title='bbox 3552 5422 3639 5455; x_wconf 78' lang='lat' dir='ltr'><strong>an-</strong></span> 
     </span>
    </p>
   </div>
   <div class='ocr_carea' id='block_1_120' title="bbox 2074 5471 3643 5540">
    <p class='ocr_par' dir='ltr' id='par_1_120' title="bbox 2074 5471 3643 5540">
     <span class='ocr_line' id='line_1_120' title="bbox 2074 5471 3643 5540; baseline 0 -16"><span class='ocrx_word' id='word_1_856' title='bbox 2074 5472 2289 5537; x_wconf 74' lang='lat' dir='ltr'><strong>tt‘quus,</strong></span> <span class='ocrx_word' id='word_1_857' title='bbox 2338 5472 2404 5525; x_wconf 88' lang='lat' dir='ltr'><strong>ad</strong></span> <span class='ocrx_word' id='word_1_858' title='bbox 2455 5472 2747 5525; x_wconf 87' lang='lat' dir='ltr'><strong>discrimen-</strong></span> <span class='ocrx_word' id='word_1_859' title='bbox 2774 5471 3059 5526; x_wconf 74' lang='lat' dir='ltr'><strong>Childeriri</strong></span> <span class='ocrx_word' id='word_1_860' title='bbox 3113 5472 3176 5525; x_wconf 94' lang='lat' dir='ltr'><strong>Ill</strong></span> <span class='ocrx_word' id='word_1_861' title='bbox 3208 5514 3221 5534; x_wconf 82' lang='lat'><strong>,</strong></span> <span class='ocrx_word' id='word_1_862' title='bbox 3279 5475 3643 5540; x_wconf 65' lang='lat' dir='ltr'><strong>Merovingicze</strong></span> 
     </span>
    </p>
   </div>
   <div class='ocr_carea' id='block_1_121' title="bbox 2080 5542 3637 5665">
    <p class='ocr_par' dir='ltr' id='par_1_121' title="bbox 2080 5542 3637 5665">
     <span class='ocr_line' id='line_1_121' title="bbox 2080 5542 3637 5665; baseline 0.004 -74"><span class='ocrx_word' id='word_1_863' title='bbox 2080 5542 2484 5665; x_wconf 47' lang='lat' dir='ltr'><strong>:Lisiz&#39;pigoiéltimi,</strong></span> <span class='ocrx_word' id='word_1_864' title='bbox 2514 5550 2568 5596; x_wconf 93' lang='lat' dir='ltr'><strong>ut</strong></span> <span class='ocrx_word' id='word_1_865' title='bbox 2597 5553 2753 5598; x_wconf 87' lang='lat' dir='ltr'><strong>acute</strong></span> <span class='ocrx_word' id='word_1_866' title='bbox 2782 5550 2931 5597; x_wconf 86' lang='lat' dir='ltr'><strong>notat</strong></span> <span class='ocrx_word' id='word_1_867' title='bbox 2958 5543 3315 5611; x_wconf 75' lang='lat' dir='ltr'><strong>Mabillonius,</strong></span> <span class='ocrx_word' id='word_1_868' title='bbox 3349 5546 3433 5600; x_wconf 87' lang='lat' dir='ltr'><strong>ubi</strong></span> <span class='ocrx_word' id='word_1_869' title='bbox 3465 5558 3637 5614; x_wconf 82' lang='lat' dir='ltr'><strong>supra,</strong></span> 
     </span>
    </p>
   </div>
   <div class='ocr_carea' id='block_1_122' title="bbox 2080 5624 2349 5679">
    <p class='ocr_par' dir='ltr' id='par_1_122' title="bbox 2080 5624 2349 5679">
     <span class='ocr_line' id='line_1_122' title="bbox 2080 5624 2349 5679; baseline 0.019 -18"><span class='ocrx_word' id='word_1_870' title='bbox 2080 5624 2196 5679; x_wconf 88' lang='lat' dir='ltr'><strong>pag.</strong></span> <span class='ocrx_word' id='word_1_871' title='bbox 2229 5624 2349 5666; x_wconf 74' lang='lat' dir='ltr'><strong>ouo.</strong></span> 
     </span>
    </p>
   </div>
  </div>
