3926 6174
207 318 352 381 1293

982 298 1493 376 οιριοιιιιτιιῗῖέ
1526 320 1915 380 CHILDEBICI
1954 321 1998 377 Il
2036 321 2393 386 PRECEPT.
2436 323 2714 381 ECCLES.

3327 332 3350 387 1
3361 329 3467 386 ιαι

205 434 265 490 in
300 428 394 486 Dei
419 425 638 485 nomine
665 424 865 482 nostris
888 434 945 482 et
980 425 1173 482 futuris
1205 429 1561 499 temporibus,
1601 444 1790 484 manus
1816 439 1869 498 Α
1896 429 2127 486 tionibus
2176 431 2549 498 sacerdotum,
2603 431 2689 487 vel
2736 430 3095 501 quorumlibet
3144 434 3463 499 devotOrum

206 533 411 580 nostra:
462 518 861 588 subscriptione
917 517 1136 574 inferius
1185 519 1510 602 confirmare
1548 519 1794 577 decrevi-
1890 518 2038 591 justa
2089 522 2423 590 petentium,
2472 520 2810 590 perducimus
2863 522 2930 576 ad
2985 521 3253 581 effectum.
3308 526 3472 596 Igitur

206 630 331 672 mus
352 624 402 669 θ.
431 611 655 684 Signum
687 609 964 679 Ililderici,
992 611 1133 681 regis
1161 610 1400 681 gloriosi.

968 745 1055 799 Vl.

212 842 460 907 Diploma
497 855 597 907 quo
639 836 954 892 Cltildericus
979 836 1223 907 quidquid
1250 837 1373 902 ﬁsco
1400 835 1711 907 temperabat
1738 835 1793 888 in

284 904 426 967 cum
454 904 663 965 Arduno
694 909 867 977 tribuit
894 904 1064 960 sancti
1091 906 1318 962 (ἐπιπιεῆ
1352 908 1573 961 ecclesiis
1604 904 1796 977 (Ceno-

286 983 513 1038 ntauensi
536 981 587 1049 δ)
614 981 760 1050 (ann.
785 976 939 1047 667).

285 1070 652 1137 Childericus,
693 1082 791 1122 res
825 1067 1173 1130 Francorum,
1208 1066 1293 1120 vir
1321 1066 1546 1132 illuster,
1580 1073 1797 1135 aposto-

212 1161 319 1215 lico
359 1161 496 1230 patri
545 1157 774 1222 Didone,
826 1154 1129 1209 Pictavensi
1179 1156 1451 1223 episcopo.
1497 1154 1797 1223 Cognoscat

211 1250 473 1304 sanctitas
497 1255 669 1301 vestra
692 1244 812 1312 quia
836 1257 952 1308 nos,
977 1242 1173 1298 tributo
1188 1242 1277 1298 illo
1299 1243 1545 1312 quicquid
1567 1244 1633 1299 de
1652 1255 1799 1297 curte

213 1339 631 1408 cognominante
657 1335 899 1398 Arduno,
933 1334 1091 1389 sitam
1124 1334 1176 1387 in
1209 1348 1345 1403 pago
1377 1334 1715 1401 Pictavense,
1743 1334 1797 1387 in

214 1427 572 1486 luminaribus
600 1426 668 1479 ad
703 1423 977 1482 basilicam
1024 1423 1206 1479 Sancti
1256 1423 1493 1478 Gervasii
1528 1426 1679 1489 cedo,
1715 1426 1798 1479 in-

214 1530 424 1588 specto,
454 1518 659 1587 absque
691 1514 1097 1581 impedimento,
1147 1527 1246 1585 pro
1292 1514 1555 1568 mercedis
1602 1515 1800 1568 nosuis

212 1617 594 1678 augmentum,
648 1605 826 1660 omnia
870 1604 1010 1677 quod
1040 1604 1104 1657 ad
1138 1606 1323 1660 fiscum
1356 1615 1597 1661 nostrum
1629 1606 1798 1675 exigi-

217 1712 328 1768 tur,
359 1700 459 1756 visi
496 1698 695 1755 fuimus
729 1697 1080 1753 concessisse.
1118 1694 1406 1767 Propterea
1436 1711 1531 1765 per
1562 1710 1797 1766 praesen-

1898 607 2124 665 domnus
2152 620 2207 669 et
2232 620 2380 678 pater
2427 620 2607 667 noster
2646 609 2927 665 Remaclus
2972 612 3263 681 episcopus
3294 613 3471 689 [Deest

1897 698 2037 765 apud
2099 698 2354 753 Caiatiam
2397 715 2493 755 vos
2542 699 2852 771 episcopus]
2906 702 3249 757 clementiam
3319 721 3468 773 I‘cgttt

1898 789 2068 843 nostri
2114 790 2265 858 petiit
2314 806 2409 860 pro
2449 790 2773 847 monasteris
2818 793 2932 847 suis
2982 794 3233 848 Stabulau
3264 805 3317 849 et
3346 797 3473 851 Mal-

1899 879 2200 944 mundario,
2250 897 2368 952 qua:
2416 882 2568 939 homo
2615 882 3000 944 recordationis
3040 894 3259 954 patruus
3288 896 3470 941 uoster

1834 1008 1837 1011 ι
1898 968 2234 1049 Sigebertus,
2293 973 2557 1041 quondam
2605 989 2731 1039 rex,
2779 988 2879 1028 suo
2927 975 3227 1029 construxit
3275 991 3467 1049 Opere.

1902 1058 2053 1115 Unde
2082 1070 2135 1114 et
2162 1061 2328 1131 ipsius
2378 1063 2628 1131 principis
2656 1064 2932 1133 regiminis
2963 1068 3065 1119 tale
3094 1076 3415 1138 praeceptum
3444 1066 3463 1104 τ

1900 1151 2051 1207 nobis
2085 1153 2318 1207 ostendit
2348 1154 2685 1222 relegendum
2718 1157 2784 1209 de
2822 1172 3007 1211 eorum
3043 1157 3229 1233 majori
3276 1161 3469 1227 spatio,

1900 1243 1966 1298 de
2011 1244 2122 1312 ipsa
2166 1243 2361 1299 forestc
2404 1245 2669 1302 dominica
2719 1246 2771 1301 in
2822 1248 3061 1321 utrisque
3112 1250 3351 1317 partibus
3402 1252 3472 1305 de

1901 1333 2029 1405 ipsis
2067 1336 2426 1398 monasteriis,
2460 1346 2564 1389 tzini
2594 1338 2645 1390 in
2679 1337 2894 1407 longum
2934 1355 3091 1408 quam
3125 1342 3176 1398 in
3208 1350 3478 1398 transver-

1900 1438 2037 1491 sum,
2068 1426 2346 1480 duodecim
2381 1428 2543 1483 millia
2588 1430 2929 1484 dextrorsum
2972 1432 3218 1498 saltibus,
3253 1434 3392 1509 quod
3422 1444 3478 1489 et

1900 1519 2073 1573 adhuc
2105 1536 2200 1588 pro
2232 1520 2395 1575 totius
2423 1522 2671 1581 firmitate
2698 1524 2873 1579 taliter
2896 1526 2947 1579 in
2976 1526 3091 1599 ipsa
3120 1528 3479 1595 praeceptione

1903 1608 2127 1663 habetur
2156 1612 2436 1678 insertum,
2472 1620 2528 1665 ut
2556 1628 2649 1680 per
2671 1615 2951 1668 consilium
2978 1617 3284 1687 pontitleum
3312 1617 3479 1692 ipsius

1906 1700 2178 1769 temporis,
2215 1700 2265 1753 id
2296 1714 2398 1767 est,
2443 1702 2743 1768 Iluniberti,
2785 1704 3091 1758 Memoriani
3119 1705 3375 1783 [Cointius
3404 1718 3473 1770 et,

215 1804 329 1849 tem
374 1790 789 1862 prmeeptionem
834 1802 929 1857 pro
978 1801 1162 1841 amore
1208 1787 1509 1844 sanctitatis
1537 1786 1798 1855 jussimus
1829 1790 1871 1848 Β
1899 1812 1961 1850 ex
1988 1806 2179 1850 vestuto
2224 1796 2428 1865 Codice,
2480 1798 2788 1866 Martcnius,
2841 1799 3192 1870 Neinoriani],
3219 1798 3476 1863 Gisloaldi

215 1882 486 1949 emunire,
540 1890 599 1935 ut
643 1880 890 1948 superius
933 1879 1240 1950 conscripto
1288 1879 1507 1944 tributo,
1558 1878 1699 1946 quod
1734 1878 1801 1932 ad

216 1977 408 2032 ﬁscum
436 1983 679 2030 nostrum
709 1974 776 2026 de
805 1970 1026 2026 Arduno
1051 1970 1389 2039 sperabatur,
1421 1968 1597 2023 nullus
1626 1968 1800 2023 nostri

215 2065 387 2134 judes
435 2071 684 2117 esactare
725 2060 885 2115 faciat
914 2059 979 2114 ad
1011 2058 1197 2114 fiscum
1238 2068 1482 2113 uestrum
1517 2075 1533 2112 :
1591 2059 1684 2115 sed
1732 2058 1801 2110 ad

213 2155 330 2227 jam
360 2154 554 2211 dictam
583 2152 862 2211 basilicam
892 2150 1075 2207 Sancti
1102 2150 1363 2215 Gerrasii,
1399 2159 1455 2203 ut
1488 2150 1633 2218 prius
1671 2164 1801 2203 con-

215 2250 519 2315 cessimus,
577 2254 674 2315 pro
728 2246 993 2301 mercedis
1048 2246 1218 2302 nostri
1268 2256 1553 2314 augmento
1609 2246 1801 2301 habeat

217 2353 535 2394 concessum
589 2348 747 2406 atque
802 2337 1085 2391 indultum.
1132 2337 1200 2390 Et
1248 2345 1304 2391 ut
1352 2337 1466 2390 haec
1512 2336 1799 2389 auctoritas

215 2434 518 2504 pleniorem
544 2432 785 2487 obtineat
817 2430 1075 2500 vigorem,
1122 2445 1286 2485 manu
1316 2441 1497 2483 uosua
1527 2430 1800 2483 subtertir-

210 2530 503 2594 maritmis,
535 2535 591 2583 et
616 2527 904 2581 adlirmare
940 2526 1267 2594 rogavimus.
1309 2523 1529 2593 Signum
1563 2523 1799 2591 glorioso

212 2623 418 2677 domno
448 2618 709 2675 Hilderici
739 2617 897 2686 regis.
926 2614 1144 2675 kalend.
1169 2613 1362 2679 Martii,
1387 2628 1529 2667 anno
1550 2613 1617 2682 vij
1648 2612 1798 2681 regni

214 2714 390 2783 ipsius
414 2722 461 2765 ε.
487 2709 709 2780 Signum
757 2708 942 2765 domni
988 2706 1193 2761 Chisilo
1238 2704 1439 2761 abbati.
1486 2702 1606 2759 Allo
1635 2704 1798 2759 abbas

213 2807 368 2863 subs.
400 2805 762 2861 Cristomerus
791 2804 958 2860 abbas
995 2803 1144 2857 subs.
1190 2801 1415 2857 Gedeou
1462 2800 1630 2854 abbas
1679 2800 1800 2854 sub-

212 2899 433 2967 scripsi.
459 2898 687 2953 Ciconus
711 2897 858 2951 subs.
886 2895 1125 2949 Auvendi
1151 2910 1249 2964 ego
1274 2893 1383 2947 vidi
1407 2902 1461 2947 et
1485 2891 1795 2958 subscripsi.

214 2990 477 3047 Autleudi
508 3004 609 3059 ego
640 2987 745 3047 vidi
789 2995 842 3041 et
877 2986 1193 3054 subscripsi.
1224 2981 1539 3039 'Ieuttindus
1568 2982 1796 3037 clericus

211 3080 475 3150 explevit,
506 3078 724 3147 scripsit
752 3089 805 3133 et
833 3074 1179 3145 subscripsit.

959 3210 1063 3268 VII.

215 3303 937 3385 Diplomaguoﬁlrildericus
970 3303 1241 3385 conﬁrmat
1266 3304 1471 3385 ldonunt
1509 3300 1652 3355 silete
1684 3313 1796 3385 mo-

291 3371 528 3431 nasteriis
578 3376 874 3430 Subulensi
912 3385 957 3427 et
1005 3371 1473 3431 Molmundariensi
1525 3383 1794 3432 concessa,

290 3452 496 3576 ἱέςῖικια
523 3458 690 3505 tamen
713 3446 781 3499 ad
808 3446 1025 3500 mediam
1051 3452 1253 3509 partem
1282 3442 1558 3497 donatione
1583 3439 1609 3478 ἀ
1644 3446 1794 3508 (auri.

310 3524 321 3535 ’
403 3524 440 3576 ).
661 3563 670 3571 .

310 3524 440 3589 567).

294 3628 581 3695 Ihldricus,
622 3643 715 3684 res
744 3626 1137 3692 Franchorum,
1177 3623 1541 3681 Emncchildis
1565 3631 1620 3678 et
1652 3622 1794 3677 Bile-

214 3722 415 3780 childis
445 3732 469 3761 ο
496 3723 667 3791 gratia
709 3722 803 3776 Dei
846 3721 1065 3789 reginae,
1118 3718 1249 3774 viris
1303 3717 1603 3773 illustribus
1652 3712 1798 3768 Gou-

214 3815 385 3869 doino
415 3813 538 3868 duci
580 3823 636 3868 et
680 3812 855 3867 Odoni
905 3812 1220 3867 domestico.
1263 3810 1345 3863 Ad
1375 3821 1626 3865 zeternam
1654 3808 1795 3863 enim

215 3905 529 3963 mercedem
562 3903 751 3976 procul
790 3904 951 3960 dubio
979 3904 1250 3959 credimus
1279 3901 1568 3971 pertinere,
1597 3900 1641 3954 si
1671 3900 1799 3969 peti-

295 4064 321 4092 ⁸
352 4059 528 4115 Monet
555 4058 844 4115 Martenius
872 4099 888 4125 ,
918 4060 1079 4127 ampl.
1113 4058 1249 4113 Coll.
1282 4065 1319 4111 t.
1356 4057 1418 4120 ll,
1451 4056 1556 4111 col.
1587 4056 1619 4110 9
1660 4066 1795 4123 not.,

214 4129 448 4187 otiosam
481 4146 693 4183 manum
734 4130 799 4183 ad
825 4130 1024 4184 calcem
1056 4130 1359 4197 diplomatis
1395 4132 1445 4181 in
1476 4129 1799 4180 ehartulario

217 4200 497 4255 addidisse
540 4212 692 4253 notas
741 4201 1143 4268 chroiiologicas
1184 4208 1237 4252 et
1281 4198 1623 4252 referendarii
1666 4200 1796 4251 sub-

213 4270 587 4339 scriptionem,
624 4270 723 4322 huc
752 4271 910 4339 modo
936 4287 948 4320 :
979 4272 1112 4323 Data
1134 4285 1268 4321 anno
1287 4269 1557 4339 dontiniew
1583 4268 1796 4321 Ineunt.

214 4337 350 4406 9st,,
371 4340 646 4396 indictione
665 4340 781 4407 xiij.
811 4338 963 4394 Ursio
989 4340 1188 4409 scripsit
1218 4355 1279 4390 ac
1319 4337 1653 4406 subscripsit;
1680 4353 1800 4406 qua:

219 4410 543 4477 interpolata
593 4412 873 4463 manifeste
903 4419 959 4463 et
1000 4412 1347 4477 espungeuda
1381 4423 1500 4477 cum
1542 4409 1800 4461 Martento

214 4476 542 4535 censemus:
576 4480 785 4570 insolita
814 4480 977 4570 enim,
1011 4476 1111 4533 hac
1134 4476 1312 4570 aetate,
1342 4480 1407 4529 ab
1435 4476 1798 4570 lucgrrri‘atioue
1829 4508 1880 4570 υ

215 4564 392 4603 annos
421 4549 758 4618 computandi
790 4550 961 4614 ratio;
992 4564 1161 4603 annus
1188 4547 1345 4616 hujus
1368 4562 1491 4600 rem
1519 4547 1626 4603 540
1660 4550 1797 4602 inale

215 4620 472 4673 convenit
502 4632 637 4687 cum
686 4633 847 4687 regno
893 4618 1174 4673 Childerici
1220 4619 1305 4683 ιι,
1339 4619 1488 4687 ιιιιυά
1537 4635 1639 4671 ιιυιι
1679 4631 1803 4672 ante

212 4704 419 4742 annum
451 4686 647 4742 Christi
676 4685 782 4742 (ibi)
808 4687 1016 4743 initium
1046 4688 1305 4757 sumpsit;
1338 4685 1577 4743 Ursiouis
1623 4700 1799 4743 autem

216 4757 571 4827 referendarii
605 4772 796 4812 nomen
826 4773 1044 4825 prorsus
1074 4758 1417 4826 incognitum.

296 4826 637 4896 h\lulgatum
681 4843 712 4880 a
746 4826 1074 4892 Mabillouio,
1125 4829 1365 4882 Analect.
1415 4841 1533 4896 pag.
1561 4826 1701 4897 ⁵280,
1744 4829 1797 4883 in

213 4897 374 4953 Actis
426 4898 799 4967 episcoporum
858 4899 1361 4952 Ceuomauensium.
1410 4897 1797 4967 Ilettudendnm

214 4966 545 5035 curaverunt
554 4968 877 5023 Collectores
888 4969 1205 5035 scriptorum
1220 4966 1797 5031 rerutnFraueicarum,

218 5047 261 5090 t.
300 5034 388 5101 IV,
422 5051 541 5105 pag.
573 5036 676 5093 (M9
714 5055 728 5102 ;
783 5053 881 5092 nec
904 5034 1031 5093 alibi
1061 5051 1383 5105 exscriptuin
1410 5047 1503 5090 aut
1528 5042 1795 5091 laudatum

216 5121 544 5174 reperimus.
574 5106 932 5161 Instrumenta
956 5125 1019 5161 ex
1052 5113 1197 5161 Actis
1225 5109 1597 5176 episcoporum
1625 5109 1798 5161 Ceno-

216 5178 559 5231 maneusium
582 5180 915 5247 deprompta,
950 5182 1050 5232 levi
1083 5179 1187 5247 lide
1213 5179 1370 5244 digna
1393 5179 1588 5244 saepius
1616 5180 1798 5232 decla-

218 5250 459 5300 ravimus
482 5262 495 5301 :
522 5249 623 5301 hoc
658 5246 837 5302 autem
869 5252 936 5301 de
966 5263 1069 5317 quo
1094 5246 1299 5315 agimus
1328 5249 1397 5299 ita
1429 5251 1580 5300 nobis
1609 5262 1799 5316 suspe-

215 5326 371 5371 ctutn
398 5318 626 5383 videtur,
667 5330 723 5371 ut
757 5317 887 5371 illud
930 5320 1124 5384 spuriis
1167 5319 1628 5371 annumeraudum
1672 5333 1799 5373 cen-

214 5401 441 5441 seamus
466 5404 482 5441 ε
518 5387 578 5440 1ο
604 5388 814 5454 Didoni,
844 5388 1164 5442 Pietaviensi
1183 5400 1460 5456 episcopo,
1489 5388 1689 5442 directa
1713 5399 1797 5442 est

214 5457 408 5510 charta
454 5459 840 5524 concessionis,
880 5473 997 5526 quae
1030 5460 1205 5527 potius
1234 5458 1300 5509 ad
1332 5456 1795 5512 Cenomanensem

218 5527 529 5595 episcopum
560 5538 805 5596 Spectat;
844 5527 902 5580 “2'
941 5528 1182 5583 formula:
1207 5528 1398 5594 quibus
1440 5543 1535 5581 rex
1557 5533 1796 5582 chartam

218 5598 400 5669 lirmat
430 5608 482 5651 et
522 5599 796 5654 allirmare
844 5608 1015 5669 rogat,
1074 5614 1104 5652 a
1151 5600 1395 5652 formulis
1444 5601 1796 5668 genuiuoruin

218 5666 383 5735 hujus
406 5671 547 5740 regis
573 5666 929 5739 diplomatuni
964 5678 1088 5725 sunt
1112 5669 1333 5733 alieuzn;
1366 5669 1423 5721 3°
1451 5666 1662 5725 insolita
1696 5671 1797 5723 hoc

215 5752 341 5791 aevo
368 5741 716 5810 exseriptoris
742 5741 1005 5795 Teutiiudi
1038 5746 1258 5796 formula
1287 5757 1297 5805 ;
1330 5740 1387 5791 i"
1419 5741 1791 5795 continuatum

1823 3146 1870 3208 C

1900 1890 2160 1957 episcopi,
2203 1905 2323 1945 cum
2356 1890 2647 1948 illustribus
2676 1890 3157 1965 virisxﬂrimoaldo,
3192 1892 3475 1960 FUCoaldo,

1899 1982 2223 2055 Adregisilo,
2276 1982 2517 2048 Bobnno,
2551 1984 2797 2049 ducibus,
2841 1985 3111 2050 Clodulfo,
3140 1983 3475 2057 Angesilino,

1902 2072 2233 2143 Gareperto,
2288 2076 2634 2141 domeSticis,
2686 2078 2863 2130 taliter
2916 2087 3091 2131 actum
3147 2077 3275 2145 fuit,
3337 2081 3477 2148 quod
3522 2098 3531 2101 λ

1900 2164 2248 2219 veraeissime
2295 2172 2662 2235 cognovimus,
2710 2168 2851 2237 quod
2886 2169 2959 2225 illi
2989 2173 3126 2222 servi
3165 2168 3255 2224 Dei
3287 2170 3478 2237 quibus

1898 2252 2079 2308 datum
2133 2255 2251 2322 fuit,
2298 2258 2499 2325 absque
2545 2259 2896 2328 impreSsinue
2943 2259 3145 2330 populi,
3190 2261 3384 2315 ibidem
3427 2262 3477 2315 in

1899 2347 2013 2415 ipsa
2049 2347 2163 2401 lora
2194 2350 2432 2405 residere
2462 2352 2737 2405 deberent.
2772 2352 3105 2420 Quapropter
3137 2354 3248 2419 ipse
3276 2356 3477 2423 episeo-

1900 2452 1997 2506 pus
2046 2440 2181 2492 abba
2232 2454 2453 2503 eorum,
2506 2456 2607 2495 una
2660 2456 2781 2495 cum
2830 2442 2958 2509 ipsis
3009 2444 3284 2499 monachis
3323 2442 3477 2500 nobis

1898 2527 2099 2581 exinde
2129 2529 2589 2584 confirmationem
2618 2531 2952 2583 auctoritatis
2985 2540 3181 2585 nostrae
3204 2533 3475 2602 petierunt.

1897 2618 2204 2687 afﬁrmare;
2255 2636 2411 2689 quam
2458 2620 2768 2691 petitionem
2810 2637 2907 2676 nos
2944 2638 3037 2691 pro
3070 2623 3159 2678 Dei
3187 2623 3376 2678 intuitu
3402 2624 3480 2676 eis

1898 2714 2119 2768 minime
2172 2714 2435 2785 denegare
2485 2718 2777 2784 potuimus.
2832 2718 2908 2772 Ea
2954 2728 3129 2775 tamen
3175 2720 3481 2774 conditione

1896 2804 1975 2857 sic
2003 2805 2269 2872 petierunt
2295 2805 2394 2872 ipsi
2424 2806 2569 2865 servi
2598 2804 2713 2872 Dei,
2743 2816 2799 2861 ut
2824 2822 3005 2862 versus
3034 2817 3214 2863 curtes
3246 2817 3475 2874 nostras,

1897 2891 1950 2946 id
1976 2903 2077 2955 e5t,
2112 2893 2439 2957 Amblavam.
2471 2895 2808 2960 Charancho,
2842 2896 3229 2963 Lethernacho,
3260 2898 3325 2950 de
3350 2897 3479 2964 ipsis

1897 2985 2163 3038 mensuris
2218 2984 2497 3040 duodecim
2554 2986 2792 3041 millibus
2839 2986 3178 3042 dextrorsum
3228 2987 3474 3052 Saltibus,

1898 3091 1994 3135 ses
2045 3074 2205 3131 millia
2253 3076 2572 3132 subtrahere
2623 3078 2943 3136 deberemus
2972 3121 2985 3143 ,
3044 3094 3139 3146 pro
3186 3080 3479 3137 stabilitate

1899 3166 2097 3234 operis,
2147 3166 2596 3237 quemadmodum
2649 3183 2743 3237 per
2793 3180 3029 3222 nostram
3082 3168 3476 3225 ordinationem

1898 3258 1976 3310 sic
2010 3256 2205 3310 factum
2238 3269 2339 3312 est.
2374 3256 2525 3312 Unde
2557 3258 2814 3323 jnssimus
2852 3273 2945 3326 pro
2985 3260 3081 3312 hac
3112 3273 3171 3314 re
3201 3263 3397 3314 domno
3425 3277 3479 3331 (τι

1900 3343 2033 3416 patri
2083 3356 2269 3401 nostro
2316 3346 2637 3401 Tlieodardo
2686 3350 2954 3416 epise0po,
3008 3350 3089 3403 vel
3141 3350 3330 3405 illustri
3363 3351 3478 3402 viro

1901 3440 2111 3496 Hodoni
2167 3440 2506 3505 domestico,
2563 3454 2685 3495 cum
2745 3440 3043 3497 forestariis
3100 3443 3295 3495 nostris
3349 3440 3378 3483 ⁸
3425 3452 3480 3496 et

1898 3530 2153 3584 eternale
2180 3545 2300 3585 cum
2346 3529 2562 3597 paribus
2599 3532 2732 3597 suis,
2789 3532 2902 3597 ipsa
2936 3531 3052 3584 loca
3078 3544 3389 3585 mensurare
3424 3544 3479 3585 et

1898 3621 2180 3689 designare
2226 3633 2319 3689 per
2359 3620 2475 3675 loca
2524 3619 2899 3689 denominata,
2950 3635 3173 3688 quorum
3223 3622 3479 3675 vocabula

1899 3723 2022 3767 sunt
2068 3729 2081 3765 :
2134 3713 2201 3766 de
2256 3712 2586 3766 monasterio
2638 3709 3026 3766 Malmundario
3082 3728 3249 3782 usque
3298 3713 3473 3767 Siccu-

1901 3806 2141 3874 Campo;
2192 3806 2259 3859 de
2293 3803 2683 3874 Sicco-Campo
2737 3820 2831 3874 per
2878 3804 3016 3859 viam
3068 3806 3477 3861 Mansneriscam

1900 3913 2068 3969 usque
2093 3898 2178 3953 ubi
2195 3896 2517 3953 Warcliinna
2544 3905 2904 3961 transversat;
2930 3898 2995 3950 de
3018 3898 3127 3965 ipsa
3155 3896 3477 3952 Warcbinna

1900 4059 2114 4127 quidem
2138 4059 2343 4113 videtur
2371 4059 2601 4126 diploma
2625 4058 2764 4126 quod
2789 4056 3159 4125 expendimus,
3185 4056 3475 4124 diplomate

1900 4134 2067 4184 altero
2114 4130 2352 4197 ejusdem
2403 4130 2539 4198 regis
2560 4170 2579 4198 ί,
2623 4129 2720 4198 sed
2754 4128 2935 4198 itidem
2974 4130 3176 4196 spurio,
3232 4137 3288 4179 ut
3333 4128 3467 4184 intra

1903 4195 2318 4254 monstrabimus
2347 4195 2484 4266 (Col'.
2515 4195 2673 4261 I295,
2712 4206 2821 4251 not.
2862 4197 2939 4263 δ).

1974 4282 1997 4309 ο
2028 4270 2265 4338 Regnum
2295 4265 2581 4323 Childerici
2612 4268 2662 4320 in
2692 4271 2964 4322 Austrasia
3008 4265 3359 4335 repetendum
3402 4266 3471 4319 ab

1901 4356 2044 4396 anno
2067 4340 2264 4397 Christi
2297 4338 2421 4394 660.

1972 4410 1999 4451 ἀ
2033 4411 2209 4466 Edidit
2250 4410 2533 4464 Bollamlus
2563 4410 2613 4464 in
2640 4408 2905 4466 Analectis
2936 4407 3003 4461 de
3030 4408 3195 4475 gestis
3222 4408 3279 4459 S.
3314 4406 3464 4476 Sige-

1902 4483 2061 4547 herti,
2093 4483 2157 4552 ad
2184 4481 2323 4535 diem
2354 4479 2379 4533 1
2415 4480 2598 4552 Febr.,
2636 4496 2754 4552 pag.
2795 4480 2923 4534 9.33.
2976 4477 3367 4552 IIenscbenius,
3418 4477 3471 4529 in

1905 4546 2096 4607 Tribus
2110 4550 2336 4620 Dagoh.,
2353 4565 2472 4618 cap.
2490 4551 2543 4613 ὅ,
2561 4546 3035 4614 ναὲιειῖηκιιιειιω,
3056 4564 3173 4615 qua:
3187 4546 3472 4620 maximam

1903 4622 2063 4691 hujus
2100 4617 2406 4689 diplomatis
2424 4617 2639 4691 partem
2668 4623 3117 4691 complectuntur,
3147 4633 3216 4670 ex
3246 4617 3470 4691 archiva

1904 4686 2586 4759 Ecclesim'Bamhurgﬁensis
2607 4692 2777 4755 eruit;
2796 4686 3062 4753 Coinlius,
3087 4688 3283 4759 Annal,
3311 4697 3351 4741 t.
3378 4686 3471 4748 Ill,

1903 4778 2023 4832 pag.
2054 4761 2181 4824 595,
2218 4776 2293 4832 ex
2340 4756 2629 4824 Bollaudo;
2677 4760 2988 4832 Marten'tus,
3036 4756 3472 4832 attipl.__Cullect.

1903 4828 1941 4885 ἰ.
1975 4828 2038 4891 ιι,
2071 4833 2177 4886 col.
2207 4829 2298 4894 10,
2332 4845 2397 4884 es
2436 4831 2762 4885 chartulario
2787 4828 3095 4885 Stabulensi
3124 4837 3178 4881 et
3208 4829 3478 4881 Maltnutn

1899 4903 2176 4963 dariensi;
2227 4915 2292 4954 es
2336 4902 2592 4953 Martenio
2634 4901 2984 4962 Bertholetus,
3030 4899 3162 4952 llist.
3206 4895 3467 4949 Luxemb.

1902 4974 2053 5039 prob.
2082 4987 2210 5043 pag.
2236 4971 2322 5033 i9,
2358 4972 2696 5043 recuderuut.
2758 4970 2999 5043 Mai-tertii
3050 4966 3335 5043 lectionem
3381 4979 3471 5043 se-

1898 5034 2131 5108 quimur,
2149 5034 2549 5106 'discrepantias
2574 5056 2703 5095 vero
2729 5039 2951 5105 alicujus
2981 5034 3236 5091 momenti
3248 5049 3324 5112 ἐκ
3346 5034 3469 5111 aliis

1900 5112 2159 5178 exemplis
2186 5114 2552 5177 deproinptas,
2591 5121 2699 5165 tum
2745 5120 2882 5163 inter
2912 5119 3073 5159 uncos
3105 5114 3214 5158 tum
3245 5118 3297 5156 ιιι
3324 5113 3467 5157 uotis

1899 5182 2231 5235 exhibemus.

1973 5262 1998 5291 ο
2026 5252 2199 5305 Monet
2226 5249 2532 5322 ,IIartenius
2588 5250 2777 5305 deesse
2809 5249 2861 5322 in
2890 5254 3101 5300 vetusto
3142 5241 3472 5322 M‘almnu’dan

1902 5322 2062 5377 tiensi
2109 5320 2306 5376 Codice
2358 5320 3025 5393 mentionenrreginarum
3074 5324 3128 5368 et
3177 5313 3467 5393 Gundoini.

1903 5393 2098 5459 llegina
2148 5403 2346 5464 anteiri
2375 5390 2737 5464 Eiunechihlis
2786 5403 2917 5441 uxor
2977 5386 3151 5464 luerat
3201 5385 3468 5464 Sigeberti

1900 5465 2084 5529 regis;
2142 5460 2404 5516 Bihhildis
2454 5459 2755 5517 Childerico
2804 5459 3108 5524 nuperrime
3163 5462 3468 5521 nupserat:

1901 5543 2128 5600 utraque
2152 5533 2426 5600 diplomati
2457 5529 2785 5600 subscribit.)

1978 5604 1997 5639 θ
2031 5594 2357 5671 Praeceptum
2378 5603 2484 5653 hoc
2511 5614 2671 5671 supra
2699 5598 2984 5671 edidimus,
3015 5594 3279 5671 coi._52I.

1970 5676 2001 5717 ⁸
2033 5661 2290 5728 Verba—ct
2326 5661 2709 5725 retentals'cnm
2742 5661 3085 5735 paribus'sttis
3114 5668 3307 5719 desunt
3327 5661 3467 5734 apud

1901 5745 2162 5802 Cointium
2189 5754 2239 5797 et
2270 5743 2683 5797 lleusehenium.
2722 5740 2970 5795 Videntur
3000 5736 3369 5811 expttugenda,
