4008 6176
518 336 653 395 1295

1535 334 1774 390 FRANC.
1816 332 1977 388 RBG.
2013 330 2075 385 ιν
2120 326 2351 384 ΡΗΙΜίΕ
2392 325 2673 383 S'I‘lRPlS.

3637 319 3775 376 1236

515 467 680 522 usque
708 450 794 506 ubi
824 450 1223 521 Stagnebachus
1244 450 1515 519 consurgit
1538 468 1551 517 ;
1577 448 1768 507 deinde
1798 465 1888 519 per
1925 448 2101 517 ipsum
2124 449 2168 503 Α
2199 443 2246 498 el
2275 444 2524 513 quicquid
2555 444 2622 498 de
2651 446 2819 511 ipsam
2843 438 3026 495 Villam
3048 437 3285 509 partibus
3316 438 3430 494 ﬁsci
3459 438 3631 495 nostri
3662 458 3778 506 spe-

518 541 944 613 Stag‘ncbachum
1005 558 1169 612 usque
1226 544 1278 598 in
1345 543 1697 608 Amblavam;
1752 540 1945 595 deinde
2004 552 2097 608 per

521 635 834 689 Amblavam
880 648 1066 689 versus
1113 647 1336 702 aquam,
1388 648 1483 703 per
1527 631 1670 686 illam
1724 631 1977 686 l’orestem
2031 626 2097 683 de

517 725 831 781 Vulleberto
878 741 1043 795 usque
1088 724 1419 792 Raroliacco,
1471 724 1558 777 ubi
1612 723 1727 792 ipse
1781 719 2096 790 consurgit;

473 847 478 884 ς
515 815 715 873 deinde
758 815 1020 870 Diddiloni
1053 816 1197 869 rivus
1223 814 1495 884 consurgit
1522 832 1536 879 ;
1566 811 1764 868 deinde
1787 827 1891 881 per
1923 812 2097 879 ipsum

523 859 715 873 ac".--
758 859 1020 870 -._....-...
1054 859 1196 869 .....υ
1226 859 1495 884 --..-...,,.-
1522 859 1536 879 ,
1570 859 1763 868 πη---
1796 859 1881 881 γ--
1923 859 2097 879 τη--

446 859 479 951 il
522 908 692 961 rivum
744 920 908 975 usque
957 905 1008 959 iu
1058 905 1311 969 Restam,
1365 911 1419 959 et
1465 903 1532 958 de
1585 902 1744 957 Resta
1790 918 1882 972 per
1929 902 2099 970 ipsam

525 998 773 1053 forestem
804 1012 923 1067 qua:
953 1004 1159 1065 separat
1193 993 1417 1049 Helmini
1448 993 1759 1049 Rovoritum
1789 1002 1839 1047 et
1862 992 2100 1047 Audasle

525 1091 742 1154 vil'are;
789 1105 882 1159 per
932 1090 1075 1143 illam
1126 1089 1355 1143 mediam
1387 1087 1636 1142 forcstem
1666 1102 1832 1156 usque
1858 1086 2099 1141 Jocunda

525 1182 687 1236 Fania
722 1199 735 1235 :
768 1182 833 1237 de
870 1179 1108 1237 Jocunda
1153 1180 1314 1233 Fania
1364 1194 1456 1248 per
1501 1178 1644 1232 illam
1695 1177 1940 1233 Alsenam
1984 1192 2103 1245 quas

526 1275 817 1343 pmpinqua
843 1280 927 1327 est
950 1277 1274 1326 monasterio
1297 1288 1312 1336 ;
1339 1269 1533 1325 deinde
1556 1285 1648 1339 per
1674 1270 1815 1323 illam
1844 1269 2099 1324 Alsenarn

529 1381 698 1433 usque
727 1366 813 1419 ubi
847 1365 897 1419 in
929 1364 1152 1420 Glauem
1184 1363 1511 1432 ingreditur;
1557 1360 1748 1416 deinde
1791 1369 2102 1414 transversa

528 1456 734 1524 Glane,
784 1471 951 1525 usque
1001 1456 1065 1509 ad
1120 1454 1309 1511 Albam
1359 1456 1656 1517 lontanam;
1709 1452 1776 1506 de
1807 1452 1918 1520 ipsa
1973 1451 2103 1504 Alba

532 1551 769 1613 lontana,
815 1547 867 1600 in
900 1545 1231 1612 Amblavam,
1258 1545 1473 1598 Summa
1507 1543 1724 1614 Siggino
1754 1543 1974 1605 Aviaco,
2010 1541 2101 1596 ubi

528 1640 834 1697 Garelaicus
857 1648 1083 1693 reunam
1108 1638 1309 1691 habuit.
1326 1636 1456 1690 lnde
1477 1650 1570 1705 per
1592 1634 1759 1703 ipsam
1787 1634 2104 1687 Amblavam

532 1732 619 1787 ubi
670 1730 936 1785 Dulnosns
966 1730 1015 1784 in
1048 1728 1163 1798 ipsa
1202 1727 1494 1796 ingreditur
1524 1744 1536 1780 :
1569 1726 1758 1782 deinde
1786 1742 1879 1796 per
1911 1727 2108 1781 Dnlno-

2200 538 2437 603 rabatur,
2493 538 2594 591 hoc
2637 533 2790 589 vobis
2817 533 3099 588 iurecisum
3152 538 3399 601 putamus
3435 531 3589 602 juxta
3641 534 3779 588 illam

2198 628 2520 683 anteriorem
2551 635 2790 681 nostram
2823 624 3255 696 praeceptionem,
3283 639 3443 695 quam
3474 624 3628 679 vobis
3654 640 3782 693 apo.

2198 722 2418 778 stolicus
2455 722 2536 774 vir
2573 719 2801 775 domnus
2844 719 3093 775 Berarins
3141 717 3412 788 quondam
3437 717 3782 784 deportavit;

2200 810 2341 866 unde
2378 819 2433 865 et
2478 810 2594 879 ipse
2620 806 2854 879 pontifex
2881 806 3210 876 Aiglibertus
3248 806 3317 862 de
3362 806 3621 875 praedicta
3648 823 3784 876 prae-

2200 900 2447 970 ceptione
2488 900 2657 955 recise
2694 896 3047 967 exemplaria
3091 896 3247 952 nobis
3276 897 3644 964 praesentavit:
3689 897 3782 952 sed

2204 1007 2297 1064 pro
2319 988 2584 1046 ﬁrmitatis
2610 990 2841 1045 studium
2873 989 3022 1057 petiit
3051 988 3202 1043 nobis
3228 996 3284 1041 ut
3312 1002 3409 1056 pro
3434 998 3613 1045 nostra
3648 1003 3782 1058 pra:-

2202 1080 2445 1149 ceptione
2476 1082 2576 1136 hoc
2604 1079 2796 1135 iterum
2825 1092 2942 1133 eam
2972 1077 3246 1132 reﬁrmare
3265 1078 3616 1133 deberemus:
3643 1077 3782 1144 quod

2204 1173 2252 1226 ei
2276 1171 2451 1227 taliter
2474 1170 2783 1241 praestitisse
2806 1169 2889 1224 vel
2910 1170 3253 1225 conﬁrmasse
3271 1169 3599 1239 cognoscite.
3642 1170 3787 1224 Prae-

2204 1263 2463 1330 cipientes
2495 1262 2653 1332 igitur
2681 1262 2752 1316 ita
2782 1269 2838 1314 ut
2865 1274 3035 1331 neque
3060 1260 3126 1314 ad
3152 1273 3264 1325 vos,
3294 1273 3466 1330 neque
3496 1259 3562 1312 ad
3603 1259 3781 1327 junio-

2205 1354 2351 1408 ribus
2379 1367 2474 1407 seu
2504 1350 2901 1407 successoribus
2928 1351 3142 1414 vestris,
3196 1349 3264 1405 de
3324 1349 3436 1419 ipsa
3468 1363 3629 1404 causa
3652 1350 3779 1403 nihil

2205 1445 2442 1512 exigere,
2471 1458 2566 1498 nec
2588 1445 2859 1511 requirere
2890 1456 2992 1496 non
3025 1441 3379 1511 prmsumatis,
3411 1443 3514 1495 nisi
3556 1445 3682 1496 dum
3722 1444 3783 1495 ad

2207 1532 2376 1603 ipsam
2426 1531 2700 1588 basilicam
2753 1540 3051 1587 memorata
3106 1532 3232 1585 villa
3286 1533 3636 1602 cognovimus
3672 1550 3789 1589 esse

2206 1636 2485 1690 concessa,
2512 1624 2579 1676 ad
2596 1630 2898 1691 nuncupata
2927 1621 3147 1677 hasnlica
3174 1622 3412 1691 proﬁciat
3456 1624 3509 1679 in
3538 1639 3792 1695 augmen-

2209 1713 2295 1779 tis,
2326 1721 2382 1767 et
2404 1726 2497 1767 vos
2528 1710 2594 1767 de
2625 1710 2877 1781 praesenti
2907 1713 3265 1780 praeceptione
3294 1728 3390 1781 pro
3426 1714 3791 1769 adducendam

500 1820 503 1821 ⁷
529 1838 646 1877 sum
679 1836 846 1889 usque
884 1821 948 1885 ,in
997 1819 1188 1876 Fanias
1213 1837 1226 1885 ;
1260 1819 1452 1874 deinde
1468 1835 1569 1891 per
1595 1820 1819 1873 mediam
1854 1817 2103 1871 l'orestent
2138 1788 2184 1848 Β
2212 1814 2329 1873 Ροει
2353 1817 2444 1858 V03
2466 1804 2748 1872 τθθίΡθηῐν
2774 1813 2826 1857 ει
2850 1803 3289 1873 quandocumque
3317 1804 3590 1861 inferenda
3614 1819 3794 1863 nostra

530 1914 599 1969 de
630 1915 770 1983 ipsas
804 1910 995 1967 Fanias
1019 1926 1185 1981 usque
1212 1912 1347 1966 viam
1374 1912 1835 1975 Transvcrisaam;
1865 1909 1986 1971 inde
2017 1925 2108 1983 per

528 2007 698 2074 ipsam
730 2005 869 2058 viam
895 2019 1061 2074 usque
1094 2003 1489 2071 Sicco-Campo.
1527 2002 1728 2058 Ut~hoc
1760 2009 1925 2056 totum
1959 2009 2013 2054 et
2042 2000 2107 2053 ad

529 2098 816 2167 integrum,
849 2111 968 2151 cum
1016 2095 1108 2151 Dei
1151 2095 1318 2164 gratia
1367 2104 1421 2150 et
1475 2103 1653 2147 nostra
1703 2103 1918 2148 teneant
1949 2102 2108 2161 atque

536 2188 865 2259 possideant,
897 2201 1015 2240 cum
1050 2185 1342 2240 emunitate
1372 2184 1635 2249 nomenis,
1669 2193 1721 2238 et
1750 2183 1800 2236 in
1828 2182 1945 2250 ejus
1973 2193 2108 2235 tem-

536 2277 777 2345 poribus,
831 2285 887 2329 ut
935 2276 1133 2344 absque
1179 2273 1338 2328 ullius
1368 2273 1767 2343 impugnatione
1799 2271 2110 2326 forestario-

532 2384 673 2434 rum,
721 2370 805 2423 vel
835 2368 1120 2437 cujuslibet
1173 2380 1412 2435 personas
1450 2367 1604 2421 liceat
1641 2368 1809 2434 ipsam
1856 2363 2110 2417 familiam

536 2459 632 2514 Dei
676 2460 858 2528 quieto
908 2458 1096 2513 ordine
1144 2457 1402 2520 residere,
1453 2464 1507 2510 et
1548 2471 1643 2525 pro
1674 2455 1777 2508 vita
1818 2461 1998 2507 nostra
2029 2453 2113 2507 vel

533 2548 825 2603 stabilitate
871 2549 1019 2615 regni
1060 2548 1448 2611 Franchorum,
1476 2546 1563 2600 die
1593 2554 1860 2613 noctuque
1888 2543 2115 2598 Domino

533 2638 800 2693 famulari.
844 2637 908 2691 Et
952 2645 1012 2692 ut
1046 2638 1158 2691 llaec
1187 2636 1471 2704 przeceptio
1503 2635 1760 2689 nostrain
1788 2632 2117 2688 membranis

536 2730 871 2798 conscripta,
924 2727 1073 2782 ﬁrma
1120 2737 1174 2783 et
1218 2726 1536 2781 inviolabilis
1577 2733 1900 2796 perseveret,
1955 2739 2115 2779 manu

536 2834 718 2880 nostra
770 2825 955 2879 subter
1002 2837 1118 2879 eam
1170 2823 1505 2878 decrevimus
1551 2821 1844 2875 afﬁrmare.
1892 2819 2115 2890 Signum

535 2915 718 2970 dom‘ni
742 2914 1046 2981 Childerici,
1078 2914 1214 2984 regis
1240 2913 1477 2984 gloriosi.
1509 2898 2135 2983 Signum-Emnechildis

536 3006 766 3076 reginae,
808 3006 1024 3075 Signum
1057 3006 1329 3059 Blichildis
1359 3006 1573 3074 regium.
1594 3005 1820 3073 Signum
1852 3000 2119 3055 Gunduini

2210 1897 2565 1965 pracsentatis,
2602 1895 2713 1964 ipsa
2743 1895 2881 1963 apud
2929 1907 3026 1948 vos
3056 1894 3370 1951 exhibeatis.
3430 1898 3494 1952 Et
3536 1906 3603 1953 ut
3642 1899 3797 1954 citius

2208 1986 2459 2053 credatis,
2494 2000 2682 2041 manus
2711 1996 2907 2039 nostra:
2937 1985 3415 2055 subscriptionibns
3468 1990 3652 2044 subter
3677 2003 3797 2044 eam

2211 2076 2543 2133 decrevimus
2572 2077 2873 2131 adﬁrmare.
2938 2077 3047 2147 Ego
3072 2075 3369 2133 llildericus
3386 2093 3480 2133 rex
3504 2077 3800 2149 subscripsi

2210 2168 2309 2223 sub
2333 2166 2420 2223 die
2461 2166 2510 2236 vj
2542 2166 2754 2222 kalend.
2786 2166 3139 2236 Septembris,
3171 2183 3310 2223 anno
3334 2169 3397 2237 .xi
3424 2170 3577 2239 regni
3605 2171 3799 2225 nostri.

2214 2258 2269 2311 ln
2299 2257 2498 2313 Christi
2540 2257 2756 2312 nomine
2788 2257 3046 2322 Athmon,
3096 2270 3344 2327 peccator
3376 2261 3683 2330 episcopus,
3711 2275 3802 2315 au-

2214 2352 2414 2405 tentico
2444 2349 2549 2403 vidi
2579 2350 2850 2418 exemplar
2870 2358 2927 2404 et
2955 2350 3268 2417 subscripsi.
3309 2354 3599 2406 Aestercus
3632 2354 3684 2405 in
3712 2352 3801 2407 Da‘

2218 2456 2414 2497 nomen
2437 2440 2601 2493 abbas
2623 2441 2891 2494 autentico
2916 2440 3018 2492 vidi
3039 2441 3313 2509 exemplar
3332 2453 3385 2495 et
3398 2441 3548 2495 subs.
3577 2442 3804 2496 Hadoal-

2217 2532 2313 2587 dus
2342 2533 2393 2585 in
2424 2531 2625 2587 Christi
2651 2544 2843 2585 nomen
2886 2531 3163 2599 presbyter
3184 2531 3454 2586 autentico
3478 2531 3589 2588 vidi
3623 2548 3806 2588 exem-

2220 2625 2335 2694 plar
2379 2632 2435 2679 et
2490 2624 2637 2679 subs.
2695 2623 2928 2677 Domnus
2963 2622 3302 2689 Haric'mdus,
3352 2624 3571 2678 humilis
3618 2626 3807 2692 abbas,

2221 2715 2327 2769 vidi
2357 2716 2633 2784 exemplar
2654 2726 2707 2769 et
2728 2714 2879 2768 subs.
2928 2717 3139 2781 Augrns
3167 2714 3440 2769 autentico
3482 2714 3590 2769 vidi
3616 2730 3809 2771 excru-

2222 2806 2337 2875 plar
2357 2815 2412 2861 et
2432 2821 2492 2862 sn
2503 2806 2583 2860 bs.
2638 2805 3155 2862 Ebertusautentice
3172 2808 3276 2863 vidi
3301 2808 3580 2878 exemplar
3605 2818 3664 2863 et
3681 2814 3809 2864 sub-

2222 2898 2434 2967 scripsi.
2495 2898 2807 2954 Ursinlanus
2829 2899 3101 2953 autentico
3143 2898 3250 2954 vidi
3278 2900 3557 2969 exemplar
3605 2910 3659 2955 et
3689 2904 3813 2955 sub-

2222 2992 2430 3062 scripsi.
2490 2991 2735 3060 llaldrus,
2760 2993 2817 3046 in
2847 2992 2939 3046 Dei
2969 2993 3183 3047 nomine
3213 2993 3513 3062 presbyter,
3539 3003 3811 3057 autentico

539 3097 707 3151 ducis.
735 3097 859 3150 Data
888 3096 1027 3166 quod
1058 3096 1187 3151 fecit
1215 3110 1396 3149 mense
1422 3094 1747 3164 Septembri,
1771 3095 1857 3149 die
1878 3093 1949 3163 vj,
1974 3099 2116 3147 amt'o
2150 3117 2195 3179 ρ
2227 3084 2333 3138 Vidi
2355 3085 2629 3153 exemplar
2648 3095 2700 3139 et
2719 3083 2865 3138 subs.
2900 3084 3184 3139 Gisolenus
3203 3088 3471 3140 autentico
3499 3087 3611 3145 vidi
3634 3096 3811 3141 exem-

541 3190 629 3261 viij
660 3192 868 3261 imperii
905 3191 952 3244 ³.

1272 3278 1400 3332 Vlll.

540 3371 777 3439 Diploma
824 3391 923 3443 quo
971 3373 1287 3428 Childericus
1338 3370 1604 3443 conﬁrmat
1645 3369 2124 3443 donumredituum

609 3438 861 3511 ﬁscaliuin
900 3447 951 3496 in
983 3444 1101 3496 villa
1128 3444 1195 3496 de
1222 3444 1453 3507 Ardutto,
1484 3438 1849 3495 Cettomattettsi
1880 3441 2124 3494 Ecclesia:

614 3516 858 3569 collatum
881 3516 906 3554 δ
941 3517 1086 3584 (ann.
1117 3513 1266 3583 671).

624 3615 746 3672 Cum
776 3621 829 3665 et
860 3608 980 3662 villa
1013 3614 1350 3673 nuncupante
1380 3604 1619 3669 Ardnno,
1651 3602 1703 3658 in
1733 3617 1868 3673 pago
1892 3602 2124 3667 Pictavo,

546 3710 616 3764 ab
642 3701 1073 3761 antecessoribus
1112 3712 1294 3767 regum
1321 3705 1601 3766 parentum
1631 3705 1933 3750 nostrorum
1963 3709 2131 3763 quon-

541 3798 665 3852 dam
700 3806 974 3864 procerum
1002 3788 1373 3859 praeceptionis
1398 3787 1741 3856 cognovimus
1766 3786 1828 3841 ad
1858 3785 2128 3840 basilicam

549 3884 834 3957 peculiaris
880 3879 1089 3951 patroni
1133 3877 1302 3933 nostri
1350 3876 1530 3931 domni
1583 3875 1821 3934 Gervasii
1862 3874 1915 3929 in
1946 3877 2128 3929 urbem

543 3971 1134 4042 Ceuomaunicamﬁubi
1156 3970 1236 4025 vir
1257 3968 1579 4038 apostolicus
1604 3977 1752 4037 pater
1773 3976 1952 4021 noster
1979 3966 2132 4019 dom-

548 4085 649 4125 nus
680 4067 1005 4139 Aiglibertus
1034 4064 1314 4134 episcopus
1338 4074 1457 4115 esse
1472 4060 1816 4128 dignoscitur,
1847 4070 1900 4114 et
1922 4073 2017 4112 nos
2047 4073 2132 4111 re-

545 4161 769 4217 colimus
792 4156 1110 4213 emunitates
1132 4154 1197 4209 de
1220 4154 1389 4222 ipsam
1411 4151 1588 4206 villam
1615 4150 1679 4205 ad
1695 4147 1866 4221 ipsum
1889 4165 2130 4211 sanctum

548 4253 724 4307 locum
764 4249 863 4303 visi
915 4248 1110 4303 luimus
1138 4244 1487 4308 concessisse,
1543 4253 1820 4312 propterea
1846 4259 2133 4315 cognoscat

548 4344 859 4416 magnitudo
890 4358 983 4398 seu
1016 4340 1213 4395 utilitas
1244 4348 1442 4406 vestra,
1499 4337 1615 4407 quia
1646 4352 1747 4391 nos
1771 4339 2133 4393 concessimus

2232 3173 2345 3243 plar
2364 3184 2415 3228 et
2447 3176 2594 3229 subs.
2671 3174 2967 3229 Gomaldus
2996 3174 3160 3228 abbas
3190 3177 3455 3230 autentico
3483 3176 3594 3229 vidi
3636 3190 3813 3230 exem-

2228 3265 2344 3334 plar
2372 3274 2426 3320 et
2450 3264 2599 3319 subs.
2662 3264 2962 3320 Letrannus
3008 3265 3278 3319 autentico
3326 3265 3431 3319 vidi
3462 3266 3741 3334 exempl»
3764 3274 3815 3319 et

2228 3357 2379 3412 subs.
2441 3357 2499 3411 In
2538 3354 2736 3411 Christi
2778 3370 2971 3411 nomen
2995 3355 3339 3426 Gigohardus
3369 3369 3623 3426 peccator
3652 3359 3814 3411 abbas

2230 3448 2501 3505 autentico
2554 3447 2661 3503 vidi
2698 3451 2985 3517 exemplar
3033 3459 3090 3504 et
3129 3450 3449 3519 subscripsi.
3506 3451 3812 3520 Siggolenus

2232 3544 2501 3598 autentico
2552 3543 2659 3597 vidi
2716 3544 2996 3611 exemplar
3050 3550 3106 3596 et
3152 3542 3376 3613 signavi.
3442 3542 3604 3598 Facta
3638 3559 3813 3597 exem-

2236 3634 2399 3703 plaria
2426 3634 2525 3689 sub
2551 3634 2637 3689 die
2658 3642 2810 3688 sexto
2836 3634 3044 3688 decimo
3071 3632 3284 3688 kalend.
3309 3632 3647 3696 Novembris,
3678 3648 3812 3686 anno

2234 3725 2285 3793 xj
2318 3727 2466 3794 regni
2489 3727 2666 3780 domui
2691 3724 2941 3781 Hilderici
2962 3726 3102 3795 regis
3123 3724 3365 3793 gloriosi,
3386 3724 3809 3781 Cenomanneusi

2209 3819 2467 3872 'cit’itate.

2980 3908 3071 3964 1X.

2236 4003 2477 4073 Diploma
2501 4018 2599 4073 quo
2624 4001 2939 4055 Childerictta
2966 4003 3333 4073 immunitatem
3359 4001 3611 4073 inligans
3641 4016 3812 4054 conce-

2469 4075 2544 4125 dit
2571 4072 2813 4125 Dervensi
2834 4072 3146 4125 tttonasterio
3173 4082 3195 4109 ο
3230 4072 3374 4140 (ann.
3410 4072 3561 4142 675).

2305 4162 2577 4216 (Zelsitudn
2607 4161 2799 4231 regalis
2844 4162 3145 4216 clementia:
3184 4161 3550 4232 religiosorum
3585 4160 3814 4216 virorum

2236 4255 2577 4323 petitionibus
2602 4268 2813 4321 semper
2843 4253 3003 4307 debet
3026 4269 3282 4319 annuere,
3332 4253 3562 4307 maxime
3582 4254 3817 4322 geronti-

2230 4349 2334 4405 bus
2376 4348 2610 4405 studium
2650 4359 2791 4400 certe
2836 4346 3238 4414 ecclesiasticas,
3292 4346 3816 4416 quatinussdivinuut

615 4495 640 4523 ι
670 4482 832 4557 Regni
862 4477 1161 4557 C_hilderici_
1181 4476 1220 4530 Il
1252 4476 1406 4530 initio
1424 4484 1640 4557 sumpto
1682 4475 1752 4530 ab
1797 4489 1940 4529 anno
1983 4474 2110 4544 660,
2142 4481 2193 4542 ι)
2220 4493 2258 4538 ι,
2288 4484 2378 4547 IV,
2433 4499 2551 4557 pag.
2581 4483 2671 4557 5'5,
2705 4486 2956 4549 expensis
2987 4485 3262 4557 Sausseyi,
3315 4484 3389 4557 in;
3411 4484 3637 4557 Mat-lyr.
3675 4484 3813 4539 Gali.

542 4546 770 4607 nctavus
816 4551 971 4613 hujus
1018 4550 1162 4615 regni
1213 4560 1383 4599 annus
1430 4546 1646 4613 incmpit
1687 4557 1937 4601 currente
1964 4562 2104 4602 anno

542 4623 739 4677 Christi
786 4618 912 4673 δελ-ι.
957 4618 1145 4673 Subdit
1182 4617 1425 4670 Cointius
1466 4630 1656 4687 nomen
1702 4615 1804 4687 loci
1832 4634 1843 4668 :
1874 4616 2106 4687 Trajecto

545 4692 778 4762 feliciter,
807 4699 861 4743 et
883 4690 960 4743 sic
990 4686 1536 4762 llenscltet_tiu_s_,_qt_tod
1563 4686 1807 4754 congruit
1833 4705 1846 4748 ;
1877 4687 2105 4756 'l‘rajecti

546 4756 686 4815 enim
735 4761 1043 4828 plerumque
1087 4756 1657 4828 mansitChildericus,
1701 4766 1757 4828 ut
1786 4767 1932 4811 recte
1959 4767 2109 4813 notat

544 4825 801 4895 Cointius,
835 4825 1025 4883 Annal.
1054 4838 1179 4879 tom.
1213 4826 1294 4887 Ill,
1324 4842 1376 4893 ρ.
1401 4826 1524 4879 595.
1558 4825 1687 4880 llinc
1714 4826 1880 4894 liquet
1912 4828 2110 4882 Rema.

544 4902 685 4955 clum
714 4903 847 4952 ultra
877 4913 1073 4952 annum
1114 4896 1219 4951 δθι
1262 4899 1419 4948 vitam
1469 4896 1801 4963 produxisse,
1834 4899 1917 4951 cui
1946 4913 2106 4967 anno,

543 4986 609 5024 ex
656 4969 982 5038 conjectura,
1028 4976 1251 5021 mortem
1281 4967 1514 5038 liernacli
1542 4967 1902 5038 assignaverat
1931 4968 2113 5023 Mabil-

545 5035 933 5110 lonius_'(.\cta
982 5035 1784 5110 Sanctorum‘ortlinisSancti
1837 5038 2109 5094 Benedicti

546 5118 679 5164 tom.
720 5106 801 5173 ll,‘
825 5114 942 5177 pag.
988 5108 1137 5172 475),
1169 5107 1257 5174 qui
1301 5106 1535 5173 diploma
1563 5106 1631 5160 de
1660 5121 1765 5175 quo
1795 5109 1969 5176 agitur
2000 5125 2104 5163 non

546 5180 775 5245 viderat,
808 5189 863 5233 ut
894 5178 1440 5233 Marteninstestatnr.
1714 5210 1717 5211 ν
1990 5204 1993 5205 ν

618 5250 646 5290 δ
684 5252 873 5304 Nullihi
905 5250 1043 5317 quod
1066 5250 1296 5301 sciamus
1313 5247 1595 5312 reperitur,
1620 5247 1717 5301 nisl
1742 5248 1879 5317 apud
1916 5250 2111 5304 Mobil-

546 5321 745 5376 Ionium
792 5323 845 5372 in
872 5316 1396 5384 actisiepisc0pnrum
1435 5316 1937 5385 Ccnomanensium,
1973 5323 2112 5373 Ana—

547 5394 703 5454 lecta,
736 5404 853 5459 pag.
875 5389 1001 5452 280,
1020 5398 1072 5441 et
1091 5401 1156 5441 ex
1183 5386 1503 5459 Mahillnnio,
1531 5388 1907 5459 aptnlCol‘lect.
1927 5391 2112 5458 script.

545 5455 1144 5523 rerum'Franeicarum,
1201 5468 1239 5512 t.
1274 5455 1363 5519 IV,
1415 5471 1532 5525 pag.
1585 5458 1709 5510 Gfil.
1755 5455 2117 5517 Commentitii

548 5532 883 5587 instrumenti
915 5532 1193 5584 falsitatem
1223 5531 1484 5598 produnt:
1521 5530 1568 5581 l"
1596 5529 1734 5598 quod
1764 5530 2080 5597 Aigltbcrtns
2099 5574 2113 5593 ,

545 5608 635 5674 qui
662 5615 784 5657 tunc
821 5597 1237 5674 Cenomanensis
1261 5599 1571 5674 “cpiscopus
1608 5597 1820 5674 dicitur,
1878 5614 1980 5652 non
2014 5604 2115 5657 nisi

550 5669 672 5740 post
700 5682 901 5741 septem
938 5687 1105 5727 annos
1125 5687 1153 5725 a
1180 5670 1459 5727 Childerici
1492 5675 1666 5741 morte
1684 5669 2118 5741 Cenomani-uses

552 5736 743 5798 infulas
764 5736 985 5812 adipisci
1014 5746 1200 5813 potuit,
1234 5752 1387 5812 prout
1437 5738 1574 5808 apud
1598 5736 1886 5794 Ceintium.
1918 5742 2115 5801 Annal,

2214 4557 2278 4609 l7
2306 4556 2494 4608 Octob.
2518 4596 2532 4620 ,
2568 4556 2947 4621 Bondonnetti,
2984 4556 3123 4609 llist.
3156 4558 3321 4622 episc.
3352 4555 3655 4608 Cenom'an.
3690 4571 3811 4623 pag.

2210 4624 2333 4687 5&0,
2361 4635 2412 4679 et
2433 4625 2770 4688 Corvaiserii,
2796 4624 2929 4679 Vita:
2959 4628 3125 4694 episc.
3149 4625 3395 4689 Cenom.,
3416 4638 3542 4695 pag.
3576 4626 3703 4691 540,
3732 4643 3814 4678 ra-

2213 4696 2468 4757 tionibus,
2498 4696 2929 4759 demonstratur;
2961 4695 3028 4747 2°
3062 4695 3486 4761 Subscription-is
3519 4699 3682 4763 regia:
3707 4698 3814 4747 ror-

2213 4767 2373 4819 tnnla:
2433 4765 2543 4835 Ego
2578 4765 2895 4830 Hildericus,
2940 4768 3126 4831 primm
3160 4765 3341 4831 stirpis
3370 4766 3605 4833 regibus,
3662 4765 3812 4834 juxta

2211 4837 2501 4902 Cnintinm,
2558 4836 2847 4905 incognita.
2930 4836 3157 4889 (laeteris
3197 4838 3657 4901 supersedemus;
3716 4849 3812 4888 nec

2215 4909 2406 4960 mirum
2429 4921 2560 4960 sane
2584 4906 2852 4959 videbitur
2879 4907 3017 4976 quod
3053 4906 3103 4976 in
3128 4906 3814 4976 spurii_instrumentisub-

2214 4977 2431 5038 sidium,
2460 4976 2774 5031 alterumin
2814 4972 3004 5028 eadem
3046 4972 3264 5029 ofﬁcina
3295 4972 3613 5030 fabricatum
3656 4973 3817 5029 fuerit

2215 5047 2452 5115 ejusdem
2482 5047 2662 5115 farina;
2682 5047 3122 5099 instrumentum.

2288 5128 2309 5154 ο
2345 5117 2556 5171 Editum
2582 5133 2606 5165 a
2630 5114 2939 5179 Camusato,
2967 5112 3485 5183 Antiquit.’l‘rieass.
3510 5116 3607 5170 l’ol.
3630 5114 3717 5175 79.
3736 5114 3809 5173 τ’.

2217 5200 2281 5241 ex
2305 5187 2572 5240 chartario
2592 5187 2867 5250 Dervensi,
2895 5199 3147 5239 recusum
3176 5200 3203 5237 a
3234 5186 3466 5249 Quintia,
3500 5190 3638 5239 Ann.
3663 5195 3701 5237 t.
3723 5184 3809 5245 ΙΙΙ,

2219 5271 2338 5324 pag.
2372 5256 2497 5319 6'56,
2523 5258 2590 5309 ab
2614 5255 2918 5308 auctoribus
2936 5254 3096 5309 Novas
3112 5253 3299 5308 Gallia:
3313 5254 3649 5322 Christiana),
3680 5262 3719 5306 ι.
3745 5253 3809 5313 Χ.

2219 5329 2376 5380 instr.
2400 5327 2505 5379 col.
2542 5324 2664 5389 M7,
2723 5332 2778 5377 et
2801 5339 2828 5377 a
2856 5325 3244 5379 Collectoribns
3274 5326 3594 5391 scriptorum
3636 5337 3811 5377 rerum

2221 5396 2620 5457 Francicarum,
2653 5406 2689 5447 t.
2717 5394 2809 5461 iV,
2836 5409 2959 5465 pag.
2992 5394 3119 5449 645.
3170 5392 3412 5449 Cointius
3441 5395 3545 5450 hoc
3581 5393 3810 5465 diplpma

2221 5467 2402 5520 tribuit
2433 5480 2571 5519 anno
2597 5466 2698 5517 (Sil
2732 5480 2746 5529 ;
2800 5461 3166 5534 hlabilloniits,
3221 5468 3361 5518 Ann.
3395 5474 3434 5518 t.
3470 5464 3509 5528 l,
3536 5480 3655 5534 pag.
3684 5461 3810 5525 508,

2220 5551 2360 5589 anno
2391 5535 2527 5600 67*2;
2573 5534 2842 5589 infelicius
2886 5532 3220 5590 Collectores
3274 5532 3813 5602 scriptorum’rerum

2221 5605 2600 5660 Francicarum
2631 5603 2888 5659 ann0663
2912 5621 2925 5669 ;
2961 5608 3222 5660 Auctores
3236 5605 3397 5660 Nora:
3410 5603 3599 5660 Gallia:
3615 5602 3815 5657 Christ.

2222 5693 2362 5733 anno
2390 5674 2513 5743 675,
2546 5674 2741 5745 quibus
2772 5677 2993 5732 omnino
3014 5675 3401 5747 sullragamur:
3431 5676 3517 5732 hic
3546 5674 3679 5730 enim
3702 5673 3818 5742 agi-
