4008 6176
242 362 375 422 ΦΩΩΊ

998 350 1415 409 DIPLOMATA.
1455 376 1526 392 —
1562 345 1955 407 CHILDERICI
1992 322 2436 409 tt’pnrecspr.
2480 349 2761 410 scenas.

3320 392 3325 395 -
3367 356 3506 411 1298

235 474 439 531 cultum
461 464 843 526 exitibentibus
889 464 1118 535 benigno
1162 465 1352 519 aﬂ'ectu
1399 463 1679 519 subveniat
1705 504 1719 528 ,
1770 471 1824 517 et
1848 463 1897 522 Α
1927 466 2232 521 mansiones
2260 467 2586 535 faciendum,
2616 484 2714 523 nec
2740 468 3026 523 rotaticum
3051 468 3180 524 inira
3205 471 3389 537 urbes,
3420 477 3503 529 vel

242 551 402 633 opem
434 575 546 618 sum
574 557 881 616 devotionis
912 556 1112 629 [eam
1146 556 1322 625 Dem,
1353 551 1703 628 defensionis]
1732 556 1832 611 im-

236 655 452 725 pendat,
484 658 542 707 ut
592 664 780 706 eorum
834 649 1008 704 oratio
1055 647 1193 718 apud
1247 648 1455 702 Domini
1493 646 1827 702 clementiam

237 748 394 804 nobis
413 752 685 809 succurat,
716 751 773 798 et
789 755 885 812 pro
917 755 1046 809 pace
1072 749 1128 796 et
1154 738 1439 795 stabilitate
1476 738 1628 808 regni
1652 737 1827 793 nostri

231 839 437 909 iugiter,
456 834 794 893 interveniat.
870 833 1204 901 Quapropter
1241 831 1309 886 ad
1341 830 1582 886 notitiam
1606 840 1831 888 cuncto-

233 945 355 985 rum
382 926 662 996 pervenire
700 923 969 994 iubemus,
1022 923 1277 991 quoniam
1305 920 1438 977 adiit
1484 922 1826 978 serenitatem

236 1028 477 1076 nostran
502 1016 838 1075 venerandus
867 1030 931 1071 ac
970 1015 1257 1085 religiosus
1286 1013 1459 1069 abbas
1490 1012 1823 1080 Bercharins,

240 1110 552 1182 supplicans
590 1116 651 1162 ut
700 1106 1128 1162 concederemus
1180 1107 1228 1160 ei
1270 1105 1538 1174 quendam
1569 1105 1744 1161 locum
1774 1107 1826 1161 in

238 1201 440 1258 forests
472 1201 671 1266 Dervo,
699 1207 755 1253 et
779 1199 832 1252 in
858 1196 965 1253 fine
1003 1195 1386 1263 Wasciacinse,
1420 1199 1471 1251 in
1501 1211 1608 1267 quo
1633 1197 1740 1252 sibi
1763 1198 1827 1253 li-

237 1301 386 1349 ceret
405 1300 717 1346 construere
730 1286 1136 1354 monasterium,
1156 1298 1209 1344 et
1235 1297 1291 1342 ut
1313 1287 1564 1343 daremus
1581 1298 1827 1358 sumptus

240 1393 296 1438 et
325 1382 548 1452 praedia,
586 1396 683 1449 per
710 1395 829 1450 quas
856 1394 916 1434 ea
947 1394 1068 1449 quas
1107 1388 1474 1448 competerent
1501 1381 1826 1437 monasterio

236 1479 319 1530 vel
351 1474 485 1529 locis
512 1474 768 1530 cellarum
816 1473 1153 1541 compleret,
1176 1483 1229 1530 et
1259 1474 1641 1529 monachorum
1681 1489 1827 1530 con-

234 1567 597 1639 gregationcm
626 1566 822 1621 ibidem
847 1574 1071 1636 aptaret.
1102 1566 1307 1622 Placuit
1336 1566 1497 1637 igitur
1515 1568 1828 1625 reverentia:

236 1668 437 1714 uestras
465 1658 663 1713 summi
692 1658 791 1713 viri
839 1659 1180 1728 supplicatio,
1212 1668 1267 1715 et
1296 1676 1417 1730 qua:
1465 1662 1829 1729 postulaverat

235 1753 599 1809 concessimus
622 1752 720 1806 illi.
775 1751 877 1819 Qui
914 1753 1295 1809 monasterium
1323 1765 1638 1812 construens
1659 1773 1822 1827 supra

240 1847 461 1901 ﬂuvium
501 1846 721 1916 Vigore,
756 1846 808 1900 in
834 1846 1036 1902 honore
1066 1847 1359 1903 beatorum.
1398 1848 1538 1904 Petri
1578 1859 1633 1904 et
1672 1848 1821 1905 Pauli

234 1940 321 1996 vei
342 1950 655 1995 cmterorum
682 1940 1024 2007 Sanctorum,
1051 1940 1202 2009 petiit
1225 1940 1559 1999 altitudinem
1586 1952 1820 1997 nostram

236 2042 317 2096 ut,
348 2047 442 2100 pro
488 2031 569 2086 rei
599 2029 760 2085 totius
813 2030 1081 2097 ﬁrmitate,
1122 2032 1382 2101 integram
1432 2034 1823 2091 immunitatem

239 2122 381 2176 circa
414 2122 588 2190 ipsum
612 2122 993 2177 monasterium
1023 2122 1484 2177 contraderemns.
1532 2122 1637 2177 Nos
1664 2124 1824 2193 igitur

239 2214 440 2269 czriesti
471 2212 722 2268 beneﬁcio
766 2213 1021 2283 promoti,
1072 2226 1336 2268 consensu
1364 2214 1732 2284 episcOpornm
1770 2224 1826 2271 et

239 2307 557 2377 cptimatum
588 2317 916 2372 nostrorum,
957 2305 1204 2374 precibus
1227 2300 1359 2360 tanti
1389 2306 1485 2360 viri
1511 2321 1692 2361 aurem
1736 2321 1825 2361 ac—

238 2397 666 2462 commodantes,
709 2397 960 2466 jubemus
990 2405 1048 2452 ut
1072 2396 1143 2452 de
1185 2397 1333 2453 osuni
1380 2396 1632 2454 facultate
1662 2399 1826 2467 ipsius

238 2487 571 2554 monasterii,
600 2498 705 2544 tam
727 2487 867 2557 quod
888 2502 989 2559 ego
1018 2488 1131 2556 ipse
1153 2487 1346 2543 ibidem
1372 2489 1635 2559 delegavi,
1666 2505 1825 2559 quam

241 2584 407 2638 etiam
435 2581 573 2649 quod
606 2595 635 2633 a
668 2580 888 2650 reliquis
906 2579 1209 2636 christianis
1240 2580 1541 2635 hominibus
1587 2583 1828 2636 noscitur

238 2688 363 2729 esse
383 2673 761 2736 condonatum,
811 2671 1060 2741 quodque
1107 2671 1174 2725 ad
1226 2686 1459 2740 praesens
1509 2671 1562 2726 in
1610 2674 1833 2743 quibus-

241 2766 372 2820 libet
399 2764 548 2829 locis,
575 2764 874 2827 territoriis,
919 2774 971 2818 et
1014 2777 1079 2818 ex
1125 2763 1242 2832 ejus
1264 2763 1575 2819 litereditate
1601 2764 1685 2819 vel
1715 2774 1827 2818 stu-

236 2856 354 2923 dio,
388 2866 493 2909 tam
518 2855 655 2908 ultra
678 2853 927 2923 Ligerim,
959 2854 1011 2907 in
1036 2853 1191 2908 lierla
1214 2854 1416 2909 scilicet
1444 2865 1497 2908 et
1518 2853 1826 2909 Sarturiaco

239 2944 448 3019 [Citam
462 2942 617 2999 Derv.
635 2943 932 3015 Saturiaeo]
958 2944 1038 2999 vel
1053 2942 1461 3012 Domnolronte,
1493 2960 1610 3000 cum
1627 2960 1827 3016 appen-

238 3038 397 3093 diciis
419 3038 545 3103 suis,
590 3045 694 3092 etn
724 3035 902 3092 Diseio
931 3049 1052 3091 cum
1103 3035 1430 3105 appendiciis
1484 3038 1622 3105 suis,
1669 3052 1826 3107 quam

1932 556 1985 610 in
2014 558 2261 613 tnercstis
2314 559 2759 629 extorquendum,
2808 574 2906 613 nec
2952 558 3084 615 ullas
3134 571 3365 629 paratas,
3416 573 3504 615 aut

1934 648 2197 717 quaslibet
2220 648 2584 706 redibutiones
2604 660 2853 707 exactare
2878 660 3248 719 praesumatur,
3310 652 3402 706 sed
3446 653 3498 711 in

1931 742 2075 795 omni
2106 739 2358 797 facultate
2386 741 2551 811 ipsius
2595 738 2921 808 monasterii,
2973 754 3028 796 nt
3068 741 3345 811 prmfatum
3398 752 3501 809 est,

1932 831 1984 885 in
2016 831 2261 885 omnibus
2285 829 2414 886 locis
2443 840 2496 886 et
2522 832 2824 899 territoriis,
2878 832 2969 887 ubi
2998 833 3195 903 aliquid
3230 834 3503 902 possidere

1930 924 2199 991 videntur,
2221 925 2419 994 absque
2447 926 2726 981 interdicta
2751 925 3008 997 judicum,
3040 926 3257 982 remotis
3281 935 3335 982 et
3365 941 3505 982 rese-

1929 1017 2063 1073 catis
2078 1016 2327 1071 omnibus
2347 1013 2690 1085 petitionibus
2713 1015 2779 1071 de
2802 1017 3037 1086 partibus
3060 1017 3195 1083 lisci,
3223 1032 3393 1088 usque
3415 1030 3505 1071 su-

1930 1123 2025 1178 per
2053 1108 2224 1178 ripam
2274 1104 2473 1161 ﬂuvioli
2507 1106 2822 1176 Magnentis,
2873 1109 3243 1179 progrediente
3272 1110 3323 1163 in
3367 1109 3506 1164 dire-

1926 1210 2070 1255 ctum
2103 1199 2332 1255 termino
2359 1197 2426 1253 ad
2455 1199 2631 1253 locum
2662 1196 2749 1267 qui
2781 1196 2940 1253 Vallis
2996 1199 3255 1269 profunda
3288 1215 3504 1256 nuncu-

1928 1299 2102 1360 patur;
2132 1288 2232 1344 sub
2252 1288 2558 1345 emunitatis
2582 1289 2795 1343 nomine
2816 1288 3152 1353 inconcusse,
3181 1299 3284 1343 tam
3308 1290 3504 1345 nostris

1926 1384 2083 1450 quam
2108 1380 2298 1436 futuris
2344 1379 2691 1449 temporibus,
2737 1380 2944 1435 valeant
2973 1380 3233 1435 dominari
3265 1380 3347 1435 vel
3379 1396 3503 1450 pos-

1928 1456 2141 1527 sidere:
2167 1483 2274 1538 quo
2303 1468 2394 1524 iiat
2422 1477 2479 1522 ut
2506 1479 2557 1523 et
2586 1484 2682 1523 nos
2707 1468 2773 1524 de
2800 1469 3041 1540 praestita
3096 1467 3299 1540 [Chart.
3352 1468 3502 1522 Derv.

1927 1576 2025 1630 pro
2053 1557 2312 1631 praestito]
2341 1559 2600 1615 beneﬁcio
2654 1558 2720 1613 ad
2772 1558 3071 1615 mercedem
3125 1561 3405 1627 pertineat,
3454 1569 3505 1613 et

1928 1652 2069 1720 ipsos
2100 1665 2284 1707 servos
2316 1651 2407 1706 Dei
2430 1650 2481 1705 in
2511 1650 2625 1719 ipso
2652 1654 2975 1706 monasterio
3019 1651 3372 1721 consistentes
3396 1666 3504 1705 tne-

1929 1744 2398 1814 liusadeiectetpro
2424 1744 2707 1804 stabilitate
2732 1743 2876 1814 regni
2908 1745 3073 1798 nostri
3104 1743 3368 1798 adtentius
3400 1744 3504 1798 Do-

1925 1836 2053 1891 mini
2083 1833 2502 1891 misericordiam
2527 1835 2824 1905 deprecari.
2884 1834 2950 1890 Et
2996 1843 3055 1890 ut
3100 1836 3213 1889 haec
3242 1835 3503 1890 cmunitas

1926 1926 2429 1991 lirtnior‘habeatur,
2451 1935 2505 1981 et
2536 1940 2629 1994 per
2656 1935 2891 1994 tempora
2919 1935 3285 1992 conservetur,
3319 1939 3505 1980 manus

1926 2030 2209 2076 nostrzeac
2240 2019 2472 2075 fidelium
2500 2027 2800 2074 nostrorum
2827 2027 2931 2072 tam
2954 2018 3323 2087 episcoporum
3345 2030 3506 2085 quam

1926 2114 2240 2181 optimatum
2273 2109 2752 2178 subscriptionibus
2779 2109 2961 2163 subter
3004 2124 3122 2163 eam
3169 2107 3507 2163 decrevimus

1926 2203 2282 2259 corroborari.
2315 2202 2539 2272 Signum
2571 2200 2597 2238 ι)
2632 2200 2781 2255 iteoli
2806 2199 3064 2269 episcopi,
3099 2200 3157 2254 8.
3191 2197 3504 2267 Leodegarii

1926 2295 2183 2364 episcopi,
2214 2292 2519 2350 S.Atteiani
2548 2289 2750 2364 [Chart.
2772 2289 2953 2358 Dem,
2986 2286 3217 2360 Atelani]
3242 2289 3505 2359 episcopi,

1928 2390 1985 2445 S.
2030 2385 2273 2441 Vuliaudi
2322 2382 2807 2454 majoris-domus,
2860 2384 2918 2439 S.
2954 2384 3229 2437 Amalrici.
3297 2383 3423 2438 Data
3455 2382 3506 2437 iv

1928 2494 2097 2534 nonas
2122 2478 2267 2542 Julii,
2300 2492 2388 2533 an.
2415 2475 2468 2545 iij
2495 2476 2642 2547 regni
2670 2476 2784 2545 ejus
2815 2475 3099 2531 Citiiderici
3128 2475 3286 2544 regis.
3320 2476 3505 2528 Actum

1927 2570 2257 2641 Compendio
2283 2569 2502 2638 palatio.

2682 2679 2753 2737 Χ.

1929 2798 2176 2866 Diploma
2203 2813 2303 2865 quo
2353 2795 2671 2866 Childericus
2701 2792 2926 2866 homines
2963 2794 3027 2847 de
3055 2792 3507 2866 Monesensisltaim

2000 2862 2046 2922 et
2075 2862 2359 2921 Oncnvltaim
2383 2867 2536 2919 donat
2570 2863 2808 2928 Valedio,
2833 2864 2997 2916 abbati
3020 2862 3510 2917 monastermliCon-

2000 2940 2168 3008 ﬂentis
2199 2939 2275 3006 (id
2317 2936 2763 3008 est,_ntonaater‘io
2794 2934 2973 2989 Sancti
3003 2934 3232 3004 Gregorii
3260 2935 3311 2985 in
3344 2937 3506 2987 Alca-

2002 3005 2093 3077 tia)
2123 3019 2144 3045 ε
2175 3005 2322 3079 (ann.
2356 3005 2504 3075 U75).

238 3132 405 3185 etiam
434 3131 562 3185 citra
587 3129 816 3200 Ligerim
846 3129 1119 3198 possidere
1148 3129 1417 3195 videntur,
1440 3144 1534 3183 seu
1558 3131 1698 3200 quod
1729 3131 1827 3186 ibi-
1854 3149 1902 3213 ρ
1999 3125 2351 3191 Cbildericus,
2387 3138 2477 3179 rex
2516 3121 2905 3187 Franchorum,
2942 3120 3022 3173 vir
3071 3118 3293 3173 inluster
3320 3158 3335 3184 ,
3374 3118 3510 3171 Citao

239 3223 363 3277 dem
389 3221 562 3275 adhuc
593 3219 803 3275 inantea
832 3220 882 3273 in
918 3218 1009 3274 Dei
1033 3219 1248 3274 nomine
1269 3234 1300 3272 τι
1320 3219 1621 3275 cbristianis
1651 3220 1824 3276 homi-

240 3314 403 3367 nibus
418 3311 563 3382 juste
586 3318 643 3366 et
661 3310 1044 3367 rationabiliter
1072 3311 1228 3366 fuerit
1254 3311 1488 3365 additum
1513 3311 1594 3367 vel
1624 3313 1824 3368 condo-

240 3413 453 3469 natum,
487 3418 583 3472 pro
608 3403 786 3473 quiete
817 3403 984 3473 ipsius
1024 3404 1173 3473 regni
1205 3404 1397 3471 nostri,
1428 3403 1684 3473 integram
1717 3419 1828 3460 em-

240 3491 559 3548 munitatem
593 3506 688 3554 pro
710 3490 1002 3547 reverentia
1048 3493 1211 3561 ipsius
1244 3494 1417 3547 sancti
1456 3494 1555 3549 loci
1586 3496 1829 3551 concedi-

241 3601 390 3649 mus,
418 3594 475 3639 ut
500 3584 676 3640 nullus
697 3584 859 3654 judex
890 3585 1130 3655 publicus
1159 3586 1396 3655 quolibet
1419 3586 1576 3642 modo
1593 3588 1822 3658 judicia-

242 3677 330 3732 ria
358 3675 628 3729 accinctus
654 3684 933 3743 potestate,
984 3675 1037 3729 in
1065 3683 1242 3730 curtes
1289 3676 1456 3745 ipsius
1499 3679 1829 3747 monasterii,

241 3768 571 3837 ubicumque
600 3766 667 3820 ad
693 3780 928 3836 praesens
965 3780 1150 3822 eorum
1182 3777 1395 3823 maneat
1432 3770 1700 3838 possessio
1745 3771 1828 3828 vel

243 3857 566 3923 dominatio,
594 3866 687 3911 aut
714 3857 854 3927 quod
881 3860 1111 3924 inantea,
1148 3865 1206 3913 ut
1233 3857 1489 3927 diximus,
1548 3858 1710 3918 fuerit
1737 3862 1830 3918 ad-

243 3948 419 4002 ditum
447 3949 530 4003 vel
549 3949 925 4018 condonatum,
951 3965 1050 4006 nec
1070 3950 1136 4005 ad
1157 3967 1344 4007 causas
1362 3953 1703 4020 audiendum,
1731 3971 1832 4014 nec

248 4039 599 4110 tidejussores
639 4041 959 4111 tollendum,
1018 4057 1117 4100 nec
1170 4043 1319 4099 [reda
1345 4044 1686 4116 exigendum,
1733 4062 1831 4105 nec

249 4177 421 4252 turde
434 4179 755 4252 monasterio
776 4179 828 4233 in
853 4179 1169 4252 Dnrgnndia:
1197 4196 1361 4252 regno
1380 4182 1505 4249 sito,
1528 4198 1589 4238 ac
1611 4184 1832 4252 proinde

250 4248 872 4323 annigregniHCltiiderici
900 4248 1238 4323 computandi
1260 4248 1382 4306 sunt
1402 4255 1470 4306 ab
1491 4248 1683 4323 adepto
1707 4255 1835 4308 Bur-

250 4316 1091 4392 gundiasetNeustrjgereguo,'id
1114 4332 1216 4385 est,
1237 4337 1266 4374 a
1288 4333 1459 4392 morte
1470 4316 1722 4379 Clilotarii
1743 4325 1828 4392 iii,

250 4388 348 4459 qui
380 4388 514 4459 obiit
556 4389 853 4459 ωηο-670,
908 4404 1093 4445 mense
1138 4400 1191 4444 ut
1219 4391 1425 4446 videtur
1447 4392 1653 4447 Julioiu
1688 4388 1831 4447 Loui-

250 4457 408 4532 guer.
462 4458 658 4532 énnal,
694 4457 883 4532 ᾕδεις.
913 4468 951 4511 t.
982 4459 1069 4522 111,
1116 4461 1301 4529 script.
1342 4478 1449 4515 rer.
1489 4461 1679 4517 Fianc.
1712 4477 1830 4532 pag.

253 4517 409 4600 .690.
459 4526 609 4600 Ergo
629 4525 753 4600 Julii
783 4527 871 4581 die
896 4517 1081 4600 quarta
1110 4517 1239 4584 anni
1265 4531 1370 4586 (573
1400 4548 1596 4586 annum
1628 4534 1662 4586 ὅ
1690 4517 1833 4600 ὡςῖἷὶ
1863 4517 1916 4577 Ῑ)

252 4598 547 4669 Childerici
598 4598 650 4651 in
715 4597 1017 4669 Burgundia
1065 4601 1300 4669 nondum
1356 4602 1621 4669 expletura
1672 4597 1839 4657 fuisse

254 4667 459 4740 conjici
489 4676 680 4735 potest.
764 4667 1061 4740 Edition_e_m
1093 4667 1359 4725 Camusati
1390 4667 1682 4740 sequimur,
1739 4672 1837 4724 ad-

254 4735 387 4793 ditis
416 4738 561 4807 inter
580 4750 744 4791 uncos
764 4735 1088 4807 lectionibus
1115 4755 1245 4807 quas
1266 4756 1328 4793 ex
1356 4735 1678 4796 citartulario
1711 4742 1841 4796 Der-

253 4805 588 4889 vensi,‘Bibl.
603 4821 714 4875 reg.
731 4806 904 4862 clarus
921 4807 1000 4860 vir
1012 4808 1077 4863 de
1094 4805 1227 4879 breq
1236 4810 1415 4882 uiguy,
1432 4827 1491 4867 se
1501 4812 1837 4879 excripsisse,

254 4885 482 4934 asserit.
1598 4929 1603 4934 .

254 5019 301 5075 ϐ
333 4946 528 5069 saviis.
580 4954 636 5001 et
666 4943 857 5015 Diseio,
888 4960 1021 5017 ctc.,
1046 4950 1237 5005 desunt
1281 4950 1419 5019 apud
1472 4951 1739 5009 Camusat.
1789 4963 1845 5009 et

303 5034 379 5072 ou
425 5055 440 5069 .

303 5026 440 5072 oittt.

337 5087 367 5129 δ
392 5087 1003 5158 Nominaepiscoporum
1028 5099 1082 5147 et
1105 5089 1321 5158 majoris
1350 5089 1540 5145 domus
1556 5091 1690 5145 bene
1714 5106 1843 5145 con-

258 5158 509 5221 veniunt,
532 5156 577 5211 si
605 5156 755 5211 Reoli
785 5173 977 5215 nomen
999 5156 1253 5229 excipias,
1275 5161 1366 5228 qui
1391 5162 1622 5215 nondum
1652 5162 1844 5216 infulas

263 5230 568 5299 [temenses
595 5236 873 5299 assecutus
903 5229 1094 5285 fuerat.
1124 5228 1134 5229 7
1162 5228 1405 5286 Cnintius
1433 5247 1527 5299 pro
1558 5231 1723 5284 Reolo
1753 5232 1845 5285 Ni-

260 5298 497 5351 vardum
532 5297 764 5366 reponit,
804 5301 888 5355 cui
914 5298 1171 5355 successit
1196 5297 1446 5355 Reolus.‘
1495 5300 1689 5354 Coiutii
1717 5315 1846 5355 con-

262 5370 979 5439 jecturamtueturscriptor
1009 5370 1139 5425 Vita:
1158 5369 1327 5423 sancti
1354 5369 1650 5436 Bercharii,
1679 5371 1845 5437 Adso,

266 5437 415 5509 apud
449 5437 673 5509 ﬂebili,
704 5437 789 5491 ubi
818 5437 1000 5507 supra,
1033 5443 1121 5506 qui
1148 5448 1369 5494 testatur
1388 5440 1622 5507 diploma
1651 5440 1717 5494 de
1742 5456 1848 5509 quo

265 5508 481 5578 agimus
502 5508 838 5574 impetratum
869 5509 1031 5564 fuisse
1053 5509 1345 5564 faventibus
1366 5510 1629 5578 episcopis
1646 5508 1849 5565 Leode-

269 5577 446 5648 garrio,
480 5577 708 5648 Atelano
736 5586 791 5631 et
819 5578 1067 5633 Nivardo.
1126 5579 1266 5634 Nihil
1306 5577 1480 5635 autem
1513 5584 1690 5634 obstat
1716 5594 1850 5648 quo-

270 5647 455 5700 luintls
476 5647 750 5715 utriusque
770 5657 821 5703 et
850 5648 1061 5703 Nivardi
1084 5659 1137 5704 et
1171 5649 1321 5704 Reoli
1343 5652 1553 5704 nomina
1576 5651 1715 5704 inter
1736 5647 1852 5705 Sub-

270 5715 597 5787 scriptiones
629 5716 787 5785 bujus
833 5720 1135 5787 diplomatis
1166 5720 1362 5774 inserta
1396 5720 1618 5785 iuerint;
1669 5720 1851 5775 Nivar-

272 5788 379 5846 dus
408 5786 608 5842 scilicet
636 5802 756 5843 cum
784 5789 995 5846 adesset
1040 5789 1384 5849 conﬁcienda:
1426 5791 1639 5856 chartae,
1701 5794 1847 5848 testis

1931 3218 2087 3274 dicito
2108 3218 2263 3281 duce,
2297 3214 2601 3271 Rudeberto
2631 3213 2885 3286 [Laguil.,
2921 3211 3191 3267 Bonifacio
3221 3212 3374 3278 duce,
3409 3212 3510 3267 ito-

1927 3311 2167 3375 diberto;
2199 3309 2394 3377 Script.
2419 3307 2539 3361 hist.
2564 3303 2661 3361 Fr.
2680 3346 2697 3374 ,
2726 3304 2992 3370 Cbaduce,
3017 3303 3360 3374 Rodeberto],
3412 3317 3509 3357 ρος

1928 3405 2079 3459 mite.
2117 3402 2248 3456 illud
2288 3400 2445 3455 nobis
2489 3398 2554 3453 ad
2597 3397 2878 3454 stabilitate
2923 3400 3071 3471 regni
3124 3397 3290 3453 nostri
3320 3399 3504 3469 procul

1928 3495 2088 3552 dubio
2113 3494 2380 3551 credimus
2394 3492 2682 3561 pertinere,
2711 3492 2755 3546 si
2788 3491 3126 3561 petitionibus
3147 3490 3506 3555 sacerdotum,

1931 3589 1991 3643 in
2025 3601 2132 3658 quo
2170 3584 2368 3641 nostris
2414 3582 2612 3639 fuerint
2635 3582 2853 3637 auribus
2898 3582 3120 3649 prolate,
3153 3582 3505 3652 perducemus

1931 3676 2119 3751 [Sript.
2153 3676 2293 3732 Hist.
2325 3673 2544 3743 Franc.,
2578 3674 2798 3744 prolata:
2823 3683 3138 3740 annuentes,
3196 3690 3286 3729 eas
3316 3675 3509 3739 perdu-

1931 3768 2133 3840 camus]
2162 3767 2230 3822 ad
2268 3765 2536 3822 eliccturn.
2596 3764 2722 3821 ideo
2766 3776 3049 3835 cognoscat
3079 3767 3386 3835 magnitudo
3415 3781 3509 3821 seu

1930 3862 2132 3918 utilitas
2156 3870 2333 3916 vestra
2362 3860 2491 3929 quia
2512 3871 2611 3913 nos
2633 3857 2874 3913 homines
2900 3858 3039 3923 illos,
3066 3858 3152 3926 qui
3178 3869 3507 3917 conmanunt

1931 3957 2187 4029 [Laguii.,
2234 3951 2593 4024 commauent]
2646 3952 2698 4006 in
2738 3950 3212 4005 Monescnsishaim
3251 3947 3508 4022 [Laguil.,

1933 4043 2369 4109 Menseumbaim,
2399 4043 2598 4111 Script.
2627 4041 2750 4097 Rer.
2780 4037 2997 4104 Frane.,
3033 4038 3505 4111 ltionl‘ensesltaitn]

1934 4179 2264 4249 subscripsit.
2296 4177 2421 4249 Post
2443 4176 2652 4231 Nivardi
2669 4184 2926 4249 mortem,
2939 4189 3213 4232 successor
3231 4182 3345 4245 eius
3370 4179 3509 4234 Reo-

1935 4255 2016 4309 lus
2053 4244 2246 4306 nomen
2266 4247 2490 4313 addidit,
2543 4244 2958 4301 conﬁrmationis
3004 4263 3186 4302 causa.
3242 4244 3508 4306 Citartarii

1935 4336 2061 4379 vero
2095 4319 2507 4383 consarcinator,
2553 4331 2683 4387 cum,
2722 4315 2873 4369 Reoii
2919 4330 3111 4372 nomen
3151 4318 3547 4387 subscriptntn_

1934 4391 2395 4454 animadverteret,
2423 4402 2613 4443 nomen
2644 4386 2856 4442 Nivardi
2887 4388 3292 4458 expungendum
3318 4386 3513 4459 perpeo

1938 4480 2049 4518 ram
2078 4461 2366 4515 arbitratus
2395 4469 2495 4513 est.

2014 4542 2037 4571 ο
2069 4532 2319 4586 Chartam
2376 4530 2512 4582 lianc
2567 4529 2718 4599 primi
2775 4531 3119 4599 vuigaverunt
3178 4532 3511 4596 Delltomme,

1944 4604 2081 4659 iiist.
2110 4601 2338 4655 Median.
2371 4608 2600 4670 monast.
2627 4616 2745 4668 pag.
2774 4600 2870 4664 15,
2911 4600 3079 4670 Lunig
3098 4640 3114 4666 ,
3164 4602 3346 4668 Spicil.
3372 4606 3509 4659 eccl.

1942 4674 2142 4729 contin.
2174 4670 2215 4734 1,
2248 4684 2368 4737 pag.
2397 4668 2552 4732 1096,
2586 4680 2639 4725 et
2671 4670 2926 4739 Laguille,
2974 4668 3107 4725 υἱέι.
3142 4673 3309 4728 Alsat.
3350 4673 3511 4729 instr.

1944 4759 2063 4813 pag.
2095 4741 2149 4813 5,
2182 4740 2274 4795 sed
2298 4748 2566 4813 corrupte,
2617 4740 2828 4794 etiamsi
2857 4757 2919 4794 ex
2948 4742 3187 4809 originali
3219 4744 3273 4796 in
3298 4746 3516 4799 arcltivo

1944 4808 2147 4880 imperii
2173 4818 2383 4864 servato
2407 4808 2772 4877 depromptam
2803 4808 3061 4865 asseram.
3096 4813 3516 4867 Eamdemtiein-

1945 4898 2090 4950 cepa,
2119 4895 2187 4936 ex
2220 4880 2508 4952 hiabillouii
2535 4880 2794 4952 seltedisL
2813 4884 2950 4952 typis
2976 4884 3359 4936 mandavertmt
3395 4882 3515 4935 Coi-

1946 4954 2169 5007 lectores
2194 4950 2515 5014 scriptorum
2548 4964 2724 5003 rerum
2757 4950 2998 5007 Francic.
3033 4962 3071 5004 ι.
3105 4952 3191 5016 iV,
3244 4967 3361 5020 pag.
3387 4951 3514 5006 652.

1946 5025 2092 5079 illam
2120 5022 2409 5078 novissime
2434 5020 2811 5089 Scliwpilinus,
2860 5024 3028 5078 Alsat.
3049 5023 3179 5088 dipl.
3214 5037 3334 5088 pag.
3363 5020 3419 5085 4,
3452 5035 3519 5075 ex

1946 5093 2172 5148 abbatite
2209 5091 2548 5160 Gregorium:
2595 5094 2928 5161 autograpbo
2973 5092 3174 5155 recudi,
3232 5092 3339 5161 imo
3368 5100 3520 5143 auto-

1945 5166 2203 5233 grapltum
2231 5162 2404 5231 ipsum
2458 5160 2852 5233 cltaracteribus
2873 5165 2965 5217 teri
3014 5160 3411 5233 accuratissime
3438 5160 3517 5233 in:

1947 5229 2072 5288 cisia
2103 5229 2474 5301 repraesentari
2499 5234 2728 5297 curavit,
2762 5242 2910 5288 tanto
2933 5229 3120 5297 majori
3151 5229 3350 5293 studio,
3379 5230 3520 5301 quod

1948 5304 2051 5359 hoc
2081 5298 2495 5358 instrumentum
2536 5304 2896 5358 authenticum
2953 5302 3187 5355 omnium
3220 5314 3339 5367 quze
3370 5298 3523 5353 Διει-

1950 5374 2021 5427 tia
2070 5373 2303 5440 possidet
2340 5371 2761 5439 antiquissimum
2789 5374 2879 5440 sit,
2911 5372 3158 5438 ideoque,
3204 5371 3305 5422 loc.
3341 5369 3434 5424 cit.
3466 5380 3525 5427 et

1949 5438 2117 5498 Alsat.
2150 5445 2310 5499 iiiust.
2338 5438 2478 5496 tom.
2499 5441 2539 5503 Ι,
2568 5438 2827 5511 ραεςῖὸι
2841 5450 2895 5495 et
2919 5440 3044 5504 785,
3067 5441 3208 5494 notis
3237 5440 3521 5511 illustravit

1950 5514 2017 5566 ad
2047 5529 2179 5583 quas
2230 5509 2787 5583 remandamu’s._:_\’iri
2840 5510 3209 5583 eruditissimi
3238 5510 3519 5567 lectionem

1950 5579 2239 5653 sequimur,
2264 5581 2574 5653 lectionibus
2585 5579 2706 5634 aliis
2719 5582 2940 5648 alicujus
2960 5581 3366 5653 momenti,‘qute
3382 5583 3520 5653 apud

1952 5650 2187 5725 Laguille
2225 5650 2279 5709 et
2306 5651 2631 5725 Collectores
2664 5654 2997 5725 scriptorum,
3033 5666 3206 5706 rerum
3240 5650 3516 5706 Francica-

1952 5721 2067 5781 runt
2100 5726 2451 5794 reperiuntur,
2477 5721 2613 5776 inter
2645 5735 2807 5778 uncos
2842 5723 3051 5777 notatis.
