3976 6186
465 376 604 442 H99
685 380 693 388 ’

1526 368 1771 440 tremo.
1818 370 1975 439 nec.
2011 381 2081 439 tv
2124 366 2358 437 cntum
2397 361 2684 437 STIRPlS.

3594 360 3716 433 tioo

462 514 517 558 et.
531 502 822 558 Onenhaim
847 492 1061 571 [Script.
1089 498 1225 556 Hist.
1255 499 1477 571 Franc.,
1502 501 1860 575 Onemhaim],
1885 517 2054 573 quan-
2081 500 2127 558 Α
2155 494 2199 549 εἰ
2229 494 2707 563 opportunitatibus
2734 491 3079 547 θεειθδίπυω
3112 499 3202 545 θυι
3243 456 3579 547 εθεεΐάοῑίιέη
3611 503 3727 559 Per-

386 652 399 656 _
466 606 789 660 tnmcunque
835 592 935 660 ipsi
978 590 1043 645 ad
1086 593 1217 658 parti
1247 588 1397 665 [Lag.
1450 582 1650 665 partes]
1707 595 1835 649 ﬁsco
1865 594 2047 650 nostro

463 685 703 741 retebant
731 682 908 755 [l.ag.,
940 672 1255 753 reddebant]
1288 693 1395 738 tam
1432 683 1575 739 lreda
1627 701 1784 751 quam
1812 686 2047 752 reliquas

461 776 756 838 fu’nciones,
791 770 1008 827 Valedio
1028 773 1217 827 abbate
1246 766 1309 825 ad
1344 764 1721 828 monasteriolo
1750 773 2042 829 Conllentis

462 867 561 919 huc
584 865 734 933 plena
753 873 804 917 et
828 863 1028 931 integra
1053 860 1324 916 voluntate
1352 863 1446 915 visi
1477 861 1668 917 fuimus
1689 868 2040 919 concessisse.

451 962 794 1024 Quapmpler
841 952 1091 1022 iubemus
1137 960 1196 1005 ut
1248 968 1420 1022 neque
1475 962 1569 1007 vos
1601 969 1773 1022 neque
1798 954 2043 1024 juniores

451 1070 543 1104 .wu
572 1051 1009 1117 suecessoresqtre
1034 1047 1227 1101 vestris
1254 1044 1390 1099 idem
1416 1049 1485 1099 e'x
1512 1044 1612 1099 hoc
1637 1047 1906 1100 Contrarie
1936 1052 2041 1100 non

452 1140 725 1204 νιῑςιειίε,
753 1134 874 1201 nisi,
906 1128 1040 1190 sicut
1065 1133 1316 1200 diximus,
1360 1140 1821 1206 quantumcunque
1840 1142 2042 1191 memo-
2065 1205 2086 1217 ί

452 1228 550 1280 tati
590 1227 831 1280 homines
859 1223 947 1293 qui
978 1226 1030 1277 in
1057 1227 1197 1291 ipsas
1227 1223 1293 1277 de
1314 1236 1443 1292 quas
1470 1223 1620 1277 Villas
1651 1216 1803 1295 [Lag.
1822 1223 2042 1277 adma‘r-

451 1319 536 1369 uin
549 1334 626 1370 est
649 1316 914 1386 legendum
944 1314 1254 1383 suspicatur,
1300 1308 1467 1368 dictas
1494 1302 1670 1384 villas]
1701 1318 2039 1369 commanere

460 1406 729 1471 videntur,
755 1415 920 1458 totum
951 1410 1004 1456 et
1025 1402 1088 1456 ad
1114 1402 1378 1471 integrum
1410 1402 1573 1469 ipsius
1603 1402 1821 1456 Valedio
1849 1404 2041 1458 abbate

459 1511 644 1549 omnes
678 1493 981 1548 luncciones
1032 1492 1256 1545 reddere
1290 1492 1537 1546 debeant.
1600 1492 1660 1545 Et
1690 1501 1745 1545 ut
1776 1492 1873 1546 hec
1921 1509 2041 1561 pres

459 1587 633 1653 ceptio
687 1586 974 1653 pleniorem
1024 1583 1264 1635 obtineat
1306 1583 1565 1647 vicorem,
1606 1596 1794 1635 manus
1830 1593 2039 1637 nostras

461 1674 1030 1746 sublerscriptionibus
1082 1673 1301 1744 [Script.
1353 1672 1489 1726 Hist.
1550 1673 1786 1738 Franc.,
1848 1689 2037 1728 manus

462 1778 657 1823 nostra:
679 1764 1176 1837 subscriptionibus]
1201 1765 1386 1819 subter
1412 1765 1743 1820 decrevimus
1758 1767 2029 1820 roborare.

458 1857 795 1914 Childericus
850 1874 943 1913 rex
990 1856 1318 1926 ret-Ognovit.

460 1950 603 2017 apud
637 1949 762 2017 Lag.
817 1959 861 2001 et
910 1948 1103 2016 Script.
1154 1946 1295 2000 Hist.
1336 1945 1545 2015 Franc.)
1595 1948 1691 1999 sub
1720 1946 1805 1999 die
1852 1958 2040 2009 quarto

452 2042 596 2111 quod
624 2040 749 2095 fecit
779 2041 979 2095 mensis
1012 2039 1257 2105 Marcius,
1288 2051 1426 2091 anno
1450 2036 1514 2090 l3
1540 2038 1683 2106 regni
1717 2036 1880 2090 nostri
1915 2048 1966 2091 α.

1210 2141 1301 2205 XI.

462 2236 737 2300 Childerici
798 2245 1025 2310 diploma
1079 2244 1143 2297 de
1187 2244 1412 2296 libertate
1463 2252 1511 2294 et
1576 2241 1893 2295 immunitate
1948 2250 2036 2295 ec‘o

740 2317 906 2368 clesiu:
935 2315 1195 2380 Spirensis
1220 2314 1248 2352 ι)
1275 2312 1442 2381 (Circa
1467 2329 1588 2367 ann.
1621 2311 1771 2378 665).

525 2400 843 2471 Ktldericus,
876 2421 966 2459 rex
998 2405 1346 2467 Francomtn,
1380 2404 1503 2457 viris
1548 2404 1855 2468 illustribus,
1889 2403 2036 2457 duci-

459 2498 557 2550 bus
601 2512 693 2550 seu
743 2504 797 2549 et
842 2496 1145 2551 comitibus.
1185 2496 1239 2548 ln
1287 2496 1386 2547 hoc
1434 2495 1580 2559 regni
1612 2496 1776 2547 nostri
1823 2505 2033 2550 terrena

455 2584 622 2651 spatia
675 2584 774 2638 sub
831 2584 1205 2653 tranquillitate
1260 2598 1473 2637 manere
1522 2597 1820 2649 censemus,
1864 2591 1919 2638 et
1966 2585 2034 2639 ad

457 2688 696 2731 eternam
746 2675 1158 2730 misericordiam
1192 2675 1341 2728 nobis
1372 2675 1635 2744 pertinere
1682 2676 2032 2742 conlidemus,

529 2812 557 2846 ⁸
590 2803 781 2865 Mensis
816 2809 1029 2864 Martius
1059 2810 1179 2862 anni
1210 2807 1276 2864 13
1303 2808 1449 2876 regni
1488 2804 1773 2865 Childerici
1808 2808 1853 2864 ll
1892 2811 2031 2879 apud

458 2884 762 2936 Austrasins
785 2897 923 2934 anno
949 2880 1145 2934 Christi
1196 2883 1299 2937 675
1336 2880 1491 2933 tribui
1521 2882 1804 2933 commode
1835 2891 2031 2948 potest.

528 2952 555 2990 b
590 2952 697 3006 lloc
744 2952 998 3019 diploma,
1050 2954 1313 3017 prioribus
1342 2951 1634 3005 editoribus
1682 2952 2031 3017 incognitum,

458 3020 571 3074 edet
595 3022 720 3075 dum
768 3024 944 3074 iuravi
994 3031 1124 3075 ext.
1160 3022 1265 3086 VII,
1295 3038 1409 3089 pag.
1441 3021 1564 3085 181,
1616 3020 2035 3074 Commentario-

460 3107 575 3145 rum
625 3093 922 3146 Academia:
972 3091 1254 3146 Theodoro
1285 3091 1556 3146 Palatinae.
1606 3091 1722 3144 Jam
1772 3094 1860 3144 dtu
1907 3092 2033 3144 illud

2148 582 2406 638 ducemus
2428 582 2491 639 ad
2518 581 2787 637 ell‘ectum.
2817 582 2985 652 Atque
3009 583 3127 636 ideo
3151 591 3402 651 agnoscat
3430 584 3726 653 magnitudo

2146 678 2241 730 seu
2272 676 2470 729 utilitas
2518 685 2714 739 vestra,
2755 674 3003 742 quoniam
3052 688 3169 737 nos,
3222 672 3289 726 ad
3338 676 3725 743 suggestionem

2145 766 2447 835 apostolicis
2496 766 2643 831 viris,
2693 766 2931 833 patribus
2972 766 3170 818 eostris
3209 763 3519 829 Chlodolfo,
3568 767 3727 821 Chro-

2147 855 2318 909 tbario
2343 850 2779 922 archiepiscopis,
2830 853 2910 907 vcl
2943 852 3070 908 viris
3102 851 3394 907 illustribus
3445 854 3726 916 Amelrieo.

2147 959 2169 987 ε
2204 948 2501 1011 Bonelacio,
2549 940 2771 1001 ducibus
2821 946 2916 999 seti
2966 940 3319 1018 [comitibus],
3365 950 3423 998 et
3471 959 3566 1012 per
3605 960 3725 997 con-

2144 1037 2320 1092 silium
2374 1036 2684 1105 Emnehilde
2731 1035 2938 1103 regine,
2985 1033 3235 1088 convenit
3286 1042 3342 1086 ut
3392 1044 3493 1088 nes
3543 1035 3610 1087 ad
3642 1049 3726 1089 ee-

2144 1127 2359 1181 clesiam
2391 1122 2584 1179 domne
2607 1118 2771 1178 Mario
2802 1125 2883 1178 vel
2910 1123 3089 1177 domui
3117 1121 3374 1191 Stephani
3414 1124 3733 1180 Nimetensis

2142 1219 2420 1285 ecclesiae,
2456 1216 2544 1270 ubi
2594 1216 2917 1285 apostolicus
2966 1220 3116 1285 pater
3160 1224 3344 1268 noster
3392 1213 3729 1284 Dragobodus

2140 1310 2425 1377 episcopus
2478 1322 2597 1362 esse
2643 1307 2958 1373 dinoscitur,
3009 1305 3263 1359 vellemus
3314 1307 3729 1361 concessissent

2143 1399 2506 1467 nollusjudex
2553 1398 2793 1466 publicus
2841 1412 2907 1451 ex
2960 1395 3087 1449 lisco
3136 1405 3319 1449 nostro
3352 1397 3407 1448 in
3457 1397 3626 1450 curtis
3649 1406 3726 1452 ec-

2140 1489 2283 1542 cesie
2335 1502 2453 1553 sue,
2495 1487 2792 1554 ubicunque
2843 1486 3037 1538 habere
3084 1486 3401 1550 dinoscitur,
3454 1483 3605 1537 {reda
3636 1502 3723 1542 nee

2139 1576 2167 1615 (ι
2216 1576 2465 1644 sthopha,
2520 1590 2617 1629 nec
2661 1574 2967 1628 herebanno
3014 1573 3255 1641 recipere
3315 1588 3416 1627 nec
3466 1576 3728 1642 requirere

2140 1681 2243 1720 non
2277 1674 2597 1734 praesumat,
2625 1664 2764 1717 sicut
2788 1662 3018 1717 diximus
3046 1664 3172 1731 ipsi-
3194 1664 3462 1731 homines,
3514 1666 3731 1721 ecclesia

2140 1756 2241 1809 sub
2269 1756 2413 1809 omni
2440 1757 2732 1809 emunitate
2762 1754 2997 1809 debeant
3020 1754 3312 1808 consistere
3337 1756 3423 1809 vel
3456 1756 3729 1821 residere;

1402 1856 1587 1908 parum
1626 1856 1783 1917 (άεεει
1814 1857 1920 1909 han;
1945 1872 2041 1909 vox
2073 1839 2115 1898 Β
2145 1858 2465 1916 quapropter
2492 1856 2790 1915 presentem
2829 1845 3081 1915 iussimus
3129 1862 3383 1902 emanare
3431 1854 3730 1917 preceptio-

2143 1953 2288 2004 nem,
2320 1952 2415 2007 per
2456 1952 2611 2005 quam
2661 1938 2948 2005 specialius
2991 1937 3327 1993 decernimus
3374 1953 3441 1993 ac
3478 1941 3729 2007 iubemus

2140 2034 2201 2080 ut
2228 2028 2406 2080 nullus
2430 2026 2591 2094 judex
2638 2027 2875 2094 publicus
2912 2026 2979 2080 de
3025 2027 3189 2080 curtis
3223 2025 3432 2096 prelate
3457 2031 3726 2085 ecclesiae

2060 2149 2074 2165 ο
2137 2117 2459 2171 Nimetensis
2487 2115 2660 2181 freda,
2710 2131 2811 2170 uec
2858 2116 3104 2185 sthopha,
3159 2131 3257 2170 nec
3307 2118 3625 2171 berebanno
3651 2136 3733 2175 re-

2138 2211 2349 2279 quirere
2396 2224 2495 2263 nec
2539 2209 2755 2277 exigere
2803 2223 2909 2262 non
2959 2217 3248 2275 presumat,
3303 2208 3400 2262 sed
3440 2220 3731 2277 quantum-

2138 2316 2347 2369 Cnnquc
2396 2300 2461 2355 ad
2512 2310 2715 2369 partem
2768 2300 2879 2354 lisci
2923 2299 3091 2354 nostri
3141 2298 3367 2353 reddere
3414 2300 3732 2365 debuerant,

2140 2387 2254 2459 ipse
2286 2390 2521 2457 pontifex
2551 2402 2751 2457 suoque
2780 2388 3004 2443 ecclesie
3034 2403 3099 2442 es
3146 2397 3327 2441 nostra
3364 2390 3730 2445 muniﬁcentia

2140 2484 2312 2535 valeat
2338 2481 2534 2534 habere
2562 2495 2871 2535 concessum
2901 2490 3058 2549 atque
3101 2481 3386 2536 indultum.
3423 2483 3519 2551 Et,
3552 2496 3610 2538 ιιι
3636 2486 3732 2541 hee

2142 2575 2408 2641 preceptio
2455 2572 2692 2641 pleniore
2736 2572 3037 2626 obtineatur
3064 2573 3280 2643 vigore,
3324 2590 3526 2630 manus
3555 2587 3735 2633 nostra

2137 2662 2420 2730 signaculis
2444 2660 2626 2715 subter
2654 2675 2773 2715 eam
2803 2662 3136 2717 decrevimus
3163 2665 3440 2720 roborare.

2137 2816 2276 2874 docti
2310 2817 2435 2871 illud
2466 2817 2742 2886 assignant
2768 2832 2909 2871 anno
2939 2815 3065 2873 665.

2211 2899 2233 2927 ε
2270 2881 2602 2940 νετηςηιίιέ
2626 2898 2707 2940 est
2754 2887 2895 2941 hunc
2944 2887 3270 2941 Bonifacium
3313 2881 3573 2943 eumdem
3617 2903 3735 2945 esse

2137 2959 2225 3027 qui
2256 2959 2556 3011 nominatur
2584 2958 2636 3009 in
2688 2957 2976 3025 diptomate
3000 3026 3005 3027 γ
3026 2959 3316 3012 Cbilderici
3348 2954 3395 3011 ΙΙ
3428 2962 3560 3013 anni
3606 2961 3732 3027 66!,

2138 3026 2276 3098 Quod
2305 3029 2539 3093 reperies
2564 3042 2745 3091 supra,
2777 3029 2880 3081 col.
2919 3026 3074 3081 1289.

2209 3098 2235 3136 ἀ
2263 3098 2661 3167 Comtnentaria
2693 3098 2889 3151 habent
2925 3099 3116 3167 scapha
3141 3115 3159 3161 ;
3192 3113 3506 3164 perperam,
3535 3109 3594 3153 ut
3622 3115 3737 3153 mo-

465 3162 837 3259 l";‘l[llf.l‘ll:“l5
856 3164 1113 3259 ηςυίξειξθιῖ
1164 3176 1303 3259 ³ηρο
1364 3159 1519 3241 1.778.
1577 3158 1798 3259 Ῐιθηιῖχι
1830 3159 2029 3259 ίηνίῖε·
2056 3196 2104 3259 C
2138 3178 2226 3259 nell
2253 3168 2373 3259 C'ar.
2405 3160 2623 3234 Dumgé,
2661 3158 3246 3259 ittspect'rlrapograplto.
3294 3158 3731 3259 Legendun'trest

461 3230 687 3285 at‘hicltlt
714 3234 799 3283 das
851 3232 1184 3283 lllninischen
1229 3232 1500 3299 [’ranziens,
1534 3246 1652 3299 pag.
1706 3229 1830 3292 «illi,
1856 3242 1918 3283 ex
1948 3247 2031 3282 ar-

462 3316 493 3353 c
535 3304 618 3355 ivo
666 3302 1150 3368 archiepiscopatus
1188 3302 1473 3366 Spirensis.
1522 3301 1913 3353 Consulendum
1951 3308 2035 3353 est

463 3385 599 3437 opus
643 3371 753 3440 jam
806 3373 1070 3424 laudatum
1125 3370 1298 3423 Caroli
1359 3370 1579 3439 Dumgé.
1632 3372 1684 3423 In
1733 3373 2035 3439 apographo

463 3457 568 3493 non
600 3452 807 3494 exstant
830 3444 943 3494 dies
976 3451 1027 3493 et
1074 3455 1283 3505 anuus;
1323 3456 1388 3495 ex
1418 3456 1561 3494 mera
1606 3441 1904 3509 conjectura
1936 3441 2034 3494 viri

1940 3584 2208 3598 ἡ

2134 3238 2369 3301 ultaulta,
2415 3252 2514 3304 qua
2567 3252 2694 3290 voce
2743 3239 3145 3301 intelligendum
3200 3252 3402 3292 censeo
3456 3240 3737 3308 quodlibet

2136 3311 2411 3362 tributum.
2440 3308 2686 3373 Congius,
2715 3321 2777 3359 ex
2810 3310 2971 3361 veteri
3004 3312 3195 3373 glossa,
3228 3324 3363 3363 voce
3392 3311 3734 3379 stltOpItarius

2136 3380 2376 3447 designat
2404 3392 2522 3432 enm
2552 3380 2637 3445 qui
2663 3392 2866 3430 censum
2895 3380 3001 3447 regi
3022 3380 3191 3430 solvit.

2363 3587 3703 3615 Ἢ

1148 3694 1304 3775 AD
1361 3692 1450 3775 S.
1506 3690 2200 3777 DAGOBERTI
2257 3689 2343 3777 ΙΙ
2407 3696 3089 3781 DIPLOMATA

1672 3866 2261 3944 PBOLEGOM
2276 3870 2516 3948 ENA.

1916 4019 2266 4043 ﬂ

870 4170 899 4212 δ
957 4178 973 4195 .
1002 4168 1073 4181 --
1093 4137 1387 4209 Diplomata
1415 4141 1630 4195 sincera.

536 4252 652 4314 Duo
678 4266 963 4327 supersunt
1006 4256 1291 4325 diplomata
1344 4256 1575 4329 legitima
1617 4271 1645 4308 a
1675 4254 1969 4324 Dagoberto
1994 4246 2040 4308 li

461 4335 679 4386 enlissa.

539 4402 586 4453 Ι.
631 4400 863 4453 Primum
895 4407 973 4449 est
1008 4412 1102 4463 pro
1133 4396 1455 4450 monasterio
1485 4395 2031 4465 Weissemburgensi,

461 4471 543 4522 cui
578 4485 669 4522 rex
706 4469 868 4521 donat
899 4470 1130 4521 thermas
1163 4476 1306 4518 trans
1335 4466 1609 4521 Rhenum.
1648 4468 1698 4517 in
1744 4482 1875 4534 pago
1920 4472 2033 4520 Au-

462 4541 741 4592 seiacensi.
787 4538 924 4589 Nulli
963 4546 1259 4603 suspectum
1284 4576 1298 4596 ,
1339 4537 1535 4602 smpius
1563 4535 1785 4595 editum,
1819 4552 2036 4589 accura-

465 4613 566 4661 tius
596 4623 622 4659 a
652 4608 995 4670 Schmpllino.
1026 4610 1076 4657 iu
1108 4607 1321 4657 historia
1352 4605 1853 4667 Zarittzo-Batlensi,
1892 4616 1929 4659 t.
1966 4607 2030 4669 V,

464 4695 580 4745 pag.
617 4680 665 4741 Ι,
698 4692 760 4730 ex
796 4678 1115 4729 chartulario
1145 4675 1705 4745 coclesizecollegiatm
1736 4675 2033 4729 Wcissem-

461 4744 757 4817 littrgensis,
788 4759 839 4798 et
865 4748 1053 4800 iterum
1084 4745 1352 4817 inAlsatia
1379 4744 1739 4810 diplomatica,
1764 4754 1803 4817 ι.
1839 4746 1888 4817 l._
1910 4760 2030 4813 pug,

458 4820 515 4882 4,
546 4814 607 4870 εἰ
643 4819 945 4871 membrana
995 4816 1156 4868 veteri
1187 4857 1200 4873 .
1252 4814 1343 4867 sed
1373 4829 1531 4881 quam
1565 4814 1802 4879 agnoscit
1842 4815 1909 4867 ab
1934 4830 2032 4867 ex-

460 4890 715 4955 scriptore.
765 4890 1139 4945 emendatam,
1191 4885 1261 4936 ita
1305 4893 1359 4936 ut
1403 4886 1577 4955 stylus
1605 4884 2027 4955 Carlovingicam

460 4953 667 5012 :etatem
700 4958 941 5011 redolere.
969 4955 1239 5013 videatur;
1285 4968 1381 5004 nec.
1424 4953 1542 5005 ideo
1574 4956 1710 5005 inter
1738 4954 1915 5021 spuria
1949 4954 2031 5006 in-

462 5037 750 5081 strumenta
779 5028 1006 5091 diploma
1041 5024 1139 5075 hoc
1168 5022 1508 5090 relegandum
1538 5032 1739 5076 censet.
1784 5025 2031 5077 Thermas

462 5101 527 5150 tle
558 5099 744 5165 qltilztts
773 5098 855 5150 hic
883 5100 1054 5161 agitur
1086 5096 1303 5145 illertttzl!
1338 5102 1456 5165 sunt
1483 5092 1801 5165 Helvetirm,
1836 5108 2031 5146 verna-

460 5162 585 5222 cu'e
606 5166 803 5233 Baden,
837 5166 973 5233 quod
1009 5165 1144 5217 idem
1172 5172 1325 5215 sonat
1351 5176 1413 5215 ac
1441 5162 1623 5216 Latine
1652 5165 1844 5214 balnea.
1874 5165 2027 5228 Quod

459 5238 530 5290 ibi
564 5240 773 5306 legitur,
824 5238 924 5306 has
947 5236 1179 5306 thermas
1221 5234 1288 5286 ab
1323 5234 1732 5306 imperatoribus
1761 5238 2030 5306 Antonino

459 5318 511 5360 et
543 5302 773 5359 Adriano
796 5304 1098 5363 aediﬁcatus,
1137 5304 1511 5369 interpolatum
1536 5304 1763 5355 videtur.
1794 5302 2030 5355 Autltcn-

462 5379 619 5427 ticum
652 5378 869 5441 periisse
898 5379 1103 5425 monuit
1143 5373 1307 5425 abbas
1335 5372 1670 5432 Grandidier,
1721 5373 1772 5423 in
1802 5373 2026 5425 historia

458 5450 674 5499 Alsatim
695 5489 708 5505 ,
742 5457 781 5500 t-.
815 5448 861 5508 Ι,
898 5446 1046 5510 proh.
1077 5457 1193 5510 mg.
1223 5443 1314 5507 l4,
1358 5451 1468 5494 not.
1496 5442 1627 5493 Cum
1662 5442 1886 5507 primum
1917 5442 2029 5493 ecli-

461 5527 570 5567 tum
594 5525 677 5567 est
709 5518 807 5567 hoc
836 5517 1091 5581 diploma,
1127 5513 1419 5580 Dagoberto
1446 5513 1460 5564 Ι
1488 5514 1638 5575 vulgo
1667 5512 1763 5581 luit
1790 5512 2029 5581 assigna-

461 5592 603 5646 tum;
654 5588 911 5645 repugnat
957 5598 1171 5642 nomen,
1218 5585 1356 5649 quod
1403 5584 1469 5633 ibi
1511 5583 1715 5647 legitur,
1751 5580 2023 5644 lladl'redi,

464 5652 665 5703 abbatis
709 5653 1289 5717 Weissemburgensis,
1331 5654 1422 5716 qui
1470 5668 1572 5703 non
1629 5652 1726 5701 nisi
1775 5651 1865 5700 dtu
1908 5664 2021 5710 t-Osl

466 5718 739 5779 Dagnbcrti
791 5723 809 5770 Ι
844 5722 1043 5770 obitum
1073 5760 1087 5779 ,
1144 5729 1201 5770 ut
1243 5723 1430 5786 probat
1469 5722 1691 5775 (Ioecius
1720 5722 1768 5770 in
1803 5721 2024 5785 Magum,

466 5796 583 5847 pag.
615 5788 735 5849 iis,
772 5790 1089 5840 monasterio
1123 5786 1635 5859 Weisscntburgensi
1672 5786 1896 5857 pra-luit.

2214 4119 2269 4190 2.
2312 4119 2492 4173 Altero
2522 4117 2831 4187 diplomate,
2869 4133 2923 4171 n.
2956 4118 3045 4190 iV,
3089 4118 3440 4190 ablartenio.
3475 4122 3735 4190 Ampliss.

2146 4189 2357 4243 collect.
2388 4199 2426 4261 t.
2461 4190 2521 4261 ΙΙ,
2554 4191 2657 4242 col.
2694 4190 2786 4253 l3,
2814 4199 2872 4261 et
2898 4189 3079 4243 itidem
3104 4188 3347 4257 sincero,
3381 4192 3478 4245 sed
3510 4188 3739 4261 majoris

2144 4260 2416 4320 momenti,
2458 4259 2780 4327 liagobertus
2813 4260 2852 4312 ll
2883 4272 3194 4327 concessam
3229 4263 3575 4315 monasteriis
3596 4259 3741 4317 'Sta-

2145 4328 2350 4383 bulensi
2379 4340 2427 4379 et
2458 4326 2920 4381 Malmundariensi
2949 4329 3126 4381 villam
3156 4326 3564 4385 Germiniacum
3603 4346 3741 4386 cono

2144 4398 2336 4471 ﬁrmat.
2380 4400 2509 4451 Illud
2558 4400 2781 4471 dicimus
2827 4413 2853 4449 a
2900 4398 3535 4471 Dagobertoemissum;
3579 4402 3743 4471 Sigc-

2147 4469 2278 4522 berti
2324 4471 2464 4523 enim
2513 4483 2571 4521 se
2617 4469 2777 4521 lilium
2822 4469 3115 4535 prolitetur.
3161 4467 3317 4533 llinc,
3353 4467 3739 4535 postquam—in

2146 4539 2312 4591 lucem
2348 4546 2601 4601 prolatum
2633 4548 2737 4600 est,
2764 4536 2873 4605 jam
2903 4539 2953 4589 in
2986 4537 3150 4591 dubio
3176 4554 3297 4592 esse
3325 4540 3532 4593 destitit
3556 4557 3736 4597 revo-

2137 4609 2278 4662 catio
2330 4608 2421 4661 lilii
2466 4608 2725 4673 Sigeberti
2776 4622 2842 4660 es
2892 4608 3138 4661 llibernia
3187 4623 3281 4661 seu
3326 4612 3532 4673 Scotia,
3579 4616 3737 4666 etin

2135 4693 2357 4747 regnum
2389 4678 2685 4741 restitutio,
2738 4692 2855 4744 qua:
2885 4677 3095 4744 quidem
3129 4694 3193 4730 ex
3223 4678 3343 4731 aliis
3372 4680 3740 4747 testimoniis,

2136 4746 2398 4801 nt’videre
2428 4758 2509 4801 est
2550 4750 2685 4813 apud
2723 4746 3020 4817 Yalesﬁium,
3070 4747 3410 4812 Henschen.,
3453 4746 3740 4817 Longuer.

2134 4818 2326 4890 Annal.
2364 4818 2553 4871 Franc.
2582 4817 2632 4890 in
2665 4825 2702 4869 t.
2736 4816 2824 4881 ΙΙΙ,
2853 4816 3083 4870 Collect.
3112 4817 3297 4890 script.
3331 4834 3453 4890 rer:
3470 4816 3737 4890 Frfpag.

2133 4887 2238 4940 692
2261 4902 2313 4940 et
2343 4902 2457 4953 seq.
2509 4887 2624 4941 erui
2676 4896 2935 4951 cmperat,
2986 4888 3284 4956 prmsertim
3328 4902 3393 4940 es
3430 4887 3743 4956 Dagobcrti

2132 4959 2422 5025 diplomate
2470 4972 2565 5027 pro
2612 4958 2936 5027 monasterio
2983 4955 3538 5027 Weissemburgensi.
3582 4962 3742 5027 quod

2133 5042 2317 5094 supra,
2353 5042 2495 5078 num.
2532 5026 2585 5088 Ι,
2627 5025 2989 5078 recensuitnus
3012 5066 3026 5083 ,
3073 5026 3166 5079 sed
3201 5026 3326 5080 illud
3358 5027 3581 5094 quidam
3607 5025 3739 5083 Ὧι-

2131 5101 2354 5164 goberto
2401 5096 2435 5148 l'
2465 5096 2800 5147 tribuendum
2845 5095 3162 5148 censebant.
3222 5097 3377 5148 Omni
3407 5107 3601 5151 autem
3642 5115 3745 5153 ex-

2132 5163 2378 5229 ceptione
2406 5166 2575 5231 majus
2601 5175 2970 5231 argumentum
3000 5166 3066 5219 de
3094 5163 3193 5218 hac
3216 5166 3556 5220 restitutione
3598 5183 3741 5233 pra»

2132 5236 2218 5288 bet
2268 5236 2501 5301 diploma
2550 5234 2619 5304 de
2668 5248 2774 5298 quo
2825 5235 3053 5304 agimus,
3084 5235 3227 5295 quod
3271 5250 3464 5287 nomen
3502 5238 3743 5304 praefert

2132 5306 2407 5375 Dagoberti
2425 5305 2519 5370 ﬁlii
2546 5302 2819 5375 Sigeberti,
2850 5305 2982 5367 regis
3009 5302 3352 5357 Francorum.
3391 5302 3594 5367 Datum
3635 5308 3741 5360 fuit

2130 5373 2271 5427 anno
2301 5376 2339 5446 {ii
2364 5376 2508 5446 regni
2540 5373 2656 5439 ejus
2679 5411 2693 5434 ,
2726 5382 2783 5425 ut
2818 5381 3079 5426 testantur
3107 5376 3433 5429 metnbrana
3465 5389 3612 5446 qm
3641 5380 3737 5431 vl-

2129 5446 2275 5500 derat
2304 5445 2687 5497 llensehenius.

2543 5553 2568 5622 ᾗ
2596 5553 2657 5606 ll.
2680 5582 2749 5595 ——
2768 5552 3055 5620 Diplomata
3081 5554 3278 5622 spuria.

2200 5645 2389 5711 Spuria
2422 5644 2526 5697 duo
2556 5646 2657 5698 sub
2690 5647 2904 5697 nomine
2952 5643 3235 5713 Dagoberti
3273 5644 3413 5698 edita
3459 5654 3598 5700 sunt
3640 5646 3736 5700 di-

2185 5725 2380 5767 ornata.

2129 5719 2177 5787 Pl
2204 5788 2251 5837 t.
2294 5784 2547 5853 Primum,
2600 5799 2654 5837 η.
2705 5783 2780 5850 tl,
2822 5799 3021 5852 magna:
3048 5786 3187 5839 inter
3211 5784 3450 5841 eruditos
3479 5794 3737 5840 conten-
