4056 6178
371 300 395 357 1
406 298 527 355 505.-

366 523 614 586 Dr‘plvme
649 536 751 593 quo
787 519 1105 590 Dagobcrtus
1140 532 1239 575 tres
1281 532 1449 577 curtas
1486 524 1717 593 concedit
1758 523 1955 593 Argen-

560 592 767 647 tinsnst's
795 594 1015 645 ecclesiae
1044 595 1350 648 monasterio
1376 604 1404 634 ιι
1430 593 1575 660 (ann.
1604 592 1756 664 675).

382 730 391 731 κ
434 683 493 739 lu
525 684 741 738 nomine
777 692 977 737 sanctas
1002 692 1057 738 et
1090 681 1376 739 individua:
1401 684 1693 741 Trinitatis.
1718 683 1746 723 1³
1775 685 1949 754 Tage-

364 780 549 833 hertus
576 772 1011 847 [‘DagObertus},
1041 776 1220 830 divina
1266 776 1475 832 favente
1510 777 1789 831 clementia
1809 818 1824 842 ,
1857 791 1953 830 no-

361 870 656 925 bilissimus
681 882 795 927 res.
827 866 1020 921 Notum
1047 866 1117 921 sit
1143 867 1599 923 omnibussancte
1639 867 1730 923 Dei
1765 868 1948 925 Eccita-

320 1006 327 1015 .
360 965 444 1019 sic
474 962 720 1018 fidelibus
746 958 887 1015 natis
923 968 979 1014 et
1016 959 1330 1023 nascendis,
1373 959 1601 1027 qualiter
1629 956 1812 1031 [quod]
1852 973 1952 1028 ego

361 1069 460 1112 rex
486 1054 837 1125 Tagebertus,
868 1050 1265 1107 exbereditatus
1291 1050 1657 1124 [Dagobertus
1675 1092 1689 1114 ,
1716 1052 1948 1107 exhere-

360 1144 557 1218 datis],
598 1144 813 1199 Christo
840 1142 1071 1198 ‘Volente
1119 1140 1486 1214 [voluntate],
1535 1141 1765 1211 pr0priis
1803 1141 1948 1207 (illis,

358 1246 603 1291 sanctam
648 1234 867 1288 Mariam
910 1233 1069 1289 michi
1120 1234 1173 1288 in
1217 1220 1592 1288 hereditariam
1624 1231 1780 1304 [deest
1808 1233 1950 1301 apud

364 1323 700 1396 Kreeigsh.],
746 1325 999 1381 heredem
1029 1324 1285 1393 acquisivi
1315 1321 1637 1395 [aceersivi]
1662 1365 1676 1389 ,
1700 1323 1868 1388 dans,
1897 1323 1948 1377 in

360 1416 568 1474 honore
614 1416 855 1487 ejusdem
905 1416 1090 1471 matris
1136 1413 1387 1484 Domini,
1432 1412 1499 1468 ad
1548 1413 1951 1481 Argentiueusis

358 1509 590 1565 ecclesie
620 1520 641 1547 ο
677 1509 1059 1562 monasterium
1094 1515 1206 1560 tres
1243 1514 1424 1560 curtes
1453 1518 1599 1559 meas
1635 1504 1865 1571 optimas
1894 1512 1948 1557 et

357 1602 595 1664 electas,
627 1614 760 1666 quas
788 1600 859 1652 ita
889 1598 1258 1653 discernebam
1290 1612 1319 1650 a
1354 1596 1545 1651 ceteris
1582 1607 1640 1649 ιιι
1673 1606 1949 1663 preesseut

358 1694 571 1750 eunetis
594 1693 794 1766 [desunt
818 1692 959 1759 apud
990 1690 1319 1762 Kmuigsh.];
1350 1705 1576 1760 quarum
1606 1703 1709 1743 una
1734 1688 1834 1742 sita
1865 1697 1947 1742 est

356 1784 415 1845 iu
444 1800 581 1855 pago
605 1786 694 1854 qui
719 1783 912 1837 dicitur
942 1782 1112 1855 [deest
1138 1783 1279 1852 apud
1309 1777 1601 1849 licenigshJ
1634 1777 1943 1833 Βίςειιονὶεο

362 1874 505 1929 heitn
526 1913 542 1939 ,
568 1884 624 1930 et
652 1876 706 1930 in
735 1875 992 1929 comitatu
1031 1872 1358 1938 Chilcbeim;
1392 1872 1559 1926 altera
1599 1873 1651 1925 in
1693 1885 1827 1939 pago
1855 1871 1944 1937 qui

357 1979 578 2023 vocatur
617 1967 783 2040 [deest
819 1966 959 2038 apud
994 1963 1285 2036 Kmnigsltj
1319 1965 1583 2031 Bubiaca,
1615 1974 1670 2021 et
1696 1965 1746 2019 in
1771 1966 1944 2020 comi-

267 2079 271 2082 '
360 2068 474 2114 tatu
504 2059 765 2125 llcbieha;
800 2058 959 2113 tercia
990 2060 1042 2112 in
1072 2066 1205 2127 pago
1224 2057 1317 2127 qui
1345 2066 1679 2126 nuncupatur
1704 2054 1941 2127 [dicitur]

356 2156 599 2223 Species,
626 2163 677 2209 et
706 2154 758 2208 in
790 2152 1042 2206 comitatu
1073 2149 1361 2219 Bargeuse.
1386 2149 1602 2204 Scilicet
1630 2149 1727 2204 bas
1754 2163 1945 2216 supra-

353 2247 526 2301 dictas
573 2255 750 2300 curtcs
798 2244 866 2297 ad
915 2242 1282 2312 supradictum
1334 2243 1718 2297 monasterium
1751 2283 1766 2307 ,
1822 2256 1942 2294 cum

352 2339 747 2404 servientibus,
796 2336 1140 2406 optimatibus
1165 2376 1181 2401 ,
1234 2335 1317 2391 vel
1357 2335 1516 2390 etiam
1568 2335 1835 2403 equitibus
1877 2335 1942 2388 ad

352 2432 573 2486 easdem
602 2440 776 2485 curtes
803 2430 1211 2499 pertinentibus,
1238 2443 1305 2484 eo
1327 2429 1449 2497 jure
1479 2429 1667 2483 tradidi
1700 2428 1781 2501 [ut
1809 2440 1938 2481 om-

354 2524 511 2577 nibus
540 2522 693 2578 aunis
737 2521 844 2577 vite
888 2535 983 2576 sue
1027 2522 1125 2590 ipsi
1165 2532 1218 2576 et
1246 2521 1446 2590 posteri
1487 2536 1672 2575 eorum
1715 2530 1944 2591 quatuor

351 2627 602 2667 nummos
635 2612 701 2667 ad
732 2611 1023 2680 legitimqu
1061 2625 1278 2665 censum
1308 2610 1436 2665 deut
1465 2610 1531 2664 ad
1564 2613 1787 2665 eandem
1815 2626 1940 2664 cur-

353 2714 461 2758 tem
508 2718 611 2771 qua
656 2703 751 2757 visi
795 2713 921 2756 sunt
963 2702 1175 2771 degere.
1223 2701 1326 2758 Sed
1374 2701 1587 2757 viliores
1644 2712 1828 2756 servos
1866 2703 1938 2757 ita

352 2794 562 2863 dempsi
610 2809 639 2848 a
683 2794 1037 2864 suprad'etis,
1086 2804 1144 2847 ut
1178 2792 1304 2847 dent
1347 2792 1631 2847 duodecim
1667 2806 1938 2861 nummos,

354 2887 594 2955 exceptis
635 2886 740 2943 hiis
783 2905 795 2940 :
841 2887 889 2942 si
932 2887 1025 2955 qui
1058 2886 1309 2941 liberales
1344 2885 1595 2940 mulieres
1640 2886 1939 2957 aequirant,

354 2993 544 3032 eertum
568 2977 660 3032 ﬁlii
688 2978 891 3032 nullum
915 2992 1133 3033 censum
1161 2977 1407 3043 reddant,
1436 2977 1529 3032 sed
1556 2986 1731 3033 tamen
1762 2979 1942 3034 vivant

349 3072 537 3127 eodem
562 3073 680 3141 jure
710 3072 782 3125 uti
812 3080 989 3140 patres
1009 3085 1217 3125 eorum.
1245 3071 1465 3139 Insuper
1492 3069 1722 3125 bannum
1754 3084 1937 3126 eorum

349 3163 420 3217 sit
447 3164 684 3232 precium
715 3163 870 3216 trium
897 3162 1214 3227 solidorum,
1244 3162 1344 3217 nisi
1375 3162 1419 3215 si
1446 3176 1550 3231 que
1576 3160 1714 3215 forte
1738 3162 1934 3218 faciant

349 3264 534 3309 contra
575 3253 985 3319 monasterium,
1032 3253 1131 3308 hoc
1169 3252 1457 3308 emendent
1495 3252 1786 3307 secundum
1813 3267 1935 3322 gra-

352 3346 540 3399 tuitam
586 3348 911 3400 voluntatem
958 3344 1099 3399 illius
1148 3343 1252 3399 loci
1294 3344 1684 3413 procuratoris;
1724 3358 1823 3401 nec
1859 3354 1938 3399 ta-

350 3452 472 3492 men
521 3436 741 3491 omnino
790 3445 1044 3504 expertes
1098 3436 1266 3504 predii
1292 3476 1307 3501 ,
1356 3450 1532 3507 neque
1582 3438 1794 3506 proprie
1830 3438 1938 3507 vite

348 3530 663 3593 consistant.
695 3529 868 3599 Super
905 3529 1037 3596 hec,
1073 3528 1418 3601 Speciensem
1465 3529 1658 3584 cui-tim
1705 3530 1938 3586 discreto

418 3719 453 3751 ι
477 3707 687 3763 Primus
712 3708 943 3777 vulgavit
971 3708 1195 3765 Coccius
1221 3710 1273 3763 in
1304 3708 1531 3778 Dagob.,
1567 3723 1683 3777 pag.
1721 3708 1840 3773 H3,
1870 3724 1935 3765 ex

346 3778 547 3835 Codice
597 3781 895 3838 membran.
947 3796 1051 3835 ms.
1092 3781 1336 3835 ecclesia:
1376 3779 1808 3849 Argeutinensis,
1841 3781 1934 3835 sed

346 3852 679 3921 decurtatum
729 3853 918 3918 valde;
969 3866 1031 3906 ex
1077 3850 1307 3913 Coccio.
1347 3849 1503 3905 Joan.
1539 3850 1639 3921 Ph.
1671 3849 1934 3921 Vorburg,

347 3920 484 3983 Hist.
517 3919 641 3975 Rer.
673 3921 854 3977 Germ.
892 3933 1022 3977 tom.
1048 3920 1192 3988 Vill,
1229 3935 1349 3991 pag.
1376 3921 1513 3983 251;
1546 3919 1935 3989 "euschenilts.

345 3994 419 4046 de
454 3990 620 4047 tribus
650 3992 996 4061 Dagobertis,
1030 4008 1147 4061 pag.
1183 3992 1280 4058 δός
1323 3992 1596 4055 Cointius,
1628 3994 1769 4046 Ann.
1805 4002 1935 4047 tom.

345 4060 598 4145 ΠιλρτιεξΓ
640 4060 1260 4145 7.58;nl_.agirille,;li‘ist.
1309 4063 1477 4145 Alsat.
1518 4062 1672 4145 prob.
1713 4078 1834 4145 pag.
1872 4062 1934 4129 3;

344 4128 1005 4197 atSébilterus,Obsérv.
1046 4134 1110 4185 ad
1140 4132 1345 4191 Chron.
1386 4128 1743 4203 Komigsborii
1768 4128 1935 4203 (pag.

344 4202 483 4269 592,
512 4215 563 4257 et
589 4203 794 4273 Lunig,
826 4203 1011 4269 Spicil.
1040 4204 1238 4273 eccles.
1272 4212 1401 4273 tom.
1431 4200 1494 4256 Ill
1514 4242 1528 4266 ,
1564 4202 1838 4273 pag.806,
1865 4200 1935 4258 ex

344 4273 612 4327 Chronico
640 4271 1018 4343 Argentinensi
1055 4272 1415 4340 Kmnigsborii
1443 4287 1532 4343 an.
1567 4271 1706 4331 1586
1736 4275 1938 4341 scripto

344 4342 1052 4415 tlepromptumiediderunt
1110 4362 1121 4397 :
1177 4343 1373 4415 nullus
1403 4356 1465 4396 ex
1514 4342 1597 4396 his
1647 4345 1934 4415 integrum.

343 4414 583 4468 'l‘andem
631 4416 692 4469 D.
729 4413 1048 4470 Grandidier
1076 4429 1141 4468 ex
1172 4414 1498 4468 chartulario
1528 4413 1935 4468 membranaeeo

343 4500 489 4538 anno
523 4484 658 4539 1357
686 4496 911 4541 exarata,
944 4485 1097 4553 jussu
1138 4483 1372 4552 episc0pi
1416 4483 1850 4552 Argeutineusis,
1884 4494 1939 4540 et

343 4556 397 4609 in
433 4556 697 4610 tabulario
732 4555 964 4610 civitatis
1007 4554 1413 4623 Argeutineusis
1455 4555 1719 4621 reposito,
1771 4563 1935 4609 totum

343 4626 671 4697 exscripsit,
700 4626 833 4681 Hist.
862 4626 1058 4697 eet-les.
1093 4624 1367 4697 Argeutin.
1399 4631 1526 4697 tum.
1559 4623 1784 4697 lpr0b.,
1817 4641 1935 4694 pag.

348 4696 455 4768 Ξβ,
488 4693 543 4751 et
561 4693 927 4768 jurispubliei
959 4695 1101 4750 fecit.
1137 4694 1372 4768 llludhad
1406 4694 1569 4768 ipsius
1597 4693 1756 4768 iidem
1790 4693 1937 4752 recu-

348 4759 581 4836 «limus;
608 4759 767 4823 variis
811 4766 1129 4836 lectionibus
1166 4780 1237 4836 ex,
1275 4759 1632 4834 Kmnigsborii
1675 4764 1938 4823 ChrOuico

350 4837 495 4892 inter
537 4834 702 4895 uncos
751 4837 1021 4906 ascriptis.
1076 4834 1352 4895 Manifesta
1405 4835 1524 4890 falsi
1576 4836 1767 4906 indicia
1821 4847 1941 4903 post

350 4909 622 4964 tiointium
670 4905 916 4964 recenset
964 4924 1123 4977 supra
1174 4908 1414 4963 laudatus
1466 4907 1528 4961 D.
1581 4905 1936 4973 Graudidier,

348 4979 569 5050 dissert.
605 4977 672 5044 4,
709 4993 831 5050 pag.
872 4978 973 5043 83,
1012 4992 1235 5049 quorum
1287 4977 1553 5049 prmcipua
1604 4978 1717 5050 [nec
1760 4988 1885 5033 stmt
1923 4998 1938 5035 :

349 5047 408 5101 1°
456 5047 975 5104 formulae—initialem
1025 5047 1301 5115 ἱιιεοιίιωζ
1329 5050 1389 5102 2“
1426 5048 1827 5105 exltzeredatum
1878 5065 1938 5106 se

350 5117 479 5172 liliis
508 5121 788 5190 profitetur
814 5118 1176 5190 Dagobertus.
1209 5122 1298 5188 qui
1331 5130 1505 5173 tamen
1550 5120 1686 5172 bona
1730 5118 1830 5174 hoc
1857 5120 1939 5175 di-

352 5191 589 5256 plomate
610 5189 873 5245 Ecclesiae
900 5189 940 5244 Α
952 5193 1274 5260 rgentinensi
1294 5191 1495 5245 confert
1524 5202 1620 5255 pro
1647 5190 1935 5257 gratiarum

352 5261 565 5331 actione
583 5301 598 5325 ,
624 5277 689 5316 eo
714 5261 857 5331 quod
876 5262 943 5314 ab
966 5261 1343 5331 Argeutineusi
1365 5262 1617 5327 episeopo
1635 5262 1939 5331 AArbogasto

356 5330 496 5383 ﬁlius
532 5345 665 5387 suus
687 5328 980 5390 a'mortuis
1011 5328 1111 5388 hoc
1140 5332 1328 5387 eodem
1360 5341 1597 5396 tetnpore
1628 5328 1811 5385 fuisset
1840 5346 1936 5384 cx-

346 5398 578 5473 cilatus,
614 5408 670 5458 ut
707 5412 930 5456 testatur
958 5401 1197 5473 ejusdem
1237 5400 1517 5468 Arbogasti
1555 5398 1666 5473 Yita
1689 5402 1938 5473 ,_s:ecu_lo

347 5486 384 5525 ιι
418 5472 649 5538 scripta,
680 5489 741 5528 ex
776 5469 1002 5528 vetustis
1036 5472 1317 5538 codicibus
1347 5478 1495 5526 eruta
1543 5470 1608 5523 ab
1636 5469 1823 5538 eodem
1872 5470 1934 5527 ι).

346 5537 697 5609 G’randidier,
733 5544 943 5611 probat,
981 5557 1100 5612 pag.
1134 5542 1223 5607 50,
1254 5541 1338 5595 cui
1370 5539 1611 5612 concinit
1634 5537 1937 5597 Chronicon

346 5610 743 5666 Noviorucusis’
769 5610 1075 5667 monasterii
1096 5653 1110 5677 ,
1140 5628 1230 5667 xui
1260 5610 1459 5666 smculo
1481 5610 1790 5675 conflatum,
1821 5621 1877 5666 et
1906 5629 1933 5663 τι

348 5682 640 5747 Martenio,
686 5683 889 5737 Anecd.
937 5693 1062 5738 tom.
1107 5682 1208 5750 ill,
1252 5696 1375 5753 pag.
1406 5679 1578 5753 1128,
1609 5681 1844 5747 editum;
1879 5681 1936 5734 δ’

344 5753 591 5810 'l'utaudi
633 5753 936 5810 cancellarii
970 5768 1195 5819 nomen,
1225 5752 1525 5823 subprima
1555 5752 1719 5822 stirpe
1751 5766 1933 5825 regum

1056 295 1479 352 DIPLOMATA.
1520 323 1592 337 -
1630 294 1691 351 S.
1738 295 2135 355 DAGOBERTI
2174 297 2220 359 Il
2261 299 2625 359 PRECEPT.
2666 302 2956 360 ECCLES.

3504 308 3651 367 1503‘-

1977 411 2029 472 Α
2054 424 2175 467 cum
2204 413 2559 471 servientibus
2586 416 2746 471 michi
2776 417 2845 473 ab
2882 416 3001 477 aliis
3040 418 3110 472 ita
3144 417 3513 475 diseernebam
3532 460 3549 486 ,
3581 431 3644 477 ut

2053 502 2375 571 quicumque
2412 519 2444 559 a
2494 504 2882 562 famulantibus
2927 506 3088 563 michi
3141 507 3407 564 serviliter
3458 520 3641 573 essent

2054 593 2335 660 procreati,
2361 594 2637 651 masculini
2665 610 2825 653 sexus
2845 596 2935 666 qui
2962 597 3161 667 forent,
3186 599 3388 655 nullum
3412 617 3645 658 censum.

2051 683 2308 750 reddant;
2350 686 2446 740 sed
2493 686 2703 744 feminei
2741 704 2901 745 sexus
2928 696 3075 755 etas,
3120 699 3175 745 ut
3215 692 3506 758 prodictqu
3536 702 3640 760 est,

2054 774 2349 843 legitimum
2393 791 2615 834 censum
2665 781 2958 847 persolvat.
3002 782 3131 836 Post
3172 782 3272 837 hec
3306 782 3519 840 demum
3549 800 3647 840 cu.

2053 865 2206 933 piens
2233 882 2459 935 querere
2477 909 2495 934 ,
2523 886 2629 936 quo
2654 870 2879 926 consilio
2908 886 3135 938 corpus,
3158 873 3281 939 quin
3310 874 3492 941 pocius
3520 875 3641 930 ani-

2052 971 2229 1023 mam,
2264 958 2462 1026 possim
2496 959 2603 1015 Deo
2630 970 2684 1015 et
2705 961 2949 1033 genitrici
2969 963 3085 1031 ejus
3109 964 3517 1029 commendare,
3552 980 3641 1021 me

2051 1046 2117 1098 ad
2155 1046 2295 1101 idem
2336 1050 2701 1104 nonasterium
2725 1084 2742 1115 ,
2772 1051 3005 1119 quandiu
3060 1054 3342 1118 vixissem.
3394 1056 3509 1122 ejus
3544 1070 3643 1123 pro

2050 1137 2224 1206 grecis
2257 1139 2476 1205 promisi
2516 1140 2839 1196 serviturum
2860 1183 2875 1207 ,
2908 1151 2965 1196 ut
2992 1144 3104 1212 ipsa
3135 1159 3220 1198 me
3255 1143 3307 1197 in
3332 1146 3426 1200 die
3455 1146 3657 1214 judicii-

2050 1229 2452 1285 commendaret
2479 1246 2545 1285 ex
2582 1245 2642 1287 se
2669 1232 2959 1288 carnaliter
2994 1242 3116 1288 nato
3149 1234 3256 1288 filio
3288 1235 3514 1291 Domino
3541 1254 3639 1293 no-

2051 1332 2164 1375 stro
2190 1310 2317 1377 desit
2346 1322 2592 1386 Christo,
2620 1340 2682 1378 ac
2710 1327 2943 1381 maxime
2962 1371 2977 1393 ,
3020 1326 3149 1382 ideo
3181 1336 3235 1380 ut
3272 1328 3519 1384 liberales
3549 1330 3641 1399 qui

2052 1413 2310 1467 beneﬁcia
2360 1414 2427 1468 ab
2461 1416 2540 1470 eis
2570 1416 2636 1469 de
2670 1417 2907 1471 curtihus
2939 1433 3001 1471 ex
3051 1433 3139 1472 me
3183 1418 3482 1485 habebant,
3523 1435 3642 1474 mee

2054 1519 2151 1572 pro
2195 1519 2355 1558 causa
2403 1505 2703 1571 suasionis,
2743 1521 2802 1561 se
2844 1507 3031 1562 eodem
3073 1508 3233 1563 modo
3272 1525 3377 1578 quo
3415 1523 3547 1577 ego,
3582 1524 3644 1565 se

2054 1596 2424 1664 promisissent
2461 1597 2786 1662 servituros,
2835 1611 2940 1651 non
2984 1599 3284 1667 serviliter,
3320 1600 3415 1655 sed
3448 1593 3644 1656 lib'era-

2052 1685 2202 1751 liter,
2236 1685 2478 1753 legaliter
2514 1687 2637 1755 jure
2681 1689 2946 1753 virorum;
2986 1699 3232 1757 potentes
3277 1704 3307 1743 a
3357 1705 3447 1745 me
3491 1701 3547 1743 ut
3597 1691 3642 1743 si

2052 1774 2179 1843 quid
2213 1789 2445 1844 unquam
2470 1775 2582 1830 fore
2608 1776 2894 1846 fecissent,
2930 1778 3030 1833 hoc
3068 1778 3272 1833 facilius
3298 1779 3645 1834 emendarem

2050 1866 2271 1920 dimidio
2295 1867 2460 1935 partis
2478 1883 2637 1935 quam
2663 1868 2829 1923 ceteri
2854 1869 3278 1939 liberales,qimd
3301 1880 3356 1926 et
3374 1873 3644 1928 concessi.

2051 1957 2155 2012 Sed
2201 1965 2256 2012 et
2282 1959 2518 2027 insuper,
2550 1961 2595 2014 si
2627 1961 2750 2030 quid
2785 1963 3072 2017 emendare
3097 1962 3426 2029 debuissent,
3455 1965 3509 2019 in
3544 1966 3642 2019 ad-

2051 2048 2223 2102 vocati
2245 2049 2360 2116 ejus
2385 2048 2536 2118 jure,
2563 2067 2684 2104 eum
2716 2063 2920 2121 septem
2942 2053 3129 2108 solidis
3151 2061 3205 2109 et
3239 2056 3403 2110 semis
3432 2057 3643 2111 satisfa-

2056 2140 2200 2194 ciant
2241 2149 2415 2195 tamen
2450 2142 2580 2210 ipsis
2620 2142 2987 2209 laudantibus,
3016 2147 3143 2214 quin
3188 2147 3373 2215 pocius
3408 2151 3638 2204 eundem

2054 2230 2369 2286 advocatum
2417 2233 2889 2289 constituentibus.
2946 2235 3012 2289 Et
3055 2236 3100 2290 si
3150 2238 3269 2304 quis
3317 2240 3506 2293 horum
3546 2255 3649 2308 pro

2049 2324 2278 2378 maxima
2311 2326 2552 2391 culpetur
2582 2326 2765 2396 culpa,
2793 2328 2837 2380 si
2867 2326 3148 2396 culpabilis
3178 2327 3255 2381 sit
3278 2371 3293 2396 ,
3326 2330 3378 2383 in
3410 2332 3647 2385 maximo

2049 2415 2226 2470 inuito
2259 2417 2471 2486 triginta
2503 2418 2703 2472 solidos
2743 2419 3022 2484 emendet;
3062 2420 3193 2489 quin
3227 2422 3387 2475 etiam
3410 2463 3425 2489 ,
3464 2424 3509 2478 si
3549 2440 3646 2477 uu-

2047 2524 2203 2577 quam
2239 2511 2412 2577 presul
2440 2509 2680 2578 ejusdem
2726 2510 2826 2565 loci
2856 2526 3180 2581 quemquam
3223 2513 3412 2569 horum
3457 2522 3645 2572 contra

2045 2615 2105 2656 se
2151 2601 2377 2655 consilio
2422 2602 2505 2655 vel
2558 2602 2695 2655 facto
2744 2604 2907 2657 etiam
2955 2607 3147 2661 fecisse
3187 2608 3488 2675 convincat,
3541 2609 3647 2664 hoc

2046 2695 2294 2750 emendet
2327 2695 2478 2763 quasi
2512 2695 2649 2750 liber
2679 2699 2780 2751 vir.
2812 2697 2870 2755 Si
2910 2708 3086 2753 autem
3132 2702 3317 2756 insons
3345 2701 3475 2757 velit
3504 2701 3642 2767 ﬁeri.

2047 2804 2167 2842 cum
2217 2789 2458 2855 predicto
2488 2790 2614 2858 jure
2662 2790 2960 2844 liberalium
3008 2791 3345 2861 inculpabilis
3395 2793 3504 2848 fiat.
3538 2794 3644 2850 Sed

2048 2882 2150 2937 hiis
2181 2882 2489 2938 liberalibus
2509 2924 2522 2947 ,
2555 2883 2642 2950 qui
2675 2897 2735 2938 se
2766 2898 2858 2937 sua
2889 2893 3082 2951 sponte
3111 2900 3207 2953 pro
3245 2901 3361 2940 mea
3391 2888 3643 2943 suasione

2046 2973 2112 3027 ad
2140 2973 2279 3026 idem
2316 2975 2701 3029 monasterium
2729 2973 2985 3029 dederant
3008 3020 3021 3042 ,
3062 2977 3167 3031 tale
3192 2977 3279 3043 jus
3307 2979 3557 3033 constitui
3586 2990 3647 3033 ut

2052 3064 2281 3119 habeant
2312 3064 2530 3120 liberam
2563 3074 2875 3135 potestatem
2899 3067 3137 3133 emendi,
3168 3068 3422 3136 habendi,
3452 3069 3653 3139 dandi,

2048 3157 2338 3222 vendendi,
2372 3167 2426 3212 et
2454 3158 2685 3227 posteris
2715 3173 2900 3213 eorum
2931 3161 3138 3228 propria
3168 3160 3287 3230 jura
3320 3160 3641 3234 dimittendi,

2039 3260 2096 3308 et
2124 3268 2284 3307 nemo
2315 3268 2410 3307 eos
2441 3254 2776 3322 supradicat,
2804 3255 2903 3309 uisi
2936 3255 3189 3311 liberales
3217 3257 3269 3312 in
3297 3256 3486 3314 iisdem
3517 3274 3645 3315 eur-

2042 3344 2187 3400 tibus
2214 3346 2478 3415 degentes
2499 3346 2587 3416 qui
2618 3359 2677 3399 se
2708 3359 2829 3401 meo
2858 3347 3080 3401 consilio
3110 3348 3281 3402 eidem
3315 3350 3643 3406 monasterio

2037 3437 2515 3503 commendarent,
2545 3446 2600 3489 et
2642 3445 2819 3491 tamen
2864 3436 2962 3506 ipsi
2999 3438 3369 3507 supradicanl,
3407 3432 3644 3510 etjuSti-

2037 3527 2177 3583 ciam
2222 3527 2499 3583 inveniant
2541 3542 2704 3599 super
2742 3542 2931 3586 omnes
2968 3531 3059 3601 qui
3104 3531 3232 3587 illuc
3271 3532 3469 3588 subditi
3511 3533 3639 3588 sint.

2040 3705 2283 3761 Franciaa
2306 3720 2527 3777 prorsus
2550 3707 2902 3777 incognitum,
2934 3708 3073 3777 quod
3100 3707 3314 3765 videtur
3335 3718 3639 3766 mutuatum

2039 3794 2070 3831 a
2105 3776 2387 3844 Durando,
2419 3776 2508 3844 qui
2550 3777 2650 3833 sub
2688 3776 2964 3834 Ludovico
3003 3779 3101 3834 Pio
3147 3780 3295 3835 vices
3331 3782 3645 3839 cancellarii

2038 3847 2261 3919 agebat;
2300 3857 2357 3902 et
2398 3848 2523 3902 hinc
2541 3848 2789 3919 diploma
2834 3849 2902 3919 de
2928 3865 3034 3919 quo
3067 3849 3273 3918 agimus
3302 3850 3510 3905 decimo
3539 3867 3644 3905 sa:-

2039 3919 2162 3973 culo
2194 3917 2510 3974 fabricatum
2534 3916 2701 3973 fuisse
2731 3916 2999 3988 conjicere
3033 3916 3255 3984 pronum
3295 3929 3409 3986 est;
3439 3918 3504 3974 ιδ
3534 3918 3643 3975 [οι-ο

2041 3991 2199 4043 mulas
2226 3988 2291 4041 ad
2321 3989 2520 4041 calcem
2567 3989 2820 4043 adhibita:
2857 3989 2993 4043 hanc
3028 3994 3273 4043 eamdem
3313 3999 3525 4043 aetatem
3555 4005 3641 4044 sa-

2044 4060 2224 4126 piunt;
2260 4068 2315 4112 et
2353 4057 2630 4129 ridiculam
2672 4059 2968 4113 clausulam
3013 4060 3185 4127 arguit
3213 4060 3489 4125 Cointius,
3518 4076 3639 4129 qua:

2042 4136 2197 4183 notas
2237 4128 2649 4196 ehronologicas
2694 4128 2914 4182 exhibet
2956 4129 3024 4183 ab
3065 4129 3437 4184 incarnatione
3466 4142 3519 4185 et
3542 4128 3635 4184 iu-

2042 4200 2277 4254 dictione
2307 4201 2500 4268 petitas
2523 4238 2536 4262 ,
2564 4213 2627 4250 ac
2656 4200 2804 4269 regni
2840 4199 3122 4267 Dagoberti
3159 4215 3359 4254 annum
3390 4208 3637 4255 numerat

2044 4270 2372 4339 trigesimum
2421 4268 2755 4333 secundum,
2805 4284 2923 4323 cum
2968 4269 3151 4324 nullus
3202 4269 3357 4340 hujus
3403 4270 3638 4325 nominis

2041 4354 2133 4395 rex
2172 4340 2499 4396 Francorum
2534 4348 2609 4392 tot
2637 4341 2792 4394 antiis
2819 4343 3138 4408 regnaverit.
3189 4343 3244 4395 Si
3299 4355 3424 4395 vero
3474 4342 3641 4397 libeat

2044 4411 2283 4477 spurium
2322 4410 2747 4482 instrumentum
2779 4411 2934 4465 alicui
2975 4425 3117 4463 anno
3156 4413 3377 4482 alligare
3414 4427 3477 4467 ex
3510 4426 3639 4482 syn-

1964 4470 2395 4554 Dchrouismis,
2430 4496 2625 4534 annum
2664 4496 2785 4554 cum
2826 4482 3045 4554 Coiutio
3069 4470 3466 4554 assignabimus
3503 4470 3635 4539 675.

2040 4550 2234 4621 Liquet
2259 4551 2432 4623 enim,
2476 4562 2587 4606 tum
2629 4565 2694 4623 ex
2730 4551 3047 4623 Vitasaueti
3077 4550 3355 4623 Aruogasti
3378 4596 3393 4620 ,
3429 4563 3538 4611 tum
3567 4570 3636 4609 ex

2039 4624 2308 4677 Cluonico
2348 4620 2721 4687 Noviomensi,
2766 4622 3020 4677 emissum
3059 4620 3246 4679 fuisse'
3273 4625 3536 4693 diploma,
3581 4625 3633 4681 in

2040 4692 2528 4765 gratiamecclesite
2553 4695 2991 4760 Argentinensis,
3018 4710 3047 4748 a
3079 4692 3382 4765 Dagoberto
3415 4695 3477 4760 ll,
3508 4710 3630 4750 cum

2042 4767 2182 4818 lilius
2230 4762 2347 4834 ejus
2396 4778 2425 4816 a
2475 4774 2660 4835 saneto
2692 4765 3040 4835 VArbogasto,
3083 4762 3338 4835 episcOpO
3387 4765 3638 4835 Argenti-

2043 4837 2215 4899 nensi,
2241 4849 2272 4887 e
2300 4833 2524 4887 mortuis
2560 4834 2845 4888 suscitatus
2866 4833 2983 4901 est;
3017 4845 3067 4889 et
3103 4837 3153 4891 id
3187 4833 3431 4892 evenisse
3460 4833 3632 4904 pluri-

2041 4907 2139 4961 bus
2169 4904 2322 4977 annis
2353 4914 2479 4963 ante
2514 4906 2953 4977 mortem‘saueti
3005 4907 3306 4977 Arbugasti.
3357 4909 3405 4977 ls
3451 4914 3632 4977 autem

2036 4978 2143 5045 jam
2174 4976 2479 5045 decesserat
2507 4988 2648 5027 anno
2674 4974 2782 5029 679
2803 5017 2817 5039 ,
2852 4974 2988 5031 Call.
3017 4974 3212 5031 Christ.
3247 4978 3312 5029 2⁸
3342 4975 3456 5039 ed.,
3487 4974 3527 5026 t.
3563 4974 3633 5041 ν,

2042 5044 2144 5100 eoi.
2178 5047 2274 5100 78l
2309 5084 2320 5111 ,
2355 5055 2406 5099 et
2452 5044 2783 5114 Dagobertus
2814 5047 2854 5101 ll
2895 5062 3115 5116 regnum
3146 5060 3300 5101 suum
3349 5059 3633 5114 recupera-

2043 5127 2190 5172 verat
2215 5117 2353 5171 circa
2388 5127 2623 5169 mensem
2659 5116 2953 5185 Augustum
2998 5116 3120 5170 anni
3149 5116 3276 5170 674.

2112 5186 2141 5225 δ
2170 5185 2497 5266 Tagebertus
2528 5199 2624 5266 pro
2656 5183 2973 5266 bag'oberto,
2998 5195 3049 5266 et
3071 5185 3208 5266 infra
3228 5183 3629 5266 Turanduspro

2043 5258 2293 5326 Durand‘o
2324 5256 2517 5326 legitur
2547 5257 2600 5309 in
2630 5256 2959 5312 chartulario
2992 5256 3397 5324 Argentinensi,
3427 5256 3633 5311 scilicet

2041 5332 2211 5382 littera
2238 5323 2281 5380 Τ
2309 5323 2621 5381 ἱηῖἰιιειέιιιι
2658 5326 2706 5379 D
2747 5328 2899 5381 facile
2941 5323 3109 5388 abiit,
3142 5341 3263 5380 cum
3308 5339 3532 5394 utraque
3560 5328 3632 5382 sit

2039 5398 2280 5470 ejusdem
2310 5400 2529 5467 organi,
2563 5404 2619 5451 ut
2653 5398 2800 5452 aiunt
2825 5396 3192 5467 graiutnatici,
3227 5407 3280 5454 et
3308 5396 3419 5454 fere
3439 5398 3629 5454 eodem

2040 5467 2176 5526 sono
2198 5467 2466 5523 efferatur.

2113 5550 2135 5577 ο
2169 5538 2476 5594 Monasterii
2518 5537 2734 5592 nomine
2772 5536 3071 5607 appellatur
3112 5537 3337 5595 ecclesia
3379 5536 3634 5607 Argenti-

2042 5609 2222 5666 neusis
2243 5625 2257 5673 ;
2281 5610 2762 5680 cathedralesvero
2783 5610 3040 5663 ecclesias
3054 5608 3131 5680 sic
3149 5611 3442 5680 appellatas
3464 5609 3629 5680 fuisse

2040 5682 2199 5753 docet
2220 5678 2534 5753 Caiigiusin
2563 5677 2861 5753 Glossario,
2895 5690 3014 5753 voc.
3046 5677 3423 5740 Monasterium
3445 5726 3461 5753 ,
3490 5690 3529 5735 t.
3563 5678 3630 5735 iV

2040 5752 2145 5808 col.
2179 5748 2305 5817 895,
2334 5758 2385 5804 et
2420 5749 2468 5805 id
2501 5750 2761 5820 exemplis
2790 5750 3094 5809 confirmat.
