4056 6178
455 331 587 385 1507

1500 326 1746 383 FRANC.
1788 325 1948 384 RBG.
2000 328 2064 384 IV
2105 329 2340 386 PRIME
2378 327 2662 388 STIRPIS.

3572 329 3699 388 1308

449 456 701 515 tnsuper,
728 444 774 499 si
803 442 892 512 qui
918 442 1028 496 sint
1063 440 1152 511 qui
1200 440 1253 495 in
1294 438 1532 510 ejusdem
1578 440 1885 496 monasterii
1930 452 2027 509 po-
2057 450 2106 509 Α
2134 441 2376 510 penditiis
2399 442 2509 495 suis
2535 438 2918 510 pertinentibus
2944 437 3008 493 ad
3029 453 3119 506 se,
3154 439 3206 495 id
3233 447 3375 506 sunt,
3410 438 3702 498 molendini

453 543 699 590 testatem
730 532 943 586 veniant
964 529 1275 584 liberaliter
1301 528 1555 599 degentes
1581 531 1748 584 tercio
1776 527 2031 583 kalendas

450 625 661 691 Marcii,
690 630 872 692 postea
905 622 957 675 in
988 620 1226 675 advocati
1247 621 1368 688 jure
1392 629 1445 675 et
1473 619 1523 673 in
1556 620 1855 674 liberalium
1889 621 2031 673 viro-

453 728 572 769 rum
613 722 889 775 tueantur;
920 720 972 764 et
1014 709 1139 764 hinc
1177 709 1400 778 predlcti
1438 709 1684 764 liberales
1722 708 1923 763 nullum
1956 708 2031 761 la-

460 804 719 858 mulatum
752 801 969 856 domino
1016 801 1160 854 illius
1188 800 1288 855 loci
1329 800 1411 854 vel
1438 802 1548 871 regi
1579 798 1893 862 exhibeant,
1928 796 2029 852 nisi

445 908 510 946 ex
539 893 619 947 eis
662 891 918 946 beneﬁcia
968 890 1228 955 habeant;
1263 889 1331 942 ita
1372 889 1533 943 etiam
1572 896 1631 942 ut
1665 887 2028 957 unusquisque

448 982 703 1037 loricatus
729 982 811 1036 vir
853 981 1041 1035 decem
1082 993 1298 1034 mansus
1326 978 1628 1048 possideat,
1652 987 1711 1033 et
1738 988 1863 1033 tunc
1906 992 2032 1046 per-

445 1080 534 1140 gat
571 1070 935 1140 unusquisque
974 1070 1185 1123 illorum
1227 1084 1545 1137 quocunque
1585 1068 1749 1123 velint
1790 1082 1884 1122 eos
1908 1068 2030 1123 mit-

446 1172 594 1228 tere,
626 1176 746 1215 cum
777 1161 921 1216 victu
948 1160 1181 1229 episcopi
1204 1160 1318 1215 sive
1348 1161 1509 1230 regis,
1538 1160 1666 1228 ipsis
1694 1158 2029 1215 laudantibus

354 1248 359 1253 ’
447 1250 759 1305 ministeriis
803 1250 962 1303 trium
1001 1248 1404 1303 villicationum.
1435 1248 1491 1303 Si
1535 1260 1712 1303 autem
1750 1249 2025 1318 quisquam

446 1356 512 1395 ex
552 1339 630 1394 eis
670 1353 774 1393 non
813 1338 1015 1393 habens
1057 1339 1309 1393 beneﬁcia
1356 1340 1600 1408 exigatur
1634 1340 1686 1393 in
1716 1339 2028 1393 famulatum

448 1429 617 1496 ipsius
663 1427 763 1482 loci
802 1427 1130 1492 defensoris,
1178 1429 1337 1482 trium
1382 1428 1796 1482 ebdomadarum
1850 1430 2028 1497 spacio

441 1526 633 1586 pergat
678 1517 729 1570 in
778 1517 1001 1572 servicio
1036 1520 1100 1571 ad
1138 1518 1531 1573 defendendum
1574 1533 1796 1587 regnum
1841 1529 2027 1587 quarta

447 1605 714 1672 intrante,
746 1606 790 1659 si
823 1606 870 1660 ei
903 1606 1035 1660 nolit
1074 1606 1328 1661 beneﬁcia
1361 1609 1519 1672 dare,
1555 1607 1646 1661 ﬁat
1673 1608 1724 1661 in
1757 1608 2027 1676 presencia

447 1696 563 1764 ejus
606 1681 987 1766 cujuscumque
1036 1699 1165 1753 velit
1211 1699 1366 1753 miles
1398 1708 1445 1751 ι.
1479 1700 1609 1754 Acta
1658 1710 1780 1753 sunt
1833 1700 1930 1755 hec
1977 1702 2028 1753 in

446 1784 733 1854 lseuburg;
766 1798 815 1842 et
835 1826 851 1854 ,
882 1798 936 1843 ut
965 1787 1062 1842 hec
1091 1788 1195 1860 [ea]
1227 1805 1257 1843 a
1289 1790 1440 1844 nobis
1471 1789 1606 1843 facta
1636 1788 1944 1857 credantur,
1972 1801 2027 1845 et

444 1890 474 1928 a
521 1878 749 1945 posteris
792 1880 990 1933 nostris
1040 1894 1144 1934 non
1187 1880 1583 1949 inti-angantur,
1626 1897 1784 1936 manu
1816 1885 2027 1953 propria

448 1968 817 2023 roboravimus
857 1968 1232 2042 [roboramus]
1275 1982 1327 2025 et
1356 1973 1567 2041 sigillari
1595 1972 1869 2042 jussimus.
1901 1975 2030 2049 [Si-

449 2075 609 2124 gnum
655 2059 858 2115 domini
909 2062 1189 2130 'l‘agebcrti
1230 2064 1370 2130 regis
1416 2063 1508 2132 pii.
1554 2064 1666 2133 Ego
1718 2066 2026 2135 Turandus,

447 2150 802 2214 cancellarius
827 2150 998 2221 regis,
1030 2154 1143 2222 ipso
1168 2154 1418 2222 jubente,
1444 2157 1713 2225 rescripsi.
1745 2156 1872 2212 Acta
1903 2169 2031 2214 sunt

450 2238 551 2294 hec
573 2237 634 2310 1ει]
664 2250 854 2309 quarto
882 2256 1047 2295 nonas
1078 2244 1305 2311 Aprilis,
1342 2244 1465 2300 luna
1496 2247 1718 2311 septima
1750 2231 2025 2321 [decimaﬁ

446 2342 589 2382 anno
620 2329 689 2384 ab
729 2330 1095 2387 Incarnatione
1134 2334 1339 2390 Domini
1378 2352 1553 2392 nctxn
1580 2337 1599 2409 j
1615 2336 1829 2409 nccvt],
1864 2339 2032 2411 [indi-

446 2418 625 2475 ctione
673 2421 886 2489 quinta,
937 2433 1192 2491 regnante
1239 2425 1535 2495 Dagoherto
1580 2441 1703 2497 rege
1754 2426 1835 2498 c],
1890 2444 2031 2486 anno

447 2509 592 2579 xxxij
624 2513 773 2581 regni
799 2513 879 2567 sui
912 2512 1145 2585 [nostri].

1197 2622 1285 2678 IV.

453 2708 824 2787 Diplomaquo
854 2712 1171 2784 Dagobertus
1211 2716 1383 2775 villam
1426 2718 1799 2774 Germiniacum
1828 2739 1859 2775 a
1889 2733 2032 2787 patre

519 2796 615 2849 suo
654 2780 906 2849 Sigiberto
938 2780 1241 2839 Vconressam
1282 2792 1598 2844 monasteriis
1647 2780 1939 2847 Stabulen'si
1983 2803 2032 2849 et

474 2918 477 2923 ι
520 2846 986 2907 Μαίηηίηάανὶεηδὶ
1028 2857 1293 2924 conﬁrmat
1321 2854 1345 2894 δ
1381 2861 1523 2929 (αηη.
1563 2861 1707 2932 677).

527 2988 891 3058 Dagobertus,
940 3007 1031 3047 rex
1079 2993 1438 3064 Francorum,
1488 2997 1711 3055 inluster
1759 3000 1857 3056 vir.
1898 3001 2029 3057 Illud

451 3077 608 3133 nobis
636 3079 703 3134 ad
733 3081 1073 3137 stabilit.itein
1110 3086 1258 3154 regni
1301 3087 1352 3139 in
1385 3086 1475 3141 Dei
1501 3090 1720 3144 nomine
1748 3092 2031 3159 provenire

450 3168 799 3245 conﬁdimus,
845 3173 890 3225 si
931 3171 1065 3231 facta
1110 3173 1289 3228 domni
1320 3185 1374 3229 et
1402 3176 1655 3244 genitoris
1700 3181 1863 3233 nostri
1892 3180 2030 3251 Sigi-

451 3260 589 3315 berti
619 3262 884 3330 quondam
914 3265 1082 3333 regis,
1115 3279 1213 3333 pro
1243 3269 1439 3320 nostris
1468 3271 1701 3324 oraculis
1725 3271 1777 3324 in
1812 3271 1901 3327 Dei
1932 3288 2032 3328 no-

446 3348 595 3403 mine
625 3349 838 3406 ﬁrmare
863 3351 1247 3409 deliberamus.
1273 3357 1443 3423 Atque
1470 3358 1589 3412 ideo
1610 3360 1689 3413 vir
1709 3362 2032 3420 venerabilis

446 3438 755 3507 Goduinus,
792 3442 926 3495 abba
957 3444 1024 3497 de
1054 3447 1380 3500 monasterio
1408 3447 1658 3503 Stahulau
1689 3458 1742 3504 et
1770 3450 2028 3508 Malmun-

447 3529 631 3597 dario,
676 3530 974 3586 clementiae
1029 3536 1175 3604 regni
1225 3538 1391 3591 nostri
1439 3541 1731 3610 suggessit,
1782 3558 1847 3597 eo
1885 3545 2026 3613 quod

444 3617 680 3673 domnus
710 3628 763 3673 et
782 3619 986 3685 genitor
1014 3634 1195 3677 noster
1218 3623 1515 3692 Sigibertus
1538 3643 1653 3693 rex,
1682 3627 1741 3684 S.
1772 3629 2029 3687 Remaclo

448 3721 515 3762 ex
567 3707 691 3762 villa
739 3709 1146 3778 cognominante
1194 3711 1564 3783 Germiniaco,
1593 3716 1645 3770 in
1702 3732 1835 3788 pago
1884 3720 2028 3776 Rhe-

449 3810 667 3865 mense,
714 3799 778 3851 ad
820 3800 1117 3868 supradicta
1156 3807 1475 3858 monasteria
1510 3821 1625 3875 quae
1659 3817 1781 3861 sunt
1833 3809 1883 3863 in
1931 3812 2030 3866 Ar-

447 3887 689 3957 duenna,
734 3904 851 3959 quae
892 3892 1007 3960 ipse
1050 3893 1295 3962 princeps
1347 3908 1445 3948 suo
1496 3909 1658 3964 opere
1705 3900 2027 3965 construxit,

448 3980 564 4049 ipsa
614 3980 735 4035 villa
767 3979 1157 4037 Germiniacum
1177 4024 1192 4050 ,
1224 3998 1345 4038 cum
1380 3984 1525 4040 omni
1568 3987 1901 4056 integritate,
1931 4004 2030 4060 ap-

520 4111 549 4141 ⁸
577 4112 621 4186 A_
652 4112 837 4186 verbis
862 4123 917 4186 ut
941 4114 1173 4168 omnibus
1198 4115 1347 4169 anuis
1371 4115 1436 4170 ad
1469 4116 1583 4171 haec
1602 4118 1719 4172 velit
1742 4120 1905 4186 miles,
1929 4119 2027 4177 de-

446 4188 575 4235 sunt
603 4181 653 4235 in
685 4179 961 4246 Koenigsh.
991 4195 1046 4239 et
1076 4186 1209 4241 aliis.

442 4249 616 4375 “ciba
646 4254 809 4308 verbo
829 4256 1031 4325 signum
1054 4270 1218 4325 usque
1244 4266 1360 4311 sunt
1384 4256 1492 4313 lucc
1519 4257 1713 4314 desunt
1740 4259 1879 4330 apud
1902 4260 2027 4316 Km-

463 4345 476 4374 Ι
600 4359 618 4375 ο

499 4335 618 4390 gsn.

442 4392 618 4530 uisos:
644 4392 806 4449 verbo
833 4394 1108 4452 indictione
1141 4411 1306 4468 usque
1345 4416 1463 4471 rege
1490 4399 1687 4455 desunt
1725 4400 1861 4469 apud
1894 4399 2024 4458 Κω-

390 4560 393 4561 ν
575 4530 674 4585 Diu
698 4532 1335 4610 delituitinstrumenlum
1361 4539 1463 4596 hoc
1484 4540 1657 4610 magni
1683 4542 1857 4609 pretii.
1888 4542 2018 4598 illud
2055 4519 2104 4579 θ

445 4600 675 4666 primum
718 4606 986 4671 vulgavit,
1037 4623 1100 4662 ex
1149 4609 1475 4664 membranis
1525 4600 1928 4668 Sfabu'tensibus
1970 4623 2024 4667 et

448 4671 955 4753 {lambergensibum
998 4677 1402 4753 lienschenius,
1439 4681 1493 4734 in
1523 4681 1855 4753 _'l‘rib.iDag.
1902 4699 2022 4753 pag.

445 4737 514 4794 97
524 4757 564 4819 ε-
571 4755 637 4795 ex
658 4737 723 4795 e‘o
748 4746 1058 4819 recuderunt
1085 4748 1341 4819 Cllllilius,
1369 4737 1559 4805 Annal.
1584 4762 1622 4804 t.
1649 4751 1734 4812 Ill,
1753 4737 1868 4819 pa}.
1895 4737 2021 4818 itis,

441 4809 843 4895 et‘foppenus,
877 4813 1064 4884 Suppl.
1105 4818 1169 4871 ad
1200 4834 1288 4895 op.
1320 4809 1639 4895 dipl._hlir:ei
1666 4861 1680 4885 ,
1788 4809 1871 4886 lli,
1903 4809 2022 4893 pag:

441 4878 578 4960 QSQ;
613 4878 898 4960 Martenius
927 4878 1079 4960 vero,
1107 4878 1343 4957 ampliss.
1373 4878 1593 4945 Collect.
1632 4878 1679 4944 ιζ
1701 4891 1761 4953 ll,
1794 4878 2023 4959 col.'13,

442 4953 633 5006 iterum
665 4953 832 5009 edidit
860 4970 923 5009 ex
965 4953 1232 5012 chartario
1274 4959 1572 5015 Stabulensi
1603 4968 1655 5013 et
1697 4953 2023 5016 Malmnnda;

444 5021 606 5097 riensi
632 5023 1023 5097 depromptum,
1048 5039 1100 5081 et
1120 5045 1182 5082 ex
1215 5029 1469 5083 Martenio
1502 5029 1851 5097 Bertholetus,
1885 5028 2023 5088 Hist.

444 5088 714 5170 Luxcml_)_.
740 5102 779 5147 t.
815 5088 887 5170 ll,
930 5088 1049 5167 pag.
1080 5098 1313 5170 2|0,_ac
1351 5099 1676 5170 Collectores
1701 5088 2021 5170 scriptorum

444 5175 621 5216 rerum
664 5162 1143 5241 Francicarum,t.
1186 5168 1273 5241 IV,
1313 5184 1434 5239 pag.
1470 5169 1593 5241 657.
1643 5162 2021 5241 Βδςυιὶρηυηι,

442 5241 561 5299 post
595 5242 823 5311 mortem
853 5235 1100 5311 S_igiberti
1136 5240 1299 5309 patris
1316 5235 1436 5311 sui,
1466 5241 1519 5293 in
1551 5235 1783 5295 Scotiam
1818 5235 2022 5311 relega;

445 5312 554 5355 tum
592 5301 752 5359 fuisse
772 5301 1109 5376 scripserunt
1138 5301 1350 5363 Veteres
1388 5301 1622 5364 historiae
1659 5322 1854 5365 nostra:
1891 5301 2023 5367 scri-

443 5378 656 5451 plores,
689 5374 904 5451 θερμά
926 5380 1096 5451 ipsius
1140 5378 1190 5433 in
1233 5396 1451 5451 regnum
1487 5380 1828 5451 restitutione
1856 5384 2019 5436 altum

439 5441 711 5497 silentium
730 5443 874 5518 luit.
908 5441 1101 5516 donec,
1129 5441 1321 5505 saeculo
1351 5449 1589 5518 proxime
1616 5451 1831 5518 elapso,
1861 5455 2021 5507 variis

440 5516 772 5585 argumentis
800 5517 971 5574 critici
1014 5521 1149 5575 hanc
1192 5516 1579 5574 restitutionem
1610 5516 1934 5585 docuerunt;
1968 5533 2021 5575 at

444 5583 610 5659 multo
635 5586 1221 5659 certiusargumentnm
1246 5590 1448 5645 eruitur
1473 5604 1539 5644 ex
1567 5590 1851 5657 diplomate
1878 5583 2017 5659 quod

443 5651 777 5712 exhibemus.
825 5651 1131 5716 Lectioncm
1180 5659 1419 5716 Martenii
1469 5651 1762 5730 sequimur.
1810 5651 2017 5719 Germi-

2130 530 2238 584 duo
2266 530 2364 586 sub
2392 546 2498 586 uno
2526 539 2703 596 tecto,
2750 544 2874 585 cum
2918 529 3028 584 aria
3068 542 3229 602 super
3264 528 3427 586 fluvio
3471 531 3710 601 Suppia,‘

2129 620 2284 677 vinea
2323 622 2374 676 in
2418 622 2628 677 Beterio
2671 634 2791 675 cum
2829 620 3153 686 vineatore,‘
3182 620 3285 676 hoc
3322 629 3486 675 totum
3517 623 3604 677 vel
3637 624 3703 678 ad

2134 712 2397 780 integrum
2423 713 2489 766 ad
2518 714 2635 781 ipsa
2663 709 2991 785 monasteria
3011 726 3129 781 qute
3158 721 3280 765 sunt
3309 711 3360 765 in
3384 713 3587 767 honore
3612 728 3705 782 pa-

2132 804 2298 859 tronis
2319 804 2484 859 nostri
2514 804 2573 859 8.
2604 802 2746 859 Petri
2772 812 2825 858 et
2848 802 3024 868 Pauli,
3052 813 3105 857 et
3123 802 3181 857 S.
3210 802 3449 869 Martini,
3471 805 3556 858 vel
3577 818 3702 858 san-

2129 902 2336 949 ctorum
2371 904 2667 951 ceterorum
2697 894 2785 962 qui
2819 893 3015 948 ibidem
3053 892 3120 945 ad
3158 892 3273 960 ipsa
3310 892 3424 947 loca
3462 894 3702 947 venerari

2131 996 2438 1054 noscuntur,
2464 999 2558 1057 per
2578 1001 2728 1041 suam
2758 986 3165 1055 praeceptionem
3186 986 3536 1041 concessisse.
3557 984 3703 1040 Unde
3778 1026 3781 1029 λ

2129 1088 2181 1133 et
2229 1078 2395 1145 ipsam
2450 1076 2858 1146 prteceptionem
2900 1084 3223 1131 memoratus
3269 1076 3350 1130 vir
3388 1075 3705 1131 venerabilis

2130 1166 2403 1222 Goduinus
2426 1166 2580 1231 abba,
2604 1169 2717 1222 suis
2734 1166 2895 1221 etiam
2924 1164 3164 1220 manibus
3195 1164 3522 1231 roboratam,
3551 1166 3705 1221 nobis

2130 1257 2181 1310 in
2213 1258 2460 1326 praesenti
2492 1257 2709 1327 protulit
2736 1256 3072 1325 relegendam
3091 1298 3106 1324 ,
3136 1266 3189 1312 et
3210 1258 3398 1311 asserit
3419 1257 3560 1324 quod
3584 1272 3702 1325 pars

2130 1347 2296 1415 ipsius
2320 1347 2630 1402 monasterii
2661 1348 2826 1414 ipsam
2858 1362 2971 1402 rem
2992 1347 3552 1417 superiusintimatam
3576 1358 3703 1403 tem-

2130 1455 2259 1509 pore
2297 1441 2546 1509 praesenti
2588 1440 2860 1510 possidere
2895 1442 2976 1495 vel
3015 1440 3273 1497 dominari
3304 1442 3580 1506 videntur;
3611 1442 3702 1496 sed

2128 1532 2204 1587 rei
2237 1532 2397 1587 totius
2439 1533 2742 1587 ﬁrmitatem
2788 1540 3078 1586 nostram.°
3104 1546 3168 1586 se
3202 1531 3360 1600 petit,
3400 1541 3457 1587 et
3504 1533 3703 1602 plenius

2128 1636 2191 1676 ex
2224 1621 2324 1676 hoc
2350 1622 2414 1675 ad
2442 1622 2806 1691 suprascripta
2839 1625 3160 1679 monasteria
3188 1640 3282 1695 per
3307 1633 3541 1677 nostram
3572 1639 3703 1693 prae-

2130 1712 2427 1780 ceptionem
2482 1713 2534 1766 in
2592 1711 2685 1768 Dei
2728 1714 2945 1768 nomine
2992 1716 3310 1770 conﬁrmare
3361 1715 3705 1769 deberemus.

2060 1815 2103 1873 B
2130 1802 2294 1873 Cujus
2322 1804 2665 1875 petitionem,
2702 1805 2839 1858 sicut
2877 1804 3161 1873 unicuique
3190 1806 3331 1873 justa
3379 1804 3703 1873 petentibus,

2132 1895 2444 1963 praestitisse
2494 1904 2548 1950 et
2592 1896 2646 1949 in
2694 1895 2941 1950 omnibus
2986 1895 3332 1951 conﬁrmasse
3380 1893 3703 1964 cognoscite.

2130 1984 2504 2054 Prtecipientes
2537 1985 2679 2040 enim
2722 1994 2817 2050 ut,
2865 1984 3002 2039 sicut
3038 1993 3246 2039 constat
3279 2000 3373 2053 per
3413 1986 3703 2052 inspectam

2129 2077 2545 2144 prazceptionem
2564 2075 2674 2145 jam
2699 2076 2841 2131 dicto
2869 2076 3103 2145 principe
3122 2117 3137 2140 ,
3166 2076 3278 2144 ipsa
3307 2076 3434 2131 villa
3460 2074 3705 2145 superius

2130 2165 2372 2220 intimata
2391 2204 2406 2231 ,
2436 2181 2556 2221 cum
2584 2167 2728 2221 omni
2754 2167 3055 2236 integritate
3083 2174 3137 2221 et
3155 2167 3420 2222 soliditate
3448 2182 3570 2234 sua,
3598 2177 3703 2222 ter-

2130 2256 2338 2310 minum
2370 2257 2435 2311 ad
2465 2258 2741 2326 eamdem,
2783 2258 2868 2312 vel
2917 2258 3030 2329 ipsa
3067 2259 3373 2325 farrinaria,
3422 2273 3513 2315 seu
3556 2260 3705 2315 vinea

2131 2360 2250 2400 cum
2291 2348 2594 2416 vineatore,
2635 2350 2811 2404 taliter
2856 2364 2951 2419 per
2992 2364 3143 2406 suam
3190 2352 3601 2419 prmceptionem
3638 2350 3705 2406 ad

2132 2435 2244 2505 ipsa
2274 2436 2389 2492 loca
2416 2449 2721 2494 sanctorum
2754 2441 2899 2496 visus
2928 2449 3011 2495 est
3039 2442 3397 2507 concessisse,
3423 2452 3479 2496 et
3511 2443 3616 2497 hoc
3639 2443 3705 2497 ad

2130 2540 2370 2597 prasens
2422 2527 2443 2567 ί
2499 2544 2653 2596 pares
2699 2531 2863 2600 ipsius
2904 2533 3221 2587 monasteria
3270 2533 3575 2599 possedisse
3627 2533 3707 2587 vel

2132 2609 2397 2673 ddminari
2427 2619 2703 2686 videntur;
2737 2622 2806 2675 ita
2835 2621 3092 2691 deinceps
3121 2637 3216 2691 per
3244 2622 3382 2677 hanc
3400 2622 3710 2690 praeceptio-

2132 2725 2253 2767 nem
2278 2718 2547 2778 nostram,
2581 2719 2684 2765 tam
2719 2713 2905 2781 terris,
2936 2714 3107 2779 casis,
3140 2713 3375 2779 mansis,
3407 2713 3707 2781 mancipiis.

2132 2802 2403 2873 aediliciis,
2433 2819 2555 2859 cum
2585 2805 2756 2859 vincis
2775 2847 2791 2872 ,
2831 2805 3063 2874 campis,
3112 2806 3276 2872 pratis
3296 2847 3312 2871 ,
3343 2805 3521 2870 silvis,
3554 2805 3711 2860 cultis

2134 2901 2188 2950 et
2230 2895 2470 2960 incultis,
2513 2895 2663 2963 aquis
2689 2910 3011 2964 aquarumve
3038 2895 3379 2961 decursibus,
3410 2896 3623 2963 plenius
3653 2896 3711 2950 in

2134 2986 2229 3041 Dei
2267 2985 2482 3041 nomine
2508 2987 2915 3054 conﬁrmatum,
2954 2987 3026 3042 ita
3043 2981 3111 3041 'ut
3140 3002 3293 3056 pares
3322 2988 3561 3057 praedicti
3591 3002 3712 3040 mo-

2134 3078 2348 3135 nasterii
2391 3077 2492 3132 hoc
2529 3079 2785 3144 habeant,
2823 3088 3040 3134 teneant
3080 3087 3240 3147 atque
3280 3078 3620 3147 possideant;
3657 3088 3715 3132 et

2056 3162 2103 3224 C
2135 3170 2249 3237 ipse
2274 3169 2546 3224 Goduinus
2583 3185 3026 3237 surcessoresque
3061 3171 3142 3226 sui
3176 3171 3421 3240 perennis
3454 3171 3714 3239 temporis

2134 3258 2235 3315 hoc
2266 3260 2473 3315 valeant
2503 3262 2777 3330 possidere
2804 3263 2887 3316 vel
2926 3262 3220 3327 dominari,
3255 3262 3344 3331 qui
3380 3261 3557 3331 potius
3592 3275 3712 3314 mo-

2134 3350 2321 3406 nachis
2350 3353 2439 3422 qui
2478 3353 2672 3407 ibidem
2716 3353 2785 3407 ad
2826 3353 2936 3423 ipsa
2977 3354 3295 3411 monasteria
3332 3352 3607 3411 deservire
3632 3353 3716 3410 vi-

2134 3441 2357 3508 dentur,
2412 3444 2493 3499 vel
2545 3458 2809 3514 pauperes
2852 3443 2943 3514 qui
2988 3446 3054 3499 ad
3101 3446 3216 3515 ipsa
3254 3447 3367 3500 loca
3406 3456 3714 3499 sanctorum

2133 3531 2399 3588 alimonia:
2430 3543 2810 3602 expectantur,
2854 3534 3041 3589 melius
3072 3550 3164 3589 eos
3196 3537 3223 3574 ε
3252 3535 3579 3590 delectorum
3618 3548 3715 3603 pro

2134 3621 2422 3676 stabilitate
2453 3623 2602 3693 regni
2634 3625 2825 3689 nostri,
2858 3624 3065 3679 Domini
3098 3626 3517 3681 misericordiam
3542 3639 3714 3682 atten-

2136 3714 2239 3767 tius
2273 3728 2517 3769 exorare.
2562 3715 2629 3770 Et
2666 3725 2724 3769 ut
2765 3715 2879 3772 haec
2916 3718 3203 3784 praeceptio
3244 3718 3537 3786 pleniorem
3573 3720 3712 3773 obti-

2134 3813 2290 3869 neat,
2323 3803 2415 3858 Dei
2450 3805 2693 3870 nomine,
2719 3807 2915 3861 nostris
2936 3814 2990 3861 et
3021 3806 3239 3873 futuris,
3269 3807 3555 3863 auxiliante
3574 3807 3709 3874 Deo,

2135 3893 2461 3959 temporibus
2494 3893 2733 3964 vigorem
2765 3910 2952 3950 manus
2992 3907 3201 3951 nostras
3237 3898 3714 3967 subscriptionibus

2131 3998 2290 4054 super
2317 3998 2433 4040 eam
2464 3985 2798 4041 decrevimus
2823 3987 2851 4026 ιι
2884 3986 3189 4044 adﬁrmare.

2130 4117 2337 4191 piacum
2365 4120 2544 4191 villam
2573 4133 2609 4191 a7
2634 4120 2901 4191 Sigiberto
2936 4121 3186 4177 donatam
3219 4119 3629 4178 Stabulensibus
3653 4131 3712 4180 et

2129 4188 2734 4257 Malmundariensihus',
2766 4192 2867 4261 jam
2901 4192 3195 4259 diplomate
3227 4207 3325 4246 suo
3353 4194 3711 4250 conﬁrmave-

2128 4268 2211 4313 rat
2238 4261 2546 4315 Chidericus
2573 4262 2642 4325 Il,
2672 4262 2811 4329 quod
2838 4276 2997 4329 supra
3023 4262 3307 4326 edidimus,
3336 4264 3439 4316 col.
3474 4264 3637 4317 129i.

2205 4340 2228 4369 ο
2260 4332 2409 4398 Apud
2463 4331 2854 4385 llenscbenium
2903 4348 3005 4387 vox
3050 4348 3104 4385 se
3144 4333 3216 4386 ita
3264 4335 3516 4387 scribitur
3562 4333 3717 4401 quasi

2128 4400 2267 4455 foret
2296 4416 2395 4454 vox
2435 4401 2617 4474 mutila
2640 4440 2658 4467 ,
2697 4417 2856 4472 quam
2898 4403 3155 4474 integram
3189 4404 3442 4471 exprimit
3473 4400 3719 4459 Cuiatins

2127 4484 2258 4524 voce
2289 4472 2628 4525 serenitatem.

2207 4538 2227 4577 τ
2260 4539 2734 4610 Typographorum
2776 4541 3055 4597 oscitantia
3096 4550 3381 4607 corruptus
3410 4541 3581 4598 locus.
3616 4542 3717 4597 ilic

2127 4618 2177 4664 et
2206 4613 2361 4681 paulo
2386 4612 2517 4664 inira
2548 4611 2828 4679 legendum
2850 4612 3253 4681 videturpatres
3274 4614 3433 4681 ipsius
3457 4623 3717 4665 monaste—

2126 4681 2193 4732 rii
2214 4720 2229 4743 ,
2262 4680 2449 4752 eodem
2491 4695 2653 4735 sensu
2688 4697 2793 4749 quo
2832 4696 2992 4748 supra
3032 4680 3229 4737 dicitur
3255 4699 3373 4752 pars
3406 4684 3571 4749 ipsius
3596 4698 3714 4735 mo-

2126 4750 2366 4821 nasterii,
2393 4752 2535 4821 quod
2569 4751 2699 4804 nihil
2723 4753 2861 4804 aliud
2889 4763 3044 4808 sonat
3072 4768 3227 4821 quam
3256 4750 3422 4820 ipsum
3454 4760 3713 4805 monaste-

2125 4820 2280 4944 rati”:
2310 4819 2549 4897 Coiutius
2592 4821 2843 4876 emendat
2885 4831 3059 4893 patres
3091 4819 3427 4887 monasterii,
3478 4836 3584 4877 non
3638 4823 3711 4877 ita

2151 4904 2180 4944 e
2206 4899 2375 4943 lCllel‘.

2151 4891 2375 4944 eliciter.
2520 4894 2521 4897 “

2203 4962 2230 4999 ε
2262 4959 2463 5029 Legere
2485 4959 2638 5029 jubet
2656 4960 2945 5018 Martenius
2971 4962 3200 5018 delectet.
3230 4962 3320 5019 Sic
3339 4960 3711 5017 Henscbenius

2128 5039 2178 5085 et
2206 5041 2371 5084 recte.

2198 5100 2226 5139 h
2256 5099 2406 5152 Nulla
2428 5108 2565 5172 nota
2596 5101 3007 5172 ehronologica;
3057 5104 3149 5160 sed
3191 5118 3362 5156 annus
3402 5118 3509 5170 quo
3548 5100 3711 5172 lactis

2129 5169 2525 5238 exemplaribus
2556 5169 2961 5231 exhibitnm'est
2991 5174 3220 5240 diploma
3252 5169 3500 5240 Sigiberti
3543 5170 3711 5237 Dago-

2129 5242 2283 5310 berto
2329 5240 2480 5309 regi,
2530 5243 2596 5293 ad
2647 5242 3030 5310 impetrandam
3079 5246 3568 5303 cuntirmatinuem,
3630 5242 3711 5292 his

2128 5308 2307 5364 verbis
2358 5308 2640 5364 putabatur
2687 5308 2737 5365 in
2778 5316 3102 5367 membranis
3154 5314 3631 5380 ilainbergensibus
3660 5320 3712 5362 et

2128 5381 2573 5443 Stabulensibus,
2625 5391 2761 5437 teste
2808 5383 3165 5437 llenschenio.
3208 5380 3368 5435 Facta
3399 5382 3710 5449 exentplaria

2128 5451 2220 5522 suo
2251 5452 2333 5504 die
2360 5450 2486 5504 Kal.
2520 5453 2652 5521 Aug.
2700 5468 2887 5517 mense,
2938 5468 2988 5507 tv
3031 5455 3171 5522 regni
3201 5456 3375 5506 domui
3406 5454 3570 5505 nostri
3603 5449 3708 5522 Da:

2128 5520 2321 5591 goberti
2366 5522 2498 5591 regis
2523 5562 2537 5583 ,
2586 5517 2637 5575 id
2682 5533 2764 5576 est
2805 5538 2944 5575 anno
2975 5517 3166 5577 Christi
3201 5523 3333 5586 ϐπ,
3366 5523 3450 5577 die
3491 5517 3706 5588 Augusti

2131 5590 2321 5665 prima.
2353 5590 2474 5665 Yid.
2506 5594 2645 5665 Qun.
2681 5593 2869 5647 Franc.
2896 5592 3171 5665 iLonguer.
3205 5604 3335 5650 tom.
3367 5592 3453 5661 ιιι,
3484 5592 3706 5647 Col,ect.

2127 5659 2324 5731 Script.
2357 5662 2483 5717 iter.
2512 5660 2703 5718 Franc.
2738 5677 2854 5732 pag.
2883 5664 3007 5721 633.
