4056 6178
463 298 605 355 1325

1456 328 1461 331 -
1536 287 1780 343 FItANC.
1825 283 1983 340 RBG.
2016 280 2079 336 IV
2121 278 2360 337 ΡΒΙΜΑΕ
2398 279 2679 338 STIRPIS.

3583 284 3719 341 1394

465 418 550 474 vel
590 415 702 486 ipsa
745 408 1086 481 congregatio
1111 406 1256 461 omni
1288 414 1529 470 tempore
1550 442 1566 467 ,
1618 402 1820 469 absque
1850 397 2026 467 cujus-
2054 397 2101 451 Α
2132 395 2329 486 nostris
2353 395 2628 486 etrrtuturis
2651 395 2978 464 temporibus
3001 394 3100 450 sub
3121 395 3242 464 jure
3269 405 3322 462 et
3345 395 3720 455 dominatione

467 509 599 564 libet
649 504 1069 573 impedimento,
1124 499 1205 553 vel
1261 495 1689 566 supradictorum
1753 492 1987 545 virorum
2017 529 2031 554 ,

464 602 672 672 quietas
701 598 753 649 in
784 597 900 665 ipso
926 591 1255 647 monasterio
1278 626 1294 651 ,
1342 589 1446 642 sitn
1480 589 1531 641 in
1569 601 1702 655 pago
1733 586 2035 640 Cenoman-

464 691 605 755 nico,
636 686 875 741 Tufﬁaco
905 694 1233 744 constructo,
1268 680 1500 733 debeant
1527 678 1786 741 residere,
1820 674 1901 727 vel
1935 673 2036 726 sub

463 789 642 834 sancta
674 776 855 846 regula
885 776 1082 830 ibidem
1115 785 1437 835 conversare
1462 813 1476 836 ,
1527 778 1580 823 et
1628 784 1723 836 pro
1766 776 1903 821 statu
1939 766 2037 819 Ec-

463 869 638 924 clesiae
666 878 713 922 ct
746 867 914 921 salute
945 865 1156 934 patrue,
1189 878 1283 917 seu
1317 878 1410 929 pro
1439 862 1728 916 stabilitate
1755 859 1904 928 regni
1937 872 2032 911 no-

462 967 554 1016 stri
588 962 892 1029 perenniter
916 959 1113 1013 ibidem
1142 958 1374 1013 debeant
1429 971 1673 1011 exorare.
1727 955 1795 1009 Et
1832 962 1887 1007 ut
1920 954 2033 1007 haec

462 1052 748 1107 auctoritas
778 1051 980 1105 ﬁrmior
1011 1051 1289 1114 habeatur,
1326 1051 1377 1102 iu
1406 1049 1653 1103 omnibus
1683 1054 1735 1100 et
1763 1046 1830 1100 ab
1861 1044 2037 1098 omni.

462 1147 561 1199 bus
610 1153 1000 1207 conservetur,
1064 1156 1248 1195 manus
1326 1148 1523 1194 nostrae
1592 1136 2037 1204 suscriptionibus

461 1235 646 1289 subter
665 1248 783 1289 eam
812 1231 1143 1287 decrevimus
1170 1230 1443 1284 roborare.
1486 1228 1540 1281 ln
1565 1226 1767 1281 Christi
1796 1230 2034 1289 nomine,

398 1352 401 1353 ν
462 1323 827 1378 Theodericus
857 1336 949 1375 rex
979 1318 1294 1387 subscripsi.
1342 1318 1608 1372 Guntinus
1633 1320 1812 1385 jussus
1844 1318 2039 1373 obtulit

463 1423 518 1469 et
553 1411 887 1481 subscripsit.
944 1412 1134 1465 Datum
1168 1409 1308 1479 quod
1348 1409 1474 1464 fecit
1512 1411 1710 1464 mensis
1743 1409 2040 1464 December

465 1503 579 1558 dies
610 1502 688 1573 vj,
721 1517 861 1556 anno
890 1502 945 1571 iij
978 1502 1126 1569 regni
1156 1501 1364 1567 nostri,
1404 1501 1733 1569 Compendio
1764 1502 1816 1555 in
1845 1500 2043 1571 palatio

466 1601 671 1659 nostro,
700 1591 754 1646 in
783 1591 875 1646 Dei
907 1590 1123 1646 nomine
1153 1589 1396 1645 feliciter.
1435 1588 1627 1645 Amen.

1211 1700 1299 1756 IV.

466 1825 487 1852 θ
508 1815 753 1887 Diploma
772 1832 875 1887 quo
894 1814 1630 1887 Theodericusmonasterium
1650 1813 2047 1887 annclmMariw

532 1891 674 2027 infra
951 1888 1166 1956 ﬂuvium
1196 1884 1563 1940 Cénomanensi
1602 1884 2047 1940 ecclesite'asserit

562 1975 689 2013 ann.
855 1996 871 2011 .

562 1975 689 2013 ann.
717 1975 871 2013 0101.

534 2047 903 2102 Theodericus
935 2060 1028 2101 rex
1059 2045 1382 2101 Francorum
1403 2085 1417 2111 ,
1451 2044 1532 2099 vir
1564 2044 1790 2101 illuster.
1829 2045 1884 2101 Si
1916 2045 2047 2115 peti-

465 2139 701 2194 tionibus
730 2137 1072 2192 sacerdotum
1105 2136 1244 2204 quod
1276 2136 1340 2190 ad
1372 2152 1557 2193 eorum
1590 2140 2043 2208 Opportunitatem

467 2231 698 2296 pertinet
742 2228 976 2283 libenter
1018 2236 1334 2298 pratstamus
1382 2242 1660 2282 assensum
1688 2270 1704 2295 ,
1758 2228 1959 2300 regiam
1991 2229 2046 2284 in

467 2320 570 2374 hoc
599 2333 911 2376 exercemus
937 2320 1410 2385 consuetudinem,
1443 2329 1499 2376 et
1529 2321 1628 2376 hoc
1657 2323 1812 2377 nobis
1839 2323 1904 2377 ad
1937 2323 2047 2377 lau-

467 2410 588 2464 dem
621 2410 703 2465 vel
736 2410 800 2463 ad
834 2410 1062 2464 salutem
1111 2418 1365 2465 aeternam
1423 2421 1476 2466 et
1520 2411 1864 2469 stabilitatem
1897 2416 2045 2481 regni

467 2501 636 2555 nostri
681 2502 733 2554 in
776 2499 873 2555 Dei
920 2502 1138 2555 nomine
1184 2503 1456 2569 pertinere
1484 2502 1825 2558 conﬁdimus.
1881 2503 2049 2573 Igitur

466 2591 793 2659 apostolicus
837 2593 937 2657 vir,
985 2593 1214 2646 domnus
1244 2593 1595 2662 Aiglibertus,
1627 2594 2044 2653 Cenomanuicas

468 2681 615 2737 urbis
644 2683 964 2751 episcopus,
1014 2684 1175 2738 missa
1218 2686 1506 2753 petitione,
1550 2686 1852 2742 clementiae
1893 2688 2045 2757 regni

468 2773 636 2828 nostri
661 2772 887 2827 credidit
912 2777 1305 2845 suggerendum
1332 2784 1390 2829 ut
1410 2779 1867 2847 constitutionem,
1888 2794 2046 2848 quam

470 2876 688 2933 prepter
714 2881 948 2921 amorem
995 2867 1089 2923 Dei
1132 2879 1187 2924 et
1223 2869 1620 2940 eieemosynam
1652 2881 1886 2926 nostram
1919 2887 2048 2927 cou-

467 2956 746 3021 stituerat,
793 2972 888 3027 per
918 2973 1241 3014 consensum
1271 2961 1804 3030 comprovincialium
1837 2962 2049 3031 episco-

472 3063 684 3118 porum,
713 3049 826 3103 sive
855 3049 1298 3105 consacerdotum
1330 3064 1392 3104 ac
1420 3053 1799 3107 canonicorum
1825 3067 2045 3107 suorum

471 3138 524 3194 in
557 3142 887 3195 monasterio
930 3150 1132 3195 sancta:
1163 3141 1255 3195 Dei
1286 3141 1593 3210 genitricis,
1634 3142 1775 3211 quod
1806 3154 1889 3198 est
1919 3158 2048 3198 con-

469 3242 729 3289 structum
778 3233 920 3287 intra
966 3231 1185 3287 ﬂuvium
1236 3234 1405 3288 Sartze
1445 3241 1499 3287 et
1534 3249 1742 3288 murum
1792 3235 2049 3301 civitatis,

474 3334 579 3379 tam
614 3335 766 3380 extra
803 3338 1013 3379 murum
1043 3338 1201 3390 quam
1230 3331 1285 3378 et
1314 3322 1449 3376 inl‘ra
1482 3324 1648 3392 ipsius
1677 3325 1908 3381 civitatis
1941 3342 2051 3383 mu-

470 3418 728 3473 nitionem
760 3416 902 3486 quod
933 3413 998 3469 ad
1032 3423 1256 3470 matrem
1285 3413 1529 3471 ecclesite
1556 3426 1759 3471 sanctae.
1790 3418 1969 3473 Marias
1997 3428 2053 3475 et

470 3511 639 3565 sancti
670 3507 910 3563 Cervasii
941 3516 995 3562 et
1026 3504 1276 3573 Protasii,
1302 3508 1387 3562 cui
1419 3523 1648 3574 praeesse
1675 3509 1903 3575 videtur,
1925 3510 2051 3579 jure

474 3600 839 3659 ecclesiasuco
880 3599 1147 3669 pertinet,
1192 3607 1247 3655 et
1291 3614 1382 3667 per
1410 3598 1713 3669 scriptionis
1745 3600 2049 3656 ﬁrmitatem

477 3694 939 3760 praedecessorum
984 3707 1203 3748 suorum
1250 3694 1583 3763 temporibus
1628 3694 1729 3749 sub
1757 3709 1920 3749 censu
1955 3696 2040 3750 lir-

475 3784 636 3838 miter
660 3797 712 3837 et
739 3784 976 3852 legaliter
997 3784 1296 3852 delegatum
1325 3798 1445 3840 esse
1469 3786 1840 3854 cognoscitur;
1870 3796 2051 3853 postu-

475 3874 603 3928 lavit
634 3883 688 3927 ut
720 3872 987 3927 ﬁrmitatis
1015 3888 1174 3928 causa
1199 3916 1215 3942 ,
1266 3884 1446 3928 nostra
1489 3875 1654 3943 regali
1704 3874 2051 3930 conﬁrmetur

474 3977 724 4021 censura.
775 3964 938 4032 Cujus
979 3963 1222 4033 petitioni
1269 3979 1364 4019 nos
1406 3978 1682 4018 assensum
1715 3964 2051 4033 praebentes,

478 4065 532 4110 et
562 4054 807 4111 eamdem
847 4069 999 4110 suam
1042 4054 1475 4109 constitutionem
1517 4064 1697 4109 nostra
1739 4057 2052 4111 auctoritate

475 4147 875 4209 conﬁrmantes,
911 4147 1013 4203 hoc
1044 4158 1369 4219 praeceptum
1406 4148 1520 4202 ﬁeri
1560 4146 1844 4216 jussimus,
1877 4155 1932 4203 et
1960 4163 2054 4215 per

478 4239 995 4296 hanc‘auctoritatis
1043 4247 1242 4293 nostra:
1286 4238 1685 4309 inscriptionem
1717 4239 2053 4307 praecipimus

480 4348 561 4403 ut,
593 4337 733 4392 sicut
760 4350 789 4389 a
822 4333 1078 4404 praedicto
1106 4332 1396 4387 venerabili
1426 4332 1717 4401 apostolico
1746 4334 1861 4387 viro
1896 4334 2055 4402 Aigli-

2138 484 2372 554 pra-fata:
2402 485 2813 541 Cenomanniea:
2842 488 3070 542 senioris
3103 488 3249 542 urbis
3280 488 3559 553 ecclesiae,
3590 503 3721 544 san-

2137 580 2533 633 ctimonialibus
2562 580 2691 635 inibi
2722 579 3038 649 degentibus
3067 592 3121 635 et
3150 582 3477 650 pauperibus
3505 596 3569 637 ac
3597 598 3721 652 per-

2138 670 2337 738 egrinis
2367 670 2715 739 stipendiarie
2742 673 3061 739 disponente
3087 682 3245 741 atque
3267 673 3553 728 ordinante
3582 688 3720 741 pra:-

2141 763 2258 813 tatac
2285 761 2429 814 urbis
2452 761 2723 830 episcopo,
2747 776 2811 816 ac
2832 762 3205 817 deccssoribus
3226 765 3338 818 suis
3361 774 3413 817 et
3434 765 3720 822 abbatissa:

2138 868 2298 922 quam
2331 854 2442 923 ipse
2468 854 2581 908 sive
2610 868 2951 910 successores
2979 857 3059 910 sui
3089 856 3143 909 in
3168 856 3355 915 eodem
3387 859 3721 912 monasterio

2140 947 2571 1012 constituerunt,
2624 948 2722 1002 sub
2770 947 2950 1015 regula
3000 950 3235 1002 existant
3288 963 3353 1003 ac
3405 950 3723 1018 regulariter

2142 1038 2349 1101 vivant,
2391 1048 2445 1092 et
2474 1038 2627 1105 plena
2656 1039 2737 1093 eis
2766 1039 2949 1107 regula
2980 1052 3351 1094 conservetur.
3412 1040 3476 1095 Et
3525 1056 3612 1095 res
3655 1040 3722 1096 ad

2144 1129 2455 1197 praedictum
2497 1128 2883 1184 monasterium
2935 1131 3265 1197 pertinentes
3304 1145 3617 1195 monemus,
3667 1139 3726 1184 ut

2143 1234 2316 1288 neque
2348 1234 2481 1285 nos,
2530 1234 2705 1288 neque
2740 1234 3083 1276 successores
3110 1224 3275 1276 nostri
3298 1263 3314 1288 ,
3358 1231 3451 1277 aut
3490 1222 3726 1291 qualibet

2143 1313 2548 1383 expectantibus
2580 1314 2661 1369 vel
2692 1315 3033 1369 exactoribus
3066 1316 3272 1383 prmiati
3310 1319 3457 1386 regni
3491 1316 3724 1383 auferre,

2145 1412 2236 1459 aut
2264 1404 2499 1460 alternare
2525 1418 2555 1457 a
2580 1402 2705 1473 jure
2737 1413 2791 1459 et
2824 1405 3189 1461 dominatione
3209 1405 3323 1475 jam
3354 1410 3515 1463 dicta:
3544 1409 3727 1465 matris

2144 1496 2559 1551 Cenomannica:
2589 1496 2734 1553 urbis
2765 1496 3028 1561 ecclesiae,
3053 1509 3143 1552 aut
3168 1507 3387 1568 propter
3407 1500 3729 1556 benevolen-

2147 1588 2273 1643 tiam
2306 1590 2386 1642 vel
2419 1588 2828 1646 leviorationem
2856 1606 2953 1645 seu
2983 1591 3191 1646 servitii
3225 1590 3430 1660 praefati
3460 1593 3646 1648 domui
3675 1604 3730 1650 et

2147 1680 2423 1748 apostolici
2453 1679 2546 1733 viri
2578 1680 2856 1749 Aigliberti
2882 1681 3123 1751 episcopi
3152 1682 3327 1753 aliqua
3356 1681 3612 1740 succedat
3643 1702 3734 1740 oc.

2074 1754 2407 1836 Bcasione,
2460 1778 2553 1823 aut
2596 1770 2833 1837 qualiter
2860 1771 3153 1827 calliditate
3192 1774 3273 1827 vel
3324 1775 3469 1830 male
3515 1775 3735 1845 ingenio

2149 1860 2502 1925 machinetur,
2528 1872 2583 1915 ut
2606 1874 2635 1914 a
2658 1859 2787 1930 jugo
2813 1862 3046 1930 praefata
3068 1865 3314 1921 ecclesia:
3335 1881 3399 1920 ex
3425 1866 3525 1921 hac
3547 1880 3736 1923 nostra

2150 1949 2524 2006 benevolentia
2582 1952 2758 2018 ipsum
2813 1955 3250 2011 monasteriolum
3311 1957 3589 2012 auferatur
3648 1962 3737 2013 vel

2147 2041 2431 2106 alienatur,
2456 2043 2567 2097 sive
2598 2042 2778 2112 aliquo
2804 2045 2967 2099 modo
2991 2045 3371 2101 subtrahatur:
3400 2051 3496 2103 sed
3531 2051 3581 2102 in
3607 2050 3739 2118 jure

2148 2146 2204 2193 et
2235 2145 2499 2206 potestate
2527 2152 2669 2205 saepe
2700 2138 2856 2190 dicta
2886 2140 3073 2192 matris
3103 2139 3342 2194 ecclesiae
3384 2149 3475 2194 aut
3520 2143 3741 2208 pontiﬁ-

2146 2244 2268 2285 cum
2302 2230 2435 2285 inibi
2466 2230 2578 2285 Dee
2611 2229 2918 2298 degentium
2967 2232 3323 2299 praesentibus
3350 2243 3510 2303 atque
3538 2234 3739 2288 tuturis

2148 2331 2457 2387 permaneat
2485 2320 2836 2391 temporibus,
2864 2338 3037 2392 neque
3061 2323 3242 2397 aliquo
3270 2324 3427 2380 modo
3448 2329 3739 2396 quicquam

2146 2406 2361 2464 auferre
2384 2409 2466 2464 vel
2492 2411 2769 2479 prmterire
2791 2397 3110 2480 praesumat:
3140 2414 3233 2467 sed
3262 2414 3468 2482 praefati
3493 2416 3739 2485 episcopi

2146 2499 2619 2566 constitutionem,
2658 2503 2799 2556 sicut
2823 2503 2893 2556 ab
2928 2504 3023 2558 illo
3052 2506 3398 2559 constitutum
3431 2516 3485 2560 et
3516 2524 3545 2558 a
3579 2507 3740 2560 nobis

2146 2590 2520 2653 conﬁrmatum
2548 2602 2652 2657 est,
2680 2608 2772 2661 per
2793 2592 3046 2649 diuturna
3078 2605 3317 2662 tempora
3350 2596 3743 2653 inviolabiliter

2147 2681 2201 2735 in
2244 2693 2587 2751 augmentum
2636 2694 2834 2741 sanetae
2882 2686 2975 2742 Dei
3023 2686 3278 2742 Ecclesia:
3321 2697 3375 2741 et
3418 2689 3745 2743 incouvulse

2148 2787 2336 2827 omnes
2382 2789 2535 2843 reges
2581 2783 2631 2829 et
2682 2776 2951 2844 principes
2979 2779 3064 2833 vel
3107 2787 3386 2834 exactores
3416 2780 3566 2848 regni
3613 2796 3745 2847 per-

2148 2864 2361 2929 sistere,
2391 2876 2482 2920 aut
2511 2881 2827 2935 permanere
2854 2871 2966 2923 sive
2997 2872 3285 2938 perdurare
3314 2873 3458 2924 onmi
3494 2885 3745 2940 tempore

2149 2970 2483 3025 permaneat.
2540 2957 2625 3020 Et,
2660 2968 2715 3010 ut
2746 2958 2859 3012 haec
2890 2961 3180 3029 pra:ceptio
3208 2960 3416 3015 ﬁrmior
3450 2963 3740 3028 habeatur,

2151 3048 2235 3104 vel
2264 3061 2359 3117 per
2378 3049 2627 3111 diuturna
2657 3061 2896 3118 tempora
2930 3067 2956 3102 a
2985 3053 3141 3106 nobis
3163 3052 3245 3107 vel
3273 3067 3301 3105 a
3328 3057 3744 3108 successoribus

2158 3152 2353 3194 nosms
2384 3142 2434 3194 in
2465 3140 2656 3194 melius
2690 3152 3059 3206 conservetur,
3094 3143 3291 3197 neatris
3318 3143 3743 3208 subscriptioni-

2151 3229 2616 3287 bus'decrevimus
2644 3232 2923 3287 roborare.
2975 3231 3030 3285 In
3061 3233 3262 3287 Christi
3292 3239 3534 3301 nomine,
3561 3237 3745 3290 Theu-

2151 3323 2365 3378 dericus
2387 3336 2485 3378 rex
2508 3323 2821 3389 subscripsi.
2856 3322 3195 3379 Audol‘redus
3218 3324 3400 3393 jussus
3421 3327 3739 3394 subscripsi.

2152 3415 2347 3470 Datum
2377 3415 2521 3483 quod
2554 3415 2677 3468 fecit
2704 3415 2924 3470 Martius
2954 3415 3071 3472 dies
3099 3432 3150 3483 v,
3191 3432 3334 3472 anno
3378 3423 3527 3490 regni
3570 3422 3741 3475 nostri

2151 3506 2229 3574 iij,
2260 3505 2571 3577 Compendii
2603 3506 2816 3573 palatio,
2848 3507 2900 3561 in
2930 3507 3025 3563 Dei
3052 3510 3271 3565 nomine
3300 3509 3550 3566 feliciter.

2924 3620 2987 3676 ν.

2152 3715 2180 3754 ι)
2228 3715 2466 3784 Diploma
2510 3729 2611 3782 quo
2670 3710 3015 3768 Theodericus
3079 3714 3213 3784 bona
3275 3715 3507 3769 Adalriri
3564 3716 3741 3779 ἀίει-ξε,

2222 3788 2347 3854 ﬁsco
2398 3786 2539 3853 regio
2596 3785 2925 3854 adjudicata,
2989 3783 3219 3838 concedit
3278 3788 3589 3839 manusteiio
3646 3786 3744 3839 Be-

2220 3852 2389 3910 auemi
2436 3852 2582 3927 (nun.
2633 3852 2783 3923 677).

2219 3945 2410 4000 Merito
2446 3944 2699 4000 beneﬁcia
2749 3959 2866 4014 quae
2900 3944 3172 4014 possident
3206 3945 3452 4001 amittere
3476 3947 3742 4008 videntur,

2150 4041 2239 4109 qui
2273 4049 2376 4094 non
2416 4038 2586 4092 solum
2618 4036 2955 4106 largitoribus
2981 4036 3217 4106 ipsorum
3245 4038 3626 4093 beneﬁciorum
3657 4040 3742 4090 in-

2151 4130 2286 4199 grati
2332 4128 2585 4193 existunt,
2627 4141 2807 4180 verum
2850 4129 3009 4180 etiam
3041 4127 3279 4182 inﬁdeles
3326 4128 3407 4182 eis
3440 4141 3561 4181 esse
3598 4143 3747 4180 com-

2154 4222 2466 4290 probantur.
2496 4219 2577 4277 Ad
2610 4218 2911 4288 hujusmodi
2942 4220 3099 4289 igitur
3127 4220 3430 4289 exemplum
3461 4230 3747 4290 postquam

2154 4314 2401 4370 omnibus
2430 4314 2746 4382 patefactum
2776 4323 2859 4366 est
2887 4311 3114 4378 qualiter
3143 4310 3425 4365 Adalricus
3453 4310 3592 4374 dux,
3634 4311 3751 4365 Deo

479 4401 656 4494 berto,
678 4401 1089 4483 Cenoinannica:
1111 4425 1258 4479 urbis
1280 4424 1550 4493 episcopo,
1574 4433 1658 4479 est
1685 4401 2046 4489 constitutum,

2162 4409 2262 4464 sibi
2288 4407 2578 4471 contrario,
2608 4403 2761 4458 nobis
2792 4401 3020 4457 inﬁdelis
3046 4401 3310 4471 apparuit,
3343 4410 3398 4456 et
3422 4416 3481 4455 se
3512 4403 3749 4456 Austra-

481 4518 566 4572 vel
606 4518 743 4573 sicut
791 4517 843 4571 in
887 4515 1006 4587 ejus
1034 4515 1339 4570 continetur
1369 4514 1592 4583 scripto,
1644 4524 1749 4567 tam
1795 4514 2048 4584 deinceps

558 4662 584 4689 ι
614 4650 799 4701 Exstat
842 4649 894 4702 iu
936 4648 1080 4702 Actis
1121 4648 1490 4716 episcoporum
1530 4647 2009 4702 Cenomanensium
2035 4691 2048 4713 ,

482 4717 677 4773 Mabill.
709 4716 976 4781 Aualect.,
1026 4733 1144 4786 pag.
1174 4717 1309 4780 279;
1365 4732 1609 4771 recusuut
1644 4718 1693 4771 iu
1724 4718 2049 4774 Callet-tione

485 4792 807 4857 scriptorum
850 4802 1025 4840 rerum
1060 4786 1461 4852 Francicarum,
1497 4796 1626 4840 tom.
1660 4787 1742 4851 IV,
1778 4805 1892 4854 pag.
1921 4789 2047 4842 6.26.

488 4855 652 4913 Periit
686 4855 1059 4911 Cltildebertus
1090 4858 1129 4909 ll
1162 4873 1301 4910 anno
1332 4857 1455 4917 675,
1508 4858 1721 4911 ineunte
1748 4858 2047 4921 Septembri

494 4942 697 4993 mense,
724 4927 808 4980 cui
839 4927 1092 4981 successit
1125 4926 1283 4982 frater
1308 4927 1422 4995 ejus
1444 4927 1807 4981 Theodericus
1836 4929 1917 4991 Ill,
1947 4944 2048 4989 non

492 4998 698 5063 quidem
719 4998 899 5051 statim
924 4997 989 5047 ab
1009 4996 1155 5049 obitu
1177 4997 1375 5058 fratris,
1400 4997 1662 5063 Longuer.
1692 5002 1831 5052 Ann.
1861 4998 2047 5053 Franc.

491 5079 618 5122 tom.
650 5067 736 5132 Ill,
768 5067 987 5121 Collect.
1026 5066 1150 5119 hist.
1184 5065 1374 5122 Franc.
1414 5082 1530 5133 pag.
1563 5066 1656 5121 6J1
1683 5085 1696 5131 ;
1747 5067 1843 5120 sed
1876 5068 2050 5121 Theo-

489 5136 653 5189 derici
680 5152 848 5189 annos
875 5152 903 5187 ξι
927 5137 1011 5189 die
1032 5137 1209 5205 obitus
1227 5134 1511 5188 Childcrici
1540 5148 1869 5205 ceanpulatus
1896 5138 2055 5192 fuisse

490 5222 553 5285 ex
608 5206 912 5285 Mabillouio
968 5208 1154 5285 prohat
1201 5204 1614 5285 Longueruzuus.
1666 5204 1820 5285 ilirgo
1872 5224 2055 5262 mense

494 5276 680 5328 Martio
724 5278 862 5328 tertii
914 5276 1035 5327 anni
1076 5275 1394 5328 Theudorici
1437 5276 1546 5340 jam
1594 5280 1841 5331 currebat
1886 5294 2056 5331 annos

491 5345 687 5397 Christi
719 5344 844 5398 676.
896 5345 1235 5396 Etmmdnnda
1267 5344 1402 5398 foret
1449 5347 1561 5399 haec
1604 5359 1727 5399 uota
1768 5349 2056 5400 chronolo-

491 5415 630 5483 gica,
663 5420 719 5466 ut
746 5414 1020 5467 conciliari
1055 5421 1232 5480 posset
1259 5428 1377 5466 cum
1411 5416 1718 5481 pontiﬁcatu
1751 5418 2053 5483 Aigliberti,

493 5484 643 5550 cujus
671 5483 944 5536 exordium
971 5484 1069 5537 sub
1098 5499 1237 5536 anno
1266 5484 1370 5538 680
1396 5486 1622 5537 collocat
1652 5487 2052 5549 Bondonnetus,

496 5554 602 5606 Vit.
636 5554 799 5618 episc.
828 5552 1147 5618 Cenoman.,
1179 5568 1300 5623 pag.
1334 5556 1438 5608 554
1466 5564 1520 5608 et
1547 5554 1685 5618 356;
1720 5556 1817 5607 nisi
1851 5556 2057 5609 dicatur

496 5624 777 5691 legendum
823 5624 875 5675 iu
917 5623 1203 5690 diplomate
1232 5638 1373 5676 anno
1402 5639 1492 5677 xm
1532 5640 1626 5691 pro
1653 5639 1791 5677 anno
1822 5640 1916 5690 ιιι,
1965 5626 2058 5678 scd

502 5690 801 5758 conjectura
832 5695 943 5746 haec
968 5696 1280 5748 auctoritate
1311 5690 1643 5760 destituitur;
1676 5706 1724 5749 et
1755 5709 1872 5749 cum
1905 5698 2059 5751 levis-

2160 4503 2252 4556 siis
2288 4498 2631 4564 consociavit,
2667 4507 2723 4551 ut
2762 4495 3043 4551 adversum
3084 4508 3181 4548 nos
3222 4505 3275 4549 et
3310 4505 3522 4549 nostros
3559 4494 3753 4550 ﬁdeles

2155 4639 2288 4691 sima
2322 4636 2450 4690 ﬁdes
2479 4634 2661 4690 deberi
2692 4632 2937 4686 videatur
2966 4629 3112 4683 Actis
3150 4629 3535 4696 episcoporum
3562 4629 3748 4683 Ceno-

2159 4708 2488 4760 tuaueusium
2540 4707 2675 4758 inter
2704 4702 2959 4756 Analecta
3000 4700 3292 4753 Mabillonii
3336 4700 3601 4767 vulgatis,
3646 4699 3754 4753 huc

2156 4778 2384 4843 diploma
2415 4777 2639 4829 sinceris
2670 4788 2773 4826 non
2803 4783 3241 4843 annumeremus.

2227 4848 2255 4885 ι)
2293 4846 2477 4900 Exstat
2511 4846 2561 4899 iu
2600 4843 2863 4898 Chronico
2890 4840 3157 4900 Besuensi.
3179 4838 3418 4891 Dacherii
3442 4838 3625 4906 Spicil.
3651 4845 3691 4893 ι.
3710 4838 3753 4902 Ι,

2157 4932 2275 4985 pag.
2310 4916 2402 4969 50l
2440 4935 2452 4982 ;
2483 4929 2723 4985 recusutn
2754 4927 2783 4965 a
2831 4913 3061 4985 (ὶρὶιιιιτρἓ
3089 4911 3227 4962 Αηη.
3256 4921 3314 4985 t._
3334 4910 3417 4969 ΙΙΙ,
3446 4924 3569 4985 pag.
3598 4908 3709 4985 ῖῗό
3736 4931 3754 4973 3

2159 4979 2485 5059 Bertholuto,
2513 4987 2645 5039 Ilist.
2676 4982 2927 5059 Lt_i_xemb.
2955 4988 2995 5032 t.
3024 4980 3085 5044 ll,
3112 4994 3228 5048 pag.
3253 4979 3421 5059 20,_et
3445 4980 3495 5030 iu
3524 4980 3754 5059 collect.

2155 5048 2482 5124 scriptorum
2512 5069 2687 5110 rerum
2725 5053 3117 5124 Francicarum,
3158 5062 3289 5124 tum.
3330 5048 3424 5124 lV,_
3466 5064 3592 5124 pag:
3618 5048 3751 5124 637-

2159 5116 2314 5182 ιηυᾎ
2340 5126 2667 5195 Septembris
2707 5123 2831 5196 anni
2882 5120 3111 5196 4_reglti_
3158 5119 3477 5196 'lheodorici
3532 5116 3752 5196 lll_jam

2156 5188 2538 5265 expletus'erat
2566 5209 2737 5248 annus
2765 5194 2891 5265 Chr.
2915 5188 3041 5250 676,
3070 5191 3111 5265 si
3146 5190 3420 5265 esurdium
3463 5188 3755 5265 reguihu-

2152 5257 2240 5339 jus
2273 5268 2339 5321 ab
2381 5268 2595 5321 ineunte
2640 5278 2823 5339 mense
2869 5261 3166 5339 septciuhri
3215 5269 3541 5339 repetamus:
3586 5257 3754 5335 Certe

2158 5327 2281 5395 ante
2321 5340 2475 5407 hujus
2510 5337 2707 5391 mensis
2734 5335 2873 5407 dicm
2908 5327 2972 5384 12
2999 5328 3206 5407 occisus
3252 5327 3753 5407 fui_t_Chi_lderir_u_s_,

2158 5428 2187 5465 a
2215 5410 2365 5475 cujus
2389 5396 2562 5462 inerte
2588 5406 2959 5475 computantur
2983 5399 3109 5475 ιιρηί
3142 5399 3285 5466 regni
3311 5398 3629 5475 Theoderici
3654 5396 3754 5447 Ill.

2162 5466 2295 5536 Vide
2336 5476 2680 5548 Longueruaei
2712 5466 2968 5548 Annales
2992 5469 3348 5548 raucorum.
3381 5466 3752 5548 Sudragantur

2160 5552 2417 5615 Cnintius,
2449 5538 2541 5603 ubi
2571 5560 2747 5615 supra,
2789 5553 2842 5597 et
2871 5539 3225 5615 Mabillonius,
3246 5538 3445 5615 Annal.
3478 5549 3514 5590 t.
3543 5538 3590 5615 Ἰ.
3624 5550 3751 5603 pag.

2163 5622 2287 5684 557,
2315 5607 2665 5682 qui'diuloma
2700 5616 2765 5671 de
2792 5628 2897 5684 quo
2936 5611 3139 5681 agimus
3176 5609 3440 5665 collocant
3476 5607 3574 5662 sub
3606 5620 3753 5658 auito

2163 5693 2286 5746 U77.
