4056 6178
284 278 425 336 13-5

787 280 1201 337 ῡιριοΜΑτΑ.
1242 278 1771 336 -πτιιεοοοῐιιει
1814 278 1849 334 11

1952 278 2203 337 ICCLES.
2245 282 2332 338 ET
2372 282 2669 340 MONAST.
2713 283 3073 342 PRECEPT.

3398 286 3535 341 1526

250 370 475 446 'scelera
514 405 632 455 sua,
668 391 712 443 si
742 391 990 449 dominus
1022 390 1162 447 Deus
1190 390 1539 460 permisisset,
1578 390 1851 447 exercuis-
1883 393 1931 451 Α
1958 388 2269 457 doberctho,
2302 395 2567 464 quondam
2616 396 2669 451 in
2699 397 3012 453 concamhio
3038 397 3106 452 de
3148 398 3395 468 homene,
3430 419 3527 456 nu-

268 491 374 547 set,
405 497 524 547 nos,
562 489 778 550 propter
806 481 976 549 ipsum
1010 481 1235 546 facinus,
1278 496 1465 541 omnes
1502 496 1590 539 res
1617 495 1742 537 suas
1785 483 1853 538 ad

269 583 509 629 nostrum
550 572 733 626 iiscum
755 570 1015 641 jussimus
1046 572 1307 627 revocari.
1340 572 1637 643 Cognoscat
1676 572 1856 641 itaque

268 666 515 720 utilitatis
582 674 772 717 vestra:
829 662 1137 734 magnitudo
1194 664 1338 733 quod
1392 678 1481 719 res
1550 664 1853 720 nominatas

270 746 628 817 Fiscalelinis,
676 767 776 806 una
820 767 939 806 cum
987 752 1308 822 appenditiis
1351 754 1463 808 suis
1508 764 1564 809 et
1605 754 1855 823 adjacen—

268 847 384 911 tiis,
411 854 464 900 et
502 858 623 898 cum
670 842 909 897 colonica
949 844 1229 908 Trevario,
1279 852 1334 898 et
1379 845 1623 914 quicquid
1668 859 1854 912 supra-

265 940 441 995 dictus
478 937 755 993 Adalricus
782 936 850 991 de
894 936 1137 1005 quolibet
1169 937 1409 993 adtracto
1448 938 1643 993 ibidem
1688 938 1855 993 tenuit

266 1027 351 1081 vel
375 1028 629 1096 possedit.
651 1026 701 1081 ei
732 1025 1056 1081 monasterio
1084 1025 1227 1096 quod
1254 1026 1549 1096 appellatur
1579 1028 1858 1082 Fons-Bc.

266 1133 399 1182 suae,
431 1117 571 1187 quod
610 1126 691 1170 est
730 1117 782 1170 in
831 1115 1033 1170 honore
1076 1116 1245 1170 sancti
1295 1114 1436 1171 Petri
1476 1126 1529 1171 et
1572 1116 1743 1181 Pauli,
1793 1131 1856 1172 ac

264 1219 566 1264 ceterorum
607 1216 910 1261 sanctorqu
955 1213 1346 1270 constructum,
1397 1204 1487 1261 ubi
1530 1205 1854 1260 venerabilis

265 1301 345 1353 vir
375 1297 719 1353 Waldalenus
749 1311 978 1366 praeesse
1006 1295 1358 1366 dignoscitur,
1385 1296 1541 1366 plena
1563 1305 1619 1352 et
1647 1298 1855 1365 integra

264 1393 432 1463 gratia
478 1402 646 1447 totum
689 1406 786 1445 nos
828 1392 1181 1447 concessisse.
1223 1390 1562 1459 Quapropter
1610 1403 1705 1457 per
1753 1389 1855 1443 hoc

268 1493 511 1538 nostrum
570 1490 895 1552 praeceptum
965 1481 1302 1536 decernimus
1357 1480 1746 1545 ordinandum,
1799 1488 1855 1533 et

267 1576 321 1630 in
372 1583 679 1642 perpetuum
724 1573 968 1625 volumus
1010 1584 1129 1627 esse
1172 1583 1511 1634 mansurum,
1556 1577 1613 1623 ut
1660 1582 1857 1624 memo-

266 1677 414 1722 ratus
450 1667 617 1720 abbas
654 1663 1001 1718 Waldalenus
1050 1663 1305 1733 praedicto
1352 1664 1675 1716 monasterio
1708 1661 1849 1717 Fon-

1955 495 2109 537 mene
2152 482 2339 551 Eligio,
2380 496 2633 541 nuscetur
2678 489 2953 558 recipissc,
3003 489 3088 546 vel
3132 490 3199 546 de
3245 503 3537 563 conparato

1955 570 2150 627 ibidem
2209 573 2410 641 habuit,
2463 578 2780 635 venerabele
2820 582 2934 636 viro
2990 580 3264 637 Chainone
3306 584 3533 641 diacono

1953 662 2097 729 plina
2163 672 2218 718 et
2268 665 2473 737 integra
2534 671 2712 738 gracia
2771 672 2870 727 visi
2922 672 3133 729 luemus
3179 678 3528 737 concessisse.

1955 748 2290 821 Quapmpter
2329 767 2424 823 per
2471 758 2609 813 hunc
2659 769 2999 829 pra2ceptum,
3029 764 3312 830 specialius
3340 766 3534 820 decer-

1957 853 2144 895 nemus
2200 843 2587 913 ordenaudum,
2629 849 2769 917 quod
2824 851 2875 905 in
2923 862 3230 920 perpetuum
3290 855 3534 911 volemus

1955 944 2076 986 esse
2117 947 2445 1001 mansurum,
2497 948 2554 993 ut
2594 941 2891 996 antedictos
2934 942 3156 1010 Chaiuo,
3204 945 3403 1013 absque
3439 962 3531 1002 ve-

1956 1030 2065 1076 stra
2128 1032 2221 1077 aut
2274 1026 2557 1095 cujuslibet
2604 1032 3039 1096 contrariaetate,
3088 1048 3151 1087 ex
3216 1046 3399 1097 nostra
3452 1038 3532 1089 iu-

1954 1109 2229 1180 dulgencia
2258 1112 2404 1183 ipsus
2432 1118 2716 1172 mansellus
2742 1120 2790 1172 in
2820 1123 3174 1189 suprascripta
3217 1122 3354 1187 loca,
3399 1126 3541 1180 sicut

1960 1202 2207 1267 superius
2246 1212 2328 1257 est
2374 1202 2654 1273 insertum,
2686 1206 2937 1277 quicquid
2984 1208 3098 1275 ipsa
3143 1210 3300 1266 Decta
3321 1213 3389 1269 de
3412 1228 3539 1270 con-

1955 1294 2128 1379 cantio
2162 1294 2243 1351 vel
2274 1295 2340 1352 de
2365 1298 2712 1367 conparatho,
2745 1308 2837 1353 aut
2874 1300 2940 1355 de
2986 1300 3219 1369 qualibet
3259 1313 3539 1361 contracto

1956 1394 2208 1441 nuscetur
2233 1385 2487 1442 habuisse
2514 1389 2601 1442 vel
2648 1389 3004 1457 possedissae,
3049 1392 3148 1447 hoc
3172 1392 3235 1451 ad
3272 1393 3535 1465 integrqu

1955 1488 2074 1528 cum
2122 1476 2442 1544 quibuslibet
2488 1477 2763 1533 beneﬁciis
2817 1479 2994 1535 habiat
3022 1467 3331 1538 concessum
3369 1485 3543 1556 adque

1956 1563 2236 1631 indultum,
2266 1566 2347 1621 vel
2380 1568 2431 1621 in
2459 1582 2553 1623 sua
2580 1568 2962 1626 domenacione
2986 1575 3085 1628 hoc
3111 1574 3275 1631 libere
3304 1578 3545 1647 recipere

1958 1655 2023 1707 ad
2058 1656 2467 1723 possedendum;
2498 1666 2551 1713 et
2579 1660 2826 1729 quicquid
2854 1662 3044 1718 exinde
3080 1662 3255 1720 facere
3289 1666 3540 1734 voluerit,

267 1758 548 1813 uenenum
593 1771 676 1810 res
717 1755 1020 1824 jamdictas,
1054 1770 1159 1808 tina
1190 1768 1310 1810 cum
1353 1753 1614 1819 aediliciis,
1643 1753 1848 1807 manci-
1881 1723 1935 1785 Β
1956 1743 2179 1799 liberam
2210 1745 2260 1798 iu
2292 1746 2553 1802 omnebus
2580 1762 2697 1803 cum
2730 1747 2822 1804 Dei
2859 1758 2913 1804 et
2949 1760 3127 1806 nostra
3156 1754 3329 1822 gracia
3363 1754 3540 1810 habiat

267 1851 391 1920 piis,
419 1848 720 1911 accolabus,
753 1845 909 1901 terris
946 1852 1001 1900 et
1035 1843 1223 1915 pratis,
1253 1844 1424 1911 silvis,
1444 1844 1677 1913 pascuis,
1701 1844 1850 1911 aquis

265 1951 632 2007 aquarumque
666 1934 998 1999 decursibus,
1030 1933 1440 2001 accessibusque
1476 1931 1743 1999 omnibus,
1767 1931 1850 1985 vel

266 2018 487 2095 reliquis
544 2026 964 2097 quibuscumque
1026 2022 1329 2089 beneﬂciis,
1376 2036 1496 2077 cum
1548 2023 1695 2076 omni
1752 2035 1850 2076 usu

266 2121 580 2184 fructoario,
610 2135 674 2174 ex
707 2128 903 2173 nostrae
932 2115 1187 2188 largitatis
1216 2130 1437 2171 munere
1474 2113 1852 2184 perpetualiter

268 2214 490 2281 recipiat
535 2212 902 2281 possidendas.
956 2211 1041 2275 Et,
1076 2217 1134 2265 ut
1175 2209 1287 2262 haec
1334 2208 1617 2278 praeceptio
1653 2207 1851 2263 tirmior

268 2310 548 2372 habeatur,
579 2317 632 2361 et
660 2303 849 2360 futuris
880 2303 1205 2372 temporibus
1244 2302 1554 2357 iuconvulse
1583 2309 1848 2368 teneatur,

267 2413 456 2451 manus
498 2408 693 2449 nostm
722 2394 1206 2464 subscriptionihus
1235 2407 1351 2447 eam
1392 2392 1724 2447 decrevimus
1762 2407 1851 2445 ro-

267 2492 480 2546 borare.
546 2490 766 2560 Signum
825 2489 1139 2544 Theoderici
1203 2489 1359 2559 regis.
1427 2487 1614 2541 Datum
1667 2502 1850 2542 mense

263 2582 600 2651 Septembri,
652 2582 738 2637 die
778 2582 862 2646 iv,
908 2595 1049 2635 anno
1108 2580 1159 2635 iv
1205 2589 1463 2650 regnante
1514 2576 1850 2635 Theoderico

266 2688 412 2743 rege.

1032 2762 1132 2816 Vl.

267 2882 293 2910 ³
352 2873 593 2943 Diploma
638 2890 735 2944 quo
788 2873 1134 2927 Theodericus
1185 2874 1321 2945 dona
1357 2873 1549 2945 confert
1596 2870 1848 2927 Cliainoni

756 2945 973 2997 diacono
1023 2946 1167 3013 (ann.
1200 2942 1352 3013 677).

1954 1842 2291 1902 potestatem.
2332 1836 2418 1903 Et,
2461 1846 2518 1891 ut
2557 1838 2689 1893 haec
2724 1840 3010 1895 auctoritas
3052 1842 3338 1899 ﬁrmiorem
3380 1845 3539 1901 obte-

1955 1923 2130 1979 niatur
2166 1925 2423 1995 vigorem,
2454 1942 2642 1983 manus
2681 1933 2845 1984 nostri
2889 1931 3376 2002 subscriptionebus
3414 1920 3551 1991 eam.

1953 2015 2469 2085 supterdecrivemus
2510 2018 2783 2075 roborare.
2835 2020 2877 2090 τ
2941 2021 2995 2077 In
3042 2022 3237 2078 Christi
3284 2039 3535 2089 nomene,

1954 2102 2314 2159 Theudericus
2338 2120 2430 2160 rex
2457 2106 2767 2178 subscripsi.
2828 2108 3176 2166 Droctoaldus
3218 2110 3400 2183 jussus
3444 2131 3539 2184 op-

1956 2194 2073 2248 tuit.

2024 2282 2208 2339 Datum
2233 2285 2371 2353 quod
2400 2285 2507 2340 ﬁcit
2529 2286 2713 2342 minsis
2737 2288 3048 2355 September
3068 2289 3184 2346 dies
3210 2276 3317 2365 xij,~
3333 2292 3362 2332 ι)
3394 2308 3536 2348 anno

1956 2387 1987 2423 v
2018 2374 2149 2443 rigui
2181 2376 2370 2439 nostri,
2406 2376 2651 2443 Marlaco,
2685 2378 2738 2433 in
2769 2378 2857 2432 Dei
2890 2381 3103 2435 nomine
3148 2381 3390 2439 feliciter.

2205 2466 2405 2537 (Hicin
2428 2467 2699 2539 archetypo
2726 2470 2883 2540 sigilli
2908 2472 3300 2544 fragmentum.)

2690 2577 2800 2634 VII.

1956 2664 1976 2691 ο
2006 2651 2245 2729 Diploma
2270 2673 2369 2726 quo
2391 2656 2737 2729 Tlieodoricus
2763 2660 2989 2712 concedit
3008 2660 3318 2724 Chramlino.
3341 2664 3538 2729 episco-

2024 2739 2090 2790 po
2121 2722 2500 2799 Ebrodunemi.
2526 2728 2578 2799 in
2613 2728 2809 2796 synodo
2834 2730 3086 2799 deposito,
3130 2722 3421 2799 facultatem
3456 2752 3537 2791 res

2022 2809 2144 2847 suas
2170 2804 2283 2865 post
2311 2797 2719 2865 degradationcrn
2747 2798 2999 2853 retinendi
3026 2797 3174 2871 (ann.
3202 2802 3352 2873 677),

2021 2925 2420 2995 Theodericus,
2484 2942 2577 2983 rex
2630 2927 2989 2998 Francorum,
3035 2932 3164 2989 viris
3210 2935 3533 2993 Inlustrebus

336 3030 728 3101 Theudoricus,
769 3048 862 3088 rex
914 3003 1259 3098 micorum,
1306 3003 1395 3086 ’νίπ-
1442 3032 1690 3088 ίηιυειετ,
1737 3031 1847 3087 Me-
1875 3003 1926 3070 C
1958 3016 2334 3073 Audoberctho
2372 3027 2427 3074 et
2456 3017 2649 3087 Rocco,
2687 3018 2882 3075 nostris
2912 3021 3167 3090 patriciis,
3197 3034 3249 3080 et
3277 3027 3535 3083 omnebus

265 3124 375 3177 rito
426 3123 503 3177 illi
574 3124 739 3178 nostri
798 3122 1045 3191 jovamen
1104 3121 1187 3176 vel
1243 3120 1613 3176 consolacione
1681 3123 1852 3191 perci-

261 3223 452 3284 peunt,
490 3215 578 3283 qui
620 3228 745 3284 erga
785 3213 979 3283 nostris
1037 3212 1273 3282 partibus
1317 3212 1475 3266 lidilis
1518 3226 1640 3267 esse
1696 3214 1847 3268 inve-

261 3304 503 3358 niuutur.
574 3305 787 3372 ldioque
827 3312 1114 3373 cognoscat
1158 3301 1474 3372 magnetudo
1516 3316 1609 3357 seu
1654 3303 1852 3358 utilitas

260 3406 438 3448 vestra
486 3396 627 3465 quod
677 3412 776 3451 nus
829 3396 1119 3449 mansellus
1171 3395 1363 3461 aliens,
1396 3393 1448 3448 in
1496 3394 1611 3449 loca
1654 3408 1850 3449 nonco-

262 3485 442 3551 pantis
467 3484 741 3550 Saocitho,
772 3484 1099 3539 Muntecellis
1129 3498 1222 3539 seu
1256 3491 1313 3538 et
1351 3482 1555 3547 Abniti,
1589 3481 1677 3537 ubi
1707 3482 1850 3539 Saxo

257 3587 451 3631 servos
479 3575 805 3632 commanire
832 3575 1049 3643 viditur,
1074 3589 1231 3644 quem
1259 3573 1441 3638 Decta,
1472 3572 1653 3627 relicta
1681 3569 1852 3628 Chro-

331 3736 358 3764 ιι
394 3723 668 3796 Vulgatum
698 3743 727 3781 a
752 3726 1075 3790 Mabillonio,
1114 3726 1179 3781 de
1209 3727 1287 3780 Re
1314 3725 1444 3792 dipl.
1473 3740 1590 3794 pag.
1622 3726 1747 3791 469,
1779 3742 1846 3782 ex

252 3795 622 3864 autographo;
648 3811 894 3852 recusum
918 3812 946 3849 a
970 3797 1267 3860 Felibiano,
1293 3795 1426 3849 llist.
1450 3797 1573 3850 abb.
1600 3796 1637 3848 S
1665 3797 1844 3861 Dion.,

256 3866 417 3936 prob.
448 3882 568 3936 pag.
598 3870 653 3931 8,
682 3878 735 3920 et
762 3868 815 3921 in
839 3868 1060 3922 Collect.
1092 3867 1338 3935 scriptor.
1369 3880 1544 3936 rerum
1576 3865 1842 3930 Francic.,

251 3945 299 4005 ζ,
343 3934 592 4005 Ινχνᾱε.
634 3936 762 4000 658,
815 3938 905 4003 qui
945 3937 1074 3991 illud
1116 3934 1214 4005 pro
1252 3934 1484 4005 legitimo
1523 3934 1841 4005 habuerunt.

256 4004 475 4059 Editum
519 4004 584 4060 ex
622 4007 926 4061 Mabillonio
959 4022 987 4059 a
1016 4004 1327 4069 Germonio,
1354 4006 1419 4058 de
1456 4014 1563 4059 vel.
1604 4019 1696 4073 reg
1751 4004 1843 4059 Fr.

253 4073 401 4141 Dipl.
436 4085 473 4127 t.
509 4076 547 4140 Ι,
576 4092 693 4144 pag.
726 4078 815 4141 79,
847 4077 933 4144 qui
974 4076 1142 4144 ipsius
1175 4076 1533 4145 sinceritatem
1575 4076 1845 4145 impugna-

254 4147 333 4197 vit
364 4160 379 4208 ;
406 4153 461 4197 et
501 4146 689 4201 iterum
726 4150 793 4200 ab
824 4157 1040 4201 auctore
1064 4147 1304 4199 Historia:
1336 4144 1751 4213 disputationum
1778 4145 1844 4199 de

254 4228 322 4266 re
347 4214 709 4282 diplomatica,
736 4231 853 4285 pag.
885 4218 1007 4282 l5'l,
1030 4219 1117 4285 qui
1149 4226 1457 4284 argumenta
1488 4215 1846 4285 inutramque

252 4294 467 4362 partem
490 4282 759 4362 ex_pendit'.
779 4282 1011 4362 _Unicum
1042 4282 1154 4362 fa'si
1175 4282 1429 4362 iudicium
1458 4282 1845 4362 petit_Germo-

1955 3105 2126 3173 ducis,
2172 3121 2266 3162 seu
2309 3108 2622 3175 comitebus,
2665 3109 2747 3164 vel
2792 3110 3072 3166 actorebus
3115 3111 3357 3179 publicis.
3399 3116 3529 3170 Dum

1951 3204 2007 3251 et
2037 3196 2311 3267 episcopos
2337 3196 2404 3252 de
2443 3196 2589 3267 rigna
2628 3207 2829 3264 nostra,
2871 3210 2978 3253 tam
3017 3199 3085 3255 de
3125 3200 3337 3257 Niuster
3372 3217 3532 3273 quam

1952 3294 2008 3341 et
2033 3285 2101 3342 de
2125 3286 2447 3357 Burgundio,
2479 3300 2574 3356 pro
2596 3295 2737 3342 statu
2760 3288 3036 3345 aecciisiae
3058 3289 3142 3345 vel
3165 3290 3530 3346 contirmacio-

1953 3391 2022 3432 ne
2059 3379 2203 3447 pacis
2229 3377 2295 3431 ad
2345 3386 2528 3431 nostro
2576 3377 2780 3445 palacio
2826 3377 3053 3433 Mariaco
3098 3378 3217 3435 villa
3258 3379 3531 3449 jussemus

1951 3466 2236 3534 advenire,
2280 3476 2335 3521 et
2359 3465 2520 3543 aliqui
2554 3482 2618 3522 cx
2653 3468 2801 3536 ipsis,
2829 3468 2918 3538 qui
2948 3469 3000 3523 in
3024 3469 3325 3528 inlidilitate
3348 3483 3530 3528 nostra

1954 3557 2160 3614 fuerant
2190 3558 2409 3623 inventi,
2445 3572 2537 3627 per
2564 3572 2748 3614 eorum
2789 3560 3047 3615 cannonis
3084 3559 3283 3616 lulrunt
3308 3561 3528 3631 judeca-

2024 3723 2047 3752 ο
2080 3711 2326 3785 vulgavit
2352 3726 2416 3767 ex
2439 3710 2767 3785 autographo
2787 3710 3140 3785 Iabillonius,
3166 3713 3234 3769 de
3264 3713 3341 3769 Re
3370 3715 3527 3785 dipl.,

1950 3797 2070 3851 pag.
2094 3780 2217 3843 469,
2246 3792 2309 3851 et_
2325 3782 2592 3849 specimen
2623 3780 2775 3849 hujus
2810 3782 2902 3835 aeri
2940 3782 3273 3838 incidendum
3304 3780 3530 3847 curavit,

1950 3849 2079 3923 i_bid.
2105 3866 2228 3923 pag.
2250 3849 2374 3923 38!.
2401 3851 2478 3923 Ex
2509 3850 2814 3923 Mabillonio
2833 3851 3169 3923 Germanias,
3192 3854 3263 3906 de
3284 3864 3389 3907 vet.
3416 3870 3527 3923 reg.

1950 3868 2079 3905 IDltl.
2105 3868 2225 3974 pag.
2250 3868 2374 3905 aut.
2401 3868 2478 3904 nx
2509 3868 2814 3905 mantuomo
2833 3868 3169 3917 uermontus,
3192 3868 3263 3906 ae
3284 3868 3389 3907 vet.
3416 3870 3524 3923 reg.

1950 3919 2139 3977 Franc.
2164 3921 2395 4000 _ipl.,_t.
2424 3919 2465 3982 l,
2490 3920 2761 4000 pag.g30-6I,
2790 3931 2843 3975 et
2863 3921 3189 4000 Collegium
3206 3924 3524 4000 scriptorum

1950 4006 2126 4044 rerum
2164 3989 2561 4054 Francicarum,
2597 3998 2649 4059 ﬁt.
2694 3990 2783 4053 IV,
2829 4005 2947 4059 pag.
3000 3992 3126 4053 658,
3183 3992 3522 4047 recuderuut.

1949 4060 2055 4114 Nos
2092 4073 2305 4129 quoque
2344 4061 2409 4129 ad
2453 4058 2741 4115 Mabillonii
2790 4058 2947 4129 ﬁdem
2991 4059 3120 4129 illud
3166 4060 3527 4129 hicgedimus.

1948 4129 2053 4184 Pro
2072 4126 2251 4198 spurio
2276 4127 2573 4198 habendum
2603 4126 3194 4198 diplomaGermOuius,
3225 4128 3312 4184 ubi
3341 4145 3523 4197 supra,

1950 4210 1990 4255 t.
2032 4200 2072 4266 l,
2105 4196 2241 4266 pag.
2294 4197 2417 4259 182,
2457 4206 2494 4251 t.
2541 4198 2606 4258 ll.
2657 4212 2775 4264 pag.
2825 4196 2953 4260 255,
3003 4199 3312 4266 contendit;
3344 4196 3529 4254 contra

1948 4259 2295 4325 Germaniam
2327 4259 2664 4321 inStrumcnti
2693 4259 3051 4320 sinceritatem
3082 4277 3261 4322 tuetur
3286 4259 3533 4323 Habilio-

250 4335 285 4424 ξι
296 4335 405 4407 in;
418 4335 515 4408 ἐι(
529 4335 1054 4424 rapidissima
1064 4335 1233 4410 nisi
1241 4335 1426 4408 rarum
1449 4335 1513 4407 Et
1527 4335 1842 4408 sotmoarunn

1954 4340 2091 4424 nius,
2130 4338 2267 4406 Dipl.
2300 4338 2503 4424 supply),
2544 4336 2899 4424 p:cg‘._21">,-cui
2938 4335 3285 4424 Ἐξειιιδιιίηιρε,
3323 4338 3528 4424 Vipdic.

250 4422 613 4495 locutionum,
634 4422 835 4495 quibus
866 4436 1036 4478 totum
1082 4426 1181 4478 hoc
1215 4428 1621 4495 instrumentum
1653 4430 1843 4495 scatet.

249 4493 628 4559 Ubjectionem
656 4492 808 4548 diluit
838 4495 1192 4558 Mabillouius,
1219 4494 1408 4562 Suppl.
1434 4492 1567 4559 dipl.
1591 4506 1710 4562 pag.
1742 4494 1843 4558 l3;

251 4508 808 4575 yujecttonem'uuuit
838 4508 1192 4577 maotttomus,
1219 4508 1408 4562 buppl.
1434 4508 1567 4559 Olpl.
1591 4508 1710 4614 pa‘g.
1742 4508 1843 4558 to;

251 4578 369 4615 uno
420 4564 772 4627 Fontaumus,
810 4565 1064 4618 νιηὼοιίε
1104 4565 1254 4633 dipl.,
1309 4577 1427 4632 pag.
1468 4562 1604 4633 116.
1644 4632 1649 4633 γ
1685 4578 1714 4616 e
1740 4562 1849 4633 hoc

220 4633 379 4701 ipso
417 4634 707 4700 diplomate
743 4635 1034 4697 disserens,
1080 4629 1280 4687 diserte
1311 4629 1504 4685 astruit
1544 4629 1845 4701 barbariem

248 4706 563 4755 chartarum
614 4703 769 4771 hujus
805 4705 927 4767 aevi,
978 4703 1173 4757 nedum
1227 4703 1293 4757 de
1339 4700 1575 4770 ipsarum
1622 4700 1849 4771 falsitate

248 4772 621 4838 suspicionem
670 4770 913 4842 ingerat,
957 4773 1319 4827 sinceritatem
1374 4771 1546 4837 potius
1596 4770 1846 4836 prodere.

250 4842 350 4895 Sit:
381 4851 437 4894 et
468 4843 741 4907 Barouius,
774 4845 858 4896 cui
904 4844 975 4895 ob
1002 4844 1098 4895 hos
1129 4857 1306 4895 naevos
1335 4842 1645 4893 videbantur
1688 4854 1848 4893 vene-

248 4911 470 4973 rabilis,
501 4913 546 4963 si
584 4912 662 4964 las
690 4923 772 4966 est
800 4914 999 4975 dicere,
1040 4921 1219 4965 vetera
1251 4913 1600 4965 instrumenta
1627 4925 1640 4972 ;
1691 4910 1759 4961 ita
1792 4917 1850 4962 ut

251 4979 307 5031 in
354 4982 484 5047 ipsis
514 4981 732 5035 edendis
772 4982 1051 5035 retinenda
1088 4982 1402 5035 admoneret
1440 4981 1627 5034 menda
1669 4977 1850 5046 hujus-

250 5051 431 5113 rnodi,
488 5052 638 5119 quasi
698 5052 937 5106 veritatis
995 5052 1211 5105 minime
1277 5050 1465 5104 fucatas
1524 5048 1847 5119 testimonia.

248 5120 460 5173 Contra
500 5117 692 5173 institit
724 5122 1060 5185 Germouius,
1089 5122 1159 5175 de
1186 5131 1289 5175 vet.
1325 5136 1437 5186 reg.
1468 5119 1657 5172 Franc.
1685 5117 1846 5184 Dipl.,

253 5200 296 5243 t.
329 5190 396 5253 ιι,
425 5204 541 5257 pag.
568 5188 658 5252 55,
683 5201 736 5244 et
773 5202 813 5244 t.
846 5192 906 5246 Ill
938 5196 1152 5258 passim,
1190 5193 1283 5245 sed
1320 5191 1371 5242 iu
1400 5205 1464 5243 eo
1499 5188 1688 5241 frustra
1730 5188 1847 5240 t‘uit.

251 5260 543 5313 Lectiones
571 5260 863 5314 Mabilloaii
886 5263 1179 5327 sequimur.

336 5331 363 5369 ι)
393 5329 622 5383 Medium
647 5346 889 5385 mensem
909 5325 1274 5399 Septembrem
1297 5329 1418 5380 anui
1442 5327 1473 5379 ὃ
1501 5326 1647 5394 regni
1679 5325 1849 5379 Theo-

252 5400 432 5453 dorici
460 5399 528 5453 ill
557 5400 962 5469 adjudicaudum
991 5414 1130 5454 anno
1151 5399 1278 5453 Chr.
1307 5399 1409 5451 627
1434 5400 1849 5469 monstrabimus

257 5474 313 5523 iu
362 5470 503 5529 notis
551 5467 635 5523 adi
666 5471 897 5538 diploma
937 5470 1076 5538 quod
1120 5470 1359 5535 proxime
1404 5467 1680 5538 sequitur;
1722 5481 1850 5534 ergo

255 5539 440 5592 eidem
471 5554 614 5592 anno
643 5537 983 5593 tribuendum
1014 5540 1222 5592 videtur
1250 5539 1481 5607 diploma
1514 5537 1580 5589 de
1607 5552 1711 5605 quo
1737 5538 1850 5604 agi-

258 5624 404 5674 mus,
439 5610 539 5664 hoc
562 5612 749 5665 eodem
778 5626 981 5677 mense,
1010 5610 1095 5664 die
1132 5609 1217 5675 l2,
1242 5609 1515 5662 cmissuzu.

1950 4404 2345 4476 diplom.‘pug.
2404 4404 2913 4476 l89,’astipulatur.
2975 4406 3295 4460 Germonius
3347 4408 3531 4475 objicit

1949 4475 2392 4545 subscriptionem
2423 4475 2741 4531 Theodorici
2771 4476 2894 4546 huic
2922 4476 3194 4545 diplomati
3232 4477 3527 4546 subjectae:
3566 4532 3570 4537 ,

1949 4544 2254 4616 discrepare
2291 4560 2320 4598 a
2359 4546 2753 4616 subscriptione
2790 4544 3029 4611 ejusdem
3078 4545 3245 4616 regis,
3286 4544 3531 4614 apposita

1948 4615 2221 4685 diplomati
2258 4616 2328 4685 de
2366 4615 2658 4681 Latiniaco,
2689 4616 2827 4683 quod
2868 4629 2965 4669 suo
2994 4615 3181 4670 ordine
3210 4616 3347 4670 iul'ra
3378 4620 3531 4672 exhi-

1950 4684 2210 4742 bebimus.
2248 4684 2663 4753 Discrepantiam
2702 4694 2879 4737 autem
2919 4698 3023 4738 non
3060 4686 3272 4740 aliunde
3311 4686 3532 4741 Cetmo-

1951 4760 2069 4811 nius
2106 4758 2301 4825 arguit,
2342 4770 2502 4825 quam
2550 4769 2612 4808 ex
2654 4754 2785 4825 ipsis
2820 4753 3201 4825 speciminibus
3254 4763 3531 4825 utriusque

1950 4824 2285 4880 instrumenti
2325 4841 2353 4877 a
2394 4824 2700 4878 Mabillonio
2753 4827 2845 4876 mri
2891 4824 3090 4885 incisis,
3140 4826 3208 4881 de
3249 4824 3329 4879 Ile
3374 4829 3526 4891 dipl..

1950 4911 2073 4966 pag.
2104 4895 2210 4950 379
2240 4904 2294 4949 et
2323 4893 2448 4966 380.
2484 4894 2585 4966 His,
2606 4908 2733 4948 vero
2770 4893 3054 4966 diligenter
3086 4894 3357 4961 inspectis,
3399 4895 3529 4945 latc-

1950 4962 2070 5020 inur
2098 4980 2195 5019 uos
2241 4981 2344 5018 nou
2375 4964 2531 5016 aliam
2576 4964 2715 5017 inter
2761 4962 3180 5030 subscriptiones
3219 4966 3527 5015 varietatem

1948 5034 2374 5105 deprehendere,
2416 5048 2574 5102 quam
2621 5047 2741 5105 quae
2790 5034 2931 5105 inter
2970 5040 3247 5105 utramque
3294 5045 3355 5083 ex
3413 5031 3529 5105 ipso

1951 5100 2226 5173 temporis,
2279 5100 2543 5157 annorum
2593 5100 2839 5157 videlicet
2890 5100 3167 5154 duodecim
3225 5101 3524 5162 intervallo,

1952 5189 2300 5244 promauasse
2338 5173 2593 5227 credibile
2629 5183 2709 5227 est
2730 5188 2751 5244 _;
2790 5181 2844 5225 et
2878 5179 3044 5244 certe,
3094 5178 3152 5244 ut
3186 5180 3349 5244 acute
3380 5178 3530 5244 notat

1951 5236 2304 5306 Mabillonius,
2340 5244 2563 5309 Diplom.
2591 5241 2768 5307 suppl.
2798 5255 2915 5307 pag.
2944 5238 3257 5309 ‘25,Asi_quis
3284 5236 3528 5291 falsarios

1951 5307 2743 5381 subscriptionemalterutrius
2782 5307 3084 5377 diplomatis
3114 5307 3380 5381 finxisset,
3413 5322 3527 5360 tua-

1952 5387 2147 5438 ximam
2165 5376 2230 5435 'in
2262 5384 2552 5436 litterarum
2583 5382 2766 5433 lorruis
2790 5376 2909 5430 cum
2939 5376 3182 5443 exemplo
3206 5377 3306 5428 sibi
3341 5392 3531 5443 propo-

1951 5457 2053 5509 sito
2109 5453 2510 5507 similitudinem
2566 5447 2951 5503 observandam
3010 5446 3324 5500 curavisset.
3388 5448 3529 5514 Ergo

1951 5525 2065 5578 falsi
2104 5524 2461 5591 suspicionem
2500 5521 2673 5591 elevat
2714 5518 2887 5591 potius
2934 5529 3090 5591 quam
3135 5517 3345 5591 ingerit,
3418 5520 3530 5570 lcve

1950 5595 2089 5662 quod
2118 5584 2365 5661 ohj'icitur
2387 5592 2521 5643 inter
2552 5586 2970 5651 subscriptiones
2990 5584 3301 5639 discrimen.
