4056 6178
374 362 514 421 13ἳ9

871 342 1286 425 omnem“.
1328 400 1396 410 —
1436 372 1855 429 ruscnomcr
1897 373 1950 428 ιιι

2055 372 2279 432 ncces.
2324 360 2413 432 si
2455 377 2755 435 nonasr.
2802 377 3167 437 pnmcsrr.

3122 252 3161 277 Ὦ

3494 381 3631 437 1531)

367 474 568 529 nicales
610 490 729 538 sex.
780 491 997 533 mansos
1038 480 1267 536 serviles
1301 485 1638 552 septuaginta
1667 484 1943 554 quinque;
1980 489 2024 546 Α
2052 489 2402 556 perrexirent,
2444 506 2545 545 nec
2573 507 2665 558 per
2693 493 2971 558 civetates,
3002 508 3101 548 nec
3135 508 3229 561 per
3259 493 3499 561 castella,
3531 510 3631 550 nec

362 566 421 620 in
455 565 750 632 Watrevio,
776 567 1046 624 Cambacb
1068 584 1189 625 cum
1215 574 1546 641 appendiciis
1568 576 1683 630 suis
1705 584 1758 630 et
1776 578 1950 632 eccle-

364 662 477 722 sia;
510 658 563 713 in
616 673 750 729 pago
783 658 1061 728 Caribaut,
1096 662 1295 718 Maxtin
1325 679 1447 719 cum
1486 668 1854 736 appendiciis;
1896 670 1947 724 in

365 747 585 813 Pabula,
615 749 839 804 Montes.
889 751 962 805 De
1004 752 1097 807 bis
1144 768 1273 824 ergo
1322 755 1485 822 villis,
1530 772 1650 813 cum
1701 761 1949 814 omnibus

361 839 696 907 appendiciis
723 850 778 895 et
803 841 1065 897 reditibus
1088 854 1141 898 et
1165 845 1469 916 mancipiis,
1497 863 1592 917 per
1615 848 1947 920 intperialem

360 928 737 984 celsitudinem
784 931 1078 999 sancimus,
1113 943 1173 989 ut
1204 936 1387 993 nullus
1413 941 1716 994 mortalium
1750 956 1950 1010 praesu-

360 1025 479 1071 mat
504 1018 702 1088 aiiquid
742 1021 994 1077 violentia
1021 1026 1260 1095 qualibet
1288 1028 1376 1083 vel
1407 1030 1592 1086 lraude
1621 1032 1834 1088 aul‘erre
1862 1035 1948 1090 vel

362 1107 612 1174 demere,
665 1114 758 1166 sed
807 1113 945 1168 sicut
995 1130 1024 1169 a
1076 1128 1259 1172 nostra
1321 1119 1646 1179 liberalitate
1698 1124 1948 1181 roborata

360 1209 510 1265 sunt,
528 1202 735 1271 praelati
758 1207 1071 1263 monasterii
1094 1206 1319 1265 fratrum
1344 1211 1526 1267 usibus
1551 1213 1603 1269 in
1635 1225 1949 1286 perpetuum

358 1289 1005 1354 cedant........‘.

1098 1410 1194 1471 IX.

361 1511 392 1553 δ
423 1514 668 1583 Diploma
704 1536 806 1589 quo
843 1520 1192 1580 Theodericus
1234 1526 1299 1583 ab
1338 1529 1476 1583 omni
1527 1531 1722 1586 telonio
1766 1534 1949 1588 eximit

436 1604 526 1652 per
549 1605 828 1665 νεανίᾳ-ενα
865 1608 1047 1665 currus
1078 1605 1168 1648 aut
1195 1598 1418 1665 navigia,
1464 1615 1544 1654 res
1574 1603 1644 1655 ad
1674 1603 1947 1660 utilitatem

432 1660 728 1712 monasterii
752 1664 916 1715 sancti
947 1662 1183 1732 Dionysii
1227 1660 1456 1723 veh'cntia
1479 1671 1624 1739 (ann.
1648 1671 1800 1744 681).

433 1749 825 1821 Theudoricus,
873 1769 967 1809 rex
1020 1756 1389 1827 Francorum,
1442 1762 1571 1819 viris
1620 1764 1945 1823 inlustrebus

2053 596 2146 649 per
2178 592 2380 650 portus,
2425 596 2524 637 nec
2556 598 2649 653 per
2677 584 2879 653 exitus,
2910 599 3009 639 nec
3036 584 3123 639 ubi
3154 593 3206 638 et
3236 583 3347 649 ubi,
3379 584 3633 641 tilloneos

2049 673 2327 742 exigetur;
2354 688 2454 729 nec
2484 675 2783 743 pontatico,
2826 690 2926 729 nec
2957 676 3236 742 portatieo,
3273 688 3372 729 nec
3401 675 3633 743 pulvira-

2050 765 2175 830 tico,
2212 779 2310 819 nec
2331 765 2547 829 rodaco,
2580 780 2678 820 nec
2699 766 3004 833 salutatico,
3034 780 3133 821 nec
3167 767 3510 835 cispetatico,
3533 781 3629 823 nec

2049 854 2283 923 qualibet
2312 854 2675 923 redebicione,
2708 857 2849 925 quod
2879 856 3074 911 exinde
3107 857 3266 911 tiscus
3300 866 3482 911 noster
3509 871 3627 925 spe-

2048 959 2169 1000 rare
2201 954 2397 1014 potest,
2430 945 2739 1001 nullatenus
2775 961 2991 1016 quoque
3037 955 3279 1019 tempore
3329 946 3632 1015 requiratur

2048 1054 2149 1094 nec
2175 1040 2442 1109 exigatur,
2468 1039 2568 1094 nisi
2591 1038 2767 1093 omnia
2793 1054 2860 1094 ex
2898 1040 3158 1095 omnebus
3180 1039 3244 1094 ad
3276 1038 3388 1109 ipsa
3411 1039 3627 1094 basilica

2048 1131 2230 1187 domni
2262 1129 2581 1185 Dioncnsiae
2610 1128 2662 1184 in
2691 1129 2805 1198 ejus
2834 1129 3213 1184 lumenarebus
3243 1143 3341 1183 nos
3364 1128 3630 1184 mercides

2046 1222 2349 1290 conpendio
2379 1221 2540 1279 valiat
2564 1236 2683 1277 esse
2711 1235 3030 1277 concessum
3059 1221 3231 1290 adque
3260 1221 3548 1285 indultum,
3577 1230 3631 1275 ct

2050 1313 2247 1371 ibidem
2283 1314 2670 1383 perpetualitcr-
2713 1313 2883 1371 valiat,
2925 1311 3187 1383 prolicere
3212 1311 3264 1367 in
3290 1319 3628 1384 augmentcs.

2047 1435 2120 1455 -μ-
2148 1403 2390 1476 Rigull'os
2422 1403 2758 1473 recognovit.

2804 1491 2935 1565 x.‘

2050 1616 2074 1646 ο
2119 1604 2371 1677 Diploma
2414 1620 2514 1677 quo
2563 1603 2918 1677 Theodericus
2967 1601 3257 1677 Eremberti
3284 1604 3354 1677 in
3401 1602 3634 1658 abbatem

2332 1672 2685 1730 Corbeiensem
2721 1673 2991 1741 conﬁrmat
3025 1672 3170 1741 (ann.
3200 1672 3349 1741 681).

2100 1764 2482 1829 Theodericus,
2501 1779 2593 1819 rex
2609 1761 2956 1827 Francorum,
2976 1762 3241 1831 episcOpis
3267 1770 3320 1816 et
3335 1761 3460 1816 viris
3477 1761 3634 1815 inlus-

362 1841 629 1895 omnebus
673 1844 991 1913 agentebus,
1025 1856 1131 1902 tam
1161 1851 1512 1916 presentebus
1539 1869 1695 1924 quam
1718 1866 1773 1911 et
1801 1857 1944 1913 lutu-
1976 1831 2022 1893 Β
2052 1857 2239 1912 tribus.
2258 1855 2417 1910 Decet
2438 1854 2671 1924 regalem
2688 1849 3044 1918 clementiam,
3063 1860 3238 1905 utnon
3259 1851 3427 1905 solum
3442 1851 3633 1920 guberv

363 1932 461 1986 ris.
508 1931 669 1987 Decet
715 1937 894 2004 regale
938 1937 1253 1995 climenciae
1294 1955 1356 1995 ea
1393 1957 1496 2013 que
1524 1958 1622 2013 pro
1652 1945 1947 2015 profectum

363 2021 751 2078 aecclesiarum
783 2029 1018 2095 pertenit
1044 2029 1273 2085 libenter
1302 2042 1564 2101 prestare,
1581 2044 1635 2090 et
1662 2037 1871 2092 eﬂectui
1895 2040 1959 2095 in.

366 2117 463 2171 Dei
512 2118 730 2174 nomine
785 2123 1113 2191 mancipare.
1156 2123 1281 2180 ideo
1310 2139 1599 2198 cognoscat
1627 2132 1951 2201 magnetudo

362 2222 460 2262 seu
484 2210 682 2264 utilitas
708 2219 883 2266 vestra
912 2215 1053 2282 quod
1085 2230 1185 2270 nus
1216 2216 1283 2271 ad
1313 2220 1638 2274 monasterio
1667 2222 1949 2291 peculiaris

366 2305 581 2372 patroni
615 2304 784 2360 nostri
814 2307 1000 2363 domui
1037 2307 1382 2379 Dionensiae,
1417 2312 1504 2366 ubi
1534 2312 1649 2383 ipse
1677 2315 1951 2384 preciosns

368 2395 422 2448 in
448 2409 676 2463 corpore
699 2397 993 2468 reqniiscit,
1021 2399 1111 2455 ubi
1140 2401 1462 2459 venerabilis
1485 2404 1566 2459 vir
1591 2404 1951 2462 Chardericus

362 2485 503 2543 abba
544 2496 727 2543 costus
778 2504 1026 2556 praeesse
1073 2491 1295 2559 viditur,
1344 2493 1451 2553 tale
1493 2495 1809 2557 benelicium
1840 2498 1951 2553 vise

365 2575 566 2638 fuimus
602 2580 939 2637 concessisse
967 2581 1034 2637 de
1065 2593 1498 2655 quantacumque
1527 2601 1707 2654 carra,
1735 2587 1820 2651 ubi
1854 2605 1952 2659 pro

365 2677 746 2735 oportunetate
794 2668 964 2740 ipsius
1012 2671 1256 2739 basilice,
1284 2675 1368 2730 vel
1402 2686 1732 2737 necessetate
1763 2679 1953 2735 fratra-

366 2771 508 2824 rum,
543 2766 647 2813 tam
680 2760 730 2814 in
763 2758 1041 2816 Niustreco
1064 2777 1223 2830 quam
1267 2764 1319 2817 in
1363 2766 1587 2821 Austrea
1621 2767 1703 2821 vel
1735 2768 1786 2823 in
1817 2768 1949 2822 Bor-

367 2849 567 2923 gundia
614 2850 888 2911 ambolare
916 2862 1008 2911 aut
1036 2853 1338 2913 discurrere
1386 2857 1654 2925 videntur,
1700 2869 1806 2916 tam
1835 2876 1952 2917 car-

374 2939 488 2994 rale
526 2956 683 3009 quam
712 2943 778 2997 de
811 2944 1074 3013 navigale,
1108 2947 1289 3002 nullus
1319 2949 1569 3018 quislibet
1601 2951 1668 3007 de
1684 2950 1951 3021 judicibus

369 3030 570 3083 nostris
596 3030 681 3086 vel
709 3032 774 3089 de
803 3033 1130 3099 telloncariis
1154 3037 1301 3093 nullo
1327 3038 1548 3094 tilloneo
1574 3039 1640 3095 de
1664 3042 1778 3111 ipsa
1802 3056 1951 3098 carra

365 3120 613 3191 exigere,
641 3138 741 3178 nec
772 3125 1034 3194 requirire
1086 3143 1188 3182 non
1219 3142 1580 3198 presumatur.
1616 3132 1952 3204 QuaprOpter

371 3224 469 3279 per
509 3223 814 3279 presentem
856 3215 1204 3275 decernimus
1234 3220 1332 3275 hac
1355 3222 1589 3295 jobimus
1617 3237 1949 3300 preceptum,

368 3313 425 3357 et
458 3315 725 3373 perpetuo.
745 3308 989 3366 volamus
1020 3325 1143 3367 esse
1173 3327 1510 3381 mansurum,
1542 3306 1607 3376 ut.
1630 3335 1803 3391 neque
1834 3337 1950 3386 vos.

368 3409 549 3473 neque
593 3397 839 3466 juniores
895 3416 992 3456 seo
1041 3418 1385 3464 successores
1436 3417 1635 3475 vestre,
1690 3427 1756 3466 ne
1804 3411 1952 3488 [que]

370 3486 626 3553 quislibet
682 3489 750 3544 de
799 3489 1087 3559 judiciaria
1150 3504 1416 3564 potestate
1481 3500 1766 3571 acinctus,
1812 3486 1951 3573 ipso

372 3576 596 3631 tilloneo
642 3578 712 3637 de
759 3582 937 3639 omnia
982 3598 1136 3641 cntra
1192 3587 1360 3657 ipsius
1411 3592 1720 3647 monastirie
1770 3593 1953 3654 domui

370 3661 659 3734 Dionensi,
691 3676 797 3727 tam
826 3672 1032 3728 carrale
1060 3690 1218 3744 quam
1250 3677 1509 3748 navigale,
1546 3697 1641 3749 per
1672 3683 1821 3753 rigua
1844 3683 1954 3741 Deo

370 3758 618 3826 pmpicio
666 3771 872 3828 nostra,
938 3774 1044 3819 tam
1096 3767 1148 3821 in
1195 3768 1479 3826 Niustreco
1522 3788 1685 3843 quam
1728 3775 1952 3832 Austrea

368 3847 457 3903 vel
508 3847 564 3903 in
608 3850 947 3923 Burgundia,
970 3857 1057 3913 ubi
1087 3866 1142 3915 et
1169 3860 1257 3914 ubi
1288 3861 1356 3916 de
1381 3862 1498 3933 ipso
1529 3865 1840 3922 monastirio
1868 3868 1953 3923 vel

367 3937 440 3993 de
466 3938 583 4011 ejus
630 3943 794 4012 villis,
843 3954 951 4002 tam
978 3939 1366 4010 ambulandum
1390 3968 1549 4026 quam
1575 3958 1953 4015 revertendum

443 4099 615 4173 {Non
662 4103 965 4159 absolutum
1010 4107 1171 4164 fuisse
1228 4110 1440 4167 videtur
1490 4122 1905 4172 instrumentum
1932 4158 1947 4173 .

368 4167 663 4246 inieliciter
699 4183 983 4232 tentatum.
1026 4180 1169 4243 Quas
1199 4180 1296 4246 ipsi
1329 4167 1573 4238 falsarius
1604 4167 1951 4243 notas—ebrii;

368 4241 641 4311 nolngicas
668 4254 814 4299 esset.
839 4241 1140 4316 additurus,
1166 4241 1408 4309 divinare
1436 4256 1659 4311 arduum
1710 4257 1849 4314 loret
1894 4241 1952 4315 et

368 4324 847 4375 supervacaneum.

440 4382 471 4423 ιι
505 4381 740 4449 Vulgavit
782 4386 1140 4456 Mabillonius,
1196 4393 1263 4446 de
1292 4390 1380 4448 Re
1407 4393 1458 4448 di
1504 4395 1538 4449 1.
1572 4410 1691 4464 pag.
1722 4397 1850 4464 470,
1883 4414 1949 4455 ex

369 4452 737 4517 autographo;
772 4459 1091 4515 recuderuut
1120 4460 1443 4517 Felibianus.
1468 4411 1601 4517 rlist.
1627 4466 1749 4517 abb.
1775 4471 1944 4517 sancti

369 4452 737 4528 autographa;
772 4459 1091 4528 recuderuut
1120 4452 1443 4528 Felibianus,
1469 4452 1601 4520 ilist'.
1627 4452 1749 4520 abb.
1775 4452 1944 4523 sancti

370 4518 582 4602 Dioni,"
602 4518 757 4602 prob.
802 4540 925 4595 pag.
964 4526 1018 4592 9,
1046 4541 1099 4602 et
1131 4518 1458 4589 Collectores
1496 4518 1944 4602 scriptorum};
1973 4527 2024 4585 D

369 4604 491 4673 cum
540 4591 940 4673 Francicarut'n,
993 4591 1031 4654 t.
1080 4600 1171 4673 lV,
1208 4618 1325 4673 pag.
1372 4604 1499 4659 660.
1548 4591 1699 4660 Nulla
1748 4591 1817 4661 ini
1853 4591 1955 4666 hoc

369 4658 665 4746 diplomate
714 4674 838 4719 nota
867 4658 1396 4746 chronologicafnec
1427 4658 1568 4746 regis
1595 4658 1948 4746 subscriptio;

368 4730 482 4812 sed.
508 4732 745 4812 sigillum
786 4739 989 4812 regium
1036 4730 1335 4812 appositum
1366 4730 1528 4799 fuisse
1554 4730 1953 4804 moneterabil1

370 4798 672 4895 ξςξξιξξιξξεᾳς
701 4798 985 4895 litigii-pl”
1202 4813 1330 4895 210,
1372 4816 1523 4895 quod“
1543 4798 1953 4895 submripiimiis

370 4883 545 4946 vicem
594 4883 665 4928 ita
715 4887 952 4944 prmetat,
1003 4894 1058 4935 ut
1109 4883 1466 4939 instrumento
1495 4886 1652 4940 tidem
1680 4883 1945 4946 conciliet.

368 4939 490 5005 Quo
520 4939 761 5021 tempore
790 4939 973 5021 datum
1000 4952 1153 5008 luerit
1176 4956 1257 5007 sic
1284 4965 1457 5021 potest
1478 4939 1614 5010 erui.
1651 4939 1950 5016 υὶίιὺἱῆἓέὶ

369 5023 497 5097 cum
522 5020 629 5097 tota
659 5020 973 5097 motta-rcltia
1003 5022 1241 5089 Francia:
1273 5020 1528 5091 potiretur
1560 5028 1948 5097 'l‘heodoricus,

367 5082 663 5169 aliquidem
702 5088 768 5169 'i‘u
813 5082 1319 5169 hoc__instruntento
1364 5108 1623 5169 memorat
1662 5114 1817 5169 regna
1844 5082 1950 5153 si};

369 5148 649 5227 Naustriar,
693 5157 1011 5227 Burgundio:
1054 5175 1100 5216 et
1148 5167 1387 5220 Aurtrim.
1417 5148 1813 5222 Occisaautucm
1841 5148 1946 5224 Da:

363 5223 609 5307 goberto_
628 5242 771 5307 anno
798 5223 1227 5307 67§,_Austrasta
1259 5240 1472 5304 quidem
1506 5243 1556 5290 in
1582 5238 1671 5307 jus
1701 5240 1742 5292 Τ
1749 5223 1948 5294 lteodo-

364 5292 757 5375 rici‘cedebat,
792 5292 1029 5375 Acui'jam
1071 5292 1316 5359 Nettstri'a
1349 5317 1403 5361 et
1446 5292 1745 5374 Burg'untlia
1794 5292 1944 5375 pare-

366 5361 531 5428 bant;
563 5361 1041 5447 veruniﬁustrasii
1074 5390 1176 5447 non
1208 5378 1386 5429 statim
1415 5361 1584 5444 ipsum
1616 5361 1947 5447 agnoverunt

363 5447 569 5500 regem,
599 5448 667 5514 et
687 5440 1030 5514 adnuetinoo
1056 5446 1160 5500 080
1184 5460 1370 5499 contra
1404 5440 1573 5514 ipsum
1600 5440 1769 5502 aciem
1799 5453 1939 5506 dirc-

366 5514 581 5587 xi-runt.
613 5508 743 5563 Victi
768 5513 976 5587 tandem
1004 5516 1101 5568 hoc
1121 5519 1309 5570 eodem
1339 5508 1501 5580 anno,
1526 5520 1592 5573 ad
1624 5521 1938 5587 obsequium

366 5576 569 5655 redacti
608 5589 759 5655 sunt,
787 5582 1052 5655 Ltittguer.
1083 5591 1223 5640 Ann.
1262 5588 1350 5642 Fr.
1382 5591 1433 5643 itt
1465 5576 1503 5642 ιζ
1541 5590 1629 5655 Ill,
1658 5576 1802 5644 Cull'.
1832 5606 1940 5645 scr.

364 5659 472 5728 rer.
504 5646 593 5702 Fr.
628 5666 679 5719 p.
710 5652 843 5717 (illi;
875 5646 925 5728 et
949 5656 1165 5728 l’ipntus
1194 5657 1331 5726 ipse,
1385 5662 1436 5712 itt
1470 5646 1743 5715 Austrasia
1775 5663 1944 5728 major

363 5717 597 5796 :l'umus,
630 5717 772 5796 'non
809 5725 982 5778 solum
1013 5717 1399 5796 'Theodorico,
1435 5731 1531 5783 sed
1586 5717 1893 5786 \Varathoni
1924 5775 1937 5796 ,

363 5783 626 5843 Neustria:
670 5793 859 5861 majori
900 5796 1110 5864 domus,
1161 5815 1219 5855 sc
1268 5783 1513 5870 subjecit.
1553 5802 1691 5872 Ergo
1722 5804 1821 5858 hoc
1861 5783 1939 5859 di:

2049 1948 2239 2003 uacula
2286 1945 2481 2017 regalis
2528 1945 2775 2000 culminis
2832 1942 3129 2012 provideat,
3168 1942 3261 1997 sed
3293 1950 3347 1996 et
3374 1941 3631 2008 regimina

2047 2037 2399 2095 ecclesiarum
2444 2044 2501 2091 et
2544 2034 3012 2098 monasteriorum,
3065 2048 3162 2100 pro
3214 2032 3310 2088 Dei
3351 2030 3548 2086 intuitu
3576 2040 3632 2085 et

2050 2129 2315 2187 mercedis
2353 2137 2553 2184 nostra:
2595 2135 2906 2197 augmento,
2934 2124 3142 2181 sollerti
3170 2139 3296 2179 cura
3329 2124 3634 2193 providere,

2049 2231 2107 2276 ut
2140 2236 2239 2290 pax
2271 2218 2644 2282 ecclesiarum,
2685 2225 2740 2271 et
2766 2229 2954 2272 secura
2987 2215 3206 2270 libertas
3247 2215 3631 2270 monachorum

2052 2314 2282 2369 Domino
2324 2313 2678 2382 omnipOtenti
2738 2310 3096 2380 militantium,
3149 2325 3246 2380 per
3285 2310 3464 2365 omnia
3507 2324 3632 2364 con—

2051 2414 2320 2461 servetur.
2385 2405 2452 2458 Et
2481 2404 2548 2458 de
2591 2412 2940 2457 sacrosancto
2968 2403 3299 2457 monasterio
3329 2410 3632 2469 nuncupato

2050 2494 2302 2560 Corbeia,
2328 2495 2380 2549 in
2405 2509 2539 2564 pago
2561 2492 2918 2557 Ambianense
2944 2482 3276 2559 constructo,
3304 2492 3369 2546 ad
3396 2492 3635 2562 regalem

2055 2597 2295 2642 nostram
2342 2585 2685 2656 praesentiam
2717 2584 2963 2639 monachi
2990 2594 3043 2639 ct
3077 2584 3176 2637 viri
3208 2583 3300 2637 Dei
3330 2582 3630 2649 venientes,

2053 2680 2362 2735 serenitatis
2402 2687 2602 2738 nostra:
2639 2677 2945 2733 clementia:
2982 2677 3200 2731 auribus
3227 2682 3632 2746 suggesserunt,
3699 2743 3705 2755 ,Α

2055 2778 2114 2825 ιιι
2141 2771 2265 2823 dum
2294 2777 2353 2827 et,
2376 2766 2695 2823 venerabilis
2723 2768 2804 2823 vir
2833 2767 3231 2837 Chrodegarius
3260 2768 3415 2828 abba,
3450 2779 3636 2821 secun-

2054 2865 2180 2921 dttm
2205 2860 2649 2917 consuetudinem
2680 2861 2924 2913 humana:
2949 2857 3271 2928 fragilitatis,
3300 2860 3367 2912 de
3391 2858 3490 2911 hac
3514 2858 3635 2911 luce

2054 2957 2119 3011 ad
2179 2954 2460 3010 Dominum
2508 2952 2767 3021 migrasse
2796 2950 3157 3019 dignoscitur,
3188 2964 3347 3019 quem
3377 2947 3633 3016 apostoli-

2054 3062 2148 3103 cus
2171 3046 2253 3100 vir
2280 3044 2512 3100 domnus
2554 3051 2609 3099 et
2647 3052 2798 3110 pater
2845 3050 3030 3096 noster
3075 3039 3481 3096 Theodelredus
3512 3041 3631 3108 epi-

2055 3151 2272 3207 scopus,
2302 3136 2428 3190 dum
2458 3145 2511 3189 et
2540 3133 2630 3189 ille
2652 3147 2790 3188 onus
2818 3132 3121 3203 pontiﬁcale
3143 3132 3339 3187 meruit
3363 3131 3631 3201 accipere,

2057 3246 2151 3300 per
2176 3239 2409 3285 nostram
2454 3227 2779 3284 voluntatem
2810 3236 2865 3283 et
2894 3225 3328 3295 praeceptionem,
3354 3225 3419 3279 ad
3445 3239 3635 3294 regen-

2056 3323 2180 3377 dum
2210 3337 2273 3376 ac
2312 3320 2695 3377 dominandum
2740 3318 3070 3374 monasterio
3110 3317 3475 3387 suprascripto
3504 3331 3634 3372 con-

2055 3416 2267 3482 stituit;
2310 3428 2439 3469 cum
2489 3411 2748 3467 relatione
2778 3419 2833 3466 et
2860 3424 3124 3465 consensu
3155 3409 3318 3465 totius
3343 3423 3634 3480 congrega-

2057 3508 2217 3563 tionis
2265 3506 2432 3575 ipsius
2478 3503 2812 3571 monasterii,
2842 3503 3110 3572 petierunt
3140 3514 3194 3557 ut
3228 3503 3415 3558 liceret
3444 3503 3523 3558 cis
3552 3518 3635 3557 se-

2056 3599 2285 3655 cundum
2338 3612 2522 3652 eorum
2572 3594 2913 3660 electionem,
2964 3602 3019 3648 et
3062 3594 3353 3649 secundum
3392 3604 3635 3650 sanctum

2058 3692 2391 3763 privilegium
2422 3688 2563 3761 qttod
2595 3703 2756 3758 supra
2797 3687 2919 3743 loco
2948 3695 3136 3743 sancto
3166 3701 3229 3741 ex
3262 3686 3427 3757 regali
3462 3687 3635 3741 muni-

2057 3786 2269 3842 ﬁcentia
2299 3793 2354 3840 et
2381 3782 2718 3838 sacerdotum
2759 3779 3110 3840 concessione
3151 3778 3410 3834 indultum
3439 3787 3541 3843 est,
3569 3777 3638 3833 de

2056 3874 2366 3944 semetipsis
2410 3874 2612 3943 eligere
2662 3881 2947 3927 rectorem.
2992 3871 3057 3925 Et
3084 3870 3208 3925 dum
3239 3883 3422 3924 eorum
3453 3869 3637 3938 petitio

2057 3974 2256 4023 nostrae
2283 3966 2560 4021 serenitati
2590 3978 2823 4035 congrua
2852 3977 2973 4020 esse
3002 3970 3056 4019 et
3086 3959 3413 4018 rationabilis
3442 3960 3494 4015 in
3520 3975 3655 4023 oms.

2094 4123 2234 4175 loma
2266 4120 2407 4174 circa
2459 4132 2654 4195 annum
2818 4115 2981 4195 fuisse
3004 4114 3264 4195 emissum
3295 4115 3658 4195 conjicimus..

2098 4202 2223 4247 avet
2253 4205 2447 4244 nomen
2474 4189 2806 4267 Charderici,
2840 4186 3050 4267 abbatis
3077 4185 3508 4267 Satrdionysiaui,
3537 4187 3628 4255 qui

2056 4273 2181 4317 tunc
2201 4270 2256 4316 et
2286 4256 2935 4339 pluribttsdeinde.attnis
2965 4261 3136 4339 sancti
3158 4256 3414 4339 ,εὴ-(ιιι)θῆ
3441 4271 3626 4339 mimae

2053 4334 2222 4388 sterio
2254 4327 2481 4399 praefuit.
2512 4328 2843 4382 Mabillonius
2867 4332 3042 4399 tamen
3074 4337 3126 4399 et
3158 4327 3469 4399 Felibianus
3488 4327 3631 4381 circa

2056 4396 2266 4457 annutn'
2289 4402 2393 4457 678
2426 4400 2843 4453 instrumentum
2875 4397 2977 4452 hoc
3004 4396 3374 4453 collocandum
3406 4410 3636 4453 censue-

2054 4483 2195 4528 runt.

2128 4555 2152 4583 ο
2187 4544 2376 4618 Distat
2413 4540 2552 4618 apud
2604 4539 2973 4618 _Sirmondum,
3025 4537 3232 4618 (ξριιοὶι.
3286 4536 3563 4618 Erant}.
3592 4536 3634 4601 l,

2057 4628 2175 4688 pag.
2210 4614 2337 4678 505,
2369 4620 2421 4665 et
2452 4605 3005 4688 Qointium,__i_\nn.n_t.
3029 4608 3126 4688 _lV_,
3162 4622 3281 4676 pag.
3441 4608 3636 4688 {inter

2055 4677 2406 4739 instrumenta
2467 4682 2633 4759 Nnvze
2679 4679 2863 4759 Galba:
2890 4678 3264 4759 ιςοιιιεῆδιὶειιιίν.ζ
3304 4686 3344 4759 t._
3379 4677 3441 4759 Χ..
3474 4679 3629 4759 ἰηξις.

2053 4754 2159 4808 col.
2192 4755 2320 4819 2m;
2352 4753 2489 4806 inter
2517 4751 2864 4826 l‘robationcs
2890 4750 3195 4826 libamenta]
3226 4748 3477 4826 ls‘cclesiae
3497 4744 3633 4826 'Gal-

2057 4824 2262 4887 licanm,
2296 4817 2431 4891 part.
2463 4837 2521 4888 tt,
2556 4835 2673 4897 pag.
2704 4819 2796 4885 67,
2848 4829 2901 4874 et
2935 4820 2997 4897 _i_n
3036 4817 3367 4897 Collectiooe
3404 4817 3635 4897 scripto-

2055 4911 2170 4947 rutn
2218 4887 2393 4947 rerum
2429 4887 2830 4967 Francicarum,
2862 4899 2903 4944 t.
2935 4889 3019 4967 IV_,
3053 4904 3105 4967 p_.
3138 4887 3268 4967 _660.
3307 4889 3628 4967 llostittttum

2052 4976 2133 5018 est
2161 4964 2395 5032 diploma
2439 4962 2540 5016 hoc
2590 4963 2729 5014 notis
2782 4955 3200 5032 chronologicis,
3244 4970 3355 5009 tum
3386 4957 3443 5032 in
3472 4955 3632 5032 editis

2055 5046 2165 5087 tum
2197 5024 2247 5087 in
2279 5032 2657 5107 manuscriptis
2704 5031 3009 5107 codicibus.
3050 5024 3106 5081 ut
3140 5035 3361 5107 testatur
3385 5024 3627 5105 illabillo-

2054 5106 2197 5168 nius,
2238 5104 2377 5157 Ann.
2432 5112 2469 5156 t.
2502 5097 2562 5165 ι,’
2593 5117 2714 5171 pag.
2749 5100 2889 5176 565;
2945 5100 3067 5151 hinc
3121 5097 3290 5176 critici
3351 5097 3632 5176 cuinanno

2053 5164 2396 5228 tribuendum
2427 5176 2497 5228 sit
2526 5164 2751 5230 minime
2788 5174 2925 5226 inter
2953 5182 3011 5222 se
3041 5164 3397 5222 Consentium.
3449 5164 3633 5228 ﬂabil-

2052 5246 2227 5299 lonius
2291 5240 2610 5299 electionem
2653 5240 3120 5319 Eretnfberts'circa
3153 5252 3349 5319 annum
3387 5235 3631 5319 681_col-

2053 5317 2334 5369 locandam
2370 5327 2577 5379 censet,
2612 5328 2768 5380 quam
2803 5310 3067 5387 Co_in_tius,
3093 5307 3412 5387 _ubi._slupra,
3441 5306 3631 5387 adﬂan-

2052 5403 2175 5439 num
2227 5401 2394 5451 usque
2434 5384 2533 5440 6')!
2566 5376 2847 5440 removere
2868 5379 3042 5451 jubet.
3092 5376 3397 5430 Mabillouio
3432 5376 3627 5451 suifra-

2048 5470 2241 5525 gantur
2293 5444 2453 5510 Nova:
2502 5455 2686 5527 Gallia;
2736 5444 3057 5527 Chriltiana;
3113 5457 3402 5527 auctores,
3432 5458 3493 5527 _t.
3546 5444 3632 5525 ἒς,

2049 5518 2151 5580 ἰοὶ.
2186 5528 2362 5592 Ηῦϋς
2406 5542 2522 5594 qum
2553 5524 2769 5594 quidem
2816 5520 3080 5573 sententia
3132 5519 3306 5586 potior
3359 5518 3510 5571 nobis
3551 5518 3630 5569 vi-

2049 5599 2204 5651 detur
2230 5637 2246 5661 ,
2305 5591 2719 5651 etsi'lateamur
2759 5591 3031 5665 hucusque
3070 5604 3174 5665 non
3206 5596 3502 5665 suppetere
3541 5600 3633 5665 ar-_

2049 5658 2301 5737 gumento
2348 5666 2633 5737 ejusmodi,
2676 5671 2733 5716 ut
2781 5658 2983 5732 aliquid
3008 5661 3142 5716 certi
3169 5662 3313 5715 circa
3345 5658 3445 5714 hoc
3466 5658 3636 5711 astrui

2048 5741 2206 5807 ιὶιιεςίιι
2217 5779 2230 5793 ,
