3976 6186
485 349 617 407 1551

1557 350 1799 406 FRANC.
1842 347 1996 401 ΠΕΟ.
2039 345 2100 399 ιν
2146 345 2376 401 PRIMIE
2416 345 2699 403 STIRPIS.

3610 352 3741 409 ηεξ

482 466 639 520 nibus
687 466 971 530 videretur,
1030 466 1384 523 venerabilem
1442 468 1609 521 virum
1656 466 2046 530 Erembertum,
2078 470 2124 527 Α
2154 464 2517 532 apostolorum
2568 463 2709 518 Petri
2746 470 2800 518 et
2838 462 2988 517 Pauli
3020 474 3070 517 et
3098 462 3207 536 [ac]
3236 466 3412 519 sancti
3448 466 3662 519 Martini
3695 480 3746 522 et

482 554 574 625 qui
603 556 657 609 in
680 554 802 624 ipso
847 550 1169 611 monasterio
1205 558 1302 611 luit
1344 559 1594 625 nutritus,
1647 547 2051 627 ipsi'homines,

481 658 602 701 cum
637 645 906 700 voluntate
933 647 1276 717 suprascripti
1331 648 1599 717 pontiﬁcis
1643 650 1826 705 domui
1878 650 2056 706 Theo-

481 732 673 790 defridi
697 735 958 804 episcopi,
995 736 1314 807 elegerunt;
1364 748 1542 792 nostra
1589 738 1875 793 clementia
1924 739 2055 808 ipsis

480 826 758 882 monachis
806 828 1143 884 concessisse
1192 831 1538 899 comperitur,
1586 830 1725 885 sicut
1767 819 2054 901 suggesse-

480 923 624 972 runt.
669 916 1045 987 Prmcipientes
1086 934 1213 988 ergo
1242 934 1335 988 per
1362 920 1497 975 hanc
1528 922 1941 990 praceptionem
1971 938 2057 979 se-

481 1008 726 1063 renitatis
770 1020 966 1063 nostra:
998 1020 1052 1064 et
1082 1011 1409 1064 auctoritatis
1437 1011 1656 1080 regalis,
1689 1012 2056 1069 concessimus

481 1107 539 1153 et
558 1099 778 1154 omnino
817 1099 1067 1170 jubemus
1097 1110 1151 1154 ttt
1179 1103 1569 1171 suprascriptus
1608 1103 1927 1157 venerabilis
1977 1104 2058 1157 vir

484 1189 856 1257 Erembertus,
902 1191 1069 1247 abbas
1097 1202 1148 1246 ct
1180 1202 1355 1246 rector
1381 1193 1689 1248 monasterii
1718 1193 2058 1250 Corbeiensis

481 1279 535 1334 in
562 1280 809 1333 omnibus
837 1281 905 1335 sit
934 1281 1286 1346 constitutus;
1318 1289 1372 1336 et
1393 1284 1531 1337 sicut
1560 1284 1729 1337 bonus
1758 1294 1960 1351 pastor,
1993 1298 2056 1338 ea

481 1387 602 1442 qua:
645 1372 792 1426 utilia
838 1382 963 1426 sunt
1003 1372 1069 1426 ad
1109 1386 1244 1441 Opus
1278 1373 1586 1429 monasterii
1617 1383 1670 1427 et
1695 1373 1759 1427 ad
1792 1373 2058 1443 regimina

482 1462 863 1517 monachorum
895 1463 1188 1531 provideat.
1230 1474 1283 1519 et
1313 1474 1481 1534 regat,
1514 1472 1570 1520 et
1594 1465 1835 1531 erudiat;
1865 1476 1918 1521 et
1946 1482 2058 1522 me-

483 1563 662 1607 reatur
688 1553 871 1608 audire
913 1568 1093 1608 vocem
1144 1554 1353 1609 Demini
1403 1556 1670 1612 dicentis:
1700 1558 1869 1627 Euge,
1901 1573 2059 1614 serve

482 1643 621 1704 bone
641 1659 695 1702 et
720 1644 925 1702 ﬁdelis!
958 1648 1080 1719 quia
1111 1663 1273 1716 super
1301 1664 1466 1718 pauca
1492 1649 1645 1706 fuisti
1676 1650 1865 1718 fidelis,
1897 1666 2059 1721 super

484 1742 652 1797 multa
682 1749 737 1799 te
764 1742 1086 1798 constituam
1114 1761 1128 1809 ;
1176 1745 1313 1799 intra
1344 1746 1401 1801 in
1431 1746 1681 1818 gaudium
1715 1746 1925 1801 Domini
1954 1746 2054 1800 tui.

486 1835 552 1887 Et
583 1848 640 1887 ut
671 1834 845 1889 taliter
887 1844 1030 1904 agat,
1075 1835 1196 1890 ideo
1243 1844 1427 1892 nostra
1454 1837 1733 1893 clementia
1764 1839 1812 1892 ei
1844 1837 2059 1893 indulsit

485 1931 545 1974 ut
594 1922 786 1976 habeat
836 1932 1150 1989 potestatem
1197 1924 1263 1979 de
1303 1933 1411 1981 tota
1456 1928 1865 1996 congregatione
1890 1927 2059 1996 ipsius

484 2015 820 2081 tuoiiastcrii,
850 2016 934 2069 vel
963 2014 1029 2070 de
1058 2030 1242 2071 eorum
1275 2017 1579 2072 hominibus
1607 2018 1660 2072 in
1692 2032 1874 2073 eorum
1905 2019 2060 2074 terris

484 2104 963 2172 commanentibus,
1005 2106 1087 2159 vel
1126 2105 1193 2159 de
1220 2120 1402 2160 eorum
1434 2106 1595 2162 rebus
1624 2115 1676 2161 et
1702 2107 2059 2175 possessioni-

487 2199 585 2250 lins
631 2196 915 2252 mobilibus
957 2206 1011 2253 et
1057 2197 1438 2261 immobilibus,
1490 2197 1629 2254 sicut
1667 2209 1848 2255 sancta
1878 2202 2057 2270 regula

483 2287 664 2352 docet,
696 2297 748 2342 et
779 2296 995 2343 sanctus
1022 2288 1154 2343 ordo
1182 2291 1566 2344 monachorum
1615 2290 1913 2347 dinoscitur
1939 2306 2058 2347 esse

489 2379 889 2435 conservandus
913 2395 928 2444 ;
963 2380 1034 2433 ila
1061 2388 1117 2433 ut
1142 2382 1207 2435 de
1236 2380 1321 2434 die
1352 2382 1621 2449 praesenti,
1646 2381 1895 2436 omnibus
1925 2391 2059 2438 tem-

482 2468 703 2538 poribus
743 2471 865 2523 vitze
909 2485 1043 2535 suae,
1085 2470 1378 2525 secundum
1419 2470 1510 2525 Dei
1541 2471 1859 2526 voluntatem
1889 2481 1944 2526 et
1972 2486 2057 2528 se-

484 2558 715 2612 cundum
758 2569 999 2612 sanctum
1044 2560 1309 2625 ordinem,
1353 2561 1679 2614 dominatum
1708 2562 1969 2630 accipiat;
2002 2572 2057 2618 et

486 2649 597 2716 ipsa
644 2660 827 2703 sancta
873 2649 1214 2718 congregatio
1252 2649 1353 2704 sub
1398 2650 1490 2705 illo
1537 2652 1824 2718 consﬁtua,
1868 2668 2056 2720 preces

486 2738 725 2794 assiduas
749 2739 815 2792 ad
841 2755 999 2795 aures
1023 2740 1480 2797 reverentissimas
1508 2743 1800 2810 majestat‘is
1824 2744 2054 2811 Domini,

482 2843 582 2893 pro
613 2828 767 2884 nobis
791 2837 845 2883 et
874 2844 971 2897 pro
997 2828 1286 2885 stabilitate
1312 2830 1457 2900 regni
1491 2831 1677 2899 nostri,
1702 2830 1900 2901 jugiter
1930 2831 2049 2886 fun-

484 2917 593 2970 dat.
626 2918 692 2971 Et
733 2928 788 2972 ut
834 2917 934 2972 hoc
974 2930 1295 2989 prmceptum
1343 2922 1542 2977 ﬁrmius
1582 2922 1859 2990 habeatur,
1913 2922 2054 2993 quod

486 3023 584 3077 pro
641 3006 735 3064 Dei
784 3010 978 3068 timore
1030 3013 1345 3069 indulsimus
1399 3014 1713 3069 auctoritate
1767 3015 2051 3085 pra-celsa,

492 3117 680 3157 manus
729 3114 924 3159 nostrae
968 3104 1446 3177 subscriptionibus
1488 3109 1673 3164 subter
1721 3108 2053 3164 decrevimus

485 3193 760 3251 roborare.

1223 3287 1315 3341 XI.

488 3408 513 3436 ι
544 3396 792 3483 Diploma
829 3416 950 3483 nunc
981 3399 1341 3483 fluat-loricas.
1384 3404 1520 3483 dona
1569 3405 1889 3483 monasteriis
1918 3405 2061 3483 _Sta-

557 3467 753 3546 balanti
790 3480 839 3522 et
864 3467 1341 3537 'illqlmundariensi
1388 3474 1578 3527 collata
1605 3475 1876 3543 conﬁrmat
1910 3476 2057 3546 (ann.

555 3537 707 3605 68l).

558 3644 944 3713 Theodoricus,
978 3666 1068 3703 rex
1114 3650 1458 3719 Francorum,
1493 3655 1571 3708 vir
1600 3655 1842 3709 inluster.
1879 3655 1935 3709 Si
1968 3670 2060 3722 pe-

486 3736 702 3791 titiones
731 3739 1063 3794 saccrdotum
1094 3750 1187 3794 aut
1215 3742 1556 3796 ecclesiarum
1590 3743 1844 3812 prolatas,
1874 3744 1925 3797 in
1955 3760 2061 3813 quo

490 3829 688 3885 nostris
735 3831 954 3886 auribus
1006 3843 1149 3888 recte
1202 3835 1563 3903 poposcerint,
1621 3837 1961 3905 perducimus
1992 3836 2058 3890 ad

485 3918 755 3986 eﬂ’ectum,
800 3922 996 3993 regiam
1041 3924 1477 3979 consuetudinem
1522 3941 1855 3989 exercemus,
1910 3937 1964 3980 ct
2006 3927 2059 3979 in

494 4023 753 4067 aeternum
809 4002 1086 4070 Dominum
1146 4016 1520 4071 retributorem
1575 4034 1645 4073 ex
1700 4018 1803 4073 hoc
1863 4018 2060 4073 habere

492 4103 835 4159 conﬁdimus.
883 4105 1006 4161 Ideo
1052 4117 1233 4162 uotum
1280 4108 1351 4162 sit
1402 4108 1648 4163 ﬁdelibus
1689 4109 1887 4163 nostris
1938 4109 2058 4177 quia

487 4194 810 4249 venerabilis
853 4194 935 4248 vir
982 4194 1258 4251 Goduintts
1305 4194 1630 4269 [Gonninus]
1672 4197 1808 4252 abba
1850 4199 1917 4254 de
1948 4214 2062 4253 mo-

491 4282 732 4337 nasterio
784 4284 1168 4360 [monasteriis]
1212 4286 1493 4343 Stabulaus
1541 4298 1597 4343 et
1645 4288 2060 4355 Malmnndario,

492 4388 612 4440 qua:
663 4386 789 4429 sunt
840 4376 891 4430 in
936 4373 1142 4433 honore
1188 4386 1389 4434 sancta:
1436 4379 1617 4434 Maria:
1654 4388 1709 4433 et
1754 4389 2061 4435 sanctorum

2153 568 2453 618 ceterorum
2501 566 2829 619 sanctorum,
2876 570 2905 609 a
2949 555 3105 611 bona:
3157 558 3435 610 memoria:
3471 562 3740 611 avunculo

2154 658 2344 704 nostro
2373 648 2660 718 Sigiberto,
2685 646 2954 718 quondam
2983 660 3128 715 rege,
3158 647 3227 700 ob
3249 661 3496 701 amorem
3523 647 3742 713 Christi,

2153 741 2223 797 de
2279 741 2477 796 l'oreste
2526 739 2745 806 ﬁscihus
2794 742 2992 795 nostris
3041 748 3371 807 constructa,
3401 738 3744 795 clementiam

2158 842 2395 885 nostram
2425 832 2693 900 exposcit,
2738 844 2807 885 eo
2848 830 2986 899 quod
3032 833 3145 899 ipse
3170 830 3448 899 princeps,
3482 846 3586 896 pro
3618 846 3745 886 mer-

2155 924 2305 977 cedis
2335 937 2445 977 suae
2475 921 2797 991 compendio
2836 932 2891 977 et
2934 922 3042 977 vita
3088 934 3313 988 aeterna,
3351 923 3513 978 villas
3544 924 3744 994 aliquas

2156 1013 2222 1068 de
2274 1014 2437 1079 ﬁscis,
2486 1023 2596 1067 tam
2636 1014 2775 1066 ultra
2816 1014 3003 1082 Ligera
3036 1029 3121 1068 res
3154 1015 3404 1083 proprias
3431 1029 3573 1083 quas
3601 1016 3744 1070 dom-

2158 1118 2254 1156 nus
2299 1102 2583 1157 ltemaclus
2630 1103 2864 1173 legitime
2914 1104 3174 1171 possedit,
3215 1119 3377 1171 quam
3411 1114 3627 1159 ceteras
3654 1120 3743 1171 per

2158 1204 2420 1263 praecepta
2449 1210 2545 1248 sua
2578 1210 2735 1249 manu
2767 1196 3039 1261 roborata,
3071 1197 3169 1249 sub
3200 1197 3409 1264 integra
3442 1197 3742 1251 emunitate

2156 1285 2360 1351 absque
2404 1284 2623 1338 introitu
2650 1284 2889 1353 judicum
2920 1285 3191 1338 concessit
3218 1286 3359 1338 unde
3390 1296 3446 1338 et
3471 1285 3596 1355 ipsa
3622 1300 3742 1351 prae-

2157 1386 2331 1444 cepta,
2360 1391 2456 1431 seu
2498 1386 2550 1430 et
2598 1375 3061 1431 conﬁrmationem
3113 1375 3498 1430 decedentium
3572 1390 3741 1443 regum

2160 1475 2487 1520 memoratus
2517 1466 2649 1520 abba
2680 1480 2740 1520 se
2778 1481 2888 1534 prae
2930 1467 3176 1521 manibus
3219 1466 3421 1521 habere
3452 1466 3735 1529 adﬁrmat;

2156 1568 2215 1611 se
2247 1556 2401 1624 petiit
2436 1555 2807 1610 celsitudinem
2843 1565 3079 1609 nostram
3122 1565 3179 1609 ut
3225 1564 3331 1609 tam
3377 1557 3431 1610 id
3462 1558 3616 1626 quod
3644 1558 3745 1626 ipse

2158 1643 2408 1712 princeps
2450 1641 2679 1696 domnus
2724 1640 3022 1711 Sigibertus
3071 1642 3139 1696 de
3190 1642 3317 1697 ﬁsco
3344 1658 3487 1710 suo,
3544 1660 3646 1699 seu
3689 1646 3749 1701 de

2159 1735 2378 1804 reliquis
2428 1735 2583 1800 locis,
2632 1734 2698 1789 ad
2746 1736 2857 1803 ipsa
2914 1738 3234 1790 monasteria
3266 1736 3429 1809 [Add.
3455 1754 3473 1790 :
3502 1754 3606 1807 per
3633 1754 3749 1792 suas

2088 1815 2135 1877 Β
2162 1826 2472 1880 autoritates
2503 1826 2739 1880 noscitur
2770 1826 3098 1879 concessisse
3124 1841 3282 1894 quam
3311 1827 3484 1880 etiam
3514 1830 3664 1895 quod
3690 1830 3748 1882 ad

2161 1916 2357 1985 scripta
2404 1913 2755 1986 monasteria]
2809 1928 2838 1968 a
2874 1913 3194 1969 Christianis
3252 1916 3572 1971 hominibus
3624 1918 3749 1972 inibi

2163 2005 2371 2060 videtur
2419 2004 2583 2058 fuisse
2622 2004 2806 2058 datum
2847 2001 3185 2076 [conlatum],
3215 2013 3272 2059 et
3301 2007 3598 2073 praesentis
3625 2018 3753 2062 tern-

2160 2095 2306 2165 poris
2336 2110 2524 2149 eorum
2567 2104 2753 2148 manet
2797 2095 3065 2161 possessio
3093 2094 3179 2148 vel
3206 2094 3535 2161 dominatio,
3572 2108 3631 2151 ut
3659 2101 3753 2151 hoc

2160 2187 2212 2240 in
2247 2186 2475 2254 idipsum
2524 2198 2620 2254 pro
2666 2184 2861 2238 nostris
2891 2183 3125 2239 oraculis
3154 2185 3484 2239 conﬁrmare
3516 2186 3741 2240 debere-

2160 2292 2297 2343 mus.
2325 2275 2487 2345 Cujns
2516 2274 2781 2344 petitioni,
2817 2289 2911 2341 pro
2939 2274 3239 2328 reverentia
3279 2275 3525 2341 ipsorum
3570 2291 3747 2327 mona-

2159 2366 2468 2429 steriorum,
2497 2379 2593 2418 seu
2620 2363 3021 2417 considerantes
3049 2364 3410 2417 sacerdotium
3445 2364 3621 2431 ipsius
3652 2365 3744 2417 viri

2161 2455 2410 2522 Gedoini,
2461 2457 2543 2510 vel
2594 2456 2715 2510 ﬁdei
2744 2470 2853 2508 sua:
2886 2465 3187 2523 respectum
3215 2469 3323 2524 quo
3355 2470 3489 2524 erga
3528 2470 3743 2523 regnum

2162 2563 2403 2608 nostrum
2436 2551 2662 2606 ﬁdeliter
2683 2551 2893 2605 videtur
2922 2549 3190 2614 famulari,
3241 2565 3347 2603 non
3401 2548 3584 2603 solum
3631 2565 3747 2602 cou-

2160 2646 2422 2708 ﬁrmasse,
2453 2643 2545 2698 sed
2571 2645 2731 2698 etiam
2765 2657 2860 2712 pro
2889 2641 3133 2696 mercede
3184 2652 3364 2695 nostra
3408 2658 3437 2695 a
3470 2658 3621 2696 novo
3664 2659 3744 2697 re-

2158 2735 2389 2790 cessisse
2416 2745 2592 2787 vestra
2618 2735 2909 2803 comperiat
2967 2731 3297 2802 magnitudo.
3357 2732 3747 2802 l‘raecipieutes

2157 2826 2299 2881 enim
2323 2836 2402 2891 ut,
2427 2824 2563 2880 sicut
2584 2834 2793 2879 constat
2821 2839 2850 2877 a
2881 2824 3246 2892 suprascripto
3278 2825 3527 2894 principe
3555 2824 3747 2879 domno

2154 2916 2450 2986 Sigiherto,
2493 2916 2575 2969 vel
2613 2929 2867 2984 germano
2897 2925 3083 2968 nostro
3111 2914 3442 2983 Cbilderieo,
3481 2918 3746 2985 quendam

2156 3020 2302 3076 rege,
2331 3020 2424 3059 seu
2450 3006 2641 3059 ceteris
2672 3002 2989 3060 Christianis
3021 3005 3353 3070 hominibus,
3386 3006 3454 3059 ad
3487 3006 3611 3073 ipsa
3637 3023 3745 3059 mo-

2158 3101 2414 3165 nasteria,
2455 3108 2563 3154 tam
2595 3100 2817 3155 villabus
2856 3114 3013 3169 quam
3036 3098 3304 3166 domibus,
3329 3099 3637 3167 mancipiis,
3665 3115 3745 3152 ac-

1992 3262 1995 3263 ,
2087 3178 2134 3241 C
2163 3186 2401 3258 eolabus,
2432 3192 2625 3254 vineis,
2656 3190 2823 3257 silvis,
2855 3192 3039 3259 pratis,
3067 3191 3289 3260 campis,
3322 3192 3569 3261 pascuis,
3603 3194 3745 3259 aquis

2162 3298 2486 3352 aquarumve
2548 3281 2906 3345 decursibus,
2970 3296 3091 3336 cum
3148 3281 3374 3349 reliquis
3433 3282 3747 3342 beneﬁciis.

2165 3373 2446 3429 mobilibus
2485 3381 2538 3426 et
2568 3371 2944 3435 immobilibus,
2993 3372 3243 3440 praesenti
3295 3382 3549 3439 tempore
3577 3375 3747 3440 quieto

2163 3466 2351 3519 ordine
2382 3478 2505 3534 pars
2535 3464 2769 3534 ipsorum
2813 3465 3264 3519 monasteriorum
3297 3464 3545 3517 cernitur
3584 3465 3744 3517 donti-

2164 3558 2300 3620 nari,
2348 3558 2419 3611 ita
2462 3557 2717 3625 deinceps
2755 3572 2850 3624 pro
2881 3566 3062 3611 nostra
3102 3559 3429 3611 auctoritate
3460 3558 3669 3626 plenius
3695 3560 3738 3608 in

2166 3647 2256 3701 Dei
2283 3648 2494 3701 nomine
2516 3647 2892 3702 conﬁrmamus
2911 3655 3012 3701 tam
3040 3648 3408 3717 suprascripta
3433 3649 3576 3714 loca,
3596 3664 3737 3715 quam

2163 3739 2523 3805 supratlictum
2548 3738 2845 3794 Goduinum
2869 3739 3113 3794 abbatem
3136 3748 3191 3792 et
3216 3755 3569 3793 suceessores
3594 3754 3737 3803 suos,

2163 3831 2242 3885 vel
2274 3830 2560 3884 monachos
2587 3829 2778 3885 ibidem
2803 3830 3178 3892 consistentes,
3214 3840 3323 3882 tam
3350 3832 3561 3884 nostris
3589 3846 3732 3900 quam

2165 3922 2362 3976 futuris
2399 3922 2743 3990 temporibus,
2780 3921 3042 3989 inSpectas
3071 3920 3211 3990 ipsas
3238 3924 3597 3976 auctoritates
3629 3933 3741 3974 ante

2166 4012 2334 4066 lectos
2390 4011 2706 4080 principes,
2752 4012 2837 4066 vel
2891 4010 3095 4080 reliqua
3148 4013 3549 4074 instrumenta,
3603 4012 3737 4081 quod

2161 4103 2357 4158 ibidem
2384 4102 2475 4157 fuit
2505 4104 2770 4156 ﬁrmatum
2797 4111 2850 4157 et
2877 4102 3258 4165 condonatum,
3292 4117 3391 4156 seu
3436 4114 3494 4158 ct
3541 4105 3740 4157 inantea

2157 4194 2299 4264 jnste
2341 4204 2396 4248 et
2435 4192 2823 4248 rationabiliter
2865 4193 3114 4247 collatum
3160 4194 3262 4247 sub
3306 4196 3631 4249 emunitatis
3660 4212 3747 4247 no-

2162 4287 2327 4349 mine,
2369 4286 2571 4355 ahsque
2615 4286 2835 4340 introitu
2876 4286 3139 4355 judicnm,
3185 4286 3387 4341 ibidem
3422 4298 3640 4341 maneat
3669 4286 3745 4340 in-

2160 4377 2512 4440 convulsum;
2564 4390 2670 4445 quo
2724 4375 2840 4440 ﬁat,
2883 4386 2938 4429 ut
2969 4375 3124 4431 nobis
3150 4376 3215 4429 ad
3244 4377 3561 4431 mercedem
3594 4378 3747 4445 peni.

563 4551 587 4577 ιι
616 4540 906 4621 E_d_iderunt
936 4547 1323 4621 llenschenius,
1371 4552 1438 4606 de
1478 4552 1603 4606 trib.
1635 4553 1834 4621 Dagub.
1867 4554 1958 4607 lib.
1992 4554 2058 4620 ll,
2092 4530 2140 4589 D
2169 4568 2195 4605 a
2229 4567 2333 4621 quo
2361 4550 2679 4617 monasteria
2713 4550 2778 4604 de
2806 4549 2999 4618 quibus
3029 4551 3203 4616 agitur
3231 4550 3465 4615 diploma
3488 4550 3746 4621 impetra-

486 4621 607 4687 φρ.
643 4610 730 4688 17,
762 4627 827 4688 ex
854 4610 1402 4688 ms_1_8ambergen'si;
1433 4623 1675 4677 Cointius
1700 4610 1761 4677 é’x
1788 4610 2060 4679 llcnschel

487 4680 606 4760 nio,
632 4680 895 4760 Anual._t.
920 4684 1008 4753 IV,
1033 4704 1151 4760 pag.
1174 4680 1278 4755 2g;
1308 4680 1614 4757 Maitenius,
1645 4694 1895 4760 Ampiiss.
1929 4696 2057 4748 coll.

490 4755 530 4800 t.
568 4749 633 4827 ll,
662 4763 781 4815 pag.
817 4750 906 4814 η,
939 4749 1005 4807 es
1035 4749 1305 4827 chartario
1349 4749 1693 4824 Stabulen'si:
1736 4749 2062 4819 Collectorcs

491 4826 810 4901 scriptorum
843 4835 1019 4901 rerum
1052 4826 1450 4901 Francicarum,
1491 4844 1528 4887 ι.
1564 4834 1653 4898 IV,
1684 4849 1802 4901 pag.
1833 4836 1962 4899 6.35,
1992 4853 2058 4889 ex

495 4888 960 4973 hlarteniokcujus
983 4892 1241 4973 lectiones
1269 4888 1560 4968 sequimur.
1586 4888 1725 4958 Nulli
1752 4888 2057 4973 suspecinm

489 4960 742 5043 diploma.
769 4959 966 5043 Desunt
991 4970 1133 5043 nota
1157 4959 1581 5043 chronologicaa;
1612 4990 1711 5029 nec
1734 4959 2061 5029 concordant

490 5038 629 5081 inter
652 5042 717 5107 se
745 5038 913 5107 critici
940 5038 1026 5088 cui
1056 5048 1198 5107 anno
1227 5038 1605 5107 assignandum
1635 5045 1704 5098 sit
1736 5046 2062 5099 instrumen-

490 5108 600 5177 tum
651 5098 792 5153 hoc:
825 5103 1056 5177 aliiLuI
1108 5098 1364 5177 M‘arten.‘
1397 5119 1454 5163 et
1513 5114 1648 5167 Coll.
1702 5116 1893 5177 script.
1950 5098 2058 5168 rer.

486 5166 684 5250 FPM;
721 5184 861 5250 9m!“
890 5174 1000 5250 675.
1022 5184 1111 5250 βω
1139 5172 1244 5229 674
1274 5176 1454 5231 datum
1505 5166 1670 5237 fuisse
1700 5166 2057 5247 summa;

490 5237 604 5322 alii:
643 5240 903 5321 Qointius,
952 5245 1271 5322 ubinsttp‘ra,
1302 5259 1357 5301 et
1386 5250 1585 5322 hlabill.
1617 5256 1757 5308 Attii.
1795 5264 1832 5305 t.
1869 5254 1909 5317 l,
1940 5237 2059 5322 pag:

487 5304 782 5391 568,.cirea
806 5304 1007 5391 annum
1023 5304 1230 5373 68l.'Si
1258 5304 1374 5372 rem
1401 5318 1558 5374 liceat
1576 5304 1909 5387 citreo-dore,
1940 5304 2063 5377 sui};

489 5381 669 5433 omnia
716 5381 1101 5440 advertendum
1148 5397 1232 5442 est
1280 5392 1608 5445 monasteria
1651 5381 1972 5446 Stahnlerisc
2011 5402 2065 5446 et

493 5448 994 5542 Efﬂutﬂa’riense‘
1012 5458 1260 5542 parit-isse
1306 5460 1595 5542 ﬁttstrasiaa
1636 5462 2064 5542 regibi‘tszdnno

489 5527 667 5572 autem
700 5520 828 5597 _673,
880 5520 1062 5579 occiso
1096 5528 1421 5597 Childerico,
1456 5520 1726 5586 Austrasii
1744 5531 1844 5585 sibi
1877 5531 2063 5585 Ehroi-

490 5603 649 5671 εμπι-
681 5591 881 5671 duceni
926 5599 1319 5671 constituerunt
1386 5591 1572 5657 contra
1632 5601 2061 5671 Theodoricum,

490 5654 747 5739 ln‘i‘eustria:
768 5673 821 5714 et
846 5663 1164 5739 Biirgurnlize
1190 5654 1392 5739 regem,
1420 5654 2063 5737 cuiae—rantinfensissimi,

490 5732 547 5775 ⁸⁸
576 5740 717 5782 anno
750 5743 1005 5799 δοσιυειιιε
1043 5732 1396 5805 ουςουεῗιυιι]
1426 5741 1468 5796 ll
1502 5761 1682 5815 regem
1713 5732 2066 5813 agnoverunt,

2168 4620 2354 4675 verunt
2384 4622 2522 4689 quod
2551 4636 2711 4685 supra
2737 4621 3097 4684 exhibuimus,
3125 4621 3230 4673 col.
3268 4621 3430 4673 1507.
3483 4620 3748 4685 Dagohcr-

2171 4702 2251 4745 tus
2282 4693 2633 4757 interemptus
2655 4700 2737 4743 est
2767 4704 2908 4741 anno
2928 4689 3053 4751 678,
3086 4706 3187 4743 nec
3212 4690 3330 4743 ideo
3355 4692 3541 4742 statim
3582 4689 3749 4743 Timo-

2168 4764 2382 4815 doricus
2427 4762 2627 4827 potitus
2664 4768 2745 4812 est
2779 4761 3071 4823 Austrasia,
3103 4774 3260 4825 quam
3291 4759 3553 4813 Martinus
3583 4770 3639 4813 et
3672 4760 3747 4813 Pi—

2171 4834 2329 4898 pinus
2354 4832 2520 4885 duces
2547 4838 2937 4897 occupaverant
2960 4846 2973 4893 ;
3003 4833 3096 4898 sed
3125 4831 3188 4881 iis
3209 4827 3395 4898 praelia
3426 4829 3586 4882 victis
3609 4843 3743 4882 anno

2167 4896 2293 4967 680,
2326 4900 2443 4955 vide
2471 4914 2651 4964 supra,
2674 4916 2728 4953 η.
2762 4898 2851 4963 lx,
2877 4908 2987 4950 not.
3009 4896 3056 4962 δ,
3080 4896 3238 4953 totius
3270 4898 3511 4952 Francia:
3542 4913 3746 4950 monar-

2170 4973 2268 5027 clta
2325 4970 2547 5025 eﬂ'ectus
2589 4979 2673 5022 est
2716 4969 3104 5033 Theudoricus,
3151 4978 3204 5023 et
3254 4971 3303 5022 ei
3350 4970 3601 5035 subjecta
3632 4976 3747 5021 sunt

2172 5041 2492 5096 mooasteria
2542 5040 2863 5095 Stabulense
2909 5049 2966 5092 et
3016 5038 3547 5099 Malmundarieuse;
3612 5038 3745 5089 unde

2170 5112 2437 5180 conjicere
2483 5125 2707 5177 pronum
2746 5118 2825 5180 est
2856 5109 2998 5162 eirea
3026 5106 3353 5180 annumtiBl
3390 5110 3507 5174 ipsa
3541 5122 3747 5180 posses-

2171 5178 2382 5235 sionum
2433 5194 2647 5232 suarum
2696 5178 3153 5232 conﬁrmationem
3200 5178 3269 5229 ab
3319 5192 3385 5227 eo
3428 5178 3745 5245 postul;is~e.

2177 5253 2271 5306 llis
2302 5250 2623 5315 suffragatur
2655 5249 3067 5314 Longuerua'us,
3093 5248 3285 5302 Annal.
3319 5246 3516 5301 Fratre.
3548 5250 3600 5299 in
3626 5258 3665 5299 t.
3688 5246 3745 5297 111

2173 5321 2308 5375 Coll.
2366 5319 2550 5387 script.
2612 5336 2714 5371 rer.
2777 5319 2987 5378 Franc.,
3041 5336 3092 5384 p.
3143 5317 3246 5370 693
3276 5328 3328 5371 et
3358 5332 3506 5383 seq"
3538 5334 3638 5371 nec.
3670 5332 3745 5367 rc-

2174 5402 2409 5460 pugnant
2433 5402 2667 5456 tempora
2693 5387 2921 5460 Godniui
2950 5389 3174 5460 ablatis,
3208 5388 3296 5455 qui
3325 5389 3541 5460 utrique
3565 5401 3743 5440 mona-

2172 5454 2337 5514 sterio
2378 5454 2585 5525 prwfuit
2615 5462 2681 5512 ah
2711 5473 2850 5511 anno
2880 5456 2983 5511 674
3018 5459 3083 5511 ad
3106 5454 3305 5510 annum
3332 5454 3459 5517 (385,
3494 5469 3551 5512 ut
3585 5468 3740 5509 testa.-

2174 5539 2259 5583 tnr
2307 5530 2449 5584 Nova
2499 5530 2638 5583 Gali.
2680 5528 2876 5583 Christ.
2910 5536 2949 5580 t.
2988 5529 3074 5588 111.
3105 5529 3210 5580 col.
3237 5528 3361 5581 950.
3420 5528 3536 5581 lloc
3573 5538 3740 5578 autem

2173 5601 2402 5667 diploma
2425 5599 2756 5653 Theoderico
2783 5600 2938 5662 hujus
2962 5600 3192 5651 nominis
3219 5599 3378 5650 tertio
3410 5598 3739 5650 trilmcmdnm

2177 5670 2363 5733 liquet,
2393 5686 2454 5725 ex
2485 5684 2549 5722 eo
2580 5668 2720 5734 quod
2751 5668 2821 5723 ihi
2854 5669 3217 5723 TlteodoriCus
3245 5670 3567 5722 avunculum
3596 5679 3738 5722 sum»

2175 5740 2404 5807 appellat
2432 5740 2769 5809 Sigibcrtutn.
