4056 6178
351 352 508 416 ’1553

867 353 1283 408 [)IPLOMATA.
1329 381 1395 393 —
1436 350 1852 408 1'IIEODORICI
1888 350 1955 405 III
1998 350 2280 410 ECCLES.
2328 354 2414 409 ET
2460 353 2756 412 MONAST.
2804 358 3167 417 l’IlrECEPT.

3486 370 3507 423 1
3518 365 3624 423 53a

355 478 503 535 treat,
531 479 587 525 et
611 468 758 537 ipsos
795 481 981 521 servos
1030 467 1122 522 Dei
1168 467 1358 522 melius
1401 466 1631 521 delectet
1664 479 1760 536 pro
1788 465 1935 534 regni
1963 467 2013 525 Α
2042 470 2218 535 ceptio
2270 469 2470 526 ﬁrmior
2526 472 2819 538 habeatur,
2879 485 2932 529 et
2983 492 3079 545 per
3135 488 3375 548 tempora
3434 484 3623 540 melius

352 561 526 619 nostri
577 559 878 614 constantia
936 560 1189 613 attentius
1243 558 1451 612 Domini
1508 556 1934 613 misericordiam

354 653 659 723 deprecari.
700 650 766 704 Et
796 659 852 704 ut
894 651 1006 704 btec
1039 650 1326 718 praeceptio
1355 648 1561 703 tirmior
1596 647 1856 703 habeatur
1881 656 1939 702 et

355 759 453 813 per
482 754 723 812 tempora
764 750 1141 807 conservetur,
1193 752 1384 794 manus
1434 747 1632 793 nostra:
1671 738 1939 805 subscrip-

355 834 595 890 tionibus
645 832 832 887 subter
889 845 1006 886 eam
1065 830 1405 886 decrevimus
1454 829 1715 884 roborari.
1762 856 1833 869 —
1881 828 1937 882 In

352 925 556 982 Christi
587 924 803 979 nomine
840 922 1211 978 Theudoricus
1245 921 1659 996 [Theodericus]
1700 936 1790 976 rex
1816 921 1941 974 sub-

357 1016 589 1085 scripsit.

1093 1103 1208 1159 XII.

354 1192 662 1265 ‘Diploma
714 1210 815 1265 qna
865 1193 1207 1248 Theudoricus
1254 1194 1618 1248 immunitatem
1671 1196 1942 1264 conﬁrmat

426 1264 738 1319 manasterio
768 1264 1016 1318 Sitltiensi
1050 1280 1360 1327 concessam,
1388 1281 1480 1331 pro
1514 1267 1576 1319 iis
1615 1280 1730 1335 qua:
1758 1268 1812 1320 in
1852 1266 1943 1319 At-

428 1336 557 1388 tim’o
600 1335 725 1400 ﬁsco
760 1335 1125 1388 monasterium
1153 1336 1245 1388 hoc
1273 1347 1658 1401 comparaverat
1686 1347 1775 1389 aut
1802 1352 1943 1390 com-

428 1414 613 1474 parare
639 1406 1109 1477 poteratnetxeptis
1132 1405 1321 1458 maniis
1350 1405 1487 1460 unde
1516 1422 1684 1477 opera:
1700 1408 1944 1461 carraria:

427 1472 610 1528 exeunt
638 1474 785 1541 (ann.
816 1472 970 1542 682).

424 1567 484 1621 Si
513 1565 708 1634 aliquid
739 1566 803 1619 ad
837 1566 948 1618 loca
982 1577 1287 1621 sanctorum
1334 1581 1431 1635 pro
1486 1566 1800 1637 adjuvamen
1827 1581 1945 1623 ser-

352 1671 542 1711 vorum
605 1656 698 1709 Dei
749 1655 1113 1720 concedimus,
1146 1657 1248 1712 hoc
1295 1656 1451 1711 nobis
1505 1658 1575 1711 ad
1624 1657 1833 1712 Iaudem
1861 1658 1945 1711 vel

352 1756 541 1803 eterne
606 1746 969 1801 retributionis
1024 1749 1295 1817 pertinere
1350 1746 1695 1802 confidimus.
1779 1748 1943 1818 Igitur

2042 569 2404 627 conservetur,
2462 578 2649 618 manus
2714 574 2900 621 nostre
2962 569 3447 639 subscriptionibus
3498 592 3620 631 eam

2041 652 2377 709 decrevimus
2404 655 2679 712 roborare.
2702 687 2773 697 —
2794 657 3011 728 Signum
3034 662 3253 730 gloriosi
3277 666 3416 734 regis
3442 667 3620 724 Thco~

2041 744 2226 800 dorici.

2116 836 2241 891 Data
2284 838 2385 892 sub
2414 838 2502 893 die
2525 855 2554 893 χ
2586 840 2843 896 kalendas
2873 841 3213 910 Novembris,
3244 860 3384 901 anno
3417 864 3444 901 x
3472 851 3621 918 regni

2044 929 2251 993 nostri,
2304 930 2638 998 Compendio
2696 934 2937 1002 palatio,
2997 937 3048 990 in
3112 937 3203 992 Dei
3264 940 3479 996 nomine
3541 942 3622 997 I'e-

2046 1020 2237 1074 Iicilcr.

2754 1093 2895 1150 XIII.

2045 1208 2073 1248 h
2104 1206 2342 1278 Diploma
2369 1224 2467 1275 quo
2506 1208 2848 1263 Theodericus
2876 1212 3215 1269 immunitates
3245 1219 3472 1274 concedit
3512 1236 3624 1276 mo—

2367 1281 2588 1333 nasterio
2616 1280 2942 1334 Novientemi
2973 1285 3118 1350 (ann.
3155 1286 3302 1353 683).

2117 1370 2173 1425 In
2206 1370 2401 1425 Christi
2433 1372 2651 1427 nomine
2698 1372 3065 1428 Theodericus
3103 1374 3234 1453 [At.,
3270 1378 3627 1452 Tiedericus],

2045 1477 2136 1518 rex
2170 1461 2521 1527 Francorum,
2554 1461 2634 1516 vir
2654 1462 2880 1530 illuster,
2914 1465 3241 1538 Attieo{AI.,
3274 1468 3484 1540 Athico]
3509 1471 3631 1525 duci

2046 1560 2101 1607 et
2142 1551 2428 1607 Adelberto
2460 1552 2640 1607 comiti
2697 1555 2998 1624 ceterisque
3043 1557 3155 1612 tisci
3199 1559 3365 1613 nostri
3416 1572 3630 1615 exacto-

2047 1644 2214 1698 ribus.
2241 1642 2373 1697 lllud
2398 1642 2553 1698 nobis
2573 1643 2637 1697 ad
2668 1654 2906 1700 eternam
2930 1647 3332 1704 retributionem
3360 1651 3631 1707 credimus

2020 1734 2103 1789 'in
2134 1734 2225 1789 Dei
2259 1733 2475 1788 nomine
2500 1734 2776 1802 proiicere,
2825 1736 2870 1789 si
2904 1736 3187 1804 petitiones
3210 1738 3479 1793 hominum
3510 1741 3633 1796 reli-

354 1847 645 1909 cognoscat
698 1837 1005 1906 magnitudo
1051 1851 1144 1892 seu
1166 1839 1396 1892 \utilitas
1447 1847 1624 1894 vestra
1672 1817 1821 1907 quod,
1844 1852 1940 1913 nos

2054 1826 2309 1895 giosorum
2351 1828 2416 1880 ad
2466 1826 2713 1881 eII'ectum
2774 1827 3135 1896 perducimus,
3170 1830 3256 1886 vel
3299 1845 3394 1899 pro
3433 1831 3633 1887 Christi

353 1930 653 1986 venerabili
685 1931 1064 1995 viro'Bertino,
1090 1930 1271 1985 abbati
1296 1931 1363 1986 de
1389 1931 1724 1987 monasterio
1748 1929 1943 1995 Sitdiu,

354 2024 465 2078 tale
514 2022 832 2078 beneﬁcium
882 2022 1273 2088 concessimus,
1320 2031 1378 2076 ut
1429 2021 1571 2091 quod
1625 2021 1760 2076 inl‘ra
1795 2036 1946 2077 mero

356 2112 707 2171 Attiniaeinse
750 2114 817 2170 de
870 2112 1001 2169 fisco
1050 2123 1235 2169 nostro
1282 2121 1655 2181 comparatum
1722 2111 1942 2182 habeat,

356 2214 450 2261 aut
477 2206 687 2261 inantea
711 2205 776 2260 ad
805 2204 1225 2274 comparandum
1258 2203 1504 2258 invenire
1533 2202 1795 2273 potuerit,
1827 2206 1948 2271 pre-

359 2306 443 2350 ter
484 2294 605 2350 illos
639 2310 856 2351 mansos
893 2295 1037 2350 unde
1074 2308 1269 2365 operas
1295 2296 1563 2350 earrarias
1591 2304 1811 2359 exeunt,
1844 2293 1947 2349 hoc

359 2385 554 2439 habeat
584 2400 922 2450 concessum,
955 2392 1010 2440 et
1039 2386 1186 2440 nullo
1214 2384 1428 2440 redditu
1456 2394 1621 2451 terre,
1650 2399 1747 2440 nec
1772 2383 1946 2440 nullas

362 2475 673 2531 functiones
705 2476 945 2545 publicas
967 2476 1167 2532 eisdem
1198 2476 1267 2531 ob
1302 2478 1403 2531 hoc
1430 2478 1665 2545 exigere,
1714 2491 1812 2531 nec
1856 2491 1946 2530 re-

362 2569 578 2639 quirere
622 2584 726 2623 non
777 2568 1037 2624 debeatis.
1080 2568 1417 2639 Quapropter
1468 2584 1565 2639 per
1612 2569 1713 2625 hoc
1768 2585 1948 2640 prece-

361 2670 512 2729 ptnm
572 2661 857 2730 specialius
909 2661 1246 2716 decernimus
1296 2660 1844 2730 ordiuandum,qnod
1894 2664 1945 2718 in

364 2763 625 2823 perpetuo
671 2754 911 2808 volumus
962 2767 1082 2807 esse
1124 2768 1458 2819 mansurum,
1510 2762 1568 2806 ut
1614 2768 1786 2821 neque
1826 2768 1944 2818 vos,

362 2857 541 2913 neque
581 2842 821 2911 iuniores
850 2856 943 2897 seu
974 2856 1317 2898 successores
1340 2843 1530 2908 vestri,
1564 2857 1663 2898 nec
1693 2842 1947 2912 quislibet

363 2932 432 2988 de
479 2933 755 3001 iudiciaria
810 2941 1072 3001 potestate
1112 2933 1411 2999 adcinctus,
1468 2932 1536 2988 de
1585 2933 1729 3004 ipsas
1774 2943 1947 2988 terras

364 3023 505 3093 quod
534 3022 671 3077 infra
712 3037 860 3099 mero
893 3024 1240 3078 Attiniaeinse
1270 3022 1405 3078 infra
1447 3022 1565 3091 ipso
1598 3022 1726 3077 ﬁsco
1762 3034 1947 3079 nostro

365 3123 697 3169 memoratus
727 3115 861 3168 abba
900 3126 1265 3183 comparatum
1317 3112 1501 3177 habet,
1553 3124 1643 3168 aut
1693 3114 1946 3183 deinceps

2048 1932 2230 1973 amore
2252 1932 2370 1973 cum
2393 1917 2535 1971 omni
2566 1920 2897 1985 protectione
2935 1919 3248 1975 solidamus.
3309 1921 3485 1988 Atque
3515 1921 3635 1977 ideo

2049 2016 2341 2077 cognoscat
2391 2008 2699 2071 magnitudo
2755 2023 2848 2063 seu
2899 2010 3101 2064 utilitas
3129 2020 3325 2078 vestra,
3357 2021 3379 2050 ο
3412 2024 3633 2067 venera-

2050 2097 2209 2155 bilem
2238 2100 2409 2155 virum
2434 2099 2732 2154 Erhardum
2754 2099 3002 2154 abbatem
3028 2114 3091 2155 ac
3108 2101 3325 2154 missum
3350 2113 3500 2154 suum
3532 2102 3636 2155 Ra-

2049 2188 2329 2244 debertum
2364 2189 2684 2244 monachum
2712 2190 2985 2245 serenitati
3015 2198 3193 2245 nostre
3216 2190 3543 2262 suggessisse
3571 2192 3639 2246 de

2053 2280 2357 2336 hominibus
2408 2282 2659 2353 ingenuis
2710 2283 2799 2351 qui
2845 2283 2895 2336 in
2928 2283 3289 2340 mundeburde
3327 2283 3637 2339 monasterii

2049 2371 2467 2440 Novientensis,
2539 2374 2681 2443 quod
2737 2373 2789 2427 iu
2842 2373 3045 2429 honore
3096 2374 3377 2444 peculiaris
3428 2374 3638 2442 patroni

2049 2466 2216 2519 nostri
2258 2469 2427 2519 sancti
2481 2465 2708 2524 Mauritii
2756 2473 3118 2520 constructum
3156 2480 3276 2521 esse
3313 2465 3542 2531 videtur,
3582 2476 3640 2521 ut

2049 2556 2129 2611 eis
2158 2556 2263 2610 tale
2297 2556 2611 2610 bcneiicium
2642 2556 2940 2611 concedere
2967 2557 3305 2618 deberemus,
3335 2557 3433 2609 hoc
3460 2564 3543 2610 est
3572 2555 3639 2611 de

2051 2650 2168 2702 loco
2231 2657 2538 2715 nuncupato
2598 2647 2951 2715 lliltesheim,
3009 2663 3167 2717 quem
3222 2649 3433 2717 propria
3480 2662 3637 2702 manu
3702 2632 3713 2640 ’

2049 2735 2220 2790 eidem
2265 2735 2590 2791 monasterio
2619 2736 2958 2803 tradidimus,
3010 2749 3067 2792 ut
3095 2754 3123 2792 a
3147 2739 3415 2807 judicibus
3439 2737 3637 2793 nostris

2052 2826 2247 2880 nullam
2302 2824 2746 2894 inquietudinem,
2783 2827 2864 2881 vel
2897 2827 3185 2896 quamlibet
3216 2827 3636 2895 requisitiooem,

2049 2925 2141 2971 aut
2200 2915 2426 2981 fredam,
2468 2930 2562 2971 seu
2622 2916 3058 2981 redhibitionem,
3118 2917 3200 2972 vel
3230 2915 3634 2985 injunctionem,

2050 3007 2189 3077 quod
2247 3007 2312 3060 ad
2358 3021 2455 3061 vos
2502 3006 2585 3061 vel
2627 3006 2867 3076 iuniores
2922 3016 3130 3062 vestros
3187 3008 3521 3073 pertinuerit,
3570 3006 3638 3062 ad

2050 3112 2409 3167 quascumque
2438 3098 2786 3153 necessitates
2818 3098 3063 3154 volumus
3092 3114 3210 3154 esse
3253 3098 3641 3163 cctnmonitos,

366 3204 485 3274 ipse
515 3205 594 3257 vel
623 3218 966 3260 successores
1005 3204 1108 3267 sui,
1153 3212 1246 3258 aut
1290 3218 1411 3270 pars
1442 3204 1611 3272 ipsius
1635 3206 1945 3260 monasterii

2054 3208 2149 3263 pro
2178 3192 2441 3248 mercedis
2469 3201 2649 3249 nostre
2675 3202 2978 3262 augmento,
3012 3193 3065 3248 in
3098 3192 3447 3248 Iuminaribus
3471 3208 3638 3262 pecu-

368 3312 687 3366 comparare
740 3295 1029 3365 potuerint,
1073 3304 1251 3364 preter
1275 3296 1393 3351 iI-los
1423 3311 1640 3351 mansos
1664 3298 1803 3351 unde
1834 3310 1952 3351 car-

367 3396 559 3455 pentis
614 3396 833 3451 exeunt.
886 3385 1063 3440 nullos
1121 3384 1360 3440 redditus
1418 3395 1580 3453 terre,
1634 3401 1731 3440 nec
1778 3386 1952 3440 nullas

366 3479 667 3534 functiones
691 3479 892 3533 eisdem
924 3493 1027 3532 non
1055 3478 1340 3547 requiratis
1382 3494 1479 3534 nec
1521 3479 1803 3544 exactetis,
1847 3479 1949 3533 nisi

362 3570 618 3639 quicquid
642 3570 839 3630 exinde
886 3572 998 3640 ipse
1036 3571 1194 3635 abba,
1222 3573 1305 3625 vel
1352 3576 1474 3641 pars
1522 3573 1838 3628 monasterii
1870 3574 1949 3627 sui

370 3659 569 3729 Sitdiu,
610 3669 705 3716 aut
744 3676 1089 3716 successores
1128 3663 1233 3728 sui,
1261 3663 1341 3716 vel
1390 3662 1529 3731 quod
1570 3662 1729 3717 fiscus
1768 3671 1955 3719 noster

370 3751 650 3821 percipere
700 3754 933 3822 potuerit
977 3765 1043 3808 ex
1086 3763 1271 3806 nostro
1304 3767 1527 3806 munere
1556 3753 1817 3823 largitatis
1856 3754 1955 3807 hoc

370 3844 569 3899 habeat
614 3859 929 3900 concessum
978 3852 1137 3915 atque
1183 3844 1465 3898 indultum.
1512 3843 1576 3897 Et
1608 3855 1663 3898 ut
1696 3845 1792 3900 hec
1828 3859 1953 3914 prc-

439 3982 465 4010 ⁸
495 3975 747 4043 Vulgavit
770 3976 1114 4031 Mabillonius
1143 3992 1205 4031 ex
1238 3975 1567 4031 cbartulario
1590 3976 1859 4045 Folquini,
1890 3977 1956 4032 de

367 4046 445 4104 Bc
472 4046 693 4111 diplom.
728 4062 845 4115 pag.
877 4046 1014 4112 606;
1059 4063 1123 4102 ex
1158 4048 1467 4102 Maliillonio
1498 4062 1742 4101 recuSnm
1780 4057 1863 4102 est
1903 4050 1953 4101 in

366 4116 557 4186 Suppl.
596 4131 722 4185 opp.
770 4117 1050 4184 diplomat.
1095 4119 1280 4180 Mirari,
1331 4130 1370 4172 ι.
1404 4118 1464 4181 ll,
1495 4132 1614 4186 pag.
1643 4117 1780 4182 926;
1815 4132 1865 4171 et
1902 4120 1956 4172 in

365 4185 507 4242 Coll.
556 4189 741 4254 script.
786 4202 892 4241 rer.
942 4188 1130 4255 Franc,
1162 4198 1200 4243 t.
1238 4186 1328 4253 IV,
1365 4185 1505 4256 pag.
1541 4187 1670 4242 (itii.
1704 4187 1812 4241 Nos
1843 4190 1955 4242 edi-

365 4272 490 4314 mus
534 4257 600 4310 ad
655 4257 811 4311 iidem
856 4258 1086 4326 exempli
1134 4259 1273 4324 quod
1320 4258 1381 4311 D.
1432 4257 1499 4312 de
1543 4257 1703 4321 Wite,
1738 4260 1957 4311 archivo

368 4328 677 4381 monasterii
709 4328 877 4381 sancti
904 4328 1099 4381 Berlini
1134 4327 1440 4398 praefer-tus,
1475 4329 1539 4382 ex
1566 4331 1754 4381 eodem
1787 4330 1957 4382 char-

369 4399 584 4458 tnlario,
617 4398 708 4451 fol.
742 4398 835 4464 ‘25,
884 4397 1231 4466 exscriptum,
1276 4400 1327 4450 iu
1381 4397 1823 4467 cbartophylacio
1858 4414 1955 4453 no-

367 4478 482 4521 stro
516 4469 771 4533 reposuit.
818 4468 1109 4537 Folquinns
1141 4469 1450 4523 inaccurate
1473 4469 1713 4523 exhibuit
1749 4472 1948 4522 Inl‘tltll-

2057 3288 2205 3342 tiaris
2237 3286 2443 3355 patroni
2475 3286 2645 3341 nostri
2673 3286 2780 3356 jam
2804 3283 3092 3355 supradicti
3113 3283 3366 3349 Mauritii,
3388 3299 3479 3351 per
3494 3282 3637 3338 hanc

2053 3380 2427 3434 auctoritatem
2452 3377 2554 3433 visi
2584 3392 2770 3433 sumus
2813 3378 3177 3441 concessisse;
3209 3375 3282 3429 ita
3312 3384 3368 3429 ut
3398 3388 3570 3440 neque
3604 3388 3634 3427 a

2055 3469 2280 3525 subditis
2322 3468 2536 3534 vestris,
2579 3483 2751 3538 neque
2780 3484 2809 3521 a
2839 3468 2991 3522 vobis
3034 3482 3128 3521 seu
3165 3481 3193 3520 a
3241 3465 3639 3520 successoribus

2057 3563 2247 3616 vestris
2299 3560 2660 3630 inquietentur
2714 3559 2793 3614 vel
2850 3569 3219 3622 amoveantur,
3271 3557 3370 3611 nisi
3399 3556 3464 3611 ab
3492 3565 3640 3610 acto-

2057 3653 2204 3709 ribus
2242 3651 2440 3722 prefati
2474 3651 2783 3706 monasterii
2815 3652 2868 3704 in
2898 3649 3266 3704 mundeburde
3312 3647 3637 3717 impendant,

2056 3754 2110 3799 et
2135 3744 2523 3809 defensionem,
2554 3752 2660 3798 tam
2695 3742 2791 3811 ipsi
2823 3758 2976 3811 quam
3009 3751 3063 3798 et
3104 3742 3385 3811 posteritas
3424 3755 3637 3803 eorum,

2059 3839 2389 3908 pre:entibus
2416 3845 2469 3893 et
2493 3836 2680 3892 futuris
2711 3837 3038 3905 temporibus
3068 3850 3291 3905 sperare
3318 3834 3578 3919 debeant,
3586 3845 3642 3890 et

2058 3992 2122 4031 ex
2150 3975 2341 4045 duplici
2366 3975 2512 4030 fonte
2542 3974 2814 4040 haustum,
2846 3973 3095 4028 videlicet
3125 3988 3187 4045 ex
3233 3972 3479 4045 exemplo
3501 3971 3639 4040 quod

2060 4061 2155 4115 pro
2202 4043 2534 4113 autographo
2563 4047 2856 4109 venditant,
2889 4045 3127 4109 reposito
3176 4044 3227 4095 in
3276 4043 3497 4115 archivo
3526 4057 3643 4095 mo-

2061 4112 2275 4171 nasterii
2329 4115 2699 4169 Novientensis
2739 4130 2832 4169 seu
2890 4112 3456 4176 Ehenm:mteriensis,
3491 4122 3543 4166 et
3572 4126 3640 4166 ex

2061 4185 2366 4256 apograpbo
2391 4186 2556 4240 veteri
2589 4184 2729 4256 quod
2780 4193 2954 4256 ex_~‘tat
2985 4184 3033 4256 in
3072 4182 3642 4256 tabularioepiscopali

2062 4251 2465 4320 A'rgiintinensis
2506 4251 2767 4309 ccclesizr.
2823 4252 3090 4305 Fielizinm
3134 4261 3215 4305 est
3268 4251 3414 4319 prius
3442 4252 3642 4305 instru~

2060 4338 2315 4389 mentum,
2346 4336 2401 4379 nt
2425 4327 2662 4395 arguitur
2692 4339 2754 4377 ex
2788 4323 3083 4395 litterarum
3107 4321 3371 4395 ductibus,
3392 4336 3455 4395 ex
3475 4322 3640 4395 stylo,

2059 4412 2125 4451 ex
2174 4397 2313 4451 notis
2352 4392 2746 4465 chronologicis
2775 4395 2841 4447 ab
2870 4408 2973 4465 aira
3004 4392 3304 4465 Christiana
3338 4392 3535 4459 petitis,
3578 4408 3645 4446 ex

2062 4468 2176 4531 ipso
2203 4467 2344 4533 regis
2375 4468 2588 4520 nomine
2622 4462 2717 4535 qui
2748 4464 3000 4517 scribitur
3044 4462 3372 4525 Ticdericus;
3418 4475 3646 4535 apogra-

369 4540 475 4591 Iam
522 4531 948 4605 subscriptionis
983 4538 1329 4601 Theudorici,
1384 4553 1502 4605 qua:
1542 4540 1592 4590 in
1626 4539 1743 4592 aliis
1781 4541 1947 4607 diplo-
1978 4531 2033 4593 Ι)
2064 4538 2219 4605 phum
2251 4531 2479 4601 vitetur,
2523 4531 2691 4603 primo
2745 4543 2981 4602 aspectu,
3021 4546 3083 4607 ex
3134 4535 3233 4586 hoc
3279 4533 3648 4607 contmentitio

371 4608 606 4661 motibus
636 4608 843 4677 concipi
876 4609 1009 4662 solet
1043 4609 1123 4662 bis
1154 4610 1331 4661 verbis
1363 4624 1377 4662 :
1412 4609 1477 4659 In
1519 4607 1707 4662 Christi
1754 4611 1958 4664 nomine

369 4677 722 4732 Theodoricus
754 4694 843 4731 rex
869 4680 1162 4747 subscripsi.
1198 4679 1487 4744 I’erperatn
1532 4679 1823 4747 Folquinus
1857 4682 1958 4735 hoc

370 4750 608 4815 diploma
643 4749 826 4802 tribuit
852 4764 991 4801 anno
1019 4751 1145 4801 Chr.
1176 4748 1314 4811 b76;
1345 4763 1517 4801 annus
1542 4750 1686 4802 enim
1719 4751 1958 4804 (let-imus

370 4819 693 4943 quuiﬁcgjus,
728 4834 910 4873 mense
937 4819 1242 4883 Novembri,
1274 4821 1631 4874 concurrebat
1664 4836 1782 4874 cum
1814 4837 1957 4875 anno

436 4907 499 4943 nx
601 4900 654 4941 ι.

370 4892 654 4944 Οὴγ.682.

444 4960 472 4998 b
521 4960 725 5016 Primus
783 4961 1006 5028 vulgavit
1056 4960 1265 5022 Lazius,
1319 4960 1385 5014 de
1441 4960 1649 5024 Suevis,
1704 4960 1795 5016 lib.
1839 4977 1954 5028 vui,

370 5032 576 5101 absque
608 5032 745 5085 notis
798 5031 1211 5101 chronologieis.
1272 5030 1435 5094 liuius
1491 5033 1746 5085 memoria
1788 5044 1867 5085 est
1905 5033 1956 5085 in

371 5100 641 5154 Chronico
669 5100 1043 5157 Novientensis
1070 5100 1406 5163 monaSIerii,
1438 5117 1466 5153 a
1501 5102 1758 5155 Martenio
1791 5103 1953 5163 edito,

370 5172 634 5225 Thesaur.
653 5172 900 5227 anet-dot.
920 5181 956 5225 ι.
985 5172 1187 5236 lll,co|.
1214 5170 1371 5234 H31,
1402 5174 1601 5239 scripto
1626 5173 1814 5238 partim
1837 5187 1955 5239 λιιι,

374 5243 567 5309 partint
622 5257 710 5295 xtv
760 5244 989 5307 sacculo;
1042 5242 1134 5294 sed
1195 5244 1336 5294 solas
1370 5243 1775 5299 chronologicas
1808 5254 1959 5297 notas

372 5313 612 5367 exhibuit
639 5315 951 5375 Martenius,
977 5312 1184 5365 caeteris
1210 5312 1600 5379 pra-terruissis.
1629 5312 1960 5366 Mabillonius

377 5391 543 5451 totum
576 5381 983 5436 instrumentum
1014 5380 1390 5451 exscripsi-rat,
1411 5382 1697 5450 et,evrjus
1723 5384 1957 5449 sirhed:s,

376 5450 517 5520 typis
548 5453 934 5505 mandaverunt
957 5450 1205 5506 auctores
1232 5450 1391 5505 Nova:
1414 5453 1597 5506 Calliae
1619 5453 1956 5519 Christianag

376 5531 417 5575 t.
458 5520 516 5586 ν,
542 5522 787 5576 insuum.
820 5524 922 5576 col.
956 5520 1081 5586 457,
1109 5522 1371 5590 integrum
1401 5522 1640 5589 quidem,
1688 5525 1779 5574 sed
1816 5526 1955 5577 inac-

375 5602 580 5645 curate.
639 5593 978 5646 Ilecuderunt
1008 5608 1070 5645 ex
1103 5592 1314 5645 scltcdis
1345 5591 1583 5661 ejusdem
1634 5592 1959 5649 Collectmcs

374 5664 694 5728 scriptorum
746 5678 920 5718 rerum
976 5662 1368 5723 Francicarnm,
1421 5671 1460 5715 t.
1507 5662 1593 5727 IV,
1648 5679 1768 5730 pag.
1832 5662 1957 5718 662.

376 5731 617 5785 Tandem
673 5733 867 5799 prodiit
915 5734 1057 5786 curis
1090 5733 1149 5786 D.
1184 5732 1521 5794 Grandidier,
1560 5746 1588 5785 a
1621 5733 1772 5803 nobis
1820 5750 1962 5803 sat-pe

379 5803 600 5872 laudati,
625 5803 761 5861 Hist.
789 5804 983 5860 ccclcs.
1010 5803 1229 5875 Argcut.
1256 5814 1295 5859 t.
1327 5805 1364 5871 I,
1386 5804 1536 5875 prob.
1563 5818 1613 5874 ρ.
1650 5802 1717 5859 40
1740 5816 1791 5861 ct
1818 5802 1957 5877 seq},

2062 4602 2414 4661 instrumento
2456 4602 2815 4674 desumptum,
2877 4602 3093 4674 mutatis
3144 4602 3511 4657 tantummodo
3556 4613 3649 4655 aut

2064 4694 2125 4731 ex
2138 4679 2342 4743 punctis
2375 4679 2436 4730 iis
2458 4693 2573 4746 qua:
2599 4673 2933 4744 potissimum
2960 4673 3144 4746 falsum
3162 4674 3487 4746 prodebant,
3506 4673 3645 4746 regis

2060 4749 2265 4805 scilicet
2321 4743 2569 4809 nomine,
2604 4743 2761 4799 notis
2812 4743 3354 4812 chronologicis,-et
3415 4744 3645 4796 subscri-

2060 4822 2299 4890 ptionum
2342 4818 2605 4871 formulis.
2637 4817 2765 4870 Cum
2792 4816 2856 4870 de
2880 4825 3076 4890 caetero
3108 4816 3330 4890 alterum
3378 4813 3529 4865 alteri
3579 4812 3648 4863 sit

2059 4886 2386 4946 Siniillittium
2425 4929 2439 4953 ,
2492 4897 2773 4955 utrumque
2821 4886 3108 4955 separatim
3167 4886 3327 4955 edere
3356 4954 3361 4955 γ
3392 4895 3648 4946 superva-

2059 4975 2280 5031 caneum
2339 4952 2701 5031 arbitramur;
2733 4952 3040 5031 Lectionem
3078 4952 3386 5031 apograplti,
3448 4960 3647 5015 uttmle

2059 5029 2501 5091 emendatiorem,
2533 5029 2833 5095 sequimur;
2863 5027 3254 5094 discrepantias
3308 5027 3448 5074 inter
3480 5034 3646 5073 uncos

2060 5113 2151 5155 aut
2187 5101 2237 5152 in
2282 5102 2419 5153 notis
2451 5100 2788 5153 exhibemus.
2821 5100 2980 5154 Certe
3013 5098 3141 5169 [nec
3173 5095 3312 5169 inter
3361 5100 3647 5169 utrumque

2060 5171 2354 5225 similitudo
2384 5171 2523 5237 aliqu
2544 5184 2613 5241 2m
2659 5171 3018 5237 suspicionem
3047 5164 3245 5241 injicit_
3270 5163 3336 5215 de
3365 5163 3647 5241 utrius-nne

2062 5242 2311 5295 falsitate.
2343 5232 2717 5308 Αροέιθνιιιηη
2743 5232 2921 5291 tamen
2952 5235 3192 5308 ecclesiae
3218 5232 3643 5308 Argentinensis,

2063 5328 2180 5365 cum
2232 5303 2720 5364 nulla-nianil'estaa
2760 5307 3004 5382 falsitatis
3047 5305 3171 5359 vitia
3223 5303 3467 5382 exhibeat
3501 5341 3515 5363 ,
3549 5316 3645 5382 ex

2063 5382 2299 5453 legitimo
2367 5382 2720 5435 instrumento
2784 5377 3130 5453 descriptum“
3173 5377 3405 5453 censeri_
3441 5380 3644 5451 potest;

2061 5441 2284 5506 alierum
2336 5467 2462 5507 vero
2508 5461 2744 5512 temere,
2792 5457 2847 5499 nt
2900 5458 3044 5510 saepe
3100 5445 3189 5508 tit,
3234 5441 3406 5511 quoad
3451 5443 3648 5512 snseri-

2065 5529 2274 5591 pt‘ones
2314 5532 2369 5576 et
2406 5532 2559 5575 notas
2606 5510 3011 5591 chronologicas
3063 5510 3459 5591 interpolatum.
3504 5510 3648 5589 Ergo

2062 5583 2221 5662 quale
2275 5593 2501 5654 edimus,
2545 5587 2917 5662 exutabulario
2964 5583 3211 5662 ecclesife
3240 5583 3647 5662 Argentinettsis

2063 5653 2457 5733 depromptum,
2487 5659 3064 5733 spur-iisaunumerare
3089 5653 3240 5733 nobis
3259 5653 3442 5733 religio
3470 5662 3571 5733 est.

2138 5720 2159 5773 ἒ
2191 5720 2310 5787 Διῖ
2352 5720 2631 5783 Venerabili
2658 5728 2763 5780 viro
2787 5727 2921 5795 patri
2950 5734 3120 5779 nostro
3149 5728 3337 5795 domno
3374 5720 3649 5780 Herhortlo

2065 5805 2229 5860 abbati
2257 5819 2313 5857 ac
2344 5800 2497 5857 misso
2524 5814 2615 5855 suo
2640 5794 2926 5854 Iladebcrto
2967 5794 3234 5853 monacho.
