4056 6178
602 329 743 395 1355

1637 333 1882 390 FRANC.
1927 333 2086 389 REG.
2130 330 2194 384 IV
2239 328 2473 391 PRllll/E
2511 337 2797 397 STIRPIS.

3643 355 3752 416 1356

591 447 732 517 quod
763 445 874 502 ﬁsci
902 445 1067 500 nostri
1089 443 1377 499 ditionibus
1399 443 1691 500 debuerant
1725 446 1942 509 inferre,
1975 448 2073 500 hoc
2100 443 2163 496 ad
2193 444 2242 502 Α
2270 446 2470 514 studio,
2497 458 2604 504 tam
2647 452 2784 504 ultra
2815 452 3068 524 Ligerim,
3111 456 3158 510 in
3192 457 3338 512 llerla
3363 462 3541 518 scilicet
3564 477 3606 521 et
3632 470 3750 526 Satu-

589 535 761 604 ipsam
793 535 1253 604 congregationem
1285 545 1520 589 sanctam
1555 536 1652 590 hac
1673 537 1953 590 autoritate
1974 551 2166 590 conce-

587 629 784 692 dimus,
828 637 886 681 ut
928 627 1029 680 hoc
1058 627 1282 680 debeant
1313 626 1509 682 habere
1538 641 1850 688 concessum
1874 636 2034 693 atque
2081 628 2165 682 in-

585 718 812 772 dultum.
842 717 926 782 Et,
953 727 1008 770 ut
1030 717 1127 771 hec
1151 717 1441 771 auctoritas
1463 719 1680 779 nostris.
1717 718 1824 773 Deo
1851 719 2160 786 auxiliante,

584 818 638 865 ct
659 809 847 864 futuris
900 809 1229 878 temporibus
1282 808 1569 868 ﬁrmiorem
1623 810 1858 864 obtineat
1900 811 2158 880 vigorem,

585 916 772 956 manus
802 910 984 956 nostre
1006 900 1453 967 sulicriptionibus
1482 914 1598 954 eam
1627 899 1810 955 subter
1827 901 2158 956 decrevimus

582 991 824 1044 roborari
853 997 904 1045 ο.
937 988 992 1043 ltt
1024 987 1220 1044 Christi
1253 989 1470 1043 nomine
1511 988 1875 1042 Theudoricus
1908 1003 1998 1042 rex
2031 988 2160 1041 sub-

580 1081 789 1150 scripsi.
821 1080 1158 1150 Aghlibertus
1201 1081 1528 1149 recognovit.
1566 1080 1750 1134 Datum
1779 1081 1875 1133 sub
1901 1081 1986 1134 die
2017 1095 2158 1135 nono

578 1189 764 1236 mense
792 1174 819 1214 ι)
848 1173 1117 1228 Februarii
1149 1187 1290 1226 anno
1319 1171 1529 1233 decimo
1556 1171 1705 1242 regni
1736 1172 1926 1238 nostri,
1978 1173 2030 1230 in
2061 1173 2153 1228 Dei

579 1266 792 1336 nomine
812 1264 1054 1321 feliciter.
1087 1265 1279 1319 Amen.

1281 1373 1423 1428 XIV.

579 1478 602 1507 ε
637 1464 880 1538 Diploma
922 1481 1038 1538 quo
1063 1464 1407 1538 Theodericus
1439 1464 2028 1538 Dervertsismonasterii
2059 1466 2154 1518 int-

896 1536 1163 1589 munitates
1187 1537 1457 1603 conﬁrmat
1486 1551 1636 1598 (ann.
1676 1535 1826 1604 683).

645 1626 959 1695 Principalis
991 1626 1255 1681 serenitas
1292 1642 1503 1694 semper
1551 1628 1601 1680 in
1630 1635 1822 1681 cuncto
1851 1626 2010 1682 debet
2033 1642 2153 1696 pro-

567 1720 794 1788 spicere,
826 1718 1078 1787 precipue
1106 1717 1452 1786 petitionibus
1493 1719 1856 1784 sacerdotum,
1909 1733 2010 1786 que
2053 1719 2153 1772 rite

2272 535 2414 589 riaco
2444 537 2528 592 vel
2549 539 2926 598 Dono-Fronte
2950 558 3070 596 cum
3100 548 3403 612 appenditiis
3422 553 3597 618 snis,et
3617 556 3752 614 Diseio

2269 636 2391 716 cum
2423 629 2742 694 appenditiis
2767 632 2901 696 suis,
2928 648 3084 701 quam
3105 635 3262 688 etiam
3291 639 3409 692 citra
3447 640 3637 711 Ligerim
3662 664 3751 716 pos-

2270 715 2443 772 sidere
2487 718 2757 786 videntur,
2799 736 2895 778 seu
2949 724 3090 792 quod
3124 726 3312 781 ibidem
3341 729 3497 785 adhuc
3520 715 3689 792 inantea
3714 742 3752 794 in

2271 804 2365 859 Dei
2402 810 2620 864 nomine
2648 825 2676 864 a
2708 809 3023 868 Christianis
3053 814 3346 874 hominibus
3369 819 3496 885 juste
3515 833 3557 876 et
3579 828 3752 880 rationa-

2270 897 2447 952 biliter
2495 898 2653 953 fuerit
2683 900 2921 956 additum
2977 905 3058 958 vel
3099 905 3460 974 condonatum,
3507 928 3585 978 pro
3621 918 3753 985 quiete

2266 986 2432 1054 ipsius
2476 989 2620 1057 regni
2667 993 2857 1054 nostri,
2894 992 3148 1061 integram
3177 996 3498 1052 emunitatem
3534 1017 3612 1068 pro
3643 1021 3752 1064 rere.

2265 1080 2432 1132 rentia
2465 1081 2628 1148 ipsius
2658 1084 2824 1135 sancti
2857 1083 2956 1138 loci
2987 1086 3350 1152 concedimus,
3379 1097 3431 1140 ιιι
3458 1092 3605 1144 nullus
3623 1093 3746 1160 juder

2266 1169 2509 1238 publicus
2538 1173 2779 1241 quolibet
2795 1174 2950 1226 modo
2964 1174 3237 1243 iudiciaria
3255 1178 3504 1235 accinctus
3531 1193 3747 1249 potestate.

2263 1261 2315 1314 in
2346 1271 2526 1318 curtes
2557 1263 2725 1333 ipsius
2775 1269 3106 1327 monasterii.
3141 1270 3451 1340 ubicumque
3494 1275 3549 1326 ad
3587 1292 3746 1344 presens

2261 1365 2444 1406 eorum
2477 1364 2690 1409 maneat
2730 1359 3000 1423 possessio
3047 1360 3126 1414 vel
3181 1360 3480 1429 dominatio,
3527 1377 3600 1419 aut
3644 1371 3744 1437 quod

2263 1439 2474 1494 inantea
2502 1441 2661 1497 fuerit
2693 1446 2926 1500 additum
2955 1457 3049 1500 aut
3077 1449 3449 1518 condonatum,
3469 1469 3554 1509 nec
3582 1458 3633 1508 ad
3655 1471 3746 1509 cau-

2259 1546 2346 1589 sas
2400 1533 2760 1600 a-idieudum,
2819 1551 2917 1594 nec
2973 1537 3312 1606 ﬁdejussores
3360 1543 3642 1608 tollendum,
3681 1562 3749 1599 nec

2262 1622 2404 1675 freda
2434 1624 2771 1692 exigendum,
2796 1642 2892 1680 nec
2914 1628 3219 1683 mansiones
3245 1630 3541 1697 faciendum,
3582 1648 3660 1686 nec
3688 1649 3749 1688 ro-

2262 1715 2476 1770 taticum
2509 1715 2647 1774 infra
2679 1717 2836 1772 urbes
2885 1719 2966 1773 vel
3000 1719 3051 1772 in
3082 1723 3330 1777 mercatis
3373 1725 3747 1790 extorquendum.

570 1811 913 1879 poposcerint
943 1808 1171 1878 benigno
1199 1807 1382 1863 animo
1410 1809 1685 1876 suscipere
1711 1818 1763 1861 et
1805 1808 1870 1861 ad
1901 1808 2149 1862 effectura
2186 1819 2230 1878 Β
2264 1823 2361 1860 nec
2394 1807 2528 1860 ullas
2561 1818 2771 1876 paratas
2799 1819 2890 1862 aut
2923 1812 3188 1879 quaslibet
3211 1813 3542 1868 redibutiunes
3563 1825 3751 1871 exacure

567 1907 880 1976 perducere,
912 1915 969 1958 ut
992 1905 1059 1959 de
1083 1906 1302 1958 obtento
1326 1903 1586 1958 beneficio
1627 1903 1837 1956 valeant
1867 1904 2146 1972 gratulari,

563 2010 620 2062 et
669 2013 764 2063 eos
812 1998 1000 2054 melius
1048 1997 1280 2052 delectet
1333 2012 1428 2064 pro
1464 1997 1642 2066 quiete
1693 1998 1839 2064 regni
1889 1997 2054 2050 nostri
2097 2005 2152 2051 et

563 2089 863 2145 constantia
891 2087 1156 2143 adtentius
1181 2087 1388 2143 Domini
1415 2089 1835 2142 misericordiam
1852 2088 2146 2156 deprecari.

564 2184 796 2252 Ideoque
825 2179 1146 2237 venerabilis
1178 2179 1260 2233 vir
1307 2179 1643 2243 Bercharius,
1689 2179 1822 2233 abba
1867 2179 1935 2233 de
1966 2193 2148 2232 mona-

563 2273 730 2329 sterio
787 2273 1026 2328 Putiolos
1059 2313 1076 2339 ,
1136 2271 1276 2342 quod
1342 2272 1482 2326 hune
1540 2272 1798 2332 memorie
1863 2285 2148 2340 germanus

562 2373 744 2419 noster
773 2361 1128 2427 Childericus,
1160 2361 1427 2431 quondam
1484 2377 1598 2428 rex,
1659 2363 1728 2416 ob
1757 2375 1994 2414 amorem
2032 2361 2143 2425 Doi,

561 2460 614 2512 in
647 2458 843 2513 foreste
894 2457 1068 2510 Dervo
1121 2466 1174 2508 et
1213 2456 1316 2509 ﬁne
1349 2454 1710 2509 Wasciaciuse
1737 2469 1895 2522 supra
1928 2453 2144 2508 ﬂuvium

561 2551 777 2620 Vigore,
809 2551 860 2604 in
893 2549 1098 2602 honore
1127 2548 1264 2600 beati
1302 2547 1447 2601 Petri
1479 2557 1530 2601 et
1557 2547 1704 2600 Pauli
1733 2546 1815 2600 vel
1844 2555 2145 2601 ceterormn

559 2649 864 2696 sanctorum
901 2639 1128 2693 Domino
1166 2640 1504 2708 cognoscitur
1531 2638 1829 2702 editicasse,
1863 2637 2145 2691 clcmentie

559 2733 707 2800 regni
731 2730 899 2786 nostri
918 2730 1199 2800 suggessit,
1221 2744 1286 2784 eo
1304 2728 1441 2798 quod
1475 2730 1587 2798 ipse
1615 2731 1861 2798 princeps
1887 2729 2142 2799 integram

557 2823 963 2892 entrnuuitatem
994 2824 1059 2880 ad
1086 2838 1255 2891 ipsum
1306 2826 1687 2878 monasterium
1722 2824 1968 2889 fecisset;
2002 2823 2143 2878 unde

558 2926 613 2970 et
643 2915 814 2984 ipsam
845 2915 1195 2971 emunitatem
1227 2916 1384 2970 nobis
1415 2915 1466 2969 itt
1497 2916 1728 2982 presenti
1759 2915 1972 2983 protulit
2001 2916 2141 2970 rele-

559 3009 817 3080 gendum;
855 3009 947 3063 sed
980 3023 1078 3078 pro
1117 3009 1191 3063 rei
1227 3007 1387 3062 totius
1422 3007 1670 3064 ﬁrmitate
1723 3009 1874 3078 petiit
1920 3009 2138 3064 celsitu-

557 3099 738 3164 dinem
793 3109 1052 3165 nastrant,
1099 3109 1156 3154 ut
1207 3099 1307 3154 hoc
1349 3097 1490 3156 circa
1535 3101 1702 3168 ipsum
1751 3101 2135 3156 monasterium

2255 1909 2619 1968 presumatur;
2644 1901 2738 1954 sed
2771 1902 2823 1956 in
2851 1904 2993 1956 omni
3029 1904 3280 1958 facultate
3310 1905 3464 1972 ipsius
3493 1906 3751 1966 monasterii.

2254 1999 2309 2044 ut
2366 1989 2628 2054 prefatum
2661 1999 2764 2058 est,
2809 1991 2861 2048 in
2903 1994 3156 2050 omnibus
3185 1994 3313 2049 locis
3347 2005 3397 2049 et
3426 1996 3662 2049 territoriis
3687 1997 3750 2048 ulti

2249 2083 2449 2151 aliquid
2487 2085 2759 2151 possidere
2785 2086 3029 2141 videnlur
3049 2097 3101 2143 et
3131 2088 3409 2154 dominari,
3439 2089 3608 2158 absque
3632 2091 3752 2144 inter-

2249 2172 2389 2226 dictu
2417 2174 2680 2243 judicum,
2710 2180 2930 2233 remotis
2962 2188 3015 2233 et
3057 2181 3318 2235 resecatis
3345 2180 3565 2237 omnibus
3590 2183 3752 2249 petitio.

2248 2263 2405 2318 nibus
2435 2263 2503 2318 de
2534 2266 2772 2334 partibus
2807 2267 2943 2333 ﬁsci,
2986 2285 3158 2338 usque
3203 2285 3358 2342 super
3409 2274 3557 2341 ripam
3601 2271 3751 2325 ﬁurioti

2249 2357 2546 2424 Maguentis
2604 2361 2978 2429 progrediente
3036 2362 3088 2416 in
3160 2362 3409 2418 directum
3467 2366 3655 2418 termino
3703 2364 3750 2414 att

2245 2449 2420 2503 locum
2462 2450 2553 2518 qui
2601 2450 2762 2506 Vallis
2808 2452 3068 2520 profunda
3100 2463 3447 2525 nuncupatur,
3484 2455 3571 2509 sub
3600 2453 3754 2507 emuni-

2251 2538 2371 2597 tatis
2402 2540 2621 2594 nomine
2649 2532 2986 2610 inconcusse,
3037 2554 3146 2598 tam
3197 2547 3391 2599 nostris
3436 2559 3575 2614 quant
3608 2543 3750 2601 futuris

2249 2631 2604 2700 temporibus,
2632 2632 2846 2688 valeant
2867 2634 3134 2691 dominari
3158 2637 3240 2691 vel
3283 2636 3554 2705 possidere.
3575 2636 3666 2701 Quo
3685 2635 3748 2688 fiat

2244 2729 2301 2775 ut
2324 2733 2379 2775 et
2401 2737 2498 2778 nos
2523 2739 2619 2793 pro
2636 2726 2859 2794 prestito
2877 2726 3136 2784 beneﬁcio
3158 2729 3448 2784 mercedem
3465 2729 3746 2784 obtineamus.

2242 2824 2295 2869 et
2325 2815 2467 2883 ipsos
2497 2830 2682 2872 servos
2713 2818 2806 2878 Dei
2848 2817 2898 2872 in
2955 2819 3070 2890 ipso
3101 2820 3423 2874 monasterio
3465 2818 3748 2873 consistentes

2242 2906 2436 2961 melius
2459 2906 2687 2967 delectet
2718 2924 2814 2976 pro
2842 2910 3141 2966 stabilitate
3172 2914 3320 2981 regni
3349 2914 3501 2968 nostri
3542 2911 3748 2965 adtentius

2241 2997 2452 3052 Domini
2487 2997 2908 3059 misericordiam
2955 3001 3262 3072 deprecari.
3306 3005 3388 3068 Et,
3428 3016 3479 3058 ut
3521 3004 3605 3056 hec
3635 3017 3745 3056 emu'

2241 3095 2380 3148 nitas
2434 3094 2636 3152 ﬁrmior
2667 3097 2923 3152 habeatur
2950 3107 3002 3153 et
3036 3114 3134 3167 per
3163 3110 3398 3169 tempora
3447 3109 3748 3153 conservetur.

555 3189 877 3244 conﬁrmare
928 3189 1266 3245 deberemus.
1298 3189 1461 3259 Cujus
1490 3192 1802 3259 petitionem
1841 3208 1946 3246 non
1974 3193 2136 3248 abne-
2164 3178 2214 3243 ϐ
2243 3199 2433 3240 manus
2483 3197 2664 3242 nostre
2711 3188 3198 3260 subscriptiouihus
3245 3191 3424 3244 subter
3457 3205 3561 3244 eam
3608 3187 3748 3238 decre-

551 3297 729 3351 gasse,
755 3282 848 3337 sed
880 3283 930 3337 in
962 3282 1210 3336 omnibus
1242 3282 1540 3350 prestitisse
1569 3285 1898 3351 cognoscite.
1919 3285 1984 3339 Et
2017 3286 2134 3341 ideo

553 3374 805 3442 iubemus
834 3383 889 3428 ut
913 3373 983 3429 de
1013 3375 1158 3429 omni
1184 3374 1430 3428 facultate
1462 3373 1626 3444 ipsius
1666 3377 1996 3444 monasterii,
2029 3386 2135 3433 tam

550 3467 694 3540 quod
737 3467 850 3533 ipse
877 3465 1126 3535 princeps
1155 3465 1349 3520 ibidem
1385 3468 1618 3522 noscitur
1649 3467 1944 3537 delegasse,
1975 3485 2135 3540 quam

552 3539 716 3612 etiam
745 3556 888 3626 quod
919 3571 948 3609 a
980 3557 1198 3625 reliquis
1224 3557 1542 3612 CltriStianis
1573 3558 1875 3615 hominibus
1904 3539 2139 3617 noscitur

551 3647 716 3702 fuisse
760 3647 1137 3714 condonatum,
1191 3650 1440 3719 quodque
1487 3651 1552 3704 ad
1585 3665 1802 3719 presens
1833 3652 1886 3705 in
1915 3653 2136 3720 quibus-

553 3737 685 3807 libet
723 3737 854 3799 locis
908 3751 972 3792 ac
1020 3737 1304 3792 territoriis
1345 3748 1398 3793 et
1445 3752 1511 3793 ex
1565 3737 1683 3806 ejus
1728 3738 2025 3795 hereditate
2052 3742 2136 3797 vel

580 3885 646 3944 fa
697 3871 751 3928 In
798 3873 1046 3944 exemplo
1094 3872 1235 3941 quod
1287 3881 1476 3927 vocant
1505 3874 1909 3944 autographum,
1942 3886 2134 3930 caetera

548 3943 630 3998 sic
656 3945 930 4012 leguntur:
963 3943 1151 3998 Manus
1179 3954 1364 3997 nostrw
1391 3945 1864 4011 subscriptionibus,
1909 3958 1954 3998 et
1993 3947 2138 4000 anuli

546 4015 710 4086 nostri
733 4016 1069 4081 impressione
1095 4030 1207 4086 eam
1239 4016 1553 4069 decrevimus
1583 4015 1835 4069 roborari.
1871 4015 1982 4086 Ego
2025 4017 2135 4069 Tie-

545 4085 748 4138 clericus
793 4101 884 4156 rea:
930 4085 1241 4153 subscripsi;
1289 4095 1336 4138 et
1398 4102 1490 4154 ego
1549 4087 1792 4156 Adoynus
1849 4085 2133 4156 episcOpus.

545 4156 768 4224 Signum
816 4155 1065 4210 Tiederici
1095 4157 1228 4224 regis
1257 4156 1590 4210 invictissimi.
1645 4155 1778 4210 Data
1822 4173 1988 4210 mense
2021 4155 2136 4209 Fe-

544 4227 777 4289 bruario,
801 4226 884 4279 die
910 4243 1067 4291 nono,
1089 4241 1224 4279 anno
1250 4243 1277 4278 κ
1319 4227 1460 4293 regni
1483 4230 1610 4292 eius.
1645 4226 1824 4282 Actum
1850 4225 2137 4281 Suessionis

544 4296 769 4361 civitate,
821 4312 957 4350 anno
1015 4296 1294 4350 Dominicw
1339 4296 1719 4350 Incarnotiouis
1773 4312 2010 4360 pcuxn,
2057 4297 2134 4352 in-

544 4367 764 4420 dictione
792 4367 882 4436 vij,
931 4368 984 4422 in
1031 4365 1230 4420 Christo
1271 4365 1503 4433 feliciter.
1553 4368 1677 4420 llarc
1707 4377 1852 4421 certe
1882 4367 2056 4425 omnia
2104 4384 2133 4422 a

549 4437 835 4491 neotericis
880 4439 1106 4491 intrusa.
1164 4439 1348 4490 Annus
1413 4436 1510 4489 Cit.
1580 4437 1686 4489 (37?.
1753 4453 1872 4490 cum
1926 4438 2136 4491 decimo

544 4504 872 4561 Theudorici
905 4508 1051 4574 regni
1077 4523 1215 4566 anno
1246 4520 1349 4559 non
1378 4506 1698 4569 concordat;
1724 4507 1950 4575 nccjant
1976 4510 2134 4562 Sues~

543 4575 788 4629 sionibtts
844 4577 1142 4645 imperabat
1199 4575 1594 4630 Theudoricus.
1648 4577 1959 4646 Exemplum
1999 4579 2136 4633 forte

547 4646 890 4716 instrumenti
924 4649 1166 4716 legitimi.
1192 4647 1332 4715 quod
1362 4645 1674 4701 recentioris
1692 4648 1788 4700 aevi
1820 4645 2133 4703 amanuensi

547 4716 798 4769 traditum
831 4715 1006 4770 fuerat
1031 4729 1086 4770 ut
1117 4717 1245 4770 illud
1277 4718 1625 4782 exscriberet,
1671 4719 1720 4770 in
1755 4719 1861 4771 line
1894 4722 2134 4772 mutilum

544 4797 695 4853 erat;
742 4797 815 4852 et,
854 4797 912 4841 ut
963 4787 1261 4842 deficientia
1305 4787 1597 4853 suppleret,
1653 4787 1904 4842 formulas
1957 4792 2135 4844 saeculi

545 4852 631 4911 sui
673 4872 788 4938 ,βω
844 4857 1088 4912 formulis
1145 4860 1288 4912 veris
1355 4852 1632 4926 imperitus
1694 4861 1995 4927 exscriptor
2052 4862 2134 4914 in-

542 4938 730 4996 gessit.

618 4997 644 5035 δ
670 4999 865 5054 Mensis
888 4997 1345 5054 Februariusanni
1363 4998 1555 5053 decimi
1573 4999 2048 5068 regni'l‘heodorici
2071 5001 2134 5055 ιιι

543 5069 726 5129 incidit
750 5071 799 5122 in
830 5085 1026 5123 annum
1055 5068 1186 5124 Chr.
1215 5069 1339 5124 685.

622 5151 644 5177 ε
681 5141 755 5194 Ex
781 5139 1042 5196 tabulario
1068 5141 1318 5194 Dervensi
1343 5156 1370 5192 a
1396 5139 1667 5194 Chifﬁetio
1691 5151 1902 5197 erutum
1931 5142 2135 5206 primus

543 5208 715 5265 edidit
771 5211 1063 5266 Dacherius
1118 5212 1168 5265 in
1218 5211 1528 5279 Spicilegio,
1575 5220 1616 5264 t.
1649 5210 1719 5274 Χ,
1752 5228 1872 5279 pag.
1903 5211 2037 5276 654;
2067 5229 2130 5265 ev

547 5280 838 5347 Spicilegio
864 5282 1188 5336 recuderunt
1211 5282 1474 5341 Cointius.
1502 5283 1691 5336 Annal.
1713 5294 1749 5333 t.
1779 5284 1838 5345 ν,
1867 5299 1985 5351 pag.
2010 5286 2131 5347 litt,

544 5362 597 5405 et
640 5351 832 5404 iterum
887 5351 1018 5405 Coll.
1071 5352 1260 5418 script.
1296 5369 1400 5406 rer.
1437 5353 1627 5406 Frauc.
1657 5362 1695 5405 t.
1731 5352 1818 5413 IV,
1853 5369 1972 5421 pag.
2006 5355 2131 5418 tibi,

541 5423 737 5477 additis
787 5422 949 5475 variis
999 5422 1318 5476 lectionibus
1369 5438 1502 5490 quas
1541 5423 1853 5477 Camusatus
1883 5441 2000 5476 tUlll
2037 5425 2134 5476 Da-

542 5493 726 5552 rherlo
753 5495 1263 5546 communicaverat.
1292 5493 1399 5548 Nos
1415 5509 1478 5546 ex
1505 5494 1826 5546 cltartnlariu
1851 5496 2134 5547 Dcrvensis

543 5561 877 5625 tttonasterii,
905 5564 1100 5616 sarculo
1133 5579 1202 5618 \‘tt
1226 5572 1464 5627 exorato,
1492 5563 1901 5615 instrumentum
1927 5565 2134 5618 cxscI‘i-

546 5633 739 5688 bimus.
775 5632 981 5685 Nomen
1027 5634 1167 5701 regis
1198 5635 1348 5687 initio
1375 5633 1682 5700 diplomatis
1716 5635 2133 5696 prattermissutn

541 5712 625 5756 est
693 5703 836 5762 quod
895 5717 999 5754 non
1045 5719 1170 5756 raro
1221 5706 1330 5758 fieri
1358 5705 1495 5757 solet
1526 5705 1577 5756 in
1608 5703 1961 5757 chartulariis.
1992 5706 2136 5760 Satis

545 5780 720 5838 autem
749 5770 1085 5828 manifestum
1120 5784 1200 5832 est
1232 5773 1330 5830 hoc
1356 5773 1589 5844 diploma
1618 5774 1868 5837 emissum
1919 5775 2078 5843 fuisse
2106 5792 2133 5828 a

2239 3283 2414 3338 vimus
2441 3283 2797 3338 corroborari.
2838 3284 2966 3341 Data
3009 3301 3039 3340 χ
3093 3285 3218 3340 Kal.
3269 3284 3392 3340 Jun.
3429 3300 3556 3339 anno
3594 3281 3752 3336 decimo

2239 3375 2386 3445 regni
2412 3374 2547 3443 ejus.
2580 3375 2771 3430 Actum
2800 3375 3134 3444 Compeudio
3167 3377 3380 3446 palatio.

2975 3488 3096 3545 XV.

2238 3579 2265 3618 ει
2292 3579 2536 3650 Diploma
2560 3595 2661 3647 quo
2703 3579 3048 3633 Theodericus
3075 3582 3174 3650 jus
3205 3580 3474 3639 condenda:
3500 3587 3676 3650 moneta
3695 3574 3750 3625 is»

2382 3652 2559 3718 dnlget
2589 3651 2839 3720 episcopis
2863 3649 3332 3705 Cenomanensibus
3365 3654 3501 3717 (nun.
3523 3649 3647 3714 685):

2313 3741 2704 3808 Theodericus,
2741 3757 2831 3796 rex
2859 3741 3216 3809 Francorum,
3249 3743 3330 3795 vir
3373 3742 3574 3795 itlustcr.
3602 3737 3751 3801 lli-gul"

2238 3875 2571 3930 Theoderico
2621 3875 2720 3942 Ill;
2760 3877 2806 3930 is
2831 3876 2972 3931 enim
3003 3877 3367 3932 Childericum
3423 3873 3752 3942 appellatiq-

2239 3962 2455 4000 manum
2492 3962 2680 4012 suum,
2709 3937 2865 4016 'quod
2905 3963 3009 4002 non
3052 3949 3123 4002 de
3167 3949 3275 4001 alio
3323 3937 3470 4013 qttztlli
3495 3937 3754 4016 deumde-

2237 4019 2348 4070 rico
2380 4017 2419 4071 ll
2450 4017 2668 4086 intelligi
2696 4013 2892 4085 potest,
2924 4029 2980 4070 ιιι
3021 4029 3204 4076 monet
3235 4018 3487 4076 Cuintius,
3519 4013 3592 4065 ulti
3618 4021 3752 4074 ευριπ.

2240 4102 2358 4154 pag.
2395 4086 2516 4148 152.
2560 4089 2745 4144 Annus
2794 4098 2970 4141 autem
3017 4089 3079 4142 l0
3135 4087 3450 4143 Theoderici
3498 4086 3570 4140 Ill.
3615 4089 3754 4133 mense

2236 4155 2414 4222 Junio,
2442 4159 2798 4213 concurrebat
2827 4174 2945 4212 cum
2980 4174 3122 4215 anno
3151 4161 3252 4212 Ch.
3312 4157 3430 4222 685,
3475 4166 3526 4208 ut
3554 4154 3682 4219 liquet
3706 4160 3752 4223 et

2239 4226 2302 4280 iis
2359 4243 2475 4296 quae
2525 4228 2721 4294 saepius
2777 4228 2844 4281 de
2908 4230 3310 4296 computatione
3367 4231 3754 4296 alittttr'|"t_""n'“'

2237 4293 2668 4361 ejus'diximusu
2714 4293 3381 4356 Notahimus'Daclteriutn
3427 4307 3477 4349 et
3523 4293 3753 4361 Malltran'lg

2240 4356 2313 4428 De
2356 4367 2594 4422 Morinis.
2648 4369 2740 4422 lib.
2801 4369 2887 4434 IV,
2935 4369 3034 4425 hoc
3082 4371 3493 4424 instrumentum
3520 4356 3754 4419 referrth

2236 4452 2362 4496 ann.
2400 4439 2524 4491 678.

2314 4507 2340 4545 ά
2376 4509 2585 4564 Editum
2616 4509 2752 4570 inter
2779 4509 2908 4564 Acta
2934 4511 3309 4577 episcOporum
3339 4498 3755 4577 Cenomanensittm

2241 4593 2268 4631 a
2304 4579 2528 4640 M.obill.,
2563 4579 2804 4636 AnaleCt.
2832 4594 2950 4645 pag.
2971 4576 3123 4643 7278;
3158 4591 3211 4632 et
3243 4579 3381 4643 apud
3407 4576 3756 4645 Cervaiserttttft.

2247 4649 2378 4702 Vita:
2406 4637 2574 4714 episc.
2606 4647 2740 4707 Cen.
2773 4637 3050 4718 pa'gjifiﬂ;
3083 4637 3613 4718 tiltnppinum.’0per.
3641 4649 3669 4688 ι.
3692 4637 3756 4696 ιν.

2239 4734 2362 4788 pag.
2387 4713 2524 4782 (5178;
2555 4713 3062 4780 CointiumfAnnal.
3093 4732 3131 4772 t.
3162 4713 3386 4787 IV',p:tg.
3419 4717 3527 4771 1‘28.
3549 4713 3756 4788 [lectisttttt

2240 4774 2290 4841 in
2312 4774 2650 4842 ‘tiollectione
2680 4774 3004 4852 Scripiorum
3033 4774 3211 4845 rerum
3239 4774 3757 4858 'Fravncicartt_nn_t.li.

2239 4874 2357 4930 [³⁵⁸ιέ-
2391 4861 2526 4922 665;
2561 4851 2890 4911 memoratur
2912 4862 2960 4913 ιιι
2991 4862 3293 4930 dip‘ontate
3327 4853 3564 4930 Ludovici
3591 4851 3758 4926 Piiqtt"

2232 4926 2325 4997 jus
2359 4931 2494 4982 idem
2519 4930 2814 4982 condenda:
2840 4926 3068 4987 moneta}
3091 4926 3576 4989 Cenomanensibus
3599 4932 3758 4997 εινξῗυ·

2239 4989 2317 5065 pis
2331 5013 2641 5053 concessum
2666 5003 3030 5064 conﬁrmatur,
3048 5015 3189 5056 anno
3213 5000 3316 5053 836
3339 4999 3595 5052 emissum,
3615 4989 3760 5065 ordine

2237 5053 2336 5122 suo
2365 5069 2761 5130 collocandum,
2789 5083 2840 5122 ct
2868 5053 3280 5139 qutid'vttlgravit
3309 5069 3481 5139 Baluz.
3501 5053 3757 5134 Mistllll.

2237 5155 2355 5210 pag.
2382 5140 2471 5202 99,
2498 5139 2610 5194 Non
2642 5141 2834 5192 desunt
2858 5136 3118 5211 exempla
3141 5136 3478 5211 'hujusmodi
3504 5140 3756 5211 con-cessio:

2238 5208 2361 5262 itum
2393 5211 2490 5263 suit
2535 5215 2702 5278 stirpe
2749 5208 3150 5276 Carlovingica;
3205 5208 3305 5269 sub
3337 5208 3656 5278 lilerovinttit:1
3675 5208 3757 5278 _"f'"

2239 5283 2386 5334 item.
2422 5267 2745 5338 Mahllloitio.
2770 5279 2959 5337 Annal.
2993 5267 3030 5332 ίξ
3069 5282 3106 5344 l,
3137 5267 3282 5349 pag,
3313 5267 3414 5349 5'59
3438 5287 3489 5349 et
3511 5275 3623 5349 tios,
3644 5267 3756 5349 vide;

2561 5332 2839 5404 sinceritas
2878 5332 3185 5415 diplomtitis
3207 5332 3538 5403 u’l‘lteodorici
3565 5332 3620 5396 Ill
3646 5332 3755 5406 qttml

2235 5423 2590 5485 exhibemus;
2619 5422 2690 5472 ait
2711 5424 2850 5479 enim
2881 5421 3236 5482 Mahillouius,
3268 5434 3428 5481 agens
3473 5419 3534 5467 de
3574 5416 3757 5488 meust!

2237 5494 2496 5547 cudendo».
2529 5491 2778 5562 facultate
2808 5491 3111 5559 Hippolyto,
3143 5491 3326 5543 abbati
3355 5488 3758 5562 Condatenstgfl'

2237 5564 2383 5614 dttlta
2408 5578 2435 5611 ει
2472 5562 2660 5612 Carolo
2691 5550 2925 5628 Magno:-
2950 5581 2966 5610 ι
3004 5550 3060 5613 Si
3093 5550 3277 5612 verum
3303 5569 3383 5611 est
3412 5550 3760 5628 «proditioni:

2239 5643 2344 5696 tttr,
2368 5631 2567 5683 ttullunt
2599 5634 2731 5682 forte
2755 5619 3135 5684 tiiunastcriutn
3165 5631 3347 5682 habuit
3371 5619 3618 5693 antiquius
3640 5619 3759 5696 huius

2237 5705 2312 5788 [εξ
2332 5695 2709 5788 ίρτὶνξιςεὶιιιη.
2733 5701 3084 5788 q'pdbtu'ltis
3130 5701 3252 5788 aliis
3283 5696 3502 5788 Sul‘lPllltl'e

2240 5767 2361 5827 fuit.
2405 5791 2423 5821 ι
2461 5771 2575 5824 Alia
2608 5767 2846 5840 quacda'm
2882 5772 2932 5828 in
2963 5772 3254 5842 diplomate
3295 5767 3592 5834 Theudorici
3619 5767 3757 5828 ww“-
