4056 6178
350 301 491 361 1549

1436 284 1825 345 υιΡιυΜΑτΑ
1868 278 2149 337 ECCLES.
2189 272 2522 333 SELECTA.

3455 268 3599 323 1550

349 420 482 484 quot
517 408 646 464 inibi
684 404 878 461 obtulit
915 417 1040 474 sepe
1068 401 1239 456 dictus
1270 400 1473 463 Fanlo,
1511 410 1761 466 umquam
1802 393 1915 449 ullo
1945 397 1994 456 Α
2031 476 2061 484 Α
2092 386 2202 484 Ego
2246 383 2392 483 Felix
2437 378 2751 482 venerabilis
2790 377 2959 448 gratia
3001 375 3417 484 Deilepis‘copns
3464 379 3592 433 nhic

350 482 589 569 tempore
624 514 655 552 a
699 495 848 552 nobis
888 492 1262 563 retragendnm
1304 498 1388 545 est
1427 489 1490 543 ad
1534 486 1693 542 aliam
1730 482 1915 538 Eccle-

350 595 519 659 siam,
559 598 649 643 aut
686 576 754 641 ad
792 586 956 640 alium
996 582 1326 638 sacerdotem
1352 622 1367 649 ,
1418 579 1515 633 nisi
1569 577 1659 646 qui
1714 573 1912 629 ibidem

351 684 514 736 abbas
544 678 700 733 fuerit
721 717 735 741 ,
762 684 816 730 et
844 689 1000 744 quem
1030 673 1302 739 volneret,
1327 672 1371 725 si
1402 685 1522 724 cum
1546 668 1783 723 adiberet
1811 662 1913 734 ipsi

353 775 554 826 fructus
580 771 631 822 in
662 781 882 822 onorem
917 765 1129 818 Domini
1168 773 1221 817 et
1252 762 1665 817 elemosinarum
1714 757 1917 823 fuerit,

352 876 420 915 eo
446 858 587 927 quod
620 871 716 926 pro
745 870 873 925 opes
902 853 1134 907 fidelium
1166 852 1306 921 ipsas
1335 850 1575 905 siscellas
1604 846 1788 901 olferta
1817 854 1922 899 est.

359 950 424 1001 Et
452 950 498 1001 si
525 945 686 1000 abbas
709 944 775 999 de
802 944 937 997 hanc
964 942 1080 995 luce
1104 940 1359 1010 migratus
1390 939 1579 1005 fuerit,
1612 945 1668 990 et
1693 933 1927 988 dormie-

357 1037 424 1090 rit
451 1050 570 1089 cum
600 1029 838 1102 patribus
865 1032 975 1084 suis
1002 1067 1016 1081 .
1042 1069 1059 1084 .
1087 1067 1103 1082 .
1128 1066 1143 1081 .
1173 1068 1185 1080 .
1211 1027 1307 1097 ipsi
1341 1027 1597 1097 elegerint
1627 1025 1725 1079 sibi
1758 1022 1922 1075 abba-

358 1137 461 1180 tem
489 1122 840 1179 ordinandum
864 1160 879 1184 ,
908 1118 1080 1188 ipsum
1110 1118 1208 1171 sibi
1235 1117 1477 1170 abbatem
1511 1114 1742 1169 debeant
1773 1111 1923 1165 ordi-

357 1229 515 1281 nare,
547 1211 799 1281 reliquias
832 1224 958 1264 vero
989 1208 1189 1262 dandas
1216 1207 1284 1261 de
1314 1206 1485 1274 ipsum
1515 1218 1599 1258 co.
1730 1243 1742 1257 .
1763 1240 1777 1254 .
1797 1216 1926 1256 sau-

355 1319 499 1361 ctnm
532 1303 597 1357 ad
632 1300 913 1357 consilium
954 1299 1191 1368 episcopi
1239 1299 1354 1359 sine
1400 1296 1579 1366 vigilia
1630 1294 1926 1350 tenendum

356 1399 531 1452 abbati
564 1410 683 1451 cum
715 1393 925 1449 monaci
952 1392 1096 1458 suis;
1125 1400 1178 1446 et
1209 1389 1337 1444 nihil
1360 1388 1681 1458 adgravetnr
1706 1399 1923 1456 quoquo

357 1501 596 1558 tempore
626 1500 798 1556 neque
825 1485 892 1539 ab
921 1484 1239 1553 episcopus,
1273 1495 1444 1548 neque
1484 1478 1552 1532 ab
1593 1477 1700 1532 ullo
1739 1491 1931 1532 sacer-

357 1580 535 1634 dotem
555 1622 570 1647 ,
606 1576 710 1631 nisi
742 1583 946 1630 tantum
978 1588 1073 1642 per
1103 1582 1533 1639 unumquemque
1561 1584 1732 1621 annus
1762 1564 1930 1621 semel

356 1669 410 1723 in
442 1668 558 1726 alba
589 1667 657 1721 ad
683 1666 857 1720 omnis
882 1663 1192 1718 sacerdotes
1223 1675 1382 1715 unum
1414 1658 1704 1728 prandeum
1735 1655 1932 1710 facien-

2022 474 2232 532 Cartole
2268 472 2498 527 cesionis
2532 477 2744 535 nostre,
2794 476 2978 536 postea
3026 466 3153 518 mihi
3187 465 3439 520 relectum
3470 477 3591 532 est,

2023 567 2272 623 consensi
2302 573 2358 620 et
2384 563 2698 631 subscripsi.

2097 658 2207 726 Ego
2233 653 2559 711 Johannacis
2593 667 2647 706 v.
2684 666 2735 705 v.
2768 648 3160 719 areipresbiter.

2097 748 2206 816 Ego
2233 746 2421 800 Clarus
2450 759 2501 797 v.
2534 758 2585 797 v.
2621 742 2904 811 presbiter.

2103 837 2210 906 Ego
2239 835 2564 892 Teuderacis
2594 849 2644 887 v.
2678 848 2729 888 v.
2761 830 3043 900 presbiter.

2097 928 2208 995 Ego
2237 924 2500 979 Candidus
2531 923 2811 993 presbiter.

2100 1016 2210 1086 Ego
2240 1013 2585 1068 Geminianns
2618 1026 2668 1063 v.
2704 1025 2756 1065 v.
2797 1007 3079 1079 presbiter.

2026 1261 2242 1315 Joannis
2296 1258 2438 1323 electi
2514 1256 2733 1327 episwpi
2782 1254 3111 1327 Pistoriensis
3157 1253 3402 1327 professio
3456 1256 3594 1323 facta

2100 1330 2303 1383 Balsari
2350 1324 2563 1381 Lucensi
2607 1332 2864 1394 episcopo,
2919 1324 3049 1377 nihil
3087 1326 3224 1392 juris
3250 1326 3596 1393 deperitura»!

2099 1401 2318 1452 ecclesiis
2352 1399 2562 1451 Lucensi
2612 1397 2665 1450 in
2691 1396 2963 1465 quamdam
3005 1397 3165 1448 (edim
3207 1408 3408 1449 sacram
3430 1397 3603 1463 (anno

2100 1469 2288 1523 Christi
2318 1469 2421 1523 700
2450 1476 2533 1519 aut
2563 1466 2728 1536 715).

2100 1578 2158 1634 In
2187 1579 2398 1633 nomine
2426 1576 2636 1631 Domini
2668 1575 2762 1631 Dei
2803 1575 2971 1629 nostri
2998 1573 3123 1629 Jesn
3148 1574 3366 1629 Christi.
3403 1574 3609 1644 Repra-

2035 1672 2190 1727 mitto
2236 1669 2330 1724 tibi
2361 1668 2561 1723 Balsari
2616 1666 2725 1721 Deo
2761 1668 2932 1735 gratia
2967 1666 3247 1734 episcopus
3272 1705 3289 1729 ,
3330 1678 3604 1718 me........

360 1759 448 1825 di,
481 1758 620 1812 sicut
648 1753 978 1811 consuetudo
1010 1751 1112 1807 fuit
1142 1748 1378 1805 Ecclesie
1418 1748 1580 1803 illius.
1616 1748 1677 1801 Et
1709 1747 1810 1800 hoc
1836 1745 1932 1798 ad-

2056 1762 2101 1816 id
2127 1762 2236 1814 tilio
2263 1773 2383 1812 meo
2410 1756 2665 1811 Johannis
2690 1758 2890 1812 electus
2913 1757 3111 1810 civitati
3141 1756 3480 1811 l’isloriensis
3509 1771 3599 1810 sa-

358 1852 537 1907 diiuns
578 1852 630 1904 in
672 1850 808 1915 hanc
844 1845 1124 1916 paginam,
1164 1845 1211 1899 si
1251 1842 1601 1912 quiscumque
1640 1838 1799 1893 homo
1836 1837 1929 1892 Dei

359 1944 551 2008 inerit,
593 1941 707 1996 sibe
741 1937 1046 2005 hominem,
1078 1951 1173 1991 seu
1211 1949 1379 2004 equus
1401 1978 1416 2002 ,
1452 1933 1537 1987 vel
1577 1933 1800 1995 bovem,
1845 1939 1937 1983 ant

360 2047 535 2099 terra,
582 2042 635 2087 et
689 2029 1012 2099 mancipium
1062 2036 1166 2080 tam
1213 2024 1410 2079 movile
1453 2038 1609 2093 quam
1654 2021 1934 2085 inmovile,

360 2122 619 2194 quidquid
651 2120 847 2175 ibidem
876 2116 1125 2173 oﬂertum
1158 2112 1316 2168 fuerit
1346 2114 1399 2168 in
1432 2120 1745 2183 potestatem
1788 2111 1933 2165 illius

360 2215 540 2268 abbati
575 2212 717 2277 sint,
748 2209 839 2279 qui
868 2209 920 2262 in
952 2208 1142 2262 eodem
1174 2206 1292 2259 loco
1323 2203 1587 2258 reservire
1618 2203 1850 2266 videtur,
1882 2209 1936 2254 et

364 2304 545 2373 regula
588 2298 995 2355 custodiendum
1018 2336 1033 2363 ,
1068 2296 1150 2351 vel
1181 2294 1563 2348 monachorum
1595 2291 1936 2346 consuetudi-

365 2406 488 2446 nem
519 2402 571 2446 et
601 2391 841 2444 ordinem
873 2396 1114 2443 sanctum
1144 2383 1428 2439 tenendum
1459 2382 1738 2436 inab......
1768 2396 1936 2450 quan-

363 2483 540 2549 doque
584 2481 697 2549 ipse
742 2487 1053 2549 presumat,
1104 2488 1201 2529 nec
1242 2488 1374 2540 nos,
1423 2487 1521 2527 nec
1556 2472 1646 2542 qui
1691 2482 1807 2540 post
1840 2483 1937 2525 nos

364 2574 578 2628 venturi
609 2581 766 2639 sunt,
796 2570 918 2640 quia
962 2575 1091 2639 quot
1134 2568 1271 2622 bene
1300 2567 1618 2635 disponitur,
1649 2573 1705 2619 et
1734 2563 1938 2633 legibus

365 2667 670 2729 roboratur,
702 2671 949 2733 oportum
980 2669 1064 2716 est
1103 2658 1355 2729 perennis
1399 2666 1454 2713 et
1493 2656 1687 2711 futuris
1730 2664 1938 2724 tempo-

368 2760 520 2813 ribus
551 2757 872 2830 permanire.
906 2754 973 2807 Et
999 2753 1044 2808 si
1075 2752 1192 2823 quis
1220 2760 1405 2807 contra
1437 2750 1572 2804 hanc
1602 2747 1937 2803 discritiones

366 2860 553 2903 nostre
600 2847 855 2902 cartnlam
885 2845 962 2899 ire
986 2842 1365 2915 presnmserit,
1397 2840 1491 2894 Dei
1533 2840 1768 2894 incurrat
1804 2838 1943 2910 peri-

371 2939 582 3002 culum,
613 2937 751 2990 sicut
776 2935 937 2989 ludas
969 2933 1216 3000 traditor,
1246 2932 1331 3001 qui
1362 2944 1421 2985 se
1452 2930 1640 2998 laqueo
1668 2927 1940 2997 snspidet,

375 3037 431 3082 et
477 3028 543 3081 ad
590 3026 827 3096 iudiciali
879 3024 1174 3080 reverentia
1225 3033 1401 3075 reatus
1450 3018 1692 3083 recidat;
1724 3027 1779 3073 et
1820 3032 1939 3071 cum

2034 1852 2354 1917 cerdutibus,
2381 1860 2437 1904 ut
2459 1849 2604 1919 justo
2631 1847 2991 1904 moderamine
3016 1862 3399 1903 conservemus
3425 1849 3607 1905 ferini-

2039 1954 2201 2000 tatem
2233 1944 2475 2015 quotiens
2505 1942 2606 1995 alia
2648 1940 2785 1995 inter
3106 1937 3304 1994 essuris
3355 1948 3610 1995 evenerat

2038 2034 2173 2088 bone
2224 2031 2647 2087 voluntati.......
2691 2041 2747 2084 et
2795 2029 2931 2085 side
2981 2028 3372 2083 oﬂiciornm....
3433 2030 3610 2083 eccle-

2035 2123 2262 2177 siasticis
2290 2130 2500 2188 oportet
2535 2122 2602 2174 de
2624 2134 2709 2185 ea,
2754 2133 2859 2188 que
2885 2117 3051 2173 semel
3080 2118 3285 2183 fecerit,
3336 2132 3430 2186 per
3477 2118 3610 2171 scri-

2037 2219 2127 2279 pto
2182 2209 2419 2274 fermari,
2476 2218 2529 2262 et
2566 2208 2685 2262 ideo
2736 2210 2937 2261 auctori
2990 2208 3099 2263 Deo
3149 2218 3411 2276 prometto
3440 2208 3611 2274 adque

2036 2303 2275 2372 spondeo
2324 2300 2585 2355 Johannis
2614 2300 2817 2355 electus
2845 2298 3074 2353 civitatis
3135 2298 3473 2354 l'istoriensis
3519 2298 3613 2352 tibi

2038 2394 2155 2446 viro
2186 2388 2495 2446 beatissimo
2538 2388 2740 2443 Balsari
2772 2386 3076 2458 episcopus,
3135 2398 3316 2455 postea
3343 2401 3500 2455 quam
3529 2400 3616 2441 me

2039 2481 2265 2551 p0pulns
2296 2479 2624 2535 Pistoriense
2680 2478 2732 2531 in
2788 2476 2907 2531 loco
2962 2477 3255 2545 episcopati
3302 2480 3613 2545 elegerunt,

2040 2570 2305 2625 recordati
2354 2583 2569 2635 somns,
2622 2583 2688 2624 eo
2740 2568 2880 2638 quod
2911 2568 2979 2623 de
3023 2566 3264 2624 Deocisis
3304 2579 3358 2620 at
3404 2568 3619 2621 Lucano

2040 2661 2324 2731 episc0pus
2356 2674 2568 2728 semper
2596 2659 2830 2725 fuerunt,
2860 2666 2917 2715 et
2942 2659 3174 2714 meniine
3202 2659 3469 2728 potuimus
3491 2658 3622 2715 furis

2042 2757 2133 2802 tuo
2159 2748 2381 2803 consilio
2438 2748 2723 2817 episc0pus
2752 2746 3021 2815 prodictus
3079 2748 3132 2803 in
3166 2750 3279 2817 ipso
3306 2748 3423 2801 loco
3448 2747 3623 2816 proie-

2041 2839 2264 2906 ciscere,
2283 2838 2603 2901 recorreutis
2624 2850 2721 2890 nos
2743 2837 2807 2890 ad
2825 2837 3154 2892 orationibus
3171 2836 3450 2905 petivimus
3466 2838 3624 2893 licen-

2044 2928 2190 2995 tiam,
2206 2936 2262 2980 nt
2276 2925 2329 2979 in
2344 2941 2408 2981 eo
2422 2926 2540 2980 loco
2553 2926 2873 2995 episcopatio
2886 2941 2980 2980 nos
2994 2940 3274 2993 suscepere
3287 2925 3623 2991 deveremns;

2048 3021 2092 3074 si
2122 3030 2297 3074 tamen
2338 3028 2391 3073 nt
2419 3025 2473 3072 at
2524 3017 2904 3087 governatione
2934 3031 3059 3086 erga
3090 3016 3299 3087 Eglesie
3334 3015 3621 3070 Pistorien-

375 3132 583 3174 snmma
633 3116 951 3170 dulcidinem
994 3123 1048 3168 et
1095 3110 1358 3166 desideria
1409 3109 1615 3163 Domini
1662 3106 1940 3161 colendum
1975 3080 2021 3145 ο
2053 3110 2126 3164 sis
2160 3110 2469 3185 patrocinio,
2514 3108 2590 3164 sic
2614 3108 2715 3172 ita,
2747 3116 2802 3162 ut
2824 3106 2949 3161 dum
2974 3106 3221 3163 advivere
3252 3106 3626 3173 meruerimus,

378 3209 678 3267 Petroniaei
728 3206 836 3260 filio
887 3213 1070 3259 nostro
1115 3201 1451 3257 scrivendam
1496 3198 1848 3265 dictavimns,
1898 3208 1951 3253 et

381 3298 630 3354 manibus
661 3293 857 3349 nostris
886 3292 1295 3360 snscripsimns,
1340 3298 1398 3343 ut
1432 3288 1701 3357 perpetuis
1742 3298 1952 3355 tempo~

386 3389 535 3445 ribus
561 3385 845 3440 stavilitnm
877 3380 1164 3450 persistere
1195 3380 1431 3434 dibeant.

457 3482 649 3534 Acmm
679 3477 730 3530 in
762 3475 974 3529 civitate
1013 3472 1271 3537 anense,
1297 3470 1395 3523 sub
1434 3469 1518 3523 die
1562 3484 1653 3521 xm
1693 3466 1954 3522 Kalenda-

388 3586 503 3625 rum
555 3568 1000 3632 Febrnariarnm,
1057 3579 1151 3633 per
1201 3561 1491 3617 indictione
1546 3559 1646 3628 15,
1698 3567 1957 3627 regnante

389 3662 601 3716 domuis
644 3658 839 3713 nostris
882 3655 1176 3722 Pertharit,
1222 3652 1275 3708 et
1317 3654 1573 3721 Cunipert
1615 3651 1743 3705 viris
1782 3652 1960 3706 excel-

389 3749 701 3804 lentissimis
750 3745 998 3815 regibus,
1049 3758 1189 3798 anno
1237 3742 1542 3797 iilicissimis
1586 3738 1733 3810 regni
1772 3755 1955 3794 eorum

392 3840 763 3895 tertiodecimo
790 3846 844 3892 et
885 3836 1103 3906 quinto,
1145 3849 1239 3905 per
1270 3834 1555 3889 indictione
1581 3834 1958 3903 subrascripta,

390 3931 638 3985 feliciter.

390 4086 446 4141 in
475 4101 635 4141 cursu
664 4094 811 4149 erat,
842 4093 897 4138 et
929 4082 1246 4139 Cunibertus
1276 4081 1588 4136 numerabat
1625 4094 1824 4135 annum
1870 4096 1952 4135 re-

393 4158 481 4226 gni
512 4159 786 4224 quintum,
818 4154 1096 4226 seriusilli
1128 4152 1545 4226 regalistitulns
1590 4151 1815 4226 collatus
1842 4150 1957 4205 lue-

395 4220 461 4280 rit
494 4220 713 4280 necesse
742 4233 843 4279 est.
878 4220 1212 4277 Mabillonius
1240 4223 1469 4289 diploma
1500 4220 1769 4274 Cuniberti
1800 4234 1958 4288 supra

395 4296 524 4349 mihi
558 4304 906 4349 memoratum
937 4292 1114 4346 retulit
1140 4292 1203 4343 ad
1234 4306 1428 4344 annum
1471 4290 1607 4355 700,
1641 4305 1745 4356 quo
1790 4305 1959 4357 neque

393 4366 614 4419 indictio
670 4366 734 4418 15
786 4364 1107 4416 decurrebat
1161 4375 1343 4414 mense
1398 4360 1731 4423 Novembri,
1791 4374 1959 4429 neque

2055 3199 2441 3253 ordinationem
2465 3197 2908 3266 presbiterorum,
2939 3195 3285 3252 diaconornm
3310 3196 3631 3264 faciendam,

2058 3308 2165 3345 non
2223 3290 2523 3357 nobiscum,
2576 3290 2669 3346 sed
2728 3298 2813 3351 tua
2850 3291 3106 3347 sanctitas
3156 3290 3535 3360 peragendum.
3565 3292 3635 3348 Et

2060 3381 2161 3434 hoc
2202 3380 2514 3448 repromitto
2572 3380 2663 3433 tibi
2708 3378 2956 3436 dominus
2987 3380 3190 3435 Balsari
3234 3382 3517 3451 episcopus
3546 3381 3632 3438 vel

2059 3472 2426 3527 socessoribns
2452 3470 2579 3535 tuis,
2609 3470 2674 3523 de
2705 3469 2933 3538 Eglesie,
2964 3470 3048 3526 Vel
3085 3468 3170 3540 qui
3199 3485 3364 3542 prepe
3390 3487 3486 3526 nos
3510 3486 3629 3526 esse

2064 3566 2293 3632 videtur,
2324 3580 2408 3619 me
2447 3577 2734 3633 numquam
2765 3578 2884 3620 esse
2906 3574 3175 3632 causator,
3206 3580 3382 3636 neque
3423 3565 3638 3621 subtra-

2062 3658 2292 3728 gendum
2325 3655 2390 3711 da
2443 3670 2537 3711 vos
2566 3658 2667 3710 hoc
2697 3658 2808 3725 ipse
2851 3656 3111 3713 Eccleste.
3145 3664 3172 3693 ει
3204 3656 3295 3713 Vel
3342 3665 3397 3713 ct
3423 3657 3468 3712 si
3499 3656 3632 3712 sub-

2060 3759 2236 3803 traere
2278 3747 2498 3802 voluero
2523 3760 2621 3817 ego
2648 3744 2905 3803 Johannis
2928 3761 3019 3817 per
3061 3761 3145 3805 me
3182 3747 3322 3816 ipsos
3343 3747 3527 3801 de.....
3550 3746 3637 3801 vel

2062 3841 2282 3897 Cellesis
2320 3840 2545 3907 Eclesie,
2602 3838 2687 3894 vel
2734 3854 2830 3910 per
2871 3840 3199 3895 somessione
3257 3837 3362 3898 alio
3428 3838 3637 3893 vin.....

2065 3932 2480 4002 promessionem
2518 3932 2594 3986 ire
2622 3930 3040 3996 temtaverimus,
3071 3938 3353 3998 componat
3384 3928 3516 3996 parti
3548 3940 3640 3985 ve-

2064 4092 2152 4138 aut
2179 4083 2456 4138 sanctitate
2482 4084 2602 4139 vitae
2628 4092 2887 4153 praestans
2913 4101 2928 4149 ;
2959 4083 3250 4138 fundatoris
3280 4084 3419 4138 enim
3448 4084 3636 4153 virtus,

2068 4155 2158 4223 qui
2204 4155 2343 4207 lares
2394 4154 2463 4207 ibi
2515 4157 2738 4223 ﬁgebat,
2791 4154 2873 4208 sui
2927 4156 3158 4207 nominis
3198 4155 3507 4208 celebritate
3538 4158 3636 4221 pi.»

2067 4224 2240 4293 gentis
2270 4224 2569 4278 oblationes
2595 4225 2813 4278 crebras
2832 4263 2848 4287 ,
2878 4232 2931 4278 et
2959 4224 3225 4292 ingentem
3253 4224 3637 4291 discipulorum

2070 4304 2227 4361 atque
2256 4293 2514 4346 sodalium
2544 4296 2748 4361 cupiam
2791 4294 2858 4346 ad
2898 4307 2957 4347 se
2999 4293 3261 4347 trahebat.
3305 4294 3376 4346 Ita
3417 4308 3636 4347 saueius

2072 4363 2387 4417 Benedictus
2440 4364 2771 4417 monasterio
2821 4362 3098 4419 Casinensi
3159 4376 3222 4416 ac
3278 4363 3631 4430 Sublacensi,

402 4450 574 4488 annus
604 4448 775 4487 nonus
805 4432 1111 4497 Cuniberti,
1145 4430 1243 4482 nisi
1272 4432 1527 4496 epocham
1574 4445 1602 4482 a
1648 4444 1808 4496 supra
1853 4427 1964 4482 lan-
1994 4427 2042 4485 D
2074 4442 2285 4487 sanetns
2328 4431 2691 4486 Columbanns
2731 4432 3014 4496 Bobiensi.
3057 4442 3274 4486 sanctus
3317 4427 3640 4495 Anselmns,

400 4508 521 4556 data
566 4505 829 4556 diversam
881 4502 1132 4554 invehere
1180 4500 1436 4551 velimus:
1481 4514 1642 4563 quare
1669 4513 1857 4552 vereor
1900 4514 1966 4553 ne

404 4578 711 4643 depravata:
742 4573 850 4643 sint
880 4572 1018 4643 illius
1046 4567 1347 4643 diplutnatis
1378 4577 1517 4643 uotae
1555 4568 1963 4643 chronologicm.

405 4637 590 4711 Neque
640 4642 830 4695 minori
875 4640 1049 4692 studio
1091 4638 1268 4691 caeteri
1310 4639 1471 4691 Italiae
1517 4637 1780 4711 principes
1812 4648 1969 4705 atque

401 4708 637 4780 episcopi
659 4755 672 4778 ,
707 4726 802 4781 pro
846 4717 1182 4781 peccaturum
1210 4720 1425 4781 suorum
1462 4708 1797 4781 remissione
1831 4723 1965 4761 nuva

402 4776 787 4836 monac—horum
828 4776 1071 4833 emnobia
1113 4777 1411 4829 fundarunt.
1458 4776 1618 4829 Multa
1658 4792 1720 4829 ex
1764 4777 1829 4830 iis
1871 4792 1967 4830 nu-

408 4862 682 4905 merantur
712 4864 739 4903 a
771 4851 1019 4902 Romanis
1061 4847 1396 4916 pontiﬁcibus
1438 4846 1658 4913 aliisque
1698 4848 1961 4914 episcopis

405 4930 731 4985 Constructa,
764 4921 925 4972 tnnlta
958 4933 986 4970 a
1019 4916 1341 4984 principibus
1375 4919 1963 4980 Beneventanis,innlta

407 4994 623 5043 demum
654 5006 681 5041 a
708 4990 931 5041 ducibus
961 4987 1232 5041 Furi—Julii
1255 5024 1270 5050 ,
1304 4986 1533 5048 Tusciae,
1568 4996 1724 5053 atque
1753 4991 1819 5037 ab
1849 4987 1968 5040 aliis

408 5060 568 5112 Italia:
601 5058 958 5127 magnatibus,
992 5070 1048 5110 ut
1080 5057 1312 5123 reliquos
1357 5059 1787 5127 prmtermittam.
1826 5057 1968 5108 Nun-

406 5125 974 5197 nntloruimoriginem
1018 5126 1303 5197 diplomata
1355 5125 1438 5197 hic
1486 5125 1687 5178 edenda
1738 5126 1970 5197 illustra-

410 5200 563 5252 bunt.
594 5196 838 5252 Attamen
871 5196 1339 5263 Langobardorum
1372 5196 1601 5248 adventu
1642 5208 1705 5248 ac
1747 5196 1963 5262 popula-

410 5267 553 5321 tione
582 5269 775 5320 l'acmm
808 5276 889 5320 est
931 5276 987 5319 ut
1025 5268 1220 5318 saeculo
1251 5280 1303 5318 vr
1334 5274 1387 5318 et
1417 5279 1485 5316 vu
1528 5267 1969 5317 monasteriorum

408 5338 464 5392 in
517 5339 662 5391 italia
713 5338 1051 5389 fundationes
1097 5350 1201 5388 non
1253 5344 1357 5387 tam
1417 5337 1721 5401 frequentes
1771 5334 1971 5387 fuerint

412 5416 572 5475 atque
601 5410 653 5461 in
681 5408 849 5461 Gallia
879 5415 933 5459 et
960 5406 1273 5475 Britannia.
1297 5406 1405 5457 lmo
1430 5414 1481 5457 et
1511 5418 1575 5475 ex
1608 5407 1670 5456 iis
1701 5419 1820 5471 qua:
1848 5414 1972 5459 ante

413 5473 627 5530 condita
654 5478 893 5541 fuerant,
931 5490 1033 5527 non
1063 5488 1225 5542 pauca
1257 5474 1403 5527 fuere
1431 5473 1639 5533 excisa.
1689 5475 1760 5526 ita
1806 5482 1863 5526 nt
1907 5489 1973 5529 ne

414 5559 600 5599 eorum
630 5548 840 5614 quidem
884 5545 1137 5598 memoria
1177 5543 1426 5612 supersit.
1471 5542 1575 5596 Sed
1617 5544 1707 5614 illa
1749 5544 1975 5611 potissi-

417 5629 565 5669 mum
594 5612 937 5670 celeberrima
966 5628 1029 5666 ac
1056 5614 1315 5668 ditissima
1360 5612 1678 5666 monasteria
1718 5627 1969 5681 evasere,

420 5685 613 5753 quibus
644 5685 849 5740 initium
869 5685 1020 5741 dedit
1044 5684 1303 5754 quispiam
1331 5691 1421 5739 aut
1450 5683 1720 5739 nobilitate
1739 5684 1971 5754 generis,

2080 4505 2249 4570 primo
2292 4500 2397 4555 dux
2444 4501 2859 4570 Forojuliensis,
2905 4511 3016 4557 tum
3058 4502 3272 4556 circiter
3312 4516 3507 4556 annum
3544 4503 3643 4557 15:!

2072 4572 2316 4624 fundator
2344 4580 2397 4626 et
2441 4572 2604 4625 abbas
2652 4573 2963 4627 monasterii
3010 4571 3367 4629 Nonantulani
3413 4574 3464 4626 in
3508 4588 3640 4639 agro

2069 4641 2392 4704 Mutinensi,
2425 4651 2479 4694 ut
2508 4643 2606 4695 bos
2650 4651 2857 4695 tantum
2904 4656 3228 4706 memorem,
3271 4644 3639 4697 incredibilem

2071 4711 2134 4764 iis
2167 4710 2295 4763 locis
2328 4712 2518 4763 faniam
2549 4721 2602 4764 et
2644 4725 2773 4780 opes
2822 4725 3097 4778 peperere.
3140 4711 3324 4780 Neque
3366 4712 3640 4779 segniores

2069 4781 2121 4834 in
2168 4779 2430 4857 ejusmodi
2476 4780 2653 4857 studio
2696 4778 3049 4857 fueruiit_alii
3093 4778 3253 4850 reges
3269 4795 3351 4836 .ac
3396 4778 3645 4857 proceres

2070 4849 2217 4904 extra
2251 4849 2475 4903 italiam.
2522 4853 2695 4915 Quot,
2744 4852 2974 4917 exempli
3023 4849 3219 4917 causa,
3260 4852 3641 4904 monachorqu

2070 4920 2335 4993 domicilia
2367 4921 2665 4993 excitarint
2685 4919 2909 4993 Carolus
2927 4921 3195 4993 _Magnns,
3241 4921 3464 4993 ejusque
3496 4917 3646 4993 illius

2070 4989 2371 5043 Ludovicus
2422 4990 2579 5054 Pius,
2641 4991 2877 5047 Annales
2925 4987 3249 5047 Francorum
3299 4997 3356 5042 et
3405 4987 3646 5040 Habilio-

2071 5060 2213 5112 tiiani
2244 5070 2325 5111 sat
2367 5059 2613 5126 produnt.

2144 5139 2165 5162 υ
2200 5128 2434 5182 Fuerunt
2483 5132 2642 5182 etiam
2691 5141 2963 5198 tempora,
3022 5127 3281 5197 praecipue
3330 5136 3447 5194 post
3475 5140 3649 5180 seen-

2072 5198 2183 5252 lum
2226 5213 2349 5251 atrae
2378 5198 2689 5253 Christiana:
2711 5202 3007 5264 decimum,
3038 5199 3228 5268 quibus
3261 5205 3514 5268 propter
3550 5199 3617 5249 ali

2070 5268 2209 5336 quod
2263 5282 2482 5322 enorme
2530 5271 2765 5335 crimen,
2820 5281 2947 5337 puta
2997 5266 3330 5333 schismatis;
3373 5267 3650 5337 imminuta

2074 5338 2170 5390 fuit
2194 5341 2498 5406 metropolis
2519 5335 2956 5407 archiepiscopis,
2980 5349 3068 5389 aut
3089 5337 3332 5391 diwcesis
3354 5335 3619 5401 episc0pis
3634 5373 3652 5400 ,

2072 5423 2177 5488 non
2234 5421 2409 5488 .secns
2453 5422 2516 5461 ac
2568 5411 2760 5462 factum
2825 5407 3125 5461 civitatibus
3175 5407 3464 5486 nonnullis,
3503 5419 3655 5485 .qnas

2072 5478 2148 5531 ira
2233 5478 2611 5546 imperatorum
2675 5493 2770 5531 seu
2852 5491 3032 5543 regum
3088 5476 3305 5546 antiquo
3379 5477 3657 5530 comitatus

2069 5548 2188 5615 jure
2242 5545 2407 5601 exuit.
2440 5548 2543 5600 Sed
2578 5548 2716 5616 quod
2770 5548 2823 5600 in
2854 5547 3060 5616 primis
3103 5545 3652 5606 animadvertendum,

2074 5616 2315 5684 plurimis
2344 5618 2395 5670 in
2424 5615 2702 5681 locis,'nbi
2766 5615 2987 5683 insignia
3034 5617 3414 5671 monachorum
3468 5628 3656 5669 mona-

2075 5686 2237 5741 steria
2283 5687 2584 5750 invalnere,
2642 5684 2915 5740 decurtata
2963 5685 3091 5743 olim
3139 5685 3235 5741 fuit
3284 5687 3655 5755 episcOporntu
