4056 6178
450 298 590 356 4555
696 350 714 356 ,
1663 281 2270 341 LANGOBARDORL‘M
2312 282 2493 341 REGI]
2506 282 2549 336 Μ
3510 276 3621 330 Γεῗῧ

452 350 728 474 Ecclesiae,
755 420 851 459 nec
879 418 979 457 neu
1003 411 1056 457 et
1084 399 1365 469 Speciosus
1392 396 1712 452 Florentium
1741 393 2019 456 Ecclesiae,
2053 394 2102 454 Α
2130 408 2223 461 per
2248 408 2389 461 ipsos
2410 392 2730 463 presbiteros
2755 402 2807 446 et
2835 404 3157 459 paumanuos
3185 387 3271 461 IF.
3299 388 3625 463 iterimanuos},

450 501 620 568 adque
647 494 1056 562 Telcsperiauus
1086 489 1341 544 Lucensis
1368 488 1667 556 episcOpus,
1703 485 1767 537 ad
1798 482 2023 538 ecclesia
2130 487 2401 538 veritatem
2448 485 2693 552 cognovi,
2741 492 2797 537 et
2843 484 2985 552 ipsos
3032 480 3339 549 presbiteros
3379 483 3627 549 suprascri-

450 588 628 643 Saucti
680 584 870 639 Genesi
912 583 964 636 iu
1014 582 1128 635 vico
1176 581 1264 649 qui
1313 578 1503 633 dicitur
1550 574 1748 630 Walari
1785 591 1797 628 :
1849 572 2029 640 ibique
2130 586 2335 641 ptatum
2369 592 2397 629 a
2438 577 2598 645 longo
2637 586 2876 645 tempore
2906 584 3290 628 antecessorqu
3324 589 3552 640 meorum,
3588 585 3630 628 et

452 680 746 734 residentes
802 690 901 729 una
959 689 1080 728 cum
1140 674 1304 726 misso
1360 667 1795 725 excellentissimi
1845 665 2025 720 domui
2130 680 2243 719 mea
2294 679 2463 733 neque
2514 674 2735 719 actenus
2780 665 2975 720 ibidem
3031 665 3123 718 fuit
3154 665 3386 718 sacratio.
3437 664 3491 717 Et
3532 680 3631 719 ecce

455 764 766 836 Liutprandi
799 763 960 833 regis,
997 763 1213 815 nemine
1242 758 1608 813 Guntheramo
1641 744 1869 810 notario.
1925 754 2026 808 Ve-
2129 754 2255 808 mihi
2312 756 2791 824 suprascriptarum
2830 754 2898 809 de
2942 755 3113 808 omnis
3160 754 3284 808 istos
3332 754 3627 821 presbiteros,

451 869 643 914 nerunt
671 857 724 913 in
760 865 996 911 nostram
1025 853 1343 924 pre~entiam
1370 850 1688 905 sanctissimi
1718 848 1818 902 viri
1858 846 2026 900 Adeo—
2128 847 2216 914 qui
2259 863 2397 903 nunc
2448 850 2682 916 presenti
2724 848 2931 916 vivunt,
2979 848 3066 902 ubi
3113 848 3444 902 obedientiam
3484 861 3635 903 sancto

448 952 607 1005 datus
635 949 889 1005 Senensis
936 946 1190 1000 Ecclesia:
1236 944 1545 1013 episcopus,
1575 952 1629 995 et
1676 937 2028 1007 Lupertiauus
2130 938 2338 992 Donato
2367 940 2749 1006 promiserunt,
2780 949 2833 993 et
2872 948 3199 994 sacramenta
3228 938 3492 993 secundum
3517 953 3635 993 aute-

448 1041 680 1096 Aretinte
729 1038 979 1093 Ecclesia:
1020 1036 1320 1104 cpiscopus,
1356 1032 1755 1087 altercationem
1797 1030 1931 1082 inter
1969 1041 2029 1080 se
2129 1024 2646 1083 cessorum‘snornm
2694 1028 3135 1084 consuetudinem
3183 1029 3483 1097 prebeeruut
3504 1046 3637 1097 usque

445 1132 708 1185 habentes
752 1130 817 1184 de
864 1126 1116 1191 diocesis,
1174 1125 1438 1188 ccclesiis,
1489 1131 1543 1179 et
1590 1120 1927 1175 monasteriis
1973 1118 2026 1172 in
2130 1119 2193 1172 ad
2224 1120 2378 1173 tertio
2409 1129 2463 1175 et
2502 1128 2695 1189 quarto
2718 1135 2859 1174 anno
2906 1129 3050 1174 retro
3080 1129 3303 1190 tempus,
3332 1120 3415 1191 qui
3442 1120 3638 1175 similiter

453 1222 646 1277 finibus
687 1220 939 1277 Senensis
987 1216 1238 1272 territorii
1285 1216 1529 1285 ejusdem
1580 1214 1832 1268 civitatis.
1870 1211 1922 1266 Id
1947 1219 2030 1267 est
2132 1228 2319 1267 manus
2339 1229 2464 1269 suas
2484 1215 2550 1269 ad
2573 1225 2760 1271 sancto
2789 1217 3013 1283 Donato,
3042 1216 3127 1271 cui
3153 1217 3404 1277 deservio.
3427 1216 3637 1272 fecerunt.

451 1312 520 1366 de
579 1309 910 1365 monasterio
966 1308 1137 1361 sancti
1199 1307 1431 1370 Amiani,
1493 1305 1803 1374 baptisterio
1858 1303 2029 1359 sancti
2133 1305 2198 1359 Et
2245 1304 2459 1374 insuper
2507 1308 2674 1362 lectas
2721 1308 2977 1374 epistolas
3029 1309 3319 1377 rogatorias
3367 1308 3428 1362 de
3464 1307 3641 1378 singulis

450 1403 706 1469 Stephani
759 1400 1166 1467 llatniuaciauo,
1219 1398 1588 1467 baptisterium
1634 1404 1816 1450 sancta
1861 1395 2030 1452 Malia
2127 1393 2395 1464 iudicibus
2427 1396 2643 1451 civitate
2672 1396 2939 1461 Seuense,
2990 1408 3042 1451 et
3069 1397 3136 1451 de
3161 1398 3271 1465 ipso
3308 1399 3550 1465 epi~copo,
3575 1398 3643 1462 qui

451 1496 504 1547 in
549 1494 782 1558 Cosona,
828 1491 1137 1560 baptisterio
1188 1490 1358 1544 sancti
1407 1488 1661 1543 Johannis
1701 1489 1752 1541 in
1802 1486 2029 1551 “antra,
2134 1493 2257 1539 tunc
2288 1495 2485 1542 eratet
2527 1495 2893 1540 antecessores
2927 1502 3076 1541 meos
3123 1496 3174 1541 et
3217 1486 3282 1540 ad
3312 1501 3389 1541 tne
3417 1485 3646 1542 faciebatis

453 1584 775 1639 monasterio
822 1583 989 1636 sancti
1031 1581 1347 1650 Archaugeli
1393 1580 1445 1633 iu
1497 1579 1659 1634 fuudu
1691 1578 1854 1638 Lucu.
1889 1578 2025 1646 bap-
2133 1575 2467 1645 electionem,
2497 1592 2563 1630 eo
2612 1578 2752 1644 quod
2784 1587 2960 1632 vester
3004 1578 3265 1632 territorio
3295 1588 3419 1645 erat,
3455 1587 3502 1631 et
3526 1579 3647 1632 nobis

450 1674 660 1730 tisterio
699 1673 871 1729 sancti
918 1672 1147 1726 Andreae
1176 1672 1227 1725 in
1284 1671 1540 1733 Malciuis.
1572 1669 1882 1739 baptisteria
1908 1684 2032 1722 sau-
2135 1666 2389 1736 epistolas
2421 1669 2712 1734 faciebatis,
2734 1680 2794 1724 et
2818 1669 3300 1738 regumandabatis,
3323 1681 3373 1724 ut
3402 1670 3646 1726 secundum

446 1768 522 1821 eti
576 1765 718 1821 Petri
772 1766 823 1819 in
883 1763 1044 1829 Pava,
1096 1763 1464 1831 baptisterium
1504 1769 1700 1815 sanetae
1750 1759 1927 1814 Mariae
1974 1760 2027 1814 in
2061 1746 2401 1829 Bantiqnaut
2465 1762 2897 1819 consuetudinem
2960 1765 3072 1832 ipse
3136 1779 3353 1833 persoae
3408 1778 3647 1818 consecra-

452 1857 641 1921 Patna,
692 1854 1059 1924 baptisterium
1107 1853 1280 1907 sancti
1327 1851 1525 1917 Quirici
1573 1861 1628 1906 et
1669 1850 1928 1906 Johannis
1976 1851 2029 1904 in
2136 1861 2338 1916 rentur,
2366 1853 2612 1920 quoniam
2645 1863 2820 1908 nostra
2854 1856 3144 1908 manebunt
3171 1852 3383 1908 diocesi.
3420 1853 3513 1907 Nec
3536 1854 3650 1921 quis-

457 1948 576 2002 vico
604 1945 843 2008 Falcino.
869 1942 1237 2013 baptisterium
1264 1951 1464 1997 sancta:
1494 1942 1770 1997 Restitute
1796 1943 1846 1996 iu
1871 1940 2031 1995 fundo
2135 1956 2291 2009 quam
2319 1953 2507 1998 contra
2555 1959 2787 1999 canones
2816 1947 2933 2000 sine
2972 1956 3154 2000 nostra
3207 1943 3465 2012 permissio
3490 1942 3649 1998 ibidem

455 2040 689 2109 Uxiauo,
720 2036 1088 2106 baptisterium
1118 2037 1290 2089 sancti
1341 2034 1531 2089 Felicis
1564 2035 1614 2088 in
1661 2034 1866 2098 Avauo,
1900 2034 2029 2101 bap-
2137 2032 2507 2102 episcoporum
2532 2036 2757 2089 audebat
2781 2037 3172 2092 ordinationem
3203 2035 3389 2091 facere.

450 2130 719 2186 tisterium
750 2137 951 2183 sancta:
981 2125 1163 2180 Matris
1191 2126 1442 2180 Ecclesiae
1487 2125 1536 2177 in
1584 2125 1831 2189 Misultis,
1865 2124 2032 2191 bapti-
2206 2124 2286 2179 Ad
2313 2126 2426 2180 ba‘c
2446 2137 2622 2181 autem
2644 2130 2820 2183 omnia
2854 2144 2952 2184 uos
2971 2132 3317 2200 suprascripti
3345 2128 3652 2189 Teudoahlns,

456 2223 678 2277 sterium
694 2207 867 2275 sancti
901 2217 1162 2272 Valentini
1183 2219 1235 2271 iit
1265 2216 1453 2271 Casale
1478 2215 1686 2277 Ursina,
1712 2213 2034 2269 monasterio
2138 2219 2417 2285 Maximus,
2465 2221 2772 2290 Spcciosns,
2821 2224 2864 2276 Τ
2867 2223 3229 2291 elesperiauus
3272 2224 3547 2292 episcopuS,
3572 2236 3655 2273 una

459 2312 627 2366 sancti
659 2308 799 2364 Petri
826 2308 893 2363 ad
937 2307 1075 2371 Axo,
1106 2306 1417 2375 baptisterio
1446 2306 1614 2359 sancti
1644 2304 1750 2358 Viti
1794 2306 1847 2357 in
1880 2303 2032 2373 lluti:

2134 2324 2256 2371 cum
2282 2312 2589 2378 presbiteris
2610 2316 2807 2369 nostris
2828 2316 3146 2369 venerandis
3168 2315 3312 2377 viris,
3336 2316 3381 2367 id
3400 2325 3474 2367 est
3492 2313 3657 2385 Jollam

444 2405 617 2467 liano,
640 2411 695 2456 et
714 2411 911 2457 sancta:
935 2399 1116 2453 Matris
1146 2398 1398 2453 Ecclesiae
1420 2398 1471 2451 iu
1497 2396 1720 2451 castello
1749 2395 2032 2460 Politiano,
2139 2417 2254 2468 nes,
2288 2402 2553 2473 ιιιοῑρετι,
2605 2406 2896 2470 amamus,
2948 2407 3235 2470 unum“,
3274 2406 3547 2469 spumans,
3572 2409 3656 2457 Α...

447 2496 820 2566 baptisterium
869 2493 1037 2547 sancti
1098 2492 1202 2545 Viti
1252 2490 1305 2545 in
1360 2491 1619 2556 Vercona,
1667 2490 2033 2559 baptisterium
2136 2493 2328 2561 sclmo,
2362 2495 2619 2561 Αυιιιιίηῑ,
2652 2496 2957 2559 Theodoro,
3005 2496 3297 2560 Deusdedi,
3327 2498 3486 2564 adque
3518 2496 3658 2550 Theo-

454 2590 625 2642 sancti
661 2586 844 2641 Donati
876 2586 927 2638 in
960 2583 1233 2649 Ettiiiano,
1265 2583 1630 2651 baptisterium
1679 2590 1880 2637 sancta:
1923 2580 2035 2635 Ma-
2138 2585 2289 2651 dore,
2322 2595 2375 2640 et
2422 2586 2639 2656 reliquis
2687 2588 3054 2642 sacerdotibus
3105 2586 3658 2647 (ircutnstautihus,an-

449 2679 547 2735 ria:
576 2680 627 2731 iu
660 2677 831 2737 Saltu.
875 2673 1250 2743 baptisterium
1298 2673 1467 2726 sancti
1503 2672 1603 2726 Viti
1637 2672 1689 2727 in
1737 2672 2033 2737 Prumano,
2138 2674 2365 2741 dientesI
2407 2678 2627 2732 iecimus
2675 2678 2843 2745 ipsam
2890 2678 3287 2747 inquisitionem
3320 2690 3373 2733 et
3410 2690 3573 2731 manus
3608 2675 3662 2727 de

452 2771 819 2839 i'aptisterium
846 2769 1014 2823 Sancti
1049 2767 1148 2821 Viti
1177 2767 1231 2821 in
1283 2768 1513 2821 Oseuua.
1566 2767 1781 2822 Dicebat
1811 2768 2033 2823 sanetis-
2138 2766 2267 2836 ipsis
2296 2768 2623 2837 presbiteris,
2652 2769 2741 2838 qui
2787 2783 2926 2822 nunc
2965 2770 3065 2823 vivi
3115 2778 3265 2835 sunt,
3308 2778 3359 2823 et
3385 2781 3567 2828 eorum,
3591 2765 3661 2833 qui

456 2865 624 2916 simus
655 2858 1013 2927 Lupertiauus
1045 2858 1327 2927 cpiscopus
1354 2855 1519 2912 frater
1559 2866 1742 2912 noster
1778 2858 1919 2927 quod
1945 2871 2035 2913 ec-
2140 2860 2482 2913 transierunt.
2511 2859 2616 2915 Sed
2644 2871 2697 2914 et
2721 2861 2942 2928 epistola
2967 2860 3208 2929 iudicum
3248 2859 3538 2915 Senensiutn
3562 2857 3662 2910 civi.

454 2955 633 3008 clesire
680 2954 794 3007 ista:
825 2950 1196 3020 suprascripta:
1244 2959 1295 3005 et
1339 2950 1679 3015 monasteria,
1718 2965 1745 3002 a
1795 2961 2035 3018 tempore
2141 2951 2287 3017 tatis,
2332 2950 2446 3005 sive
2489 2950 2876 3019 episcoporum
2913 2950 3173 3006 Ecclesiae
3214 2950 3513 3007 Seuensiutn
3551 2947 3663 3001 rele-

453 3048 813 3101 ltomauorum
864 3055 919 3100 et
965 3043 1433 3114 Langobardorum
1484 3057 1691 3110 regum,
1738 3058 1803 3097 ex
1852 3058 1959 3112 quo
2002 3059 2033 3097 a
2140 3055 2267 3109 gere
2309 3057 2326 3108 ;
2379 3041 2466 3095 ubi
2518 3043 2912 3107 continebatur,
2963 3042 3109 3110 quod
3161 3045 3337 3097 onmis
3384 3039 3588 3095 sacratio
3625 3037 3665 3089 iu

449 3140 811 3193 fundamentis
840 3137 1070 3191 conditae
1115 3144 1260 3197 sunt,
1293 3148 1506 3200 semper
1535 3134 1603 3188 ad
1634 3133 1815 3188 sedem
1865 3135 2036 3189 sancti
2065 3114 2111 3176 (ἶ
2142 3132 2517 3201 suprascripta:
2564 3132 2815 3200 diocesis,
2869 3133 3198 3201 baptisteriis
3248 3141 3303 3188 et
3356 3129 3664 3189 monasteriis.

466 3230 650 3283 Donati
678 3230 851 3284 Aritio
875 3227 1212 3290 obedierunt,
1240 3239 1340 3278 una
1372 3239 1493 3279 cum
1518 3225 1768 3279 erunibus
1788 3226 2038 3281 oratoriis
2138 3224 2311 3293 adque
2337 3224 2568 3280 oraculis
2592 3240 2688 3295 per
2710 3225 2949 3294 presules
2971 3238 3177 3281 sanctze
3206 3226 3431 3281 Aretiute
3460 3224 3668 3279 Ecclesiae

456 3323 568 3375 suis
607 3340 621 3385 ;
653 3332 709 3377 et
756 3329 1084 3383 nostrorum,
1130 3318 1213 3372 vel
1252 3326 1662 3372 ’antecessorum
1713 3326 2037 3385 nostrorum,
2139 3316 2281 3370 omni
2316 3318 2368 3369 in
2398 3326 2639 3386 tempore
2667 3318 3101 3386 perlicicbantur.
3139 3319 3272 3372 Nam
3298 3328 3350 3373 et
3389 3318 3478 3387 ipsi
3501 3315 3667 3387 presbi-

460 3412 654 3465 ibidem
687 3412 784 3465 fuit
822 3411 1093 3465 ordinatio
1126 3418 1229 3462 tam
1280 3407 1332 3461 in
1388 3408 1713 3478 presbiteros
1758 3419 1814 3465 et
1849 3410 1903 3467 iu
1929 3411 2039 3465 dia-
2141 3411 2261 3473 teri,
2291 3410 2557 3478 quomodo
2583 3409 2777 3464 ibidem
2808 3411 3054 3465 custodes
3076 3422 3228 3478 sunt,
3254 3413 3323 3467 ita
3346 3411 3549 3479 profess:
3570 3416 3671 3462 sunt

383 3532 386 3535 λ
456 3517 645 3565 conos,
675 3512 729 3555 et
759 3509 939 3554 nostra
973 3500 1072 3553 fuit
1121 3499 1356 3553 sacratio
1406 3513 1619 3568 semper
1658 3514 1822 3569 usque
1857 3501 2037 3569 modo,
2143 3519 2237 3573 per
2282 3500 2567 3571 anugelia
2616 3512 2668 3556 et
2721 3505 3021 3557 sacratioue
3068 3509 3141 3557 ab
3188 3505 3419 3559 Aretina:
3464 3501 3670 3556 Ecclesia:

457 3606 508 3645 et
544 3607 641 3646 nos
670 3592 931 3646 debemus
973 3591 1189 3645 habere.
1222 3590 1300 3645 Ad
1349 3590 1448 3645 hec
1489 3592 1847 3659 respondebat
1878 3592 2041 3648 frater
2142 3594 2341 3661 episco,
2363 3607 2396 3645 ο
2421 3592 2806 3661 suscepissent,
2838 3602 2893 3645 et
2919 3607 3104 3647 manus
3139 3608 3267 3647 suas
3292 3593 3433 3663 juxta
3473 3598 3673 3645 anteces-

452 3691 637 3735 noster
695 3682 1000 3737 Adeodatus
1057 3682 1314 3736 Senensis
1381 3682 1635 3738 Ecclesia:
1696 3684 2037 3752 episcopus:
2141 3698 2325 3738 Surum
2365 3698 2583 3738 suorum
2632 3683 3074 3739 consuetudinem
3130 3684 3327 3739 ibidem
3374 3682 3672 3739 fecissent.“

466 3776 669 3830 Veritas
698 3785 801 3842 est,
836 3777 957 3845 quia
985 3776 1226 3831 ecclesiae
1254 3777 1368 3831 ista:
1398 3784 1454 3831 et
1492 3778 1809 3832 monasteria
1844 3780 1897 3832 in
1926 3788 2039 3833 ter-
2141 3786 2475 3830 sacramenta
2497 3776 2921 3846 prebnisseut,et
2941 3776 3301 3830 obedientiam
3320 3789 3476 3844 usque
3496 3781 3672 3827 actenus

455 3867 647 3920 ritorio
701 3867 923 3921 Senensi
987 3868 1175 3934 posita:
1228 3876 1394 3920 sunt:
1454 3876 1629 3919 vestra
1688 3867 1882 3921 ibidem
1942 3868 2043 3923 luit
2144 3868 2550 3937 impendissent,
2596 3880 2652 3922 et
2698 3871 2889 3923 crisma
2920 3869 3307 3937 suscepissent.
3356 3870 3471 3923 Ideo
3510 3865 3672 3936 justum

455 3957 709 4021 sacratio,
740 3972 807 4013 eo
836 3957 976 4028 quod
1031 3956 1265 4017 Ecclesia
1295 3956 1548 4012 Senensis
1588 3958 1806 4012 minimc
1828 3959 2040 4027 episco.
2142 3958 2314 4027 adque
2343 3966 2546 4012 rectum
2580 3957 2795 4025 placuit.
2827 3968 2883 4012 ut
2910 3958 2955 4011 si
2985 3958 3105 4027 quis
3126 3959 3299 4013 sancti
3334 3958 3508 4012 Patres
3533 3954 3672 4015 Nicei,

466 4063 561 4113 pos
589 4048 757 4102 abuit.
788 4049 916 4103 Nam
949 4048 1109 4101 modo
1135 4046 1200 4100 ad
1230 4061 1327 4100 nos
1352 4046 1548 4101 debent
1578 4062 1889 4115 pervenere,
1916 4049 2041 4118 quia
2144 4060 2197 4107 et
2223 4050 2473 4114 Elfesani,
2509 4051 2684 4119 adque
2710 4050 3127 4105 Calcedonensis
3160 4052 3373 4105 (‘Olﬂ‘ilii
3401 4054 3677 4106 statuerunt,

460 4145 513 4195 in
544 4151 749 4207 nostro,
786 4150 843 4194 ut
874 4134 1002 4205 dixi,
1036 4140 1306 4196 territorio
1335 4156 1457 4195 esse
1488 4155 1799 4197 noscuntur.
1831 4143 1909 4197 Ad
1944 4146 2043 4200 hec
2145 4152 2201 4198 ut
2231 4157 2389 4198 nemo
2420 4144 2469 4195 in
2498 4142 2670 4195 aliena
2715 4140 2917 4195 diocesi
2968 4156 3074 4196 non
3108 4142 3158 4194 vi
3192 4143 3392 4212 ingredi
3431 4146 3680 4211 prestnnat,

462 4250 590 4289 vero
613 4232 969 4303 respondebat
1000 4233 1351 4302 Lupertiauus
1379 4234 1662 4304 episcopus
1687 4252 1699 4289 :
1737 4238 1775 4289 Δ
1804 4246 2044 4305 tempore
2143 4246 2235 4290 aut
2262 4234 2705 4305 qualemcumque
2748 4231 3141 4287 ordinationem
3192 4233 3367 4293 faciat,
3407 4231 3493 4285 sed
3523 4230 3567 4283 in
3592 4226 3681 4278 suis

459 4327 742 4381 Rotltarim
778 4329 917 4395 regis
958 4342 1122 4393 usque
1172 4327 1329 4381 modo
1370 4327 1605 4383 Ecclesia
1653 4328 1902 4383 Senensis
1932 4331 2042 4399 epi-
2143 4326 2392 4381 diocesiis
2435 4338 2497 4379 se
2524 4323 2817 4388 contineat,
2852 4338 2949 4377 nec
2994 4332 3192 4377 statuta
3242 4325 3450 4376 Patrum
3492 4319 3680 4375 terntiua

466 4418 685 4487 scopum
706 4418 898 4474 abuit;
932 4429 979 4473 et
1010 4427 1191 4471 nostra
1216 4418 1281 4471 de
1303 4432 1364 4471 ea
1391 4427 1511 4472 ante
1534 4433 1562 4471 a
1586 4431 1822 4487 tempore
1847 4421 2039 4474 “Olllﬂ-
2071 4465 2118 4487 η
2144 4416 2502 4471 transcendat.
2536 4414 2765 4469 Proinde
2807 4414 3083 4469 decretum
3132 4431 3229 4485 per
3263 4424 3551 4469 sanctomm
3596 4409 3681 4465 Pa-

467 4465 480 4471 -
501 4465 685 4487 νην-η-
884 4465 898 4474 ,
937 4465 961 4473 -
1116 4465 1191 4471 --_
1220 4465 1279 4471 _-
1308 4465 1364 4471 ν.
1535 4465 1561 4471 _
1588 4465 1822 4487 ---Ἴων
2148 4465 2501 4471 ___-__-,_-__-___
2537 4465 2555 4469 _
2684 4465 2761 4468 ,__
2814 4465 2868 4468 η
3132 4465 3147 4485 ,
3264 4465 3433 4469 ___-_-_
3480 4465 3499 4467 η

464 4524 684 4576 uorum,
712 4519 767 4563 et
816 4520 993 4577 postea
1028 4524 1191 4577 usque
1223 4509 1273 4562 in
1310 4510 1588 4563 odiet-nutu
1626 4510 1768 4564 diem
1814 4510 1864 4564 in
1896 4512 2038 4580 ipsas
2071 4465 2120 4525 υ
2151 4515 2295 4562 trum
2325 4506 2716 4569 auctoritatem,
2742 4515 2797 4557 ut
2827 4512 2903 4569 tu,
2951 4504 3296 4560 sanctissime
3345 4504 3501 4558 frater
3527 4509 3681 4555 noster

468 4599 749 4663 ecclesias,
778 4600 1083 4667 baptisteria
1113 4610 1163 4652 et
1190 4599 1651 4653 mouasteria......
1686 4600 1781 4653 fuit
1810 4602 2040 4656 sacratio
2152 4598 2478 4667 Lupertiane
2522 4597 2795 4666 episcope,
2848 4596 2992 4665 ipsas
3044 4599 3436 4666 suprascriptas
3481 4594 3688 4648 diocescs

468 4700 524 4747 et
552 4687 836 4753 ordinatio,
867 4699 921 4743 et
968 4688 1017 4741 in
1049 4698 1201 4743 antea
1248 4689 1505 4742 debemus
1535 4690 1823 4743 secundum
1874 4705 2041 4745 cano-
2151 4699 2205 4744 et
2234 4688 2552 4743 monasteria
2579 4703 2701 4741 cum
2749 4686 2859 4741 suis
2888 4688 3123 4741 oraculis
3160 4688 3325 4743 abeas
3366 4688 3553 4756 absque
3577 4696 3686 4752 qun‘

468 4785 642 4839 uicam
665 4781 903 4850 regulam
930 4780 1145 4835 habere.
1168 4782 1391 4846 Quidem
1412 4792 1467 4837 et
1488 4784 1678 4837 missus
1698 4785 2047 4840 excellentis—'
2155 4783 2490 4848 lemcnmqne
2536 4779 2988 4832 contaminatione
3036 4777 3257 4839 habere.
3310 4780 3442 4833 sicut
3484 4785 3692 4831 anteces-

468 4877 588 4931 simi
614 4875 793 4929 domui
824 4873 1138 4941 Liutprandi
1169 4876 1330 4942 regis,
1366 4876 1583 4929 nomine
1619 4874 2042 4945 thitheramus,
2157 4888 2307 4927 sores
2353 4872 2455 4925 tuis
2499 4884 2530 4923 a
2581 4870 2741 4939 longo
2785 4879 3027 4937 tempore
3072 4867 3411 4931 habuerunt;
3454 4877 3504 4921 ει
3542 4863 3692 4917 οιιιηίδ

468 4970 559 5039 qui
593 4983 686 5039 per
730 4968 904 5038 ipsum
948 4966 1199 5037 'l‘agipert
1248 4965 1575 5022 Gastaldium
1622 4970 1935 5035 Seueusem,
1980 4986 2044 5026 ac
2151 4965 2379 5020 sacratio
2406 4962 2598 5017 ibidem
2632 4975 2727 5030 per
2769 4962 2873 5015 tuis
2902 4962 3010 5014 oris
3058 4959 3198 5013 labia
3229 4960 3315 5015 vel
3358 4968 3690 5015 successorum

466 5187 560 5242 lite
600 5184 937 5239 affirmabat:
971 5202 991 5236 ι
1045 5182 1294 5237 Ecclesiae
1339 5181 1453 5235 ista:
1494 5191 1547 5233 et
1596 5181 1940 5249 monameria,
1993 5182 2046 5239 iu
2156 5179 2253 5234 viri
2275 5180 2399 5234 olim
2422 5182 2718 5237 doctissimi
2742 5182 2941 5251 opinio,
2967 5184 3053 5249 qui
3081 5182 3300 5237 iuuotis
3323 5182 3388 5236 ad
3410 5176 3692 5237 Senensium

470 5256 737 5312 territorio
764 5254 984 5309 Senensi
1016 5255 1196 5321 posita:
1219 5261 1380 5315 stmt;
1412 5261 1466 5304 et
1490 5257 1693 5304 vestras
1722 5252 1795 5321 (id
1814 5264 1908 5322 est
1932 5254 2048 5322 epi-
2154 5251 2521 5320 episcoporum
2546 5253 2869 5322 catalogom,
2902 5264 3042 5307 tomo
3065 5254 3126 5308 Ill
3157 5252 3319 5306 Italiae
3340 5255 3697 5314 Sacraa,utivts-

469 5328 617 5394 scopi
649 5325 1127 5395 Arretiui)'ibidetn
1154 5325 1247 5376 fuit
1278 5322 1530 5395 sacratio,
1556 5322 1780 5395 eoqnod
1808 5321 2046 5379 Ecclesia
2154 5337 2302 5377 smne
2349 5324 2615 5395 editionis,
2664 5321 3177 5395 uonrasseutatioue
3224 5322 3418 5376 ductus
3455 5336 3567 5389 erga
3615 5330 3693 5382 pa-

469 5392 724 5452 Senensis
754 5392 971 5449 minime
1001 5396 1279 5462 episcopos
1327 5392 1531 5444 babuit.
1558 5408 1577 5442 ι
1614 5394 1893 5463 Arretinos
1916 5410 2043 5448 vero
2152 5396 2328 5458 triam,
2362 5393 2454 5445 sed
2484 5408 2663 5447 amore
2689 5394 2925 5448 veritatis
2972 5396 3241 5457 incensus,
3289 5407 3406 5461 quae
3449 5403 3594 5463 supra
3622 5399 3697 5463 ps-

460 5469 769 5536 episcopus
797 5459 1147 5532 Impertianns
1186 5459 1312 5515 haec
1359 5471 1541 5536 (πριιιιέ
1589 5459 1845 5536 eﬂ‘erebat
1876 5480 1888 5513 :
1924 5480 1943 5512 ο
2002 5465 2046 5536 Α
2153 5463 2306 5516 triam
2334 5464 2479 5536 cordi
2510 5476 2631 5517 esse
2676 5463 3128 5536 honestohomini
3158 5459 3344 5527 debet,
3394 5461 3580 5529 primos
3600 5459 3696 5524 epi-

472 5530 712 5603 tettititire
760 5530 1034 5590 Rotltaritu
1081 5549 1247 5599 usque
1296 5532 1455 5585 modo
1500 5530 1734 5603 Ecclesia
1786 5532 2044 5603 Senensis
2154 5546 2344 5601 scopos
2393 5532 2699 5594 Senenses.
2761 5533 3002 5602 Ughellio
3056 5545 3404 5594 memoratos,
3457 5539 3697 5603 tammulti!

471 5600 781 5673 episcOpum
810 5604 1009 5658 habuit.
1046 5623 1063 5654 ι
1108 5604 1325 5674 Aliquo
1359 5609 1641 5674 propterea
1699 5600 2044 5674 fundamento
2154 5600 2449 5674 suspectos,
2477 5613 2568 5659 aut
2604 5600 2880 5672 conflatis,
2927 5604 3249 5660 emittendus
3301 5609 3384 5659 est
3417 5601 3695 5655 arbitratus-

470 5669 596 5728 ulsa
636 5673 1059 5743 deprehenditur
1105 5669 1324 5728 lluberti
1361 5669 1743 5739 illenvoglieuti
1792 5673 2045 5730 Senensis
