4056 6178
518 296 665 356 1389

529 516 615 561 cta
645 504 810 560 Matre
839 503 1075 558 Ecclesia
1107 503 1159 557 in
1187 501 1426 556 Castello
1456 502 1778 557 Pulliciano.
1838 501 1902 554 Et
1932 500 2105 553 amba:

531 604 709 664 partes
738 595 792 649 in
818 601 1000 651 nostra
1026 594 1439 663 conjunxissetis
1469 593 1756 662 praesentia
1783 632 1801 658 ,
1827 590 2107 645 asserebas

533 700 608 754 tu,
638 689 996 759 suprascripte
1024 688 1349 759 Lupertiane
1375 686 1629 756 episcope
1650 728 1664 749 ,
1697 685 1824 756 quia
1851 681 2109 737 ecclesias

521 781 660 838 'istas
687 790 744 839 et
772 781 1088 836 monasteria
1116 787 1237 835 cum
1272 780 1382 834 suis
1406 777 1638 834 oraculis
1670 791 1765 846 per
1792 775 2002 830 diversa
2033 772 2110 826 vi-

533 887 656 929 cora
687 876 976 931 constituta
1019 887 1049 927 a
1100 879 1343 940 tempore
1389 870 1609 940 antiquo
1636 881 1803 938 usque
1850 864 2027 929 modo,
2057 862 2108 917 in

532 980 638 1035 quo
670 966 905 1021 funditus
951 962 1182 1020 condita:
1209 971 1363 1029 sunt,
1398 974 1611 1028 semper
1654 959 1717 1013 ad
1751 957 1936 1012 sedem
1968 954 2111 1009 beati

526 1055 714 1109 donati
736 1055 903 1109 Aritio
924 1052 1177 1122 subjectae
1205 1050 1439 1112 fuerunt,
1466 1057 1520 1102 et
1548 1055 1723 1102 nostra
1753 1048 1834 1101 vel
1859 1056 2079 1099 anteces
2098 1072 2112 1084 -

528 1160 714 1199 sorum
765 1154 1068 1199 nostrorum
1113 1140 1213 1195 fuit
1260 1139 1490 1194 sacratio
1540 1148 1647 1193 tam
1687 1138 1739 1192 in
1784 1139 2112 1206 presbiteros

534 1246 693 1302 quam
718 1240 772 1288 et
811 1235 860 1286 in
908 1232 1197 1294 diaconos,
1230 1238 1284 1283 et
1314 1239 1496 1283 nostra
1525 1243 1693 1298 usque
1717 1238 1936 1282 actenus
1965 1242 2114 1280 man-

535 1327 606 1380 sit
633 1325 901 1394 possessio
925 1365 943 1393 ,
984 1333 1042 1378 et
1087 1338 1185 1377 nos
1212 1321 1469 1377 debemus
1498 1321 1717 1375 habere.
1776 1320 1855 1375 Ad
1889 1320 2001 1372 bazc
2030 1334 2115 1372 re-

538 1416 768 1485 plicabat
785 1415 1089 1470 Adeodatus
1106 1414 1357 1470 Senensis
1374 1412 1625 1467 Ecclesiae
1642 1411 1832 1481 praesul
1859 1428 1871 1463 :
1903 1410 2109 1465 Veritas

537 1516 660 1572 est,
706 1515 763 1561 ut
810 1508 1044 1573 asseris,
1090 1506 1207 1575 quia
1253 1504 1508 1559 Ecclesia:
1549 1506 1668 1561 istae
1712 1512 1766 1557 et
1794 1502 2115 1565 monasteria

537 1605 700 1665 atque
756 1597 1012 1661 oracula,
1060 1610 1181 1666 quae
1239 1596 1291 1650 in
1354 1595 1629 1650 territorio
1692 1594 1937 1649 Senense
1983 1607 2117 1646 con-

534 1686 738 1742 stituta:
775 1695 920 1752 sunt,
945 1688 1011 1740 ab
1036 1686 1469 1742 antecessoribus
1508 1686 1702 1740 vostris
1743 1684 1936 1738 ibidem
1967 1698 2114 1738 sem-

1695 290 2061 349 LANGOBAR
2072 286 2303 345 ῡοιιυιι
2346 288 2580 347 REGUM
3600 293 3699 350 3360

527 417 592 471 ad
623 410 1128 485 Abso,’baptis‘terio
1152 410 1322 466 sancti
1356 409 1464 467 Viti
1491 410 1543 465 i'n
1580 410 1873 475 Rutiliano,
1909 418 1961 464 et
1982 422 2103 462 san-
2136 406 2184 466 Α
2211 405 2383 475 major
2427 404 2618 458 domus
2662 420 2675 455 :

2724 401 2861 460 lianc
2901 402 3177 459 audientes
3223 410 3435 459 vestram
3474 403 3698 476 allegatis.

2211 512 2352 566 nem,
2385 497 2857 564 interrogavimus,
2890 507 2946 551 et
2976 512 3072 565 per
3109 495 3269 550 Deum
3306 494 3534 552 factorem
3560 501 3641 554 celi
3662 511 3703 554 cl

2210 599 2386 655 terrm,
2423 601 2478 646 ct
2503 593 2713 645 beatum
2747 590 2983 651 Petrum,
3030 588 3110 642 cui
3159 588 3399 641 Dominus
3422 589 3590 658 ligandi
3622 595 3705 647 sol-

2211 680 2476 748 vendique
2507 682 2559 735 in
2589 685 2707 735 celo
2734 688 2788 734 ct
2811 680 2862 732 in
2886 686 3027 733 terra
3052 678 3236 732 tribuit
3260 685 3563 747 patestatcm,
3589 681 3707 750 adju—

2212 774 2448 826 ravimus
2480 773 2651 841 ipsum
2681 771 3016 825 Adeodatum
3054 772 3353 838 episcopum
3388 769 3605 825 Senensis
3626 773 3705 827 Ec-

2182 892 2197 913 .
2221 863 2390 917 :lesia:
2415 902 2432 931 ,
2477 871 2535 917 ut
2578 862 2735 916 nobis
2781 861 2848 915 de
2895 861 2993 916 bac
3029 872 3187 914 causa
3230 859 3343 913 sine
3371 870 3562 927 peccato
3588 861 3708 917 ﬁnire

2212 953 2550 1010 debetemus.
2601 955 2700 1023 Qui
2733 956 2911 1008 statim
2960 967 3141 1009 coram
3185 953 3423 1008 omnibus
3449 955 3644 1021 prorupit
3666 957 3707 1009 in

2214 1049 2423 1111 faciem,
2452 1056 2507 1101 et
2543 1048 2612 1101 ita
2646 1047 2918 1116 professus
2938 1058 3020 1102 est
3043 1087 3058 1113 ,
3088 1047 3305 1103 dicens:
3336 1046 3506 1101 Coram
3533 1048 3708 1101 Dunino

2218 1154 2322 1193 non
2352 1141 2600 1203 mentior,
2627 1140 2878 1208 quoniam
2912 1139 3029 1193 ista
3060 1140 3255 1208 smpius
3282 1140 3427 1194 dicta:
3453 1139 3650 1194 ecclesia
3668 1149 3710 1193 et

2218 1214 2538 1284 monasteria
2578 1244 2699 1285 cum
2754 1229 2867 1284 suis
2934 1229 3168 1284 oraculis
3216 1231 3624 1285 consecrationem
3670 1240 3709 1284 et

2216 1320 2573 1375 obedientiam
2627 1328 2677 1373 a'
2709 1320 2835 1375 sede
2881 1320 3023 1375 beati
3055 1319 3246 1375 Donati
3276 1322 3488 1375 Aretina
3512 1320 3710 1375 Ecclesia

2220 1412 2465 1479 presulis,
2490 1413 2576 1467 vel
2606 1413 2674 1466 ab
2700 1413 2819 1480 ejus
2846 1411 3131 1467 defensore
3163 1412 3466 1477 habuerunt,
3493 1422 3539 1465 et
3563 1412 3709 1465 ibidem

2220 1496 2610 1573 pertinuerunt.
2686 1503 2819 1558 Nam
2864 1500 2932 1557 ad
2975 1502 3268 1558 Senensem
3314 1501 3577 1556 Ea-lesiam
3615 1502 3713 1555 nihil

2219 1595 2507 1665 debentur,
2542 1596 2641 1651 nisi
2666 1607 2853 1652 comta
2881 1597 3047 1651 Deum
3078 1605 3134 1650 et
3162 1598 3457 1652 canonicam
3486 1594 3714 1649 institutio-

2222 1704 2365 1743 nem.
2407 1688 2539 1743 Dum
2573 1689 2712 1744 inter
2742 1691 2975 1744 Aretinm
2997 1690 3229 1744 civitatis
3266 1688 3558 1743 habitatores
3582 1699 3625 1742 et
3641 1687 3716 1741 Sec

540 1795 638 1848 per
688 1781 785 1835 fuit
825 1783 1079 1836 sacratio.
1154 1779 1257 1836 Sed
1293 1780 1412 1834 ideo
1462 1779 1583 1848 quia
1632 1776 1862 1831 Ecclesia
1911 1774 2115 1832 Senen-
2148 1765 2195 1825 Β
2223 1794 2442 1834 nensem
2486 1781 2739 1849 populum
2772 1779 3076 1835 inimicitias
3119 1779 3186 1834 de
3223 1788 3389 1833 morte
3414 1778 3718 1845 Gndebcl'tjtt-

538 1873 617 1928 sis
641 1872 863 1927 minime
905 1872 1213 1941 pontificem
1262 1871 1476 1925 abebat.
1537 1869 1686 1924 Nunc
1717 1876 1891 1922 autem
1921 1867 1987 1922 ad
2020 1881 2119 1921 nos

538 1963 739 2018 debent
787 1965 1079 2032 pertinere.
1123 1963 1217 2017 Cui
1260 1974 1311 2016 et
1362 1961 1552 2018 iterum
1605 1961 1920 2030 replicabas,
1956 1970 2010 2015 tu
2039 1976 2122 2017 sn-

538 2057 725 2124 perius
774 2055 1094 2125 Lupertiane
1131 2056 1383 2124 episcope
1422 2073 1435 2108 :
1487 2054 1569 2109 Ab
1614 2054 1833 2122 antiquo
1880 2060 2124 2119 tempore

543 2160 716 2214 usque
744 2147 808 2200 ad
841 2149 1115 2200 introitum
1146 2147 1197 2199 in
1222 2146 1370 2200 italia
1396 2145 1886 2214 Langobardorum,
1927 2158 1993 2198 ex
2017 2157 2123 2211 quo

542 2238 743 2294 Christi
776 2237 1084 2307 pradicatio
1106 2240 1315 2294 Tuscia:
1346 2239 1539 2293 finibus
1587 2238 1937 2307 personavit,
1984 2236 2122 2289 Sena

545 2335 855 2403 episcopum
887 2332 1053 2385 abuit.
1089 2330 1149 2385 Et
1183 2342 1301 2400 post
1324 2332 1621 2402 ingressum
1651 2326 2124 2398 Longobardorum

542 2428 597 2479 in
636 2424 784 2478 Italia
831 2437 862 2477 a
912 2430 1154 2493 tempore
1200 2422 1449 2477 Rotltaris
1493 2422 1634 2490 regis
1674 2434 1842 2491 usque
1882 2429 2124 2487 actenus,

546 2530 760 2584 semper
782 2518 1066 2584 cpiscopus
1091 2512 1285 2569 ibidem
1317 2513 1436 2569 fuit.
1478 2511 1587 2567 Sed
1621 2521 1728 2565 tam
1763 2511 2126 2563 Romanorum

547 2617 792 2675 tempore
818 2645 834 2671 ,
880 2618 1145 2672 quamque
1196 2601 1666 2670 Langobardorum
1703 2599 1912 2653 abcndo
1938 2607 1993 2653 et
2023 2613 2129 2651 non

542 2696 760 2750 aliendo
806 2695 945 2751 Sena
990 2694 1300 2762 episcopum
1324 2733 1339 2754 ,
1381 2705 1550 2761 usque
1575 2690 1627 2744 in
1661 2698 1962 2758 presentem
1987 2689 2130 2743 diem

549 2792 693 2858 ipsas
734 2785 1029 2852 ecclesias,
1080 2783 1389 2853 baptisteria
1434 2791 1489 2838 et
1516 2781 1837 2837 monasteria
1868 2794 1989 2837 cum
2020 2780 2132 2835 suis

547 2880 779 2937 oraculis
834 2879 899 2932 ad
944 2892 1043 2933 nos
1088 2885 1483 2946 pervenerunt,
1526 2875 1676 2931 etde
1704 2875 1859 2930 nobis
1899 2875 2131 2929 chrisma

549 2980 903 3042 susceperunt
952 2984 1047 3037 per
1086 2968 1308 3036 singulis
1342 2968 1520 3034 annis,
1572 2974 1629 3022 et
1665 2965 2130 3033 consignationetn

545 3062 601 3116 io
627 3060 823 3132 p0pulo
855 3059 1097 3123 fecimus,
1127 3068 1182 3113 et
1218 3058 1508 3111 secundum
1547 3056 1857 3111 canonicam
1887 3053 2127 3125 regulam

554 3161 754 3214 habere
780 3157 1071 3217 debemus;
1106 3156 1227 3225 quia
1259 3164 1311 3208 et
1340 3151 1616 3223 presbiteri
1648 3149 2126 3220 suprascriptarutn

553 3250 902 3306 ecclesiarum
954 3261 1186 3314 semper,
1236 3253 1346 3299 tam
1377 3244 1467 3312 qui
1509 3242 1859 3307 transierunt,
1890 3254 2047 3310 quam
2077 3248 2131 3294 et

551 3342 639 3409 qui
665 3347 975 3411 supersunt,
992 3336 1348 3391 sacrationem
1372 3348 1399 3388 a
1426 3332 1554 3388 sede
1582 3333 1720 3388 beati
1746 3332 1933 3386 Donati
1955 3344 2133 3398 sump-

549 3438 759 3484 serunt.
805 3429 871 3482 Et
915 3441 1044 3482 ecce
1094 3439 1284 3479 manus
1334 3436 1519 3480 eorum
1565 3425 1822 3493 scriptas,
1853 3422 1941 3477 ubi
1972 3421 2131 3476 fidem

554 3530 609 3573 et
657 3517 1017 3573 obedientiam
1069 3516 1361 3571 secundum
1408 3514 1849 3571 consuetudinem
1896 3514 2133 3569 Aretinra

557 3610 915 3680 promiserunt
962 3609 1237 3664 Ecclesiae.
1299 3608 1430 3664 Nam
1480 3617 1532 3664 et
1573 3608 1639 3662 de
1689 3608 1789 3662 hac
1830 3621 1990 3662 causa
2023 3605 2133 3675 jam

562 3704 759 3758 missus
791 3702 1140 3772 suprascripti
1171 3702 1352 3757 domui
1385 3699 1818 3756 excellentissimi
1850 3699 2011 3768 regis,
2040 3713 2135 3751 no-

559 3799 702 3853 mine
728 3796 1079 3860 Cuntheram,
1104 3797 1368 3862 notarius,
1394 3794 1628 3851 directus
1656 3802 1758 3849 est.
1800 3792 1899 3861 Qui
1929 3804 1980 3847 et
2012 3810 2136 3847 catt-

555 3904 646 3943 sas
689 3904 807 3943 cum
857 3890 1050 3943 merito
1080 3897 1185 3942 tam
1219 3902 1310 3957 per
1342 3888 1487 3956 ipsos
1515 3886 1842 3956 presbiteros
1863 3894 1919 3940 et
1954 3884 2133 3940 diaco-

558 3995 677 4047 nos,
704 3982 825 4048 quia
854 3982 1211 4035 sacrationcm
1239 3995 1267 4034 a
1290 3988 1474 4035 nostra
1501 3979 1737 4035 Ecclesia
1758 3988 2132 4048 susceperunt,

563 4090 658 4128 seu
685 4086 736 4128 et
770 4087 864 4142 per
895 4072 1139 4142 singulos
1163 4071 1431 4126 atimanos
1462 4070 1629 4142 ipsius
1658 4070 1910 4126 Senensis
1941 4069 2138 4124 civita-

557 4166 627 4220 tis
658 4165 969 4235 inquisivit;
1017 4175 1071 4219 et
1110 4164 1186 4218 rei
1235 4164 1515 4219 veritatem
1544 4171 1852 4231 compertus
1884 4175 2052 4231 usque
2084 4161 2137 4214 in

558 4255 845 4311 concilium
894 4256 1269 4326 episcoporum
1302 4254 1551 4319 deduxit;
1587 4253 1636 4308 id
1661 4263 1744 4308 est
1785 4254 1836 4308 in
1870 4253 2136 4323 presentia

559 4348 1019 4402 sanctissimorum
1064 4347 1286 4400 fratrum
1326 4355 1629 4400 nostrorum
1661 4342 1935 4399 Teuduald
1970 4343 2135 4398 Vesu-

2221 1868 2356 1923 dicis
2381 1869 2690 1924 consobrini
2737 1870 2842 1925 mei
2885 1878 3130 1940 tempore
3164 1870 3512 1942 gloriosissimi
3537 1869 3721 1938 Aript‘rli

2229 1963 2372 2028 regis
2400 1961 2589 2016 fuisset
2610 2000 2627 2027 ,
2657 1962 2735 2016 sic
2762 1961 2949 2016 dolose
2977 1961 3176 2017 ibidem
3206 1962 3272 2016 ab
3300 1963 3608 2017 Antecessore
3630 1976 3723 2013 meo

2224 2063 2388 2104 unum
2438 2038 2810 2119 tantummodo
2861 2065 3061 2105 annum
3118 2065 3215 2121 per
3265 2051 3511 2120 aliquanta
3556 2051 3721 2103 oracula

2228 2139 2363 2193 intra
2390 2140 2502 2207 ipsa
2532 2139 2710 2194 Diocia
2739 2140 3020 2195 inortniter
3040 2142 3277 2195 sacratio
3298 2138 3536 2210 pervenit.
3572 2137 3657 2193 Sed
3680 2144 3722 2188 et

2225 2245 2369 2285 anno
2401 2230 2528 2295 isto,
2556 2230 2684 2285 dum
2732 2230 2945 2286 incaute
2987 2227 3044 2285 et
3070 2241 3259 2286 cautra
3302 2229 3535 2299 justitiam
3557 2240 3725 2302 causam

2229 2332 2647 2390 promoverent,
2703 2337 2767 2378 ex
2810 2323 2962 2392 jussu
3012 2322 3172 2377 bona:
3212 2306 3471 2376 memoriae
3508 2319 3726 2388 apostolici

2227 2414 2559 2469 Cons'aotini
2586 2452 2601 2479 ,
2648 2422 2703 2468 ct
2748 2426 2842 2483 per
2886 2428 2973 2469 tne
3013 2425 3164 2467 extra
3196 2411 3427 2467 ordinem
3452 2420 3502 2465 et
3525 2411 3727 2462 rationem

2231 2506 2424 2561 ibidem
2473 2507 2525 2561 in
2573 2506 2899 2573 presbiteros
2929 2506 3064 2561 duos
3091 2515 3152 2561 et
3196 2521 3301 2560 uno
3331 2504 3528 2558 oraculo
3552 2502 3731 2556 sacratio

2232 2595 2368 2651 facta
2399 2604 2500 2652 est.
2546 2595 2693 2650 lianc
2725 2598 2886 2665 igitur
2913 2597 3302 2666 professionem
3328 2604 3492 2649 nostra
3517 2592 3729 2647 excellen-

2234 2689 2300 2742 tia
2331 2702 2431 2743 una
2457 2702 2582 2742 cum
2624 2689 2734 2758 jam
2777 2690 2936 2744 dictis
2977 2690 3372 2744 venerabilibus
3398 2689 3512 2740 viris
3544 2700 3620 2739 seu
3644 2684 3733 2737 illu-

2231 2789 2366 2835 stres
2381 2779 2591 2849 judices
2624 2788 2832 2833 nostros
2863 2780 3144 2835 audientes
3165 2820 3180 2846 ,
3220 2788 3416 2834 rectum
3449 2774 3582 2831 nobis
3603 2772 3731 2842 paruit

2230 2887 2372 2939 esse,
2400 2885 2457 2928 ut
2485 2874 2714 2943 qualiter
2743 2873 3123 2943 suprascripta:
3155 2871 3395 2928 ecclesia:
3430 2880 3481 2925 et
3513 2874 3731 2923 mortaste-

2233 2970 2310 3020 ria
2348 2979 2378 3019 ιι
2410 2968 2569 3037 longo
2593 2976 2833 3036 tempore
2857 2967 2922 3022 ad
2945 2967 3130 3022 sedem
3161 2968 3300 3021 beati
3326 2962 3497 3019 Donati
3525 2960 3733 3030 pertinue-

2232 3066 2378 3125 runt,
2411 3068 2463 3112 et
2490 3060 2540 3112 in
2570 3070 2727 3112 antea
2759 3059 3028 3126 pertinere
3050 3058 3312 3124 debeant,
3340 3064 3393 3112 et
3417 3055 3570 3110 omnis
3600 3064 3735 3105 sacra-

2240 3148 2312 3201 tio
2343 3149 2394 3201 in
2428 3148 2756 3216 presbiteros
2784 3155 2839 3202 et
2876 3150 2927 3202 in
2961 3148 3223 3204 diaconos
3252 3162 3344 3218 per
3378 3144 3607 3216 presulem
3630 3146 3737 3195 Are-

2237 3245 2359 3293 tintc
2393 3238 2646 3293 Ecclesia:
2675 3276 2691 3304 ,
2739 3239 2830 3308 qui
2880 3253 3021 3293 nunc
3065 3248 3195 3307 est,
3243 3248 3336 3293 aut
3365 3234 3535 3303 fuerit,
3561 3233 3676 3288 omni
3699 3232 3737 3281 in

2237 3344 2474 3403 tempore
2502 3336 2554 3388 in
2583 3348 2676 3389 eos
2700 3333 2999 3401 perveniat,
3029 3335 3174 3389 sicut
3199 3343 3253 3389 et
3280 3330 3460 3404 prcfati
3483 3325 3736 3384 sanctissimi

2238 3428 2422 3482 Patres
2444 3425 2612 3482 nostri
2640 3423 2910 3493 Teodald,
2942 3424 3211 3480 Maximus
3232 3467 3248 3491 ,
3278 3425 3544 3494 Speciosus
3575 3424 3620 3474 et
3659 3414 3736 3468 1‘:-

2237 3518 2568 3588 lesperianus
2606 3516 2843 3587 episcopi
2877 3532 2969 3587 per
2999 3530 3153 3571 suum
3177 3516 3461 3587 judicatum
3484 3516 3735 3566 statuerunt.

2242 3612 2307 3667 Et
2334 3612 2477 3666 nulla
2504 3611 2696 3666 amodo
2728 3612 2811 3666 bis
2841 3611 2958 3682 ipse
2999 3611 3309 3666 Adeodatus
3345 3606 3576 3666 Senensis
3602 3604 3738 3659 Ecde-

2239 3706 2319 3761 sie
2349 3706 2631 3775 episcOpus
2654 3746 2669 3772 ,
2700 3704 2783 3760 vel
2809 3714 3153 3759 successores
3206 3705 3322 3774 ejus
3350 3703 3579 3757 adversus
3602 3706 3642 3750 te
3667 3694 3739 3747 Lu-

2242 3800 2542 3871 pertianum
2573 3801 2882 3868 episcopum
2909 3839 2925 3865 ,
2959 3798 3041 3852 vel
3068 3808 3189 3852 tuos
3217 3809 3542 3853 successores
3573 3786 3740 3851 densis

2240 3889 2454 3956 diociis,
2488 3890 2827 3946 monasteriis
2853 3900 2905 3944 et
2932 3889 3166 3944 oraculis
3197 3887 3478 3944 faciendam
3500 3884 3558 3937 ad
3574 3883 3741 3947 loquen-

2242 3982 2369 4036 dum
2401 3981 2617 4046 habere,
2653 3982 2754 4037 nisi
2787 3992 2961 4037 vestra
2998 3983 3047 4036 iu
3080 3982 3210 4051 ipsis
3240 3978 3475 4036 ecclesiis
3501 3984 3741 4031 autoracu-

2244 4070 2329 4140 lis,
2358 4074 2449 4144 qtti
2480 4085 2603 4130 sunt
2627 4117 2642 4141 ,
2676 4084 2765 4129 aut
2794 4075 2847 4129 in
2880 4083 3119 4143 tempore
3151 4074 3380 4138 fuerint,
3422 4074 3611 4126 maneat
3632 4063 3741 4119 ordi-

2245 4170 2409 4233 natio,
2435 4167 2583 4222 nullo
2614 4166 3015 4222 contradicente
3035 4209 3050 4233 ,
3082 4167 3220 4221 sicut
3256 4176 3309 4221 et
3338 4163 3600 4233 antiquitus
3619 4168 3745 4221 usque

2244 4271 2463 4314 actenus
2495 4259 2612 4325 fuit,
2644 4258 2871 4328 qualiter
2902 4256 3017 4327 ipse
3048 4257 3355 4312 Adeodntus
3391 4257 3641 4323 episcopus
3677 4247 3748 4298 Se

2248 4333 2427 4406 nensis
2476 4350 2767 4415 Ecclesia),
2814 4346 3140 4411 Warneirit,
3190 4356 3243 4402 et
3289 4345 3521 4415 Agripcrl.
3553 4336 3749 4396 Castam

562 4440 696 4491 lana:
727 4437 980 4492 Ecclesia:
1005 4478 1019 4503 ,
1053 4429 1280 4491 Maximo
1310 4433 1515 4491 Pisans:
1538 4475 1554 4501 ,
1581 4433 1841 4505 Specioso
1876 4434 2134 4489 Florenti-
2168 4452 2221 4520 ι)
2248 4443 2485 4512 ejusdem
2514 4441 2745 4496 civitatis
2785 4439 2941 4494 nobis
2983 4438 3209 4509 professi
3249 4448 3407 4502 sunt,
3450 4431 3574 4504 quod
3615 4437 3704 4482 rest
3729 4441 3749 4475 a

563 4546 667 4595 me,
701 4540 861 4598 atque
881 4531 1266 4598 Talesperiano
1294 4528 1547 4585 Lucensis
1568 4526 1818 4583 Ecclesiae
1847 4528 2134 4597 episcopo;

564 4622 618 4673 in
650 4634 877 4686 quorum
910 4618 1198 4688 presentia,
1232 4630 1288 4674 ut
1310 4634 1490 4689 supra,
1522 4620 1923 4684 altercat-imus;
1961 4628 2013 4673 et
2038 4617 2137 4687 ipsi

562 4709 823 4762 canonico
858 4708 1046 4763 ordine
1102 4711 1274 4764 relata
1326 4711 1703 4780 inquisitione,
1757 4726 1914 4780 quam
1945 4711 2140 4765 missus

566 4799 768 4854 domini
794 4798 968 4855 nostri
993 4799 1227 4870 fecerat,
1259 4801 1543 4857 terminum
1576 4810 1905 4870 posuerunt,
1934 4809 2134 4856 etcum

563 4900 656 4943 sex
689 4887 1014 4957 presbiteros
1043 4904 1189 4945 meos
1214 4889 1307 4944 tibi
1337 4901 1727 4946 sacramentum
1760 4893 1966 4961 prebui,
1995 4891 2140 4962 quod

564 4982 679 5047 ipsa
711 4979 940 5035 diocesis
962 4982 1206 5036 ecclesiae
1227 4995 1348 5036 cum
1371 4985 1709 5039 monasteriis
1730 4994 1889 5053 atque
1911 4989 2142 5045 oraculis

564 5073 676 5125 suis
716 5085 928 5142 semper
972 5072 1039 5126 ad
1090 5072 1229 5129 beati
1276 5074 1466 5130 Donati
1511 5076 1903 5145 pertenuissent
1935 5082 2140 5148 sedem,

569 5177 667 5216 nec
695 5178 790 5230 per
821 5165 992 5234 legem
1025 5180 1117 5220 eas
1148 5166 1374 5235 perdere
1409 5169 1747 5223 deberemus.

638 5255 787 5311 Tunc
811 5269 988 5313 nostra
1024 5259 1344 5312 excellentia
1387 5274 1489 5315 una
1520 5275 1638 5314 cum
1667 5262 1986 5316 venerandis
2019 5264 2146 5317 viris

568 5347 851 5405 Theodoro
878 5351 1134 5420 episcopo
1165 5353 1326 5405 castri
1354 5351 1544 5417 nostri,
1572 5362 1623 5407 et
1655 5353 1900 5409 Emulino
1929 5355 2142 5423 abbate,

564 5453 723 5511 atque
754 5445 1000 5514 Seiguel,
1054 5446 1247 5499 Albino
1299 5446 1638 5514 presbiteris,
1678 5463 1885 5502 necnon
1916 5448 2147 5505 illustres

563 5534 772 5602 jtldit'cS
805 5534 1133 5602 nostris,qui
1158 5538 1431 5595 nobis-cum
1459 5536 1702 5600 aderant,
1730 5537 1779 5591 id
1800 5545 1882 5592 est
1908 5537 2147 5592 Auduald

566 5628 781 5689 ducem,
830 5624 1120 5691 Guiduald,
1166 5638 1218 5681 et
1261 5627 1591 5697 Cajuduald,
1643 5628 1929 5693 Latnloari,
1958 5627 2147 5697 Aufus,

571 5724 630 5767 et
655 5719 821 5770 Aufrit
852 5719 1137 5786 Stratorcs,
1174 5724 1464 5793 Senonem,
1499 5722 1721 5792 Rolfrit,
1754 5732 1805 5779 cl
1837 5723 2148 5781 Balbertum

2245 4533 2528 4608 mansisset
2556 4546 2773 4601 semper
2805 4532 3089 4601 possessio.
3118 4530 3271 4585 Unde
3298 4541 3347 4584 et
3372 4530 3544 4581 damus
3568 4523 3614 4577 in
3638 4534 3752 4608 matr

2244 4606 2379 4682 datis
2407 4626 2612 4681 cunctis
2650 4624 2917 4693 iudicibus
2946 4633 3002 4678 et
3036 4622 3285 4693 gentibus
3304 4661 3320 4687 ,
3351 4629 3503 4687 atque
3528 4617 3614 4669 suo
3638 4606 3750 4675 regni

2247 4720 2413 4775 nostri
2446 4719 2679 4774 dictione
2709 4714 3096 4788 pertinentibus
3118 4758 3133 4782 ,
3172 4728 3230 4771 ut
3273 4716 3443 4769 nullus
3470 4721 3629 4765 eorum
3655 4716 3752 4756 ωηο

2251 4826 2331 4872 tra
2363 4816 2463 4871 ltoc
2496 4827 2737 4870 nostrum
2768 4814 3127 4884 dejudicatutn
3160 4811 3351 4866 audeat
3390 4810 3463 4863 ire
3497 4799 3754 4873 quaudii‘lmi

2246 4917 2570 4977 praeceptum
2600 4923 2612 4959 :
2644 4906 2741 4960 sed
2774 4907 2993 4967 nostris,
3024 4903 3317 4974 perpetuis,
3352 4910 3406 4955 et
3440 4894 3635 4952 inﬁnitis
3664 4901 3753 4958 pre

2246 5010 2371 5053 scns
2398 5007 2584 5051 noster
2608 4995 2879 5067 judicatus
2905 4995 3115 5049 stabilis
3147 4994 3400 5062 persistat
3428 4980 3725 5053 temporibus.

2316 5085 2397 5142 Ex
2446 5088 2587 5142 dicto
2631 5086 2811 5141 domni
2860 5084 2998 5157 regis
3044 5101 3137 5156 per
3159 5084 3421 5139 Senonem
3450 5079 3673 5133 illustrem
3699 5067 3754 5120 ri-

2250 5195 2369 5234 rum
2398 5179 2588 5247 scripsi
2619 5192 2720 5248 ego
2740 5176 3019 5233 Jobannes
3049 5177 3307 5231 notarius.

2249 5356 2551 5413 Iudicaturo
2582 5355 2781 5412 Ultiam'
2803 5358 2995 5410 notarii
3032 5374 3090 5410 ac
3126 5355 3268 5409 missi
3290 5354 3402 5407 ιιυι
3442 5345 3576 5399 randi
3597 5341 3754 5422 Ιταηθφ

2323 5431 2597 5474 bardnrmn
2623 5432 2774 5474 renis-
2809 5427 3033 5474 Sneh‘osi
3060 5427 3297 5474 ρυίκεοιιί-
3324 5435 3370 5474 ει
3399 5370 3620 5474 a’atper"
3647 5411 3754 5457 dum

2323 5431 2597 5482 bardorum
2623 5432 2774 5497 regis,
2809 5427 3033 5494 Spetr‘osi
3060 5427 3298 5496 cpiswpt',
3324 5435 3370 5497 et
3399 5411 3622 5497 Wa’gef!‘

2323 5497 2567 5553 Lucensis
2590 5542 2603 5565 ,
2645 5484 2700 5551 ἱῆ
2736 5484 3307 5564 εὶπηιιοιτεηὶιιήῃῑιὰιὰ
3346 5496 3473 5547 inter
3500 5484 3757 5565 Ταζὶδρίτῗῖξξ

2325 5586 2445 5621 num
2475 5556 2765 5638 episcopum
2802 5567 3078 5621 Lucensem
3097 5609 3110 5630 ,
3141 5556 3185 5620 ἕι
3212 5566 3491 5619 Jultunnem
3516 5556 3758 5623 ερὶδεορωκ

2323 5639 2690 5693 Pistoriensem
2715 5642 2869 5707 (anno
2902 5639 3052 5706 7H3).
3610 5658 3620 5668 -

2329 5732 2460 5787 Dum
2509 5747 2573 5786 ex
2622 5730 2860 5811 jussionc
2894 5729 3075 5784 domui
3118 5706 3757 5799 praecocllentissimititil-
