3976 6186
297 290 429 348 1561

300 398 468 469 prand
510 396 652 466 regis
697 393 1043 467 coniunxisse
1090 407 1192 464 ego
1239 392 1495 450 Ultianus
1549 393 1789 448 notarius
1833 401 1888 448 et
1915 393 1964 454 Α

303 496 501 547 missus
541 488 725 543 domni
776 486 929 556 regi,
974 485 1039 541 ad
1074 485 1309 542 Baselica
1333 487 1503 542 sancti
1528 486 1675 543 Petri
1706 486 1884 553 locus,

300 585 390 639 ubi
425 581 621 636 dicitur
649 578 843 644 Neure,
877 578 942 632 ad
976 577 1347 645 intentionem,
1378 593 1542 646 quam
1575 577 1886 633 vertebatur

303 679 444 733 inter
472 675 540 730 ab
573 674 599 702 α
630 672 998 743 Talisperiano
1033 672 1319 740 episcopo,
1363 685 1568 725 necnon
1604 679 1658 725 et
1685 669 1887 725 Johan-

300 784 370 824 ne
394 768 447 823 id
486 776 570 824 est
599 765 852 834 episcopo
900 762 1134 830 Pistori,
1172 770 1316 817 esset
1360 761 1764 817 deliverandum
1793 776 1806 812 :
1831 767 1887 814 et

295 861 407 930 iam
442 858 569 913 inibi
597 856 939 926 coniunxisse
986 870 1109 925 ego,
1151 854 1241 924 qui
1271 868 1428 921 supra
1454 894 1468 918 ,
1500 850 1747 907 Ultianus
1784 864 1886 903 una

303 969 426 1010 cum
457 950 703 1023 Spetioso
726 950 1003 1019 episcopo,
1030 957 1087 1001 et
1115 945 1357 1019 Walpert
1382 945 1525 1010 duci,
1558 944 1748 1000 Alabis
1774 942 1881 997 Ga-

300 1044 527 1109 staldio,
565 1052 619 1097 et
646 1041 769 1096 aliis
797 1038 987 1110 singoli
1027 1040 1226 1093 circum
1258 1037 1541 1092 stantibus.
1602 1034 1753 1090 Unde
1785 1048 1883 1088 nos

302 1137 634 1207 inquirentes
678 1145 774 1203 per
808 1131 1075 1186 Vitaliann
1100 1129 1421 1199 prcsbitero,
1464 1143 1503 1189 a
1536 1126 1688 1197 cujus
1732 1127 1885 1197 ipsas

302 1228 535 1285 diocesis
566 1242 594 1283 a
625 1237 865 1295 tempore
903 1223 1262 1278 Romanorum
1305 1232 1359 1278 et
1398 1220 1882 1292 Langobardorum

305 1320 557 1383 fuissem,
602 1315 691 1387 qui
742 1314 893 1369 nobis
934 1314 1207 1383 professus
1244 1321 1357 1376 est,
1392 1311 1534 1381 quod
1565 1310 1707 1381 ipsas
1746 1309 1886 1364 Ado-

302 1411 418 1464 cias
440 1423 652 1475 semper
680 1406 745 1461 ad
779 1414 926 1475 parte
971 1402 1210 1458 Lucense
1254 1401 1525 1465 fuessent,
1577 1409 1631 1456 et
1653 1400 1881 1471 qualiter

309 1501 404 1555 Dei
442 1514 537 1568 per
577 1496 927 1567 Euangelium
969 1493 1223 1549 firmavit.
1268 1492 1459 1547 Postea
1496 1507 1624 1547 vero
1653 1491 1798 1546 dicto
1829 1500 1887 1547 et

304 1588 703 1661 suprascriptus
733 1588 1011 1643 lobaunes
1034 1587 1316 1657 episcopus
1342 1595 1396 1642 et
1425 1584 1650 1640 Ausollo
1678 1583 1888 1656 presbi-

305 1692 389 1738 ter
421 1681 588 1749 ipsius
616 1677 845 1736 lohanni
870 1717 887 1743 ,
937 1677 1111 1748 quoda
1147 1677 1384 1749 Eglesias
1431 1676 1602 1732 sancti
1647 1674 1881 1742 Andrea,

306 1773 395 1827 ubi
427 1740 507 1827 est
531 1769 917 1839 baptesimum,
953 1740 1061 1823 una
1101 1740 1223 1824 cum
1258 1768 1457 1836 eglesia
1482 1768 1657 1821 sancti
1693 1740 1884 1821 llieru;
1916 1740 1967 1803 Β

302 1865 475 1918 salem
527 1872 707 1915 nosua
748 1858 1053 1914 devenisse.
1122 1857 1203 1913 Ad
1248 1858 1347 1912 hec
1380 1854 1740 1926 reSpondebat
1776 1855 1885 1925 iam

304 1950 484 2007 dictus
535 1949 830 2005 Vitalianus
881 1948 1183 2017 presbiter:
1232 1946 1346 2000 Non
1383 1954 1466 2001 est
1504 1956 1745 2013 veretas,
1788 1944 1887 1999 nisi

305 2044 433 2096 dum
469 2042 698 2094 menime
731 2049 910 2108 potera
942 2052 1264 2093 concurrere
1302 2036 1367 2091 ad
1416 2043 1588 2090 tantas
1634 2035 1889 2105 eglesiam

304 2136 633 2204 baptismum
659 2132 852 2187 facere.
895 2131 986 2188 Sic
1030 2132 1176 2201 ipsas
1218 2130 1448 2202 eglesias
1478 2128 1649 2185 sancti
1676 2130 1890 2185 Andree

302 2241 427 2282 Cum
460 2223 772 2295 baptisteria
802 2237 924 2289 suo,
974 2233 1028 2278 et
1072 2222 1239 2277 sancti
1270 2221 1599 2276 Hierusalem
1633 2220 1724 2275 tibi
1770 2235 1891 2290 pre-

306 2327 605 2383 sentamus,
629 2326 685 2369 ut
709 2315 834 2370 inivi
858 2314 1018 2369 missa
1043 2322 1097 2369 et
1120 2314 1439 2383 baptismum
1458 2313 1634 2368 facere
1656 2311 1889 2377 deveris,

309 2407 441 2461 dum
474 2420 640 2476 usque
665 2405 818 2460 nobis
846 2401 1092 2474 placitum
1120 2403 1305 2470 fuerit,
1351 2418 1450 2458 nec
1476 2418 1568 2473 per
1596 2402 1712 2472 lege
1740 2400 1891 2470 ipsas

309 2501 569 2580 aeglcsias
617 2498 769 2554 vobis
823 2496 1093 2553 dimittere
1140 2497 1330 2553 deveo.
1394 2496 1545 2553 Unde
1594 2510 1694 2550 nos
1728 2508 1890 2563 supra

304 2591 492 2659 scripti
536 2590 745 2660 iudices
778 2590 1118 2660 degrevimus
1142 2629 1159 2656 ,
1203 2598 1261 2644 ut
1305 2588 1564 2660 presbiter
1598 2588 1893 2645 Vitalianus

303 2682 487 2737 dicere
510 2682 743 2751 iuratus,
771 2681 914 2753 quod
963 2682 1107 2751 ipsas
1160 2681 1422 2751 aeglesias
1468 2681 1638 2739 sancti
1679 2681 1892 2735 Andree

302 2787 432 2829 cum
464 2773 775 2842 baptisteria
806 2788 905 2827 suo
927 2782 981 2827 et
1001 2775 1171 2833 sancti
1204 2772 1556 2837 Hierusalem,
1582 2786 1612 2825 a
1648 2780 1892 2839 tempore

309 2865 673 2919 Romanorum
706 2878 873 2933 usque
898 2872 951 2917 et
978 2863 1136 2918 modo
1172 2878 1388 2933 semper
1428 2862 1528 2917 sub
1552 2862 1673 2931 iura
1704 2862 1886 2932 aegle-

304 2954 395 3012 sle
423 2955 591 3011 sancti
624 2954 767 3011 Petri
816 2956 1061 3022 fuerunt,
1110 2968 1209 3010 nec
1239 2970 1334 3023 per
1362 2954 1479 3024 lege
1511 2966 1603 3008 cas
1629 2952 1779 3007 vobis
1808 2950 1889 3006 di-

306 3049 529 3107 mittere
554 3048 744 3105 deveo.
785 3048 1013 3115 Quidem
1059 3058 1113 3103 et
1156 3047 1270 3117 ipse
1312 3056 1678 3117 sagramentas
1710 3044 1761 3099 iu
1788 3058 1886 3099 no-

305 3144 443 3199 stris
471 3143 738 3213 presentia
786 3142 1047 3197 deductus
1075 3150 1189 3205 est,
1232 3149 1289 3195 ut
1334 3139 1386 3197 iu
1412 3138 1599 3194 eadem
1630 3137 1896 3197 delivera-

306 3237 516 3297 tionem
584 3234 816 3291 deveant
885 3248 1225 3304 permanere.
1303 3230 1459 3288 Unde
1516 3230 1653 3285 hanc
1707 3227 1895 3281 notitia

300 3327 550 3399 iudegati
581 3324 923 3398 Ebregausus
952 3324 1192 3381 notarius
1215 3326 1322 3396 regi
1357 3363 1373 3378 .
1404 3364 1418 3379 .
1451 3360 1468 3376 .
1502 3364 1515 3375 .
1552 3361 1565 3375 .
1602 3360 1616 3375 .
1646 3324 1891 3376 scrivere
1940 3342 1943 3343 ν

301 3433 766 3477 conmortuemus.
874 3478 875 3481 η

386 3506 546 3565 Facta
580 3508 772 3579 notitia
798 3506 1062 3581 iudegati,
1091 3492 1278 3562 mense
1310 3503 1608 3569 Februarii,
1641 3510 1898 3572 regnante

299 3602 517 3667 domno
541 3600 833 3671 Liutprand
886 3601 993 3669 regi
1040 3613 1181 3653 anno
1221 3609 1433 3667 quarto,
1462 3595 1753 3649 indictione
1782 3607 1897 3649 xuii

303 3691 561 3749 feliciter.
586 3689 863 3766 (Iudicum
889 3689 1286 3761 subscriptiones
1311 3687 1713 3755 desiderantur.)

1051 3804 1144 3863 IX.

303 3920 709 3991 Teuthpaldus,
762 3918 1066 3973 Dommulus
1113 3919 1318 3991 aliique
1352 3918 1427 3988 pii
1464 3919 1608 3991 cives
1646 3918 1897 3973 Luceriae:

382 3989 588 4044 sacram
645 3992 807 4045 wdcm
862 3991 954 4043 sub
1012 3989 1180 4043 sancti
1237 3989 1474 4043 Silvestri
1529 3991 1734 4043 nomine
1790 4005 1898 4042 una

384 4079 502 4114 cum
548 4060 866 4116 xenodocltio
912 4061 966 4113 in
1006 4062 1127 4115 urbe
1168 4057 1385 4114 Lucensi
1412 4060 1672 4128 aediﬁcant
1714 4059 1899 4129 (circa

382 4148 577 4189 annum
607 4131 711 4186 718
734 4132 776 4201 ).

386 4243 443 4298 In
463 4243 677 4298 nomine
700 4241 911 4297 Domini
938 4240 1029 4298 Dei
1058 4242 1227 4296 nostri
1256 4240 1379 4296 Jesu
1406 4240 1624 4298 Christi.
1652 4242 1899 4313 Congrue

308 4337 478 4394 nobis
505 4334 765 4389 auxilium
797 4342 912 4400 est,
954 4331 1082 4387 dum
1130 4334 1215 4387 bic
1256 4335 1657 4403 peregrinantur
1696 4332 1897 4388 carnali

301 4426 557 4482 officium
602 4425 873 4497 gerimus,
918 4422 1252 4480 tesaurizare
1292 4423 1448 4478 nobis
1490 4437 1653 4495 super
1697 4433 1891 4477 terram

298 4520 467 4579 utilia
498 4528 660 4584 sunt,
693 4527 752 4573 ut
779 4531 907 4572 caro
938 4524 1122 4573 nostra
1149 4515 1388 4572 mortalis
1410 4557 1424 4584 ,
1453 4516 1628 4571 anima
1671 4515 1895 4571 immor—

293 4614 464 4672 talis.
492 4612 647 4668 Unde
675 4625 774 4667 nos
800 4609 1101 4680 Teutbpald
1141 4624 1265 4665 cum
1307 4608 1579 4680 germanis
1618 4624 1805 4678 meus,
1843 4619 1898 4666 et

290 4707 655 4767 Dominulum
677 4749 690 4774 ,
724 4704 955 4760 Leonaci
987 4718 1106 4759 cum
1136 4718 1390 4774 germano
1416 4718 1555 4769 meo,
1585 4719 1680 4759 sco
1709 4714 1763 4759 et
1789 4706 1899 4760 Au-

292 4799 479 4872 pnld,
509 4795 765 4862 Wilifrit,
808 4794 1143 4862 Maurinom,
1187 4794 1509 4861 Teuderaci,
1554 4794 1894 4863 Nandulum,

286 4892 698 4952 Cerninianum
726 4891 966 4947 cliricum
986 4934 1002 4958 ,
1028 4891 1406 4959 Gudiscalum,
1438 4900 1772 4946 recorreutes
1800 4904 1897 4946 nos

282 4987 499 5046 omnis
524 4985 589 5041 ad
613 4986 734 5041 aula
762 4984 1135 5042 misericordia
1163 4998 1292 5054 pro.
1312 5024 1327 5038 .
1345 5023 1360 5039 .
1380 5022 1397 5039 .
1416 5023 1431 5040 .
1451 5023 1469 5041 .
1492 4984 1710 5053 nostris,
1735 4998 1896 5053 quam

282 5084 365 5136 in
406 5076 506 5131 hoc
534 5078 717 5133 seculo
741 5077 1007 5147 gessimus
1027 5075 1200 5144 adque
1220 5076 1472 5148 gerimus,
1505 5090 1599 5143 pro
1623 5075 1896 5131 bamorem

282 5168 453 5234 Dei,
506 5178 560 5225 et
604 5169 942 5226 redemtione
988 5169 1167 5225 anime
1208 5177 1422 5236 nostre,
1469 5167 1785 5224 becclesiam
1832 5167 1898 5223 ba

389 5312 423 5341 ‘
462 5304 863 5374 Talisperianus
908 5302 1614 5374 episcopatumLucensem
1646 5312 1895 5373 regeoat;

274 5373 631 5448 spetiosus,
663 5376 814 5446 cuius
842 5373 1456 5448 nometl_Floreutiuius_,
1477 5383 1548 5448 _et
1575 5373 1801 5448 Cosmus
1832 5374 1900 5429 de

273 5444 499 5511 A'rens
542 5444 953 5507 deformarunt,
1007 5444 1331 5500 Florentinis
1386 5444 1589 5499 civitati
1650 5452 1895 5509 praeerat.

279 5520 425 5579 llic
447 5528 621 5572 autem
673 5518 822 5572 vides
868 5516 1105 5572 habitum
1160 5513 1328 5569 fuisse
1371 5514 1639 5583 judicium,
1663 5512 1791 5566 illud
1832 5529 1900 5569 ex

270 5591 569 5667 Iussique
600 5586 908 5667 Lintpraudi
935 5588 1103 5667 regis,
1134 5585 1290 5665 eique
1318 5585 1595 5653 praefuisse
1625 5582 1898 5667 Quianam

278 5654 592 5720 hotarium
622 5672 684 5712 ac
715 5654 936 5711 missum
973 5657 1149 5726 ipsius
1166 5656 1332 5726 regis,
1366 5670 1616 5726 uuacum
1638 5654 1900 5726 Specinso

278 5671 592 5720 ,ιυιετιιιηι
622 5672 684 5712 ac
715 5672 936 5711 missum
973 5671 1139 5726 ipsius
1168 5671 1193 5707 r
1268 5671 1332 5721 IS,
1366 5671 1469 5709 una
1496 5671 1616 5709 cum
1639 5671 1897 5723 apecmso

273 5728 642 5793 florentino
693 5729 979 5797 episcopo,
1029 5735 1084 5783 ct
1135 5671 1411 5796 Wfﬁperto
1465 5725 1600 5783 duce
1654 5724 1897 5783 Luccnsi.

1365 284 1754 342 DlPLOMATA
1804 281 2089 341 ECCLES.
2132 281 2464 345 SELECTA.

3435 295 3459 349 1
3468 294 3581 351 56⁵ὶή

1995 388 2386 463 fundamentis,
2430 393 2681 463 fabricis,
2730 385 3047 467 vestibolis,
3085 401 3475 460 constituemus
3514 403 3569 461 in

1990 482 2247 541 bonorem
2300 487 2590 542 beatissimi
2655 486 2750 544 Dei
2801 489 3128 547 confessoris
3172 494 3342 550 sancti
3388 495 3567 551 Silve-

1989 575 2086 630 stri
2107 616 2120 639 ,
2141 615 2157 631 .
2176 615 2189 629 .
2212 612 2229 628 .
2254 615 2270 631 .
2290 615 2305 630 .
2334 615 2350 632 .
2376 577 2428 631 in
2462 586 2611 646 porta
2647 579 2785 634 beati
2815 578 2998 635 Sancti
3030 582 3208 649 Petri,
3241 583 3329 639 ubi
3363 599 3458 641 uos
3483 585 3569 643 vel

1988 666 2032 722 si
2064 666 2263 739 indigni
2307 668 2680 725 sinedocliium
2723 668 2900 726 facere
2931 673 3026 727 visi
3069 687 3251 728 sumus
3295 673 3350 729 in
3391 684 3563 741 terra,

1987 763 2075 830 qui
2129 762 2276 815 uov?s
2323 762 2399 816 ex’
2443 772 2629 821 nostra
2682 746 3000 833 portionem.
3028 779 3056 818 a
3109 766 3407 823 Teodorsci
3456 768 3567 824 lilio

1988 856 2255 924 quondam
2290 855 2505 910 Leotari
2537 856 2754 912 advinet
2777 900 2791 924 ,
2822 858 2875 911 in
2921 873 3023 928 qua
3066 858 3410 915 fundamento
3450 874 3572 929 pre-

1990 946 2095 1000 fata
2122 946 2345 1001 ecclesia
2379 947 2481 1001 sita
2516 956 2630 1016 est,
2678 946 2878 1003 idcirco
2916 949 3178 1005 donamus
3208 986 3223 1003 .
3250 985 3266 1003 .
3292 987 3308 1003 .
3339 989 3353 1004 .
3380 989 3393 1003 .
3425 989 3439 1004 .
3481 966 3571 1007 ec-

1988 1036 2153 1090 clesie
2198 1035 2336 1091 beati
2384 1036 2555 1091 sancti
2603 1035 2847 1092 Silvestri
2901 1038 3249 1095 fundamento
3296 1039 3413 1110 ipso
3464 1055 3569 1095 una

1988 1143 2108 1183 cum
2139 1143 2260 1183 casa
2291 1144 2395 1198 que
2422 1130 2715 1185 sinedocbo
2746 1131 3132 1186 constituemus
3156 1148 3281 1187 cum
3308 1143 3457 1190 corte
3483 1133 3571 1190 vel

1988 1228 2107 1274 orto
2135 1234 2229 1274 seo
2257 1235 2469 1275 omnem
2504 1220 2815 1277 inttinsicus
2839 1264 2854 1288 ,
2888 1220 2982 1276 sed
3012 1232 3065 1277 et
3094 1223 3316 1290 balneo,
3349 1225 3440 1294 qui
3472 1238 3569 1280 no-

1993 1309 2073 1364 vis
2116 1310 2314 1366 vicarie
2354 1321 2407 1366 et
2449 1326 2512 1365 ex
2556 1316 3013 1382 comparationem
3041 1312 3260 1371 advinet
3298 1328 3328 1369 a
3369 1313 3572 1371 domno

1989 1400 2274 1455 venerabili
2306 1400 2677 1469 Talisperiauo
2702 1440 2718 1457 .
2747 1442 2759 1457 .
2790 1443 2805 1458 .
2834 1444 2847 1458 .
2878 1442 2892 1457 .
2922 1444 2936 1457 .
2967 1419 3065 1460 nus
3091 1420 3196 1460 una
3223 1420 3345 1461 cum
3378 1404 3571 1463 funda-

1989 1503 2265 1558 mentum,
2315 1492 2403 1547 ubi
2448 1493 2560 1562 ipse
2608 1493 2856 1549 balneum
2902 1494 3038 1549 situs
3067 1503 3188 1561 est,
3221 1510 3489 1566 quamque
3517 1506 3573 1552 et

1994 1600 2088 1654 per
2120 1600 2390 1655 unumque
2422 1595 2668 1641 nostrum
2715 1596 2854 1642 terra
2899 1602 3064 1658 prope
3106 1588 3322 1644 civitate
3362 1604 3391 1643 a
3431 1589 3576 1645 desi-

1991 1686 2154 1747 gnato
2194 1678 2444 1744 nomine,
2488 1675 2624 1731 idest
2666 1691 2768 1748 ego
2811 1676 3075 1747 Teutlipal
3117 1693 3237 1734 cum
3284 1692 3573 1749 germanus

1992 1780 2145 1821 meus
2174 1766 2392 1821 otl'errui
2424 1765 2547 1820 inivi
2577 1774 2715 1822 terra
2746 1768 3045 1823 modiorum
3066 1807 3080 1823 .
3102 1807 3115 1823 .
3146 1809 3160 1825 .
3188 1809 3202 1823 .
3233 1810 3247 1824 .
3275 1810 3291 1824 .
3318 1770 3574 1825 Dommu-

1994 1854 2102 1909 lum
2158 1865 2302 1909 terra
2356 1855 2657 1910 modiorum
2710 1856 2806 1912 tris
2848 1857 2902 1912 in
2944 1857 3161 1913 Placule
3203 1859 3338 1915 inter
3380 1857 3574 1915 adfinis

1994 1954 2136 2001 terra
2165 1946 2295 2001 Duci
2324 1965 2337 2015 ;
2371 1947 2422 2001 in
2453 1946 2682 2003 Leouaci
2714 1962 2833 2003 cum
2864 1963 3118 2020 germano
3146 1963 3245 2003 suo
3286 1959 3427 2005 terra
3457 1965 3573 2006 mo-

1994 2035 2205 2092 diorum
2240 2047 2470 2109 quatuor
2499 2054 2664 2107 super
2690 2054 2811 2095 casa
2845 2040 3144 2096 Borunciuli
3177 2040 3231 2095 in
3262 2039 3529 2097 Macritula
3552 2085 3569 2111 ,

1996 2135 2053 2182 et
2097 2127 2229 2182 duas
2278 2130 2488 2184 modios
2535 2139 2673 2185 terra
2704 2129 2975 2186 Maurinus
3004 2129 3057 2185 in
3089 2131 3316 2202 Albingo
3342 2168 3357 2186 .
3381 2170 3400 2187 .
3427 2172 3442 2188 .
3470 2171 3484 2186 .
3511 2173 3527 2187 .
3556 2172 3573 2186 .

1996 2219 2241 2281 Aunuald
2276 2229 2416 2275 terra
2446 2220 2742 2277 modiorum
2786 2222 2881 2277 tris
2923 2221 2976 2277 in
3021 2222 3142 2279 loco
3165 2223 3252 2279 ubi
3277 2223 3575 2294 Teuthpald

1996 2312 2155 2368 dedet
2203 2329 2365 2383 super
2408 2315 2601 2370 silice:
2649 2313 2885 2370 Wilifrid
2937 2325 3076 2372 terra
3125 2318 3428 2373 modiorum
3478 2318 3577 2372 tris

1997 2421 2161 2475 prope
2191 2420 2311 2461 casa
2348 2405 2567 2461 Waltari
2597 2422 2612 2473 ;
2645 2406 2894 2462 Nandulo
2938 2415 3079 2463 terra
3126 2408 3425 2463 modiorum
3465 2409 3574 2465 duo

1996 2496 2132 2557 infra
2178 2496 2393 2565 Lituro,
2425 2506 2480 2551 et
2524 2497 2683 2553 tertio
2726 2498 2869 2553 modi
2901 2497 3077 2554 locum
3119 2510 3240 2555 ante
3284 2515 3407 2555 casa
3448 2500 3579 2556 Buc-

1994 2587 2162 2643 ciuli:
2219 2586 2565 2643 Geminianus
2614 2597 2756 2644 terra
2804 2598 2859 2646 et
2904 2590 3059 2646 vinea
3107 2591 3322 2648 Oilei-uit
3374 2594 3579 2648 solidos

1996 2678 2354 2749 quadragenta
2384 2696 2399 2745 ;
2431 2679 2729 2736 Teudoraci
2760 2697 2855 2751 pro
2890 2692 3030 2739 terra
3074 2693 3127 2738 et
3173 2685 3329 2740 vinea
3378 2683 3578 2740 solidos

1994 2773 2386 2845 quadragenta,
2419 2786 2476 2829 ut
2504 2774 2697 2831 exinde
2731 2784 2872 2831 terra
2904 2785 2959 2832 et
2986 2777 3140 2832 vinea
3169 2790 3271 2832 con
3295 2816 3311 2832 .
3340 2813 3359 2831 .
3386 2815 3401 2831 .
3427 2813 3446 2832 .
3472 2816 3489 2833 .
3510 2814 3529 2834 .
3561 2795 3584 2844 ;

1994 2865 2309 2925 Gudiscalco
2332 2876 2470 2921 terra
2486 2865 2786 2922 modiorum
2811 2865 2937 2931 duo,
2962 2865 3057 2923 tris
3080 2867 3387 2931 scalilorum
3411 2883 3579 2939 prope

1996 2966 2191 3012 terram
2224 2956 2407 3012 Trioni
2435 2965 2488 3011 et
2519 2956 2760 3012 scalilum
2787 2972 2954 3028 prope
2978 2957 3173 3012 terrula
3191 2953 3446 3013 Lictuald
3474 2974 3488 3024 ;
3522 2968 3578 3012 et

1998 3062 2096 3118 pro
2137 3048 2288 3102 vinea
2332 3062 2426 3117 per
2465 3061 2894 3117 unumquemque
2925 3056 3164 3102 nostrum
3199 3047 3446 3102 dedimus
3488 3062 3580 3102 so-

2002 3140 2137 3194 lidos
2167 3139 2350 3193 decem
2372 3178 2390 3206 ,
2417 3146 2646 3206 excepto
2678 3138 2982 3204 Maurinus,
3018 3140 3105 3208 qui
3151 3138 3298 3194 dedit
3324 3138 3431 3192 duo
3462 3152 3575 3192 mo-

2000 3230 2087 3289 dia
2118 3229 2269 3284 vinea
2304 3228 2355 3285 in
2388 3228 2719 3297 Savelliano,
2761 3239 2816 3285 et
2859 3226 3214 3285 Geminianus
3265 3238 3321 3286 et
3368 3229 3581 3286 Teudo-

2002 3319 2150 3389 raci,
2198 3319 2291 3391 qui
2335 3320 2586 3378 dedirunt
2628 3320 2901 3391 predictos
2945 3320 3147 3377 solidos
3188 3336 3284 3391 pro
3326 3321 3479 3374 vinea
3523 3329 3581 3373 et

2002 3422 2145 3467 terra
2173 3420 2226 3467 et
2255 3416 2569 3483 octuagenta
2602 3411 2808 3466 solidos
2841 3412 2895 3465 in
2936 3426 3067 3466 auro
3100 3426 3194 3480 pro
3233 3410 3374 3465 dotis
3405 3410 3574 3480 titulq.

2001 3506 2068 3563 Et
2099 3506 2168 3561 ita
2202 3502 2655 3563 addidetanimus
2687 3514 2903 3560 nostros
2923 3546 2938 3571 ,
2970 3515 3033 3560 ut
3070 3506 3134 3560 ad
3174 3505 3575 3574 gubernandum

2002 3599 2053 3655 in
2105 3609 2424 3670 potestatem
2475 3599 2715 3654 custodis
2766 3598 2910 3653 illius
2958 3596 3205 3653 Gundoni
3259 3598 3577 3668 presbiteri,

2000 3707 2159 3767 quem
2191 3692 2319 3747 inivi
2352 3708 2474 3747 cum
2506 3707 2733 3749 comune
2762 3692 2988 3748 consilio
3034 3692 3382 3762 presbiterum
3429 3692 3580 3746 ordi—

2003 3784 2255 3840 navimus
2278 3825 2295 3850 ,
2329 3783 2628 3839 inveniatur
2657 3798 2777 3839 esse
2821 3783 3134 3853 peregrinus
3176 3781 3588 3850 recipiendum,

2001 3874 2280 3945 pauperis,
2311 3873 2492 3941 vidua,
2520 3883 2573 3928 et
2596 3870 2799 3927 orfanis
2824 3870 3204 3926 consolandum
3224 3910 3238 3937 ,
3269 3870 3578 3924 mandatum

1999 3967 2151 4038 iuxta
2184 3964 2372 4035 regule
2401 3965 2592 4020 ordine
2624 3964 2919 4020 faciendum
2944 4003 2958 4027 ,
2988 3973 3043 4017 et
3071 3976 3166 4030 pro
3206 3962 3403 4015 nostris
3444 3960 3578 4014 faci-

2002 4059 2223 4117 noribus
2251 4057 2540 4113 Dominum
2573 4056 3002 4127 deprecandum,
3036 4054 3087 4107 in
3117 4053 3365 4107 omnibus
3394 4061 3448 4107 et
3487 4066 3581 4121 per

2001 4152 2180 4206 omnia
2210 4165 2367 4219 opem
2402 4149 2589 4217 uiusce
2620 4145 2857 4203 sinedoci
2882 4190 2896 4213 ,
2940 4145 3235 4200 secundum
3280 4145 3578 4213 priscorum

2003 4242 2220 4298 Patrum
2251 4238 2594 4294 traditionem
2622 4239 2772 4307 juxta
2803 4234 2925 4306 nius
2954 4234 3219 4289 sentcmie
3252 4234 3302 4287 in
3332 4231 3582 4287 omnibus

2002 4332 2295 4399 adimplere
2324 4326 2551 4383 divcas?
2582 4326 2647 4381 Et
2680 4328 2781 4380 hoc
2808 4325 3084 4393 addimus,
3114 4334 3170 4378 ut
3193 4323 3237 4378 si
3268 4323 3381 4393 ipse
3410 4323 3580 4377 abbas

2006 4432 2189 4477 custus
2218 4420 2287 4476 de
2316 4418 2414 4474 hac
2448 4419 2565 4473 luce
2592 4426 2805 4486 ereptus
2837 4425 2952 4481 est,
2984 4430 3143 4485 quem
3188 4416 3313 4469 inivi
3346 4414 3582 4483 priorem

2002 4520 2056 4567 et
2084 4510 2498 4582 gubernatorem
2531 4508 2635 4563 due
2667 4514 2846 4575 partes
2873 4521 2938 4561 ex
2970 4504 3119 4561 novis
3153 4521 3253 4559 una
3283 4519 3406 4560 cum
3457 4522 3584 4560 mo-

2002 4602 2123 4660 naci
2168 4602 2269 4672 ipsi
2310 4600 2569 4671 eligerent
2589 4639 2605 4665 ,
2636 4597 2791 4654 tertia
2821 4611 2947 4668 pars
2975 4612 3041 4652 ex
3073 4594 3269 4650 nostris
3297 4596 3581 4651 inivi......

2006 4696 2179 4767 ipsum
2209 4692 2456 4748 abbatem
2500 4689 2855 4745 ordinandum
2890 4689 3183 4758 predictum
3216 4687 3449 4743 officium
3490 4686 3597 4740 Dei

2004 4786 2390 4859 peragendum.
2416 4783 2547 4839 Nam
2576 4782 2708 4837 nulli
2740 4791 3047 4837 nostrorum
3071 4782 3407 4837 offerentium
3437 4780 3584 4843 exin—

2002 4879 2072 4936 de
2096 4879 2149 4934 in
2176 4877 2353 4948 aliquo
2377 4876 2740 4946 subtragator,
2765 4883 2856 4928 aut
2885 4873 2952 4928 lia
2985 4874 3136 4927 novis
3170 4874 3458 4933 minuetur,
3487 4883 3584 4923 nec

2002 4970 2106 5028 ulla
2133 4970 2260 5024 inivi
2288 4976 2607 5040 potestatem
2636 4980 2888 5022 aveamus
2915 4981 3085 5035 neque
3112 4964 3163 5018 in
3192 4963 3305 5032 ipso
3334 4962 3581 5015 balneum

2003 5062 2331 5117 invasiouetn
2365 5058 2667 5115 faciendam
2691 5100 2707 5125 ,
2741 5074 2840 5113 nec
2868 5057 2921 5112 in
2956 5056 3097 5110 nulla
3129 5070 3214 5108 res
3236 5094 3251 5118 ,
3277 5064 3410 5121 quas
3454 5049 3597 5104 inivi:

2003 5159 2072 5217 ha
2105 5157 2258 5215 novis
2288 5155 2536 5213 oﬂ'ertum
2568 5164 2673 5223 est,
2706 5153 2809 5209 nisi
2855 5152 2906 5206 in
2941 5150 3208 5215 omnibus,
3244 5154 3302 5200 ut
3345 5144 3582 5216 predixi-

2001 5294 2215 5353 Nemini
2262 5291 2599 5347 eruditorum
2643 5288 2883 5358 ignotum
2932 5293 3031 5358 est,
3055 5299 3173 5353 qum
3196 5283 3496 5358 simultates
3521 5298 3585 5337 ac

2006 5368 2145 5423 bella
2186 5363 2490 5419 diutissime
2531 5356 2793 5429 vigueriut
2835 5358 2971 5410 inter
3015 5356 3397 5429 Langobardos
3425 5364 3604 5422 atque

2006 5439 2302 5498 Romanus,
2324 5433 2449 5485 dum
2476 5426 2647 5485 ϐττιῗοί
2678 5431 3029 5496 imperatores
3061 5426 3247 5498 [totum
3272 5467 3286 5491 ,
3314 5438 3584 5498 Itunquam

2004 5522 2035 5563 a
2069 5493 2434 5574 Langobardis
2464 5501 2732 5574 subacte,
2755 5493 3137 5574 imperaritnt._
3164 5496 3450 5574 Propterea
3474 5493 3587 5573 opi-

2006 5580 2122 5633 nari
2153 5566 2488 5630 licetmultos
2510 5571 2691 5624 obices
2721 5569 2771 5621 in
2799 5566 3207 5637 Laugnbardico
3231 5579 3397 5633 regno
3423 5566 3591 5637 fuisse

2008 5648 2212 5716 positos
2243 5642 2489 5716 legitima:
2515 5639 2889 5716 _lt_omannru_m
2924 5636 3256 5716 pontificum.
3290 5644 3344 5691 et
3372 5636 3587 5706 episco-

2006 5707 2195 5790 porum
2225 5707 2529 5771 auctoritati
2561 5710 2612 5766 iu
2643 5710 3033 5768 ecclesiasticis
3063 5707 3309 5781 negotiis.
