4056 6178
456 439 598 501 1583

458 569 609 619 mus,
649 550 701 605 in
731 549 1044 616 potestatem
1075 533 1245 594 sancti
1295 526 1542 589 Silvestri

460 661 524 705 se
540 689 556 711 ,
586 653 641 700 et
664 642 865 707 absque
888 646 1100 691 omnem
1119 670 1133 684 .
1160 666 1177 684 .
1197 665 1212 681 .
1234 666 1249 680 .
1270 664 1289 682 .
1307 635 1327 679 .'
1344 629 1527 678 contra
1555 618 1722 685 ipsam
1750 606 2029 666 ecclesiam

462 749 619 806 agere
658 730 889 788 voluerit
930 725 1066 778 hanc
1116 720 1199 775 vis
1246 721 1548 772 removator
1592 702 1785 762 exinde
1833 698 2033 752 violen-

464 788 591 879 tiam
610 863 627 889 ,
657 828 711 876 et
738 814 1029 874 defensitor
1058 823 1163 864 non
1191 800 1496 875 querentis,
1527 794 1669 866 quod
1707 792 1763 845 in
1793 788 1975 856 aliquo
2003 797 2035 838 a

467 927 568 968 nos
597 915 905 981 perteneat,
936 909 1119 955 contra
1160 873 1319 965 quam
1363 886 1544 943 dotalii
1586 897 1680 938 seu
1725 873 2031 933 monusculi

469 1013 649 1057 uostre
675 997 913 1060 cortule,
944 1006 1103 1063 quam
1138 1002 1235 1043 nos
1265 994 1318 1040 et
1346 980 1522 1037 credis
1553 972 1751 1031 nostris
1776 970 2035 1023 adversus

470 1096 639 1164 ipsam
690 1056 930 1144 sanctam
963 1056 1074 1137 IDei
1122 1074 1453 1134 Ecclesiam,
1482 1068 1564 1122 vel
1612 1062 1752 1133 quod
1795 1057 1922 1114 inihi
1972 1056 2041 1109 ha

471 1182 622 1238 novis
649 1179 895 1236 offertum
941 1182 1059 1237 est,
1090 1164 1373 1236 aliquando
1412 1156 1722 1230 spondimus
1759 1164 1882 1206 esse
1911 1162 2041 1201 ven-

475 1274 580 1327 turi
610 1278 732 1342 post
763 1270 896 1323 facta
936 1264 1049 1318 viro
1088 1258 1231 1315 dotis
1262 1251 1465 1310 carlula
1496 1248 1586 1303 Dei
1617 1239 2039 1312 compulsatione

473 1364 758 1417 eorrictus.

552 1453 663 1521 Ego
690 1446 917 1505 Waltari
947 1484 961 1498 .
987 1481 1001 1497 .
1030 1482 1043 1497 .
1073 1480 1086 1493 .
1116 1479 1130 1495 .
1159 1478 1173 1493 .
1197 1432 1363 1491 sancti
1393 1428 1632 1487 Silvestri
1663 1424 1830 1482 olfero
1871 1422 1924 1475 in
1967 1418 2047 1472 in-

482 1557 684 1613 tegrum
710 1535 1090 1613 possidendum
1116 1531 1365 1586 clausura
1395 1524 1447 1578 in
1471 1518 1719 1577 Colliario
1740 1528 1859 1569 cum
1884 1509 2047 1563 vinea

481 1647 532 1690 ιιι
559 1632 729 1690 olivas
760 1646 853 1685 seu
884 1625 1179 1697 virgariuui
1214 1619 1331 1687 plus
1360 1615 1534 1669 minus
1564 1607 1861 1663 modiorum
1894 1600 2046 1664 dece,

477 1741 599 1782 cum
647 1723 825 1778 omnia
870 1712 1125 1789 quidquid
1174 1708 1311 1765 infra
1358 1705 1470 1775 ipsa
1516 1701 1760 1756 clausura
1806 1701 1889 1747 est
1929 1702 2050 1743 cum

477 1818 680 1871 cultum
708 1812 794 1867 vel
824 1780 1079 1866 incultum
1106 1804 1159 1857 in
1183 1801 1468 1870 integrum.
1490 1832 1505 1849 .
1528 1832 1542 1847 .
1565 1829 1580 1845 .
1606 1830 1622 1846 .
1650 1828 1665 1843 .
1691 1802 1788 1857 pro
1818 1780 2051 1854 peccatis

480 1907 758 1970 sacerdos,
785 1903 873 1974 qui
904 1898 1032 1956 inivi
1061 1895 1338 1953 ordinatus
1364 1898 1482 1954 est,
1514 1894 1606 1939 aut
1636 1882 1845 1935 futurus
1872 1881 2052 1936 esset,

484 2004 675 2056 borare
702 1997 907 2052 diveas.
1478 1980 1481 1984 ’

553 2090 773 2160 Signum
806 2094 996 2139 manus
1026 2070 1287 2142 Tentpald
1317 2068 1383 2123 ν.
1418 2067 1485 2121 D.
1517 2058 1820 2119 donatoris.

565 2143 787 2249 Signum
818 2185 1007 2229 manus
1035 2167 1293 2234 Teutpert
1324 2158 1474 2215 fratri
1506 2154 1624 2225 ejus
1650 2143 2061 2231 consentientis.

555 2276 776 2347 Signum
810 2279 1003 2327 manus
1029 2256 1297 2317 Dommuli
1327 2248 1752 2310 conserbatoris.

557 2329 777 2438 Signum
801 2371 988 2418 manus
1014 2352 1247 2412 Leonaci
1278 2349 1341 2404 V.
1371 2346 1431 2403 D.
1464 2341 1672 2399 autoris
1698 2347 1754 2394 et
1775 2329 2067 2392 conserba-

491 2461 644 2515 turis.
858 2512 866 2518 ,

566 2550 791 2618 Signum
824 2555 1015 2600 manus
1050 2532 1333 2594 Petronaci
1366 2571 1379 2583 .
1410 2570 1423 2582 .
1455 2567 1469 2582 .
1497 2566 1512 2581 .
1539 2564 1555 2580 .
1585 2563 1598 2579 .
1630 2514 2043 2578 consentientis.

562 2612 784 2709 Signum
815 2646 1001 2688 manus
1032 2624 1275 2684 Aunuald
1320 2619 1384 2673 γ.
1430 2618 1494 2673 D.
1538 2614 1678 2668 idem
1719 2612 2065 2663 conservato—

497 2735 602 2800 ris,
630 2740 734 2787 etc.

570 2824 789 2897 Signuni
821 2830 1013 2887 manus
1045 2807 1327 2868 Waltarini
1350 2846 1366 2868 ,
1400 2802 1489 2873 qui
1522 2798 1623 2854 hoc
1651 2788 1887 2850 olfernit.

582 2957 597 2971 .
715 2951 731 2968 .
759 2953 773 2968 .
799 2948 815 2965 .
834 2883 857 2965 Ξ.
884 2950 895 2961 .
925 2947 939 2962 .
971 2905 1085 2962 doli
1112 2903 1333 2971 exiguus
1363 2893 1606 2963 indignus
1635 2883 1896 2956 presbiter
1926 2888 2083 2946 rogas

505 3022 593 3067 tus
616 3006 681 3063 ad
704 3002 1016 3060 Waltarene
1046 2995 1168 3051 uhic
1193 2963 1435 3047 chartule
1463 2977 1764 3039 donationis
1785 2976 1837 3029 in
1859 2963 2082 3025 eccl-sia

507 3096 676 3153 sancti
704 3088 964 3150 Selvestri
997 3086 1079 3142 vel
1108 3084 1331 3152 ejusque
1360 3071 1622 3132 Senodoci
1652 3070 1787 3123 sicot
1830 3054 2080 3129 superius

508 3191 699 3261 legitur
730 3184 854 3242 testi
881 3176 1200 3246 subscripsi.

583 3320 601 3338 .
624 3319 645 3339 .
668 3317 684 3335 .
710 3317 729 3335 .
757 3316 773 3333 .
801 3315 819 3334 .
845 3313 859 3331 .
884 3312 904 3331 .
930 3274 1101 3342 ripert
1141 3267 1203 3322 γ.
1238 3265 1297 3319 L.
1331 3261 1456 3316 nhic
1502 3251 1745 3311 chartule
1793 3253 2010 3316 rogatus
2056 3252 2086 3291 a

514 3373 819 3427 \Valtarene
858 3380 889 3420 a
930 3332 1016 3418 hic
1044 3356 1287 3415 chartule
1318 3346 1624 3408 donationis
1656 3342 1797 3396 facta
1828 3339 1885 3392 in
1918 3332 2096 3389 cccle-

516 3469 593 3520 sia
623 3460 795 3519 sancti
822 3453 1077 3515 Selvestri
1106 3450 1189 3505 vel
1222 3448 1442 3516 ejusque
1487 3432 1776 3497 Senodocii
1819 3430 1961 3486 sicut
1997 3440 2095 3484 su~

511 3556 697 3627 perius
728 3549 921 3621 legitur
951 3542 1073 3600 testi
1105 3536 1420 3606 subscripsi.
1737 3571 1745 3577 .

518 3636 523 3644 ’
590 3639 977 3715 Floriprandus
1011 3633 1252 3691 notarius
1292 3645 1357 3684 ex
1402 3622 1672 3681 autent'co
1716 3621 1973 3687 quantum
2002 3623 2098 3665 co-

518 3704 780 3810 guoscere
812 3730 963 3803 potui
995 3727 1220 3783 fideliter
1251 3717 1552 3789 exemplavi
1581 3715 1786 3778 absque
1817 3704 2027 3762 fraude.

590 3831 646 3887 ln
677 3797 895 3885 nomine
924 3819 1133 3878 Domini
1163 3816 1288 3872 Jesu
1318 3808 1532 3866 Christi.
1568 3806 1700 3860 Dum
1734 3800 1845 3855 Deo
1879 3797 2099 3865 iuvante

524 3922 752 3979 ecclesia
784 3917 926 3974 beati
956 3913 1126 3970 sancti
1155 3903 1400 3964 Silvestri
1449 3900 1550 3956 sita
1604 3896 1790 3951 luisset
1836 3887 1903 3944 ad
1951 3892 2101 3957 porta

524 4014 665 4073 beati
694 4009 865 4068 sancti
896 4005 1073 4071 Petri,
1104 4010 1155 4058 et
1203 4013 1298 4069 per
1342 3993 1637 4051 Cristiauus
1664 3982 1893 4041 hominis
1922 3976 2105 4036 condi-

521 4118 607 4173 ta,
637 4113 692 4160 et
722 4118 816 4175 per
856 4100 996 4155 dotis
1038 4103 1095 4150 et
1136 4090 1290 4148 donis
1337 4084 1501 4142 tetulo
1547 4080 1913 4138 confermata,
1954 4081 2107 4124 amor

523 4211 760 4270 superne
789 4190 1014 4250 vcrtutis
1043 4200 1219 4243 meum
1265 4181 1502 4237 animum
1542 4169 1980 4229 adcomtnodavet
2012 4173 2107 4232 pro

524 4292 662 4347 meis
720 4282 1046 4341 facinoribus
1097 4276 1266 4330 offero
1318 4285 1418 4341 ego
1487 4262 1832 4322 Geiuiuiauus
1890 4257 2000 4311 Deo
2053 4260 2108 4306 et

529 4381 625 4437 tibi
654 4392 784 4448 sepe
822 4374 964 4430 dicte
990 4367 1220 4425 ecclesie
1251 4360 1391 4417 beati
1420 4356 1591 4414 sancti
1636 4347 1879 4408 Silvestri
1906 4386 1921 4410 ,
1971 4343 2110 4399 idest

528 4475 582 4530 iu
612 4436 799 4541 primis
828 4471 1058 4536 quatuor
1087 4454 1387 4514 modiorum
1436 4458 1580 4502 terra
1628 4442 1693 4496 ad
1742 4436 1905 4509 Argili
1950 4444 2109 4501 super

1608 395 2219 466 LXNGOBARDORUM
2263 393 2503 450 RECUM

3572 358 3703 417 ηεξ

1584 521 1883 581 inveniatur
1938 527 2023 567 es-
2056 509 2105 569 Δ
2131 507 2583 564 excellentissimo
2608 517 2730 572 rege
2751 512 2893 555 anno
2917 502 3127 557 octavo,
3152 502 3247 558 per
3275 481 3618 539 indictiouem
3651 492 3707 531 ut

2134 598 2382 655 feliciter.
2412 599 2609 653 Consta
2629 636 2644 660 ,
2676 610 2761 649 me
2792 586 2974 647 Aufrid
3006 585 3069 639 ν.
3102 583 3165 637 D.
3212 579 3347 634 hanc
3384 575 3472 630 die
3510 574 3713 625 vende-

2135 691 2283 747 disse
2319 700 2372 746 et
2414 687 2671 746 vendedi.
2712 679 3009 737 tradedisse
3059 682 3112 730 et
3160 666 3364 725 tradedi
3403 662 3555 717 vobis
3596 662 3715 714 Au-

2137 782 2335 849 nuald,
2388 778 2686 849 Teutpald,
2721 771 2990 835 Leonaci,
3044 761 3365 825 Petronaci,
3420 757 3743 820 'l'eutpert,~

2141 875 2405 932 Dommuli
2429 916 2445 940 ,
2479 870 2713 929 Wilifrid
2736 909 2752 934 ,
2797 863 3072 928 Nandulo,
3112 854 3428 913 Geminiano
3476 851 3716 911 clerico,

2139 966 2476 1031 Tenderaci,
2525 973 2647 1019 ortu
2698 976 2910 1025 nicum,
2962 969 3118 1024 quem
3169 964 3328 1005 avere
3374 945 3559 999 videor
3594 951 3719 994 ante

2140 1067 2325 1114 sancto
2371 1056 2678 1116 Silvestre,
2719 1052 2807 1122 qui
2857 1049 3024 1104 latere
3072 1054 3192 1097 tene
3238 1051 3401 1107 prope
3445 1043 3597 1088 curte
3636 1030 3718 1083 vel

2142 1160 2259 1205 orte
2290 1147 2460 1205 sancti
2489 1144 2735 1202 Silvestri
2769 1151 2917 1198 rectu
2947 1151 3070 1193 casa
3101 1130 3341 1188 Domnici
3361 1167 3375 1192 ,
3405 1126 3486 1181 vel
3514 1124 3583 1178 de
3613 1122 3721 1174 ﬁlio

2143 1242 2371 1299 Jovanni
2393 1284 2407 1309 ,
2435 1238 2572 1294 etin
2601 1237 2808 1304 integro
2838 1234 2955 1299 ipso
2982 1236 3102 1283 orto
3126 1223 3279 1278 vobis
3306 1216 3509 1274 tradedi
3539 1228 3723 1284 posse-

2146 1334 2376 1388 dendum
2402 1370 2417 1395 ,
2447 1339 2503 1384 ut
2532 1330 2600 1382 ab
2632 1303 2890 1381 hodierna
2920 1320 3007 1375 die
3034 1316 3260 1378 abeatis,
3291 1307 3553 1367 teneatis.
3588 1316 3641 1359 et
3670 1303 3722 1357 in

2147 1432 2322 1476 vestra
2362 1420 2429 1475 sit
2470 1424 2785 1487 potestatem
2822 1413 2891 1468 de
2928 1412 3044 1479 ipso
3080 1416 3199 1462 orto
3242 1402 3421 1457 facere
3448 1396 3589 1468 quod
3624 1411 3717 1446 vn-

2150 1511 2374 1566 Iueritis.
2409 1509 2560 1564 Unde
2587 1494 2885 1574 accepisset
2908 1508 2964 1554 et
2985 1496 3197 1564 suscepi
3224 1510 3254 1548 a
3282 1492 3433 1546 vobis
3462 1482 3723 1543 Aunuald.

2149 1601 2431 1670 Teutpald,
2477 1599 2757 1666 Teutpert,
2793 1590 3096 1655 l'etronaci,
3140 1584 3393 1644 Leonaci.
3440 1575 3729 1637 Dommuli,

2150 1668 2423 1758 Wilifrid,
2475 1686 2743 1756 Nauduli,
2793 1682 3111 1739 Geniiniano
3156 1677 3385 1738 clerico,
3431 1679 3486 1726 et
3526 1668 3737 1724 Tende-

2154 1786 2261 1840 raci
2286 1826 2301 1849 ,
2334 1782 2566 1852 pretium
2603 1776 2853 1849 placitum
2884 1782 2941 1828 et
2969 1769 3205 1826 defenito
3232 1764 3469 1836 capitulo
3498 1760 3615 1815 auri
3644 1773 3737 1811 εο-

2088 1855 2131 1915 B
2161 1847 2308 1931 ledas
2334 1847 2761 1941 quinquagenm,
2792 1865 2859 1918 de
2888 1862 3084 1933 quibus
3115 1855 3317 1927 previdi
3348 1851 3502 1906 vobis
3532 1847 3742 1902 cat-tuta

2162 1966 2483 2025 venditionis
2514 1964 2719 2028 facere,
2755 1968 2813 2012 ut
2840 1958 2907 2012 ab
2939 1953 3192 2009 hodierna
3224 1946 3309 2002 die
3337 1943 3577 2005 aveatis,
3612 1953 3745 2008 pos-

2163 2059 2433 2123 Scdezitis,
2465 2066 2519 2112 et
2547 2057 2599 2109 in
2631 2064 2808 2108 vestra
2841 2053 3138 2117 potestate,
3170 2048 3223 2096 et
3259 2038 3396 2093 sicut
3428 2049 3533 2088 non
3565 2029 3743 2091 erido,

2161 2159 2222 2206 ut
2251 2150 2295 2205 si
2334 2160 2434 2215 ego
2472 2152 2564 2198 aut
2593 2139 2770 2196 eredis
2799 2151 2950 2191 meus
2981 2148 3074 2187 vos
3114 2124 3577 2185 molestaverimus
3598 2160 3616 2185 ,
3656 2127 3752 2170 aut

2164 2242 2233 2297 da
2272 2238 2511 2309 qualivet
2550 2232 2771 2287 homine
2809 2226 2959 2282 vobis
2997 2222 3282 2279 defensare
3324 2231 3431 2272 non
3491 2221 3750 2282 potuero,

2166 2330 2408 2402 spondeo
2436 2325 2590 2381 vobis
2616 2314 3137 2389 componereudnpla
3167 2309 3566 2368 conditionem;
3592 2313 3754 2370 quam

2169 2421 2285 2476 viro
2313 2412 2637 2472 venditionis
2672 2407 2911 2466 chartula
2942 2397 3264 2459 Gairemund
3306 2396 3369 2451 γ.
3413 2393 3477 2448 D.
3518 2390 3759 2447 scribere

2172 2511 2376 2583 rogavi.

2243 2575 2433 2657 “Actum
2464 2596 2603 2650 Luca
2622 2633 2639 2660 ,
2665 2603 2851 2647 mense
2877 2584 3090 2651 Martio,
3118 2596 3212 2654 per
3238 2575 3536 2634 indictione
3562 2582 3763 2639 supra-

2178 2691 2370 2757 scripta
2400 2683 2650 2741 feliciter.

2247 2750 2468 2850 Signum
2501 2786 2689 2829 manus
2717 2767 2904 2825 Aufrid
2938 2759 3204 2820 vendituri
3231 2766 3286 2814 et
3313 2750 3721 2827 repromissuri.

2940 2876 3006 2932 X.

2187 3002 2513 3077 Querignonia
2539 2999 2671 3077 Julii
2701 2994 2896 3076 abbatis
2926 2978 3770 3077 inanimae-iiiis.

2260 3047 2495 3131 Rolando
2523 3047 2920 3133 comitas—otius
2949 3050 3631 3133 insulw‘Corsicrngmine
3652 3088 3671 3113 ,
3697 3047 3770 3099 de

2258 3148 2415 3202 variis
2444 3120 2836 3210 usurpator'ibus
2855 3133 3057 3205 jurium
3081 3129 3162 3184 sui
3190 3124 3407 3181 cwuobii
3434 3120 3487 3193 (δ
3519 3133 3677 3184 anno,
3714 3122 3775 3168 at

2262 3217 2436 3272 charta
2465 3208 2672 3285 prwfert
2696 3248 2712 3275 ,
2742 3209 2894 3275 719).
3155 3208 3168 3221 ‘

2267 3335 2423 3387 Anno
2449 3323 2732 3382 dominicre
2764 3314 3055 3373 nativitatis
3083 3318 3307 3380 septeno
3342 3300 3645 3359 centesimo
3683 3296 3781 3353 de.

2195 3424 2339 3480 cimo
2375 3434 2539 3484 nono,
2572 3412 2869 3470 indictione
2899 3422 2937 3463 Ii
2964 3422 2977 3459 :
3010 3402 3293 3459 Manilesto
3322 3395 3399 3451 sia
3428 3408 3457 3447 a
3490 3399 3623 3446 tutte
3652 3402 3779 3458 per-

2197 3530 2368 3579 sone,
2425 3512 2525 3566 che
2583 3509 2873 3577 Iegeanno
2925 3506 2982 3554 et
3022 3496 3301 3551 oderenno
3347 3496 3533 3559 questa
3583 3491 3777 3536 earta:

2200 3570 2422 3679 Quando
2450 3616 2624 3659 venne
2638 3570 2859 3654 Vmesser
2890 3591 3079 3649 l'abate
3109 3585 3286 3643 Giulio
3313 3584 3471 3636 abate
3506 3574 3631 3631 dell‘
3650 3570 3778 3627 isola

2200 3703 2252 3759 di
2304 3701 2482 3757 Monte
2524 3693 2728 3759 Crista,
2780 3698 2837 3745 et
2873 3686 3064 3742 misser
3095 3679 3304 3736 Placlto
3331 3676 3483 3730 abate
3512 3672 3565 3725 di
3596 3675 3781 3723 saneto

2201 3796 2421 3851 Stefano
2444 3830 2459 3855 ,
2490 3797 2547 3845 et
2577 3794 2763 3841 sancto
2796 3778 3085 3836 Benedicto
3113 3773 3167 3828 di
3201 3771 3411 3825 Venaco
3439 3763 3567 3819 dell‘
3587 3759 3783 3815 ordine

2203 3887 2258 3943 di
2288 3885 2470 3941 Monte
2498 3878 2702 3943 Cristo,
2738 3888 2840 3929 con
2873 3872 2908 3925 li
2938 3883 3032 3925 sua
3066 3863 3186 3920 frati
3207 3904 3221 3923 ,
3256 3857 3470 3916 innanzi
3514 3870 3542 3907 a
3590 3853 3784 3906 misser

2207 3974 2449 4034 ltolando
2478 3982 2672 4033 conte,
2702 3981 2797 4035 per
2826 3964 2873 4017 Ia
2904 3958 3083 4031 grazia
3122 3954 3174 4009 di
3208 3952 3338 4016 Dio,
3380 3959 3432 4003 et
3472 3947 3699 4015 signare
3733 3936 3786 3992 di

2206 4078 2339 4127 tutta
2371 4063 2547 4122 l‘isolu
2577 4060 2630 4116 di
2660 4055 2875 4111 Corsica
2895 4095 2910 4119 ,
2941 4059 2995 4105 et
3037 4043 3249 4102 innanzi
3292 4056 3322 4094 a
3367 4052 3570 4092 utesser
3612 4031 3789 4087 Giulio

2207 4158 2455 4233 giudice,
2486 4161 2543 4208 et
2569 4147 2781 4206 innauzi
2812 4160 2840 4199 a
2872 4153 3076 4196 niesser
3118 4132 3308 4191 Joanni
3341 4131 3516 4198 legato
3558 4125 3608 4177 in
3652 4122 3789 4176 Cor-

3017 4231 3027 4233 _
3147 4227 3159 4233 _
3259 4225 3270 4233 _
3313 4224 3324 4233 _
3515 4231 3529 4233 _
3607 4213 3671 4233 η
3718 4212 3761 4233 ,Δ

2209 4212 2258 4233 υ-
2306 4212 2329 4214 —
2441 4212 2455 4225 .

2209 4256 2350 4316 sica,
2382 4258 2437 4303 et
2487 4244 2611 4299 altri
2661 4239 2785 4295 boni
2832 4231 3063 4294 homini,
3114 4227 3217 4282 che
3259 4224 3328 4277 ivi
3373 4231 3560 4274 erano.
3607 4213 3679 4267 Et
3718 4212 3792 4265 la-

2214 4337 2556 4399 nientandosi
2591 4336 2658 4389 de
2687 4346 2782 4386 sua
2826 4322 3201 4397 possessione,
3243 4311 3417 4369 ch'elli
3460 4319 3701 4362 avevano
3740 4302 3793 4355 ili

2212 4435 2465 4493 Venaeo,
2510 4429 2559 4483 Ie
2595 4423 2738 4494 quali
2783 4432 2919 4475 sono
2965 4410 3287 4471 terminate,
3316 4413 3368 4459 et
3412 4414 3504 4468 per
3550 4390 3793 4455 termini,

530 4481 582 4530 in
1437 4481 1580 4502 ιυιια
1628 4481 1693 4496 "u
1742 4481 1905 4509 ...ου-υ
1951 4481 2099 4501 -·“.ν*-
2232 4481 2242 4488 υ
2263 4481 2422 4489 ν·”“-“-
2452 4481 2464 4493 ι
2536 4481 2551 4483 ν
2614 4481 2626 4494 ι
3698 4481 3733 4535 D

530 4565 614 4615 via
645 4561 712 4614 ad
740 4556 1050 4624 Aqualonga
1070 4590 1089 4617 ,
1116 4544 1419 4602 modiorum
1449 4538 1581 4593 duas
1610 4533 1674 4587 ad
1703 4524 2073 4596 ’l'empauianl'
2092 4560 2110 4585 ν
2145 4550 2195 4612 D
2218 4527 2318 4580 che
2350 4520 2600 4575 iudicano
2630 4515 2663 4567 li
2695 4508 2854 4566 nobili
2886 4501 3086 4575 sig“ori
3140 4498 3392 4555 A‘beﬂo’
3420 4504 3452 4545 θ
3480 4486 3671 4540 missu

1758 4621 1769 4624 _
1837 4618 1846 4624 .
2351 4613 2365 4624 .
2463 4608 2485 4624 ι-
2548 4619 2557 4624 .
2599 4606 2653 4624 ης
2690 4598 2884 4624 --.ηηιιὲ
2953 4604 3000 4624 ιιι
3039 4588 3254 4624 ΩηΙῖηηΙῖ
3300 4582 3567 4624 nnnmhm
3610 4576 3799 4624 “Im

538 4652 838 4710 modiorum
868 4647 972 4699 duo
994 4618 1070 4697 de
1100 4648 1240 4693 terra
1273 4632 1339 4687 da
1368 4626 1622 4685 Cunichis
1642 4665 1657 4688 ,
1709 4621 1773 4675 ad
1824 4618 1963 4671 Arcu
1995 4628 2112 4665 mo-

541 4746 748 4801 diorum
794 4738 901 4795 duo
948 4736 1015 4789 de
1059 4742 1270 4787 summo
1309 4736 1499 4792 campo
1525 4719 1590 4773 da
1620 4722 1806 4770 sancto
1852 4705 2117 4765 Martino,

537 4831 773 4893 caldaria
814 4843 916 4883 una
948 4823 1119 4879 ornile
1148 4835 1269 4874 cum
1312 4822 1496 4871 catt-ua
1540 4794 1762 4863 fumaria
1784 4843 1802 4871 ,
1834 4800 1932 4853 hec
1962 4797 2118 4850 istum

540 4927 777 5003 predicta
808 4918 1031 4977 ecclesia
1061 4911 1343 4985 quitejure
1372 4905 1441 4959 ivi
1470 4900 1745 4963 defendas,
1775 4904 1829 4950 et
1851 4890 2026 4947 nullus
2052 4886 2122 4940 de

1607 4992 1622 5003 .
1764 5002 1771 5003 ί
1998 4978 2093 5003 Νι

540 4978 718 5003 I"""
1081 4978 1101 4985 -
1228 4978 1235 4979 κ

540 5020 753 5082 heredis
791 5026 943 5070 meus
986 5010 1089 5062 huc
1130 5005 1298 5072 ipsum
1346 4992 1712 5057 munusculum
1752 4983 1950 5042 exinde
1996 4978 2123 5032 sub-

542 5114 678 5183 tragi
715 5107 919 5181 possit,
949 5111 1005 5157 et
1032 5096 1285 5156 sacerdus
1314 5092 1441 5146 inivi
1469 5081 1815 5143 consistentis
1848 5090 1943 5147 pro
1989 5071 2126 5128 meis

542 5200 869 5265 lacinorihus
895 5195 1166 5251 Christum
1194 5186 1474 5242 Dominum
1502 5173 1780 5248 deprecari
1811 5172 2017 5226 diveas.

619 5300 674 5355 In
716 5293 932 5350 nomine
967 5286 1177 5344 Domini
1221 5279 1317 5335 Dei
1354 5288 1409 5332 et
1448 5269 1743 5331 Salvatoris
1785 5261 1959 5321 nostri
1998 5259 2125 5314 Jesu

547 5390 780 5459 Christi,
829 5390 1088 5455 regnante
1131 5378 1331 5432 domno
1380 5380 1565 5425 noStro
1614 5357 1927 5430 Liutpraudi
1958 5363 1983 5390 °
2014 5352 2131 5407 viro

625 5580 653 5609 ⁸
700 5572 758 5626 id
788 5581 868 5626 est
898 5580 1038 5621 anno
1066 5556 1263 5615 Christi
1293 5552 1421 5607 7‘20.

622 5641 654 5683 δ
698 5611 1099 5704 (Ξῖιίίιιῖοιυείυαξ
1115 5611 1281 5704 nisi..-
1322 5625 1455 5677 bene
1491 5618 1577 5672 Itic
1610 5629 1676 5704 se
1717 5611 1954 5668 habent;
1990 5618 2131 5704 anim)

1329 5695 1357 5704 "
1421 5695 1431 5704 °
1587 5686 1607 5704 ¹
1810 5683 1922 5704 ---;.-
1953 5691 2053 5704 ην...
2082 5682 2131 5704 ..α

624 5675 652 5683 ’-
698 5675 964 5699 υΙΙΙΙΙΙΙΙΙΙεν
1007 5675 1099 5687 ιωυυ
1144 5675 1234 5682 -----
1263 5675 1268 5676 ν
1325 5675 1342 5676 η
1367 5675 1380 5677 -
1436 5675 1449 5677 _

556 5719 754 5786 quippe
774 5712 878 5764 ’ῑιυ
902 5675 1220 5760 ιίεῖιιτιοὶηιι
1251 5695 1470 5749 indimio
1498 5706 1557 5744 ll.
1587 5684 1781 5741 Verum
1806 5683 1925 5748 quis
1952 5675 2136 5741 credat

1240 5768 1251 5786 ι
1317 5762 1516 5786 -.-.ι.-...λ;
1552 5759 1803 5786 idin-uola
1834 5751 2084 5786 enrinmm
2106 5744 2130 5786 Ἰ

561 5744 644 5773 Iul
672 5744 682 5763 ι
722 5744 754 5767 c
785 5744 797 5764 ι
820 5744 878 5764 lu
903 5744 1220 5760 ιιυω...υ...--
1252 5744 1379 5749 ---ηη
1455 5744 1461 5745 γ

561 5744 803 5839 ιιιιιὲιῗᾶιιι
837 5789 914 5835 tot
943 5788 1064 5828 ante
1094 5768 1289 5839 saecula
1317 5762 1518 5836 vulgari
1552 5759 1804 5811 idtontatc
1825 5744 2130 5828 scriptam?

561 5817 575 5839 I
598 5817 803 5837 "tilla!"
839 5817 914 5835 ..ιι
943 5817 1064 5828 u...v
1095 5817 1151 5825 τ..
1177 5817 1251 5820 νυν

560 5860 663 5913 Ἰυι
693 5858 820 5906 altas
849 5864 917 5903 ex
949 5849 1096 5897 hisce
1127 5837 1325 5893 chartis
1357 5817 1582 5889 Vidimus
1626 5838 1801 5882 seram
1848 5817 2123 5888 antiquita-

2222 4613 2434 4670 menico
2462 4606 2655 4663 fratelli
2685 4598 2918 4662 carnali,
2952 4604 3006 4650 et
3039 4588 3255 4661 flgliuoli
3300 4582 3567 4654 quondam
3610 4576 3800 4630 inisset

2222 4703 2469 4761 Guidone
2509 4697 2636 4753 delli
2677 4689 2878 4763 signnri
2906 4660 3008 4740 vde'
3028 4681 3205 4738 Corsi.
3241 4678 3305 4731 Et
3335 4665 3720 4728 lamentarunsi
3748 4660 3802 4715 di

2224 4758 2525 4853 uariineuo
2553 4787 2636 4841 del
2670 4758 2961 4849 Lavvatogio
2994 4775 3047 4830 di
3080 4766 3414 4826 ltustichello
3435 4761 3577 4816 della
3600 4758 3756 4815 Selva
3778 4792 3799 4820 ,

2225 4849 2277 4942 et
2308 4885 2376 4939 de
2406 4878 2609 4935 Vullelo
2636 4872 2777 4929 della
2808 4871 2962 4931 Basa,
2990 4876 3043 4919 et
3074 4863 3140 4917 de
3170 4856 3411 4934 Somello
3440 4850 3579 4905 delle
3611 4849 3805 4901 Muste-

2230 4934 2371 5036 l'i'ne,‘
2390 4973 2444 5027 di
2478 4966 2711 5024 Vintello
2740 4963 2793 5017 di
2829 4957 3043 5019 Volivo,
3077 4962 3133 5007 et
3161 4950 3213 5003 di
3247 4940 3608 5001 Volandurcio
3631 4934 3806 4991 d‘Osi-

2230 5025 2359 5140 gia‘,
2382 5025 2772 5119 d’Audreuecio
2802 5050 2947 5106 dello
2973 5046 3243 5107 Merzeno,
3280 5039 3332 5091 di
3363 5031 3646 5090 Salvuccio
3674 5025 3806 5080 delle

3124 5135 3167 5140 __
3277 5129 3290 5140 _
3470 5134 3482 5140 ,
3538 5122 3590 5140 ,Α
3629 5114 3804 5140 vim.“

2230 5114 2478 5220 Eleieno:
2503 5114 2571 5208 de
2604 5114 2892 5207 Salvuccio
2934 5140 3078 5195 dello
3122 5129 3393 5191 Musnleo,
3433 5134 3490 5179 et
3529 5122 3600 5176 de
3629 5114 3806 5169 Vivolo

2233 5207 2702 5316 dellovauarceto,
2734 5239 2803 5295 de
2852 5228 3171 5288 Bertuceolo
3210 5222 3351 5277 dello
3382 5216 3603 5286 \‘ignale
3623 5253 3638 5277 ,
3666 5220 3721 5266 et
3746 5207 3808 5260 de

2234 5342 2478 5399 Zaviccio
2508 5336 2649 5391 dello
2679 5330 2835 5385 Zoio.
2866 5325 2929 5380 Et
2956 5319 3133 5391 questi
3167 5311 3405 5370 huoutini
3438 5308 3688 5370 diceano,
3717 5298 3809 5353 che

2240 5532 2345 5577 tein
2376 5512 2817 5588 prmseferentes,
2845 5489 3302 5588 etiniliilourniiqi‘s
3323 5470 3808 5588 corruptis;‘t::|d

2243 5544 2345 5577 .01"
2398 5544 2783 5571 ηἰιῗῑσιῦιυηινσ
2846 5544 2899 5557 ν.
2931 5544 3092 5553 ...--.,γ
3128 5544 3155 5547 ,,

2243 5544 2535 5662 ιιοειέτὶοττι
2581 5544 2821 5645 tempora
2868 5575 3196 5638 spectantes.
3238 5560 3391 5624 Quod
3422 5544 3587 5611 unum
3613 5544 3808 5603 exscul-

2422 5660 2429 5662 _
2458 5657 2468 5662 -
2590 5652 2600 5662 ο
2717 5658 2725 5662 -
2816 5644 2855 5662 n
2874 5641 3091 5662 -I-.--.I..n
3147 5635 3246 5662 ian.
3295 5639 3479 5662 nun-nc
3559 5622 3808 5662 “nivem

2264 5622 2275 5643 ν
2347 5622 2356 5641 1
2399 5622 2535 5641 Ιιυιιι
2585 5622 2688 5633 νηυ-
2716 5622 2821 5629 νυ-..
2870 5622 2886 5625 -
2982 5622 2989 5623 ,

2244 5622 2393 5732 p3;
2421 5657 2543 5732 hinc
2583 5622 2771 5732 juva't,
2816 5622 3104 5732 “claudius.
3147 5622 3514 5688 iste'comes,
3559 5622 3811 5675 universa

2246 5707 2690 5789 ᾕξιῖιαέίὲυτέὶωδ
2723 5707 2975 5772 dominus
3003 5707 3220 5763 dicitur.
