4056 6178
442 286 576 345 1563

1499 276 1741 335 ῡιινωςι
1754 276 1885 331 .\TA
1928 272 2059 329 ECC

2162 275 2211 330 5.
2257 276 2594 332 SELECTA.
3302 310 3327 340 ,α

3594 269 3727 325 ὖῢϐν

442 418 546 455 non
575 396 818 456 doveano
843 398 939 452 dar
968 396 1116 452 salvo
1141 394 1343 450 decima
1377 394 1479 448 alla
1520 393 1677 447 badia
1713 391 1781 445 de
1824 396 2013 442 saneto
2042 389 2089 444 Δ
2123 387 2236 455 prio
2267 390 2411 454 loco,
2446 393 2532 456 qui
2561 391 2755 445 dicitur
2787 390 3061 445 Muriatico
3090 403 3250 456 super
3288 398 3480 442 sancto
3512 386 3697 457 Petro,

443 495 666 547 Stelano
691 490 757 544 de
787 488 1016 544 Venaco.
1051 488 1114 541 Et
1140 487 1314 555 questi
1338 484 1465 540 dicti
1490 484 1629 537 abati
1654 483 1879 536 diceano
1908 479 2007 534 ehe

449 594 581 639 tutta
635 585 680 636 la
731 581 1067 652 possessione
1110 596 1201 635 cra
1250 579 1463 649 propria
1507 578 1646 632 della
1691 575 1895 629 abadia.
1947 573 2011 627 Et

454 675 626 743 questi
658 673 797 728 abati
826 680 1202 742 apprcsentaro
1227 685 1320 725 sua
1348 676 1493 724 carta
1519 667 1730 722 dinanzi
1763 684 1791 719 a
1822 664 2013 718 misser

452 764 716 828 llolando,
735 774 788 818 et
812 778 841 817 a
871 762 1063 818 misser
1087 761 1139 816 lo
1166 759 1367 831 judice,
1392 768 1445 815 et
1471 775 1500 814 a
1527 760 1717 813 misser
1746 758 1798 811 lo
1830 758 2023 824 legato.

457 856 523 907 Et
566 868 659 923 per
699 861 888 921 questo
925 852 1026 906 che
1065 852 1249 906 videro
1287 860 1341 906 et
1375 850 1559 915 odiro,
1610 848 1940 903 sententiam
1988 862 2019 901 e
2064 846 2065 849 “

454 944 731 1014 scapolaro
757 944 931 1013 quella
963 941 1301 1012 possessione
1328 940 1416 995 alli
1444 939 1731 1007 supradicti
1768 935 1933 992 abati.
1967 936 2031 990 Et

459 1040 647 1092 l'eceno
671 1033 1139 1096 comandatnento,
1165 1032 1268 1086 che
1292 1030 1466 1098 queSti
1491 1026 1791 1097 sopradecti
1824 1027 2028 1081 homini

458 1126 722 1195 deggiano
751 1137 946 1193 pagarc
976 1122 1107 1176 libre
1135 1132 1293 1177 cento
1322 1121 1390 1175 de
1422 1120 1546 1188 poni
1587 1119 1795 1173 danari.
1850 1119 1913 1172 Et
1961 1117 2037 1172 l'e-

458 1231 586 1270 cero
632 1214 1079 1269 comandatnento
1126 1215 1225 1268 cltc
1272 1212 1406 1267 infra
1456 1222 1534 1267 tre
1581 1211 1715 1265 mesi
1764 1210 2026 1279 deggiano

463 1306 638 1361 uscire
666 1303 777 1360 fora
808 1304 875 1359 de
904 1312 1095 1373 questa
1124 1306 1462 1372 possessione
1491 1314 1633 1356 sotto
1665 1317 1796 1370 pena
1839 1301 1891 1355 di
1941 1315 2037 1355 ccc

464 1398 644 1453 ﬁorini
678 1397 850 1464 d‘oro,
884 1406 936 1451 et
964 1395 1030 1449 da
1062 1404 1212 1464 parte
1250 1396 1303 1450 di
1344 1409 1550 1449 messer
1596 1395 1647 1449 lo
1687 1395 1860 1464 legato
1897 1401 2041 1447 sotto

467 1503 602 1557 rena
630 1487 698 1544 de
724 1485 1093 1552 excotnunica,
1122 1486 1223 1542 che
1249 1486 1386 1541 infra
1417 1497 1497 1541 tre
1526 1486 1658 1541 mesi
1689 1501 1757 1540 ue
1785 1486 2043 1555 deggiano

473 1579 673 1632 audere
699 1592 799 1631 con
834 1578 951 1632 tutti
983 1576 1019 1631 li
1047 1592 1143 1631 sua
1174 1577 1296 1632 beni
1317 1618 1331 1643 ,
1365 1585 1419 1632 et
1449 1578 1537 1647 piu
1568 1592 1671 1631 non
1702 1577 1750 1632 vi
1780 1576 2042 1645 deggiano

468 1678 704 1732 entrare,
734 1668 886 1721 salvo
911 1666 976 1720 ad
1006 1666 1277 1721 voluntate
1304 1666 1431 1721 dcili
1459 1668 1586 1721 dicti
1617 1666 1759 1720 abati
1791 1667 1842 1721 di
1871 1666 2047 1719 Monte

476 1758 675 1825 Cristo,
707 1773 827 1814 cum
858 1773 962 1827 qua
1004 1769 1087 1813 est
1126 1760 1174 1812 la
1216 1759 1356 1813 dicta
1399 1758 1584 1813 abadia
1629 1759 1682 1814 di
1710 1758 1945 1814 Vcnaco.
1980 1759 2047 1815 Et

470 1850 660 1905 diseno
692 1851 791 1904 clte
820 1850 993 1920 questi
1027 1850 1191 1905 nobili
1221 1852 1421 1920 signori
1452 1853 1520 1907 de
1549 1851 1697 1908 Corsi
1730 1863 1785 1909 et
1811 1867 1906 1908 sue
1953 1853 2052 1909 he-

476 1940 591 1994 redi
620 1940 885 2011 deggiano
909 1955 1091 1996 essere
1116 1940 1197 1996 soi
1224 1942 1480 1998 difensori
1498 1983 1512 2009 ,
1541 1943 1643 1998 che
1670 1957 1804 1999 sono
1830 1944 2053 2014 padroni

478 2032 621 2086 della
652 2032 805 2087 decta
837 2032 1019 2087 badia.

549 2127 739 2179 Actum
770 2139 800 2179 a
836 2125 1072 2195 Fogata,
1112 2125 1199 2181 ubi
1239 2126 1434 2182 dicitur
1476 2128 1765 2194 Marcorio,
1810 2140 2057 2196 presente

480 2227 566 2268 me
593 2216 826 2270 notario.
854 2215 1045 2272 Testes
1071 2217 1320 2287 Ciorgius
1348 2219 1416 2274 de
1444 2218 1643 2290 Campo
1670 2222 1815 2277 Merli
1833 2265 1847 2287 ,
1883 2223 2057 2278 Vival-

483 2305 611 2359 diuo
637 2305 707 2361 de
736 2302 922 2373 Corsi,
952 2308 1301 2363 Albertinello
1331 2310 1396 2364 de
1421 2310 1570 2365 Corsi
1594 2353 1609 2375 ,
1642 2311 1837 2368 Ficone
1865 2315 1930 2368 de
1959 2316 2057 2369 Bo-

482 2398 562 2459 si,
598 2396 872 2451 Ursaciolo
899 2398 968 2453 de
998 2398 1150 2453 Petra
1181 2399 1361 2468 juxta,
1394 2411 1449 2455 et
1476 2401 1595 2455 altri
1630 2404 1716 2471 piu
1752 2403 1913 2459 assai.

555 2486 619 2541 Et
664 2501 763 2555 ego
806 2488 1058 2543 Nicolaus
1101 2491 1369 2559 quondam
1419 2494 1608 2547 Arrico
1654 2495 1891 2548 notarius
1922 2497 2059 2550 sacri

483 2576 692 2644 imperii
727 2579 864 2632 hanc
895 2581 1135 2635 chartam
1183 2590 1398 2653 rogatus
1444 2582 1547 2649 fui,
1594 2593 1650 2639 et
1695 2584 1923 2655 scripsi,
1972 2585 2060 2639 ﬁr-

484 2667 624 2721 mavi
647 2709 663 2733 ,
696 2676 748 2723 et
776 2669 921 2725 dedi.

558 2756 624 2811 Et
673 2772 775 2827 ego
827 2759 1137 2817 Leonardtts
1190 2763 1456 2832 quondam
1507 2765 1774 2820 Laurentii
1829 2768 2065 2823 notarius

486 2847 698 2902 Domini
730 2850 925 2919 legati,
956 2853 1095 2909 Sacri
1128 2854 1334 2923 imperii
1380 2855 1450 2909 ibi
1484 2855 1553 2910 fui
1576 2899 1589 2924 ,
1627 2868 1680 2912 et
1722 2856 1866 2925 vidi,
1901 2866 1956 2912 et
1993 2860 2066 2913 si-

484 2955 648 3008 gnum
680 2957 857 2998 meum
889 2956 1209 3000 consuetum
1241 2946 1485 3016 apposui.

492 3168 806 3226 Pertualdus
844 3173 970 3227 civis
1018 3173 1264 3228 Lucensis
1307 3176 1468 3229 tndem
1508 3179 1673 3231 sancti
1720 3177 1988 3231 Michaelis
2018 3187 2066 3234 et

565 3243 932 3319 monasterium
956 3250 1221 3319 constituit
1246 3248 1469 3319 acidam:
1489 3289 1503 3313 ,
1531 3251 1829 3319 prwscripta
1854 3250 2067 3304 eleemo-

559 3326 689 3380 syria
716 3312 773 3365 in
803 3329 1051 3384 pauperes
1080 3317 1098 3385 (
1124 3332 1261 3369 anno
1296 3316 1394 3371 7‘31
1424 3317 1465 3385 ).

568 3400 623 3455 lu
671 3404 888 3459 nomine
940 3403 1152 3461 Domini
1203 3407 1297 3461 Dei
1349 3408 1514 3463 nostri
1556 3408 1679 3464 Jesu
1712 3409 1931 3466 Christi.
1963 3411 2068 3466 Re-

495 3501 692 3559 gnante
721 3494 919 3549 domno
949 3505 1131 3553 nostro
1163 3498 1453 3567 Liutprand
1486 3501 1598 3555 viro
1626 3503 2074 3559 excellentissimo

496 3598 652 3651 rege,
682 3598 823 3639 anno
855 3586 1146 3643 ﬁlicissimo
1176 3590 1323 3660 regni
1349 3592 1465 3661 ejus
1497 3609 1635 3648 nono
1667 3610 1761 3664 per
1788 3596 2074 3654 indictione

497 3686 685 3742 quarta
716 3677 963 3735 feliciter.
991 3682 1240 3737 Omnium
1269 3684 1625 3742 Ecclesiarum
1652 3690 1897 3745 conditor
1919 3690 2074 3746 Chri-

498 3774 642 3831 stus,
673 3778 777 3822 etc.
831 3768 986 3826 Undo
1030 3785 1127 3844 cge
1173 3775 1460 3832 Pertualdo
1506 3779 1853 3835 considerans
1899 3780 2073 3851 adque

500 3867 833 3924 pertractans
859 3859 1093 3917 aninmm
1123 3881 1298 3920 meum
1319 3907 1334 3931 ,
1364 3867 1489 3922 dum
1516 3884 1798 3939 erumpere
1824 3887 1927 3926 non
1959 3889 2072 3927 mea

499 3952 835 4019 necessitate,
854 3956 947 4009 sed
972 3951 1064 4007 Dei
1085 3960 1514 4026 compulsatione
1536 3973 1813 4019 correctus
1841 3964 1929 4018 ubi
1958 3964 2074 4019 lon-

495 4044 693 4111 ginquo
723 4046 853 4100 urbe
883 4047 1092 4101 viduam
1114 4089 1129 4115 ,
1164 4052 1418 4119 pupillum
1447 4063 1499 4108 et
1525 4055 1768 4109 orianttm
1797 4067 2074 4127 protegere

501 4150 598 4201 pro
628 4136 721 4191 illo
751 4138 1078 4193 desiderium
1113 4144 1465 4211 complectar,
1507 4147 1778 4201 liminibus
1808 4147 1945 4202 beati
1978 4149 2075 4205 l’e-

499 4224 567 4277 tri
615 4229 982 4293 apostolorum
1037 4230 1289 4299 principis
1338 4232 1581 4291 Romane
1630 4237 1777 4293 urbis
1824 4238 2072 4295 devotum

494 4314 645 4383 juxta
696 4318 945 4384 placitum
999 4320 1108 4375 Deo
1150 4322 1218 4376 ad
1270 4326 1482 4392 ιιι-ορτίε
1530 4339 1832 4395 remeatus,
1865 4345 2075 4399 queque

498 4406 627 4460 illnc
674 4406 781 4468 Deo
828 4410 1057 4466 devotus
1102 4425 1255 4479 sum,
1303 4414 1420 4483 ipso
1460 4417 1771 4485 juvantem,
1806 4430 1862 4473 ut
1909 4422 2072 4477 virtus
2101 4432 2155 4492 D

500 4499 845 4567 permiserit,
878 4517 1034 4568 opem
1070 4502 1273 4570 perﬁci.
1312 4504 1517 4561 Idcirco
1545 4521 1645 4577 ego
1692 4510 1967 4576 pertualdo
1998 4510 2081 4564 of-

503 4593 617 4643 tero
650 4592 789 4656 Deo,
823 4601 876 4645 et
909 4592 1000 4646 tibi
1033 4594 1261 4649 ecclesie
1291 4596 1431 4650 beati
1462 4598 1766 4667 archangeli
1800 4598 2077 4667 Micltaeli,

499 4697 641 4749 quen
683 4699 711 4736 a
746 4684 1105 4742 fundamentis
1128 4727 1141 4751 ,
1176 4687 1421 4756 fabricis,
1456 4689 1730 4744 vestibulis
1778 4691 1831 4746 in
1874 4692 2079 4748 honore

500 4771 697 4827 Christi
747 4773 957 4829 Domini
1000 4779 1171 4833 nostri
1224 4781 1477 4835 constitui
1530 4797 1692 4848 prope
1739 4782 2079 4841 dornicellula

500 4877 652 4928 mea,
687 4863 775 4917 ubi
809 4869 1139 4922 cummanire
1179 4869 1383 4937 videor,
1414 4887 1569 4939 quam
1612 4886 1664 4927 et
1705 4874 1771 4927 ad
1812 4876 1929 4943 ejus
1970 4892 2083 4931 mo-

503 4956 833 5016 nasterium.
866 4955 1002 5012 idest
1029 4972 1178 5015 curte
1219 4975 1340 5016 cum
1389 4962 1767 5030 fundamento,
1820 4967 1911 5021 ubi
1966 4968 2081 5037 ipse

506 5044 733 5097 ecclesia
762 5046 845 5100 vel
874 5051 1203 5105 monasterio
1226 5053 1325 5105 sita
1352 5063 1509 5120 sunt,
1541 5070 1635 5123 per
1664 5056 1777 5109 loca
1802 5059 2081 5128 designata

507 5137 630 5191 ﬁnis
658 5136 901 5206 Fossato,
928 5153 1058 5209 etc.,
1093 5153 1232 5199 terra
1262 5155 1575 5213 pertcnenle
1605 5151 1869 5205 modiloco
1897 5168 2081 5218 unum,

504 5227 595 5282 ubi
625 5229 727 5283 sibi
755 5230 923 5287 abbas
958 5234 1040 5287 vel
1073 5236 1320 5292 monachi
1365 5238 1490 5292 inivi
1531 5240 1878 5296 consistentis
1906 5254 2080 5298 ortum

505 5322 589 5379 vel
620 5324 970 5392 pigtnentario
1001 5326 1183 5381 havire
1222 5327 1415 5383 debeat
1443 5345 1545 5383 una
1594 5347 1713 5384 cum
1752 5339 1891 5387 terra
1921 5349 2086 5405 prope

504 5413 721 5469 civitate
742 5416 808 5468 ad
831 5414 984 5472 Valle
1008 5418 1306 5490 modiorum
1329 5431 1576 5489 quatuor,
1595 5436 1785 5491 campo
1806 5424 1870 5477 ad
1893 5425 2086 5491 Quinto

504 5510 806 5564 modiorum
854 5513 1119 5581 quinque,
1170 5513 1445 5578 decimas,
1501 5513 1717 5580 vineas,
1776 5526 1826 5572 et
1879 5518 2083 5586 olivas,

505 5615 774 5667 quemque
808 5601 987 5654 ltavire
1017 5603 1198 5656 videor
1220 5604 1287 5656 ad
1317 5613 1502 5658 sancto
1534 5603 1836 5674 Pancratio,
1866 5616 1918 5662 et
1947 5608 2089 5665 deci-

509 5706 625 5746 mas
653 5691 720 5746 de
751 5691 933 5750 vincas
963 5702 1017 5749 ct
1046 5695 1233 5761 olivas,
1262 5711 1421 5766 quain
1449 5696 1631 5753 ltavire
1661 5699 1843 5755 videor
1874 5700 1936 5757 de
1967 5716 2089 5773 pro-

2124 480 2471 549 similiterqne
2492 480 2729 535 decimas
2753 482 2817 536 de
2840 497 3052 536 omnem
3088 481 3323 535 laborem
3352 494 3527 533 meum
3546 519 3561 544 ,
3587 488 3711 533 latn-

2126 571 2307 625 vinum
2327 612 2341 632 ,
2371 586 2526 639 quam
2556 587 2778 640 granum
2810 572 2957 627 dedit
2986 573 3066 627 vel
3095 571 3221 626 mihi
3253 569 3509 626 Dominus
3534 572 3709 626 dede-

2129 664 2229 728 rit,
2273 661 2398 717 inivi
2448 678 2732 731 persovere
2779 663 3003 719 debeam
3051 663 3117 719 ad
3169 664 3286 718 illas
3332 677 3462 719 vero
3510 663 3725 731 vinea,.

2130 769 2288 823 quam
2321 754 2628 811 nominatim
2658 751 2867 811 decrevi
2892 797 2906 820 ,
2940 756 3222 824 adimplire
3251 756 3454 810 debeas
3486 755 3551 810 ad
3581 769 3704 823 gre-

2134 849 2214 918 gis
2242 862 2531 915 equorum,
2579 858 2943 903 armentorum
2964 890 2979 914 ,
3012 850 3191 903 ovium
3238 863 3337 903 seu
3386 863 3667 916 porcorum
3688 889 3704 912 ,

2136 940 2312 992 omnia
2342 937 2429 1006 qui
2463 938 2568 992 nati
2607 937 2814 993 fuerent
2853 954 2882 993 a
2923 939 3184 994 Kalendas
3226 938 3512 994 Januarias
3558 940 3707 994 indi-

2137 1030 2318 1084 ctione
2343 1045 2417 1096 tv,
2447 1027 2499 1082 in
2530 1028 2645 1097 ipso
2672 1038 2857 1084 sancto
2883 1029 3002 1083 loco
3030 1029 3167 1084 idem
3196 1029 3430 1085 decimas
3455 1032 3584 1086 dare
3611 1032 3707 1088 de-

2140 1120 2301 1190 beas,
2335 1129 2387 1175 et
2418 1130 2559 1175 terra
2590 1120 2654 1173 ad
2688 1119 2852 1174 Arina
2872 1158 2886 1183 ,
2920 1121 3009 1188 qni
3039 1120 3173 1174 mihi
3203 1136 3233 1174 a
3266 1123 3408 1191 regia
3455 1132 3713 1191 potestate

2141 1226 2394 1267 concessa
2423 1218 2507 1266 est
2536 1213 2589 1265 in
2620 1211 2916 1281 integrum.
2943 1210 3024 1264 De
3047 1210 3185 1266 casis
3210 1226 3335 1265 vero
3364 1212 3414 1265 in
3446 1213 3629 1281 primis
3662 1214 3719 1269 in

2144 1303 2499 1358 monaciatico
2526 1303 2660 1358 Casa
2682 1345 2698 1370 ,
2730 1304 2818 1371 qui
2861 1303 3064 1372 regitur
3107 1315 3201 1370 per
3243 1301 3546 1366 Sintarine,
3575 1313 3713 1367 etc.,

2145 1408 2242 1464 pro
2287 1395 2466 1449 anime
2509 1408 2628 1448 mee
2673 1392 2966 1448 remedium
3008 1407 3101 1461 per
3142 1392 3288 1448 dotis
3332 1394 3494 1448 tetulo
3522 1393 3720 1450 oﬂerre

2145 1484 2292 1538 visus
2320 1499 2466 1548 sum,
2496 1484 2563 1537 ab
2588 1484 2691 1538 hoc
2716 1484 2801 1537 die
2843 1484 2994 1538 trado
3036 1485 3087 1538 in
3131 1484 3393 1553 integrum
3427 1486 3718 1555 possederi-

2147 1578 2270 1632 dum
2297 1594 2313 1644 ;
2344 1577 2414 1630 ita
2455 1587 2513 1632 ot
2540 1578 2792 1634 sacerdos
2815 1619 2830 1643 ,
2858 1580 2946 1648 qui
2979 1578 3103 1632 inivi
3134 1581 3417 1634 costitutus
3464 1590 3581 1647 est,
3632 1593 3722 1637 aut

2154 1668 2314 1723 fuerit
2333 1711 2347 1733 ,
2378 1683 2474 1735 pro
2504 1668 2637 1723 meis
2666 1668 2989 1724 facinoribus
3020 1668 3297 1724 Dominum
3325 1671 3602 1737 deprecari
3630 1674 3727 1728 de-

2152 1762 2302 1826 beat,
2348 1760 2581 1815 oflicinm
2626 1760 3017 1831 peragendum,
3068 1761 3320 1827 viduam,
3372 1764 3615 1817 orl‘anutn
3671 1777 3725 1819 et

2157 1868 2446 1922 pauperem
2476 1853 2859 1907 consolandum
2880 1897 2894 1921 ,
2922 1854 3136 1920 eginum
3180 1863 3234 1910 et
3278 1857 3612 1924 peregrinum
3645 1874 3727 1912 re-

2152 1944 2497 2012 cipiendum,
2546 1944 2697 2013 juxta
2751 1944 2843 1999 Dei
2894 1955 3234 2016 preceptutn,
3286 1947 3524 2000 omnium
3568 1964 3731 2017 opem

2156 2037 2296 2092 ferre
2328 2052 2432 2092 non
2465 2036 2693 2090 desinat.
2742 2036 2806 2090 Et
2836 2036 2879 2089 si
2909 2035 3029 2105 quis
3059 2036 3125 2091 de
3170 2035 3289 2091 ﬁliis
3320 2037 3455 2093 meis
3510 2038 3578 2092 in~
3612 2038 3743 2108 ipso

2156 2141 2338 2185 sancto
2372 2129 2489 2184 loco
2519 2127 2631 2184 Deo
2658 2131 2861 2185 servire
2893 2129 3133 2184 volneret
3175 2129 3487 2197 regulariter
3526 2145 3690 2199 agere
3714 2172 3737 2195 ,ν

2162 2219 2305 2273 nulla
2334 2220 2383 2274 ei
2413 2220 2484 2275 sit
2512 2218 2865 2273 contradictio
2885 2259 2901 2285 ,
2930 2218 3054 2288 quid
3083 2219 3128 2274 si
3156 2219 3372 2275 minime
3396 2234 3461 2275 ex
3492 2219 3731 2289 legitimo

2160 2311 2323 2379 prolis
2356 2325 2502 2363 meas
2532 2310 2660 2364 inivi
2693 2313 2932 2365 volneret
2966 2310 3075 2365 Deo
3104 2312 3337 2379 servire,
3365 2320 3420 2366 et
3449 2311 3612 2366 abbas
3641 2314 3731 2381 qui

2161 2400 2285 2455 inivi
2338 2401 2617 2455 costitutus
2672 2402 2878 2463 ftteret,
2933 2401 3000 2456 de
3054 2400 3153 2455 hac
3204 2401 3323 2456 luce
3376 2402 3735 2472 migraveret,

2161 2507 2323 2561 quem
2356 2492 2530 2561 ipsum
2560 2492 3026 2561 congregationem
3068 2491 3181 2545 sive
3224 2493 3470 2547 abbatem
3503 2502 3557 2546 et
3587 2495 3752 2561 prio-—

2166 2598 2279 2637 rem
2314 2583 2514 2650 eligi-re
2544 2581 2657 2651 ipse
2690 2581 2740 2635 in
2776 2582 2912 2647 loco,
2944 2590 2998 2635 et
3031 2581 3160 2635 nihil
3193 2580 3319 2635 inivi
3352 2582 3489 2636 meis
3525 2582 3740 2636 heredi-

2164 2675 2265 2728 bus
2298 2681 2614 2741 potestatem
2646 2670 2846 2726 habeas
2875 2673 3208 2726 invasionetn
3254 2671 3484 2725 faciendi
3507 2712 3523 2739 ,
3571 2686 3753 2743 neque

2168 2762 2358 2818 exinde
2404 2760 2602 2829 aliquid
2655 2760 3034 2829 subtragendi,
3085 2761 3188 2815 nisi
3237 2761 3340 2815 sia
3372 2760 3607 2828 qualibet
3650 2761 3745 2815 bo-

2167 2853 2311 2908 mine
2365 2851 2479 2922 ipsa
2531 2851 2756 2906 ecclesia
2806 2852 2892 2905 vel
2947 2850 3273 2905 monasterio
3318 2861 3499 2905 contra
3539 2850 3749 2921 justitia

2170 2944 2405 3013 pulsatus
2437 2942 2606 2999 fueret
2635 2957 2665 2997 a
2698 2957 2849 2998 meus
2879 2943 3123 3012 pr0prius
3156 2941 3366 2996 heredis
3410 2942 3604 2997 habeas
3645 2942 3744 2996 de-

2173 3032 2467 3088 fensionem
2492 3073 2507 3098 ,
2541 3049 2662 3087 natn
2694 3048 2803 3087 non
2834 3043 3115 3088 menuctus
3154 3042 3340 3087 contra
3382 3048 3541 3099 quatn
3581 3032 3753 3086 dotali

2176 3120 2271 3177 seu
2302 3124 2594 3178 monosculi
2625 3124 2728 3179 mei
2778 3124 3022 3195 paginatn
3064 3137 3352 3192 numquam
3394 3139 3478 3177 me
3520 3121 3769 3176 heredes.

2172 3232 2324 3274 meus
2373 3218 2629 3273 adversus
2673 3219 2847 3287 ipsum
2902 3229 3145 3271 sanctum
3203 3218 3403 3271 virtute
3456 3215 3751 3286 aliquando
3816 3204 3819 3205 ν

2175 3311 2491 3381 spondimus
2535 3320 2678 3367 esset
2723 3319 3020 3375 venturus,
3069 3310 3161 3364 sed
3190 3310 3367 3364 omnia
3409 3308 3547 3364 sicut
3586 3323 3745 3378 supra

2174 3401 2369 3471 legitur
2420 3401 2799 3457 inviolabiliter
2851 3416 3195 3458 conservare.
3249 3401 3420 3469 Quam
3475 3400 3634 3455 dotali
3694 3413 3750 3456 et

2175 3493 2473 3548 monusculi
2506 3496 2607 3549 mei
2636 3494 2838 3548 cartula
2866 3533 2880 3547 .
2909 3533 2923 3547 .
2952 3532 2967 3547 .
2996 3534 3010 3548 .
3036 3531 3052 3549 .
3080 3534 3096 3550 .
3119 3505 3235 3548 etro
3266 3495 3451 3563 nepoti
3497 3509 3617 3548 meo
3661 3494 3747 3548 di-

2175 3594 2354 3641 ctante
2383 3585 2626 3653 genitore
2653 3600 2751 3640 suo
2781 3584 2994 3641 Petroni
3024 3585 3260 3639 scrivere
3290 3584 3621 3639 commoniti.

2246 3675 2435 3731 Actum
2468 3676 2628 3731 Luca.

2246 3767 2468 3837 Signum
2532 3782 2721 3824 manus
2782 3768 3122 3825 Pcrtualdum
3185 3767 3361 3823 autori
3415 3778 3472 3823 et
3534 3781 3773 3823 consero

2177 3862 2365 3915 vatori.

2249 3950 2467 4021 Signum
2497 3966 2686 4006 manus
2717 3952 2942 4021 Filipert
2972 3952 3079 4007 ﬁlio
3108 3952 3222 4022 ejus
3252 3952 3695 4009 consentientis..

2249 4042 2468 4111 Signum
2502 4059 2691 4098 manus
2722 4044 3058 4099 Ansualdum
3093 4049 3267 4099 testls.

2250 4133 2468 4203 Signum
2500 4149 2685 4189 manus
2715 4134 2969 4205 Radipert
3000 4135 3066 4191 V.
3098 4136 3157 4190 ι).
3191 4136 3362 4191 testis.

2253 4224 2364 4294 Ego
2422 4225 2829 4294 Rachiprandus
2883 4226 3121 4283 clericus
3180 4226 3454 4297 exemplar
3524 4227 3771 4285 ﬁdeliteo

2178 4317 2497 4383 exemplavi.

2256 4405 2368 4473 Ego
2400 4405 2681 4462 Ermimari
2710 4394 2936 4464 clericus
2975 4410 3114 4466 hunc
3154 4410 3426 4467 excmolar
3466 4412 3535 4468 de
3575 4428 3775 4471 exem»

2183 4494 2315 4566 plari
2345 4495 2576 4553 lideliter
2607 4501 2930 4567 exetnplavi.

2922 4612 3033 4668 Xll.

2184 4702 2449 4758 Fundatio
2477 4710 2765 4763 monasterii
2796 4710 3255 4765 sanctimonialium
3282 4719 3471 4765 sancto:
3494 4708 3677 4763 Maria:
3707 4712 3779 4763 in-

2262 4778 2457 4849 civitate
2477 4775 2711 4849 Lucensi,
2733 4795 2884 4848 quam
2905 4778 3067 4834 Ursus
3080 4783 3296 4835 clericus
3318 4783 3460 4849 facit,
3488 4782 3761 4835 constituta

2256 4849 2324 4906 ibi
2362 4848 2612 4900 abbatissa
2643 4848 2776 4903 Ursa
2804 4850 2914 4919 [ilia
2939 4868 3030 4904 sua
3063 4854 3221 4924 (arma
3247 4848 3399 4919 7'22}.

2257 4970 2311 5024 In
2341 4970 2555 5024 nomine
2600 4969 2803 5025 Domini
2834 4969 3000 5023 nostri
3030 4969 3155 5024 Jesu
3186 4966 3407 5020 Christi.
3488 4965 3761 5034 liegnante

2183 5061 2381 5116 domno
2429 5072 2613 5115 nostro
2641 5060 2931 5129 Liutprand
2962 5060 3075 5113 viro
3125 5055 3579 5111 excellentissimo
3611 5072 3769 5125 rege,

2184 5168 2325 5207 anno
2354 5153 2631 5209 ﬁlicissinti
2684 5155 2827 5222 regni
2855 5152 2968 5220 ejus
3016 5151 3067 5202 in
3117 5150 3205 5203 Dei
3239 5164 3429 5202 nomen
3481 5148 3762 5201 undecimo

2186 5259 2281 5314 per
2312 5234 2597 5298 indictione
2625 5244 2857 5312 quincta.
2907 5240 3038 5294 Dum
3072 5240 3329 5308 presentis
3354 5241 3457 5293 vite
3485 5250 3539 5294 et
3570 5241 3767 5292 transi-

2188 5343 2272 5389 tus
2304 5335 2456 5388 istius
2484 5334 2757 5403 temporis,
2808 5341 2912 5384 etc.
2974 5329 3107 5383 llinc
3138 5331 3314 5398 itaque
3342 5345 3440 5399 ego
3492 5329 3660 5385 Ursus
3691 5343 3765 5382 ex-

2190 5441 2305 5487 tota
2330 5439 2510 5485 mente
2540 5424 2837 5482 devotionis
2865 5431 3213 5491 pertractans,
3244 5437 3347 5492 que
3374 5430 3778 5490 pretnemorata

2154 5532 2331 5606 ‘lsunt,
2363 5538 2457 5591 pro
2484 5519 2779 5576 mercedem
2804 5525 2858 5569 et
2888 5515 3178 5570 remedium
3206 5516 3380 5569 anime
3406 5529 3523 5569 mee
3544 5523 3597 5567 et
3618 5528 3763 5567 com-

2192 5615 2525 5683 parationem
2557 5613 2661 5666 vite
2688 5619 2894 5674 eterne,
2929 5606 3169 5661 editicavi
3202 5607 3427 5662 ecclesia
3473 5608 3686 5675 proprio
3710 5606 3769 5661 in.

2195 5706 2465 5764 territorio
2486 5718 2604 5762 meo
2631 5701 2684 5759 in
2713 5702 2914 5760 honore
2942 5710 3126 5758 sancte
3155 5697 3248 5755 Dei
3275 5698 3545 5771 genitricis
3577 5699 3767 5761 Mario,
