4056 6178
296 315 430 373 1369

287 527 462 590 itaque
484 537 582 590 ego
614 519 845 574 Auriaud
886 518 947 572 V.
982 518 1044 572 D.
1078 534 1176 570 una
1220 533 1338 571 cum
1379 518 1619 570 Gudifrid
1674 518 1731 570 ν.
1790 518 1857 573 D.

284 627 569 683 germanus
600 625 769 672 meus,
804 607 1162 671 tractavimus,
1196 618 1249 661 ut
1288 609 1355 661 de
1388 609 1667 676 parvitatis
1699 609 1862 663 rebus

286 709 484 759 nostris
513 705 661 758 novis
701 701 985 755 mercidem
1025 700 1309 766 adt'riscat,
1341 712 1392 754 et
1422 703 1747 756 accessimus
1793 702 1857 756 ad

288 799 351 852 ν.
382 800 443 852 D.
469 795 883 864 Thalesperiano
911 792 1020 845 Deo
1046 793 1215 863 gratia
1246 793 1519 861 episcopo,
1561 794 1613 846 in
1642 792 1860 847 Christo

286 891 443 943 Pater
474 895 674 948 nostro,
707 894 761 937 ut
789 898 908 938 cum
939 883 1055 953 ejus
1085 883 1330 947 consilio,
1363 898 1455 938 seu
1488 883 1701 937 licentia
1735 900 1863 938 ora-

285 979 482 1033 cullum
530 984 712 1030 sancte
760 972 853 1028 Dei
903 972 1120 1026 Virtutis
1162 981 1476 1027 construere
1527 971 1858 1039 deverinius,

284 1082 339 1126 et
368 1069 608 1141 quamvis
632 1067 832 1121 brevite
862 1064 926 1118 ad
959 1063 1312 1117 fundamentis
1342 1060 1553 1114 fabricis
1576 1061 1861 1114 ecclesiam

283 1160 655 1216 constituimus
681 1157 732 1211 in
779 1157 979 1210 honore
1026 1155 1161 1209 beati
1210 1156 1375 1209 sancti
1435 1152 1575 1205 Petri
1629 1152 1856 1219 apostoli

281 1252 333 1304 in
362 1251 480 1304 loco
508 1247 595 1315 qui
627 1247 885 1299 vocitatur
919 1244 1259 1307 Castellione,
1303 1252 1355 1296 et
1400 1243 1680 1313 parbuhnn
1732 1256 1857 1294 tnu-

281 1340 562 1393 nusculum
614 1337 810 1390 ividem
863 1334 1185 1389 offerimus:
1240 1335 1288 1388 id
1339 1343 1420 1387 est
1464 1334 1656 1387 terrula
1714 1333 1857 1387 circa

280 1430 396 1495 ipsa
430 1427 654 1481 ecclesia
691 1425 987 1478 modiorum
1028 1440 1141 1489 sex,
1176 1434 1229 1478 et
1260 1424 1310 1478 in
1342 1424 1446 1477 alio
1493 1424 1611 1477 loco
1663 1424 1730 1477 de
1774 1422 1864 1475 illo

280 1520 445 1573 latere
469 1517 713 1572 Rimnodi
745 1517 861 1570 luco
892 1517 1077 1581 vinea;
1108 1526 1155 1568 et
1188 1516 1252 1567 ad
1287 1516 1385 1567 hnc
1417 1525 1647 1567 nostram
1674 1515 1862 1567 decre-

278 1611 451 1663 vimus
476 1609 797 1662 voluntatem
824 1620 923 1659 nus
958 1604 1215 1670 Auriand,
1248 1604 1486 1657 Gndifrid
1545 1613 1603 1658 ut
1639 1604 1712 1657 fili
1750 1619 1851 1655 no-

277 1702 376 1754 srri
408 1699 603 1753 ibidem
635 1699 685 1751 in
718 1696 832 1765 ipso
862 1696 1185 1751 monasterio
1229 1693 1433 1749 servire
1484 1694 1681 1748 deveas
1720 1709 1860 1746 una-

1377 310 1761 367 Dil‘LOMATA
1805 311 2082 367 ECCLES.
2125 309 2462 367 SELECTA.

286 447 407 484 cum
438 424 604 481 sancit
642 433 693 480 et
719 433 842 493 justi
875 423 1153 492 partit-ipes
1183 438 1300 479 esse
1330 426 1683 479 inveniamur.
1719 425 1852 479 llinc
1892 438 1943 497 Α

3417 319 3437 372 1
3450 317 3550 373 370

2696 424 2829 482 XIV.

1968 539 2179 613 Litterrey
2201 538 2541 613 Tnlesperiani
2581 540 2821 594 Lucensis
2854 541 3112 613 episcopi,
3155 558 3243 612 per
3272 560 3402 613 quas
3436 546 3539 601 lio-

2037 611 2245 661 mualilo
2286 610 2574 678 prrsbytero
2611 612 2835 664 court-(fit
2870 613 2918 663 in
2950 610 3247 681 [tene/icium
3284 610 3537 672 nionaste-

2036 681 2221 731 riolum
2249 696 2362 732 cum
2389 682 2702 735 xeuoduchio
2734 685 2889 747 (anno
2921 680 3080 751 725).
3474 688 3479 697 ’

2037 793 2091 847 In
2135 793 2347 847 nomine
2392 793 2597 847 Dotnini
2646 795 2737 850 Dei
2785 798 2950 849 nostri
2997 795 3122 850 .Iesu
3154 796 3369 851 Christi.
3424 796 3531 852 Re-

1965 895 2162 955 guante
2182 886 2380 939 domno
2406 897 2587 941 nostro
2614 886 2933 954 Liutprando
2956 887 3069 941 viro
3089 888 3535 942 excellentissimo

1965 990 2107 1042 rege,
2138 989 2277 1027 anno
2306 975 2622 1029 felicissimo
2653 976 2798 1045 regni
2842 976 2960 1045 ejus
2995 977 3152 1031 tertio
3178 978 3405 1041 decimo,
3455 978 3542 1031 in-

1964 1064 2194 1118 dictione
2227 1065 2415 1117 octaba
2462 1064 2704 1119 feliciter.
2759 1063 2983 1119 Constat
3028 1080 3113 1119 me
3145 1064 3540 1134 Talisperianus

1965 1154 2285 1208 venerabilis
2313 1154 2618 1225 episcopus,
2647 1155 2767 1224 quia
2797 1155 3058 1224 suggessit
3089 1156 3240 1209 nobis
3269 1158 3350 1211 vir
3380 1173 3540 1212 vene-

1964 1246 2144 1300 rabilis
2196 1246 2453 1299 ltnmuald
2511 1246 2828 1315 presbyter,
2884 1254 2938 1300 et
2990 1246 3217 1299 innotuit
3270 1248 3423 1299 nobis
3473 1263 3540 1301 eo

1962 1335 2103 1404 quod
2136 1345 2257 1389 ante
2287 1335 2383 1389 hns
2411 1350 2583 1389 annos
2622 1336 2822 1389 exisset
2864 1334 2932 1389 de
2980 1344 3119 1388 terra
3166 1349 3259 1388 sua
3307 1337 3543 1403 partibus

1962 1428 2357 1496 TranSpadanis
2391 1442 2490 1480 una
2522 1428 2545 1455 ³
2573 1441 2693 1481 cum
2726 1426 2950 1481 muliere
2980 1440 3072 1479 sua
3097 1466 3113 1492 ,
3164 1424 3261 1479 sibi
3308 1427 3542 1495 peregri-

1965 1518 2123 1571 nandi
2157 1534 2249 1585 pro
2283 1519 2456 1571 anima
2490 1533 2582 1571 sua
2610 1558 2625 1582 ,
2677 1528 2730 1572 ct
2761 1516 3096 1572 conlocasset
3145 1515 3198 1569 in
3250 1517 3366 1570 loco
3389 1556 3403 1579 ,
3455 1516 3544 1585 qui

1961 1610 2154 1667 dicitur
2182 1611 2517 1679 Capannuie,
2551 1611 2602 1663 in
2633 1610 2945 1664 monastirio
2971 1609 3202 1664 ccclesie
3231 1610 3368 1663 santi
3405 1609 3547 1664 l‘etri

1963 1714 2017 1757 et
2048 1702 2216 1755 sancti
2251 1702 2463 1756 Martini
2498 1701 2580 1754 vel
2626 1700 2795 1754 sancti
2824 1699 3045 1767 Quirici.
3096 1698 3158 1753 Et
3185 1701 3311 1752 dum
3336 1698 3541 1753 ibidem

277 1808 403 1845 cum
436 1790 547 1845 ﬁlio
572 1804 690 1843 meo
719 1787 981 1843 Galduald
1019 1785 1266 1855 religioso
1287 1785 1488 1850 clirico,
1519 1800 1612 1839 seu
1643 1784 1729 1836 alii
1768 1784 1857 1837 filii

1968 1795 2019 1849 in
2054 1796 2230 1865 parvis
2261 1796 2577 1850 substantiis
2607 1794 2897 1849 habitasset
2925 1835 2940 1859 ,
2987 1802 3111 1851 tunc
3139 1793 3279 1861 cepit
3306 1793 3404 1846 sibi
3436 1794 3540 1847 ibi-

280 1881 471 1947 uustri,
505 1880 593 1949 qui
629 1880 737 1932 Deo
762 1878 964 1932 servire
986 1876 1230 1940 voluerit,
1266 1886 1319 1930 et
1361 1876 1554 1929 ividem
1587 1874 1860 1928 munacale

280 1982 386 2024 vita
415 1971 593 2024 vivere
618 1968 833 2043 deveas.
868 1967 932 2020 Et
971 1965 1069 2019 hoc
1101 1964 1344 2017 volumus
1374 1977 1473 2016 nus
1506 1961 1853 2031 suprascripti

282 2060 579 2127 Auriuand,
612 2058 875 2122 Gudifrid,
898 2058 1028 2110 utin
1057 2067 1261 2117 nostra,
1288 2053 1371 2108 vel
1388 2055 1453 2108 de
1479 2054 1568 2106 lilii
1593 2054 1759 2106 nostri
1792 2053 1863 2107 sit

282 2162 601 2224 potestatem
620 2150 813 2205 ividem
844 2156 1163 2203 sacertutem
1191 2146 1508 2210 ordinando,
1544 2152 1599 2199 et
1628 2154 1741 2214 post
1766 2158 1861 2197 no-

279 2245 647 2308 strodecesso,
678 2257 835 2312 quem
857 2242 923 2295 ivi
957 2242 1059 2309 ipsi
1084 2239 1292 2298 monaci
1318 2238 1385 2294 de
1407 2253 1467 2293 ea
1500 2241 1861 2293 consecratio-

283 2357 405 2394 nem
427 2339 624 2409 eligere
643 2338 813 2406 ipsum
833 2343 993 2389 aveat
1012 2332 1350 2397 ordinatum;
1380 2343 1433 2386 et
1459 2330 1598 2400 quod
1616 2330 1861 2398 superius

284 2432 516 2484 nienime
533 2426 945 2482 memoravimus
967 2423 1190 2478 duodeci
1209 2426 1376 2476 forma
1400 2423 1561 2485 olive,
1592 2420 1861 2490 queuovis

278 2537 342 2576 es
358 2520 810 2588 comparationem
828 2516 894 2569 da
910 2514 1205 2570 Cualistoio
1223 2514 1459 2579 adviuet,
1493 2512 1565 2565 ita
1595 2522 1644 2565 ut
1666 2512 1733 2566 ab
1763 2513 1863 2564 hoc

279 2613 369 2666 die
398 2614 547 2666 firma
575 2611 638 2663 ad
681 2609 793 2679 ipsa
834 2615 1018 2661 sancta
1052 2606 1270 2661 Vertute
1321 2620 1373 2657 ιιι
1421 2604 1632 2674 integro
1678 2618 1862 2672 posse-

279 2708 429 2768 deat,
480 2713 535 2759 et
565 2717 810 2771 umquam
836 2701 941 2755 ullo
965 2710 1202 2769 tempore
1230 2697 1294 2752 ad
1329 2698 1485 2751 novis
1519 2696 1859 2752 retraendum

278 2806 363 2851 est
391 2795 458 2849 ad
480 2795 581 2849 alia
616 2796 864 2857 ecclesia,
893 2804 982 2845 aut
1012 2791 1076 2844 ad
1103 2792 1264 2843 alium
1310 2788 1672 2853 sacerdotem,
1718 2787 1861 2855 qund

280 2888 348 2939 ad
378 2886 531 2940 novis
562 2884 807 2939 oifertum
841 2892 947 2948 est,
978 2882 1077 2935 nisi
1120 2881 1210 2950 qui
1259 2879 1384 2933 inivi
1417 2879 1581 2933 abbas
1612 2878 1779 2942 fuere,
1811 2888 1865 2935 et

280 2996 440 3046 quem
494 2978 675 3031 volere
724 2985 923 3030 rectum
959 2975 1107 3027 abire
1162 2975 1263 3043 ipsi
1312 2972 1521 3026 fruatur
1563 2970 1613 3023 iu
1662 2970 1863 3023 honore

284 3070 517 3122 Domini.
551 3068 615 3120 Et
641 3066 782 3135 quod
818 3065 887 3117 ab
914 3079 992 3128 se,
1022 3064 1066 3117 si
1100 3068 1222 3131 quis
1252 3062 1319 3116 de
1348 3062 1499 3114 novis
1546 3068 1863 3129 suptragere

1965 1890 2087 1944 dem
2138 1890 2438 1959 conquisite
2492 1888 2668 1943 facere
2723 1903 2824 1942 una
2875 1902 2996 1942 cum
3048 1886 3361 1954 presbiteria
3411 1900 3544 1951 sua,

1964 1979 2160 2034 casella
2207 1981 2260 2034 in
2304 1979 2484 2033 oflicio
2524 1978 2785 2049 ospitalis.
2840 1978 2910 2035 Et
2954 1977 3232 2047 conquiret
3282 1977 3351 2031 ibi
3403 1986 3545 2030 terra

1966 2071 2121 2124 vint-a
2158 2087 2277 2125 cum
2314 2072 2486 2138 pretio
2514 2085 2632 2126 sun.
2689 2071 2755 2126 Et
2802 2070 2989 2140 petivit
3032 2084 3165 2135 nus,
3213 2077 3272 2122 ut
3316 2084 3412 2135 pro
3455 2068 3547 2122 Dei

1966 2175 2172 2225 amore,
2207 2170 2261 2216 et
2291 2161 2462 2215 fidelia
2495 2160 2711 2215 servitia
2741 2160 2931 2227 ipsius,
2963 2174 3122 2227 quam
3174 2159 3224 2212 in
3276 2158 3390 2227 ipso
3423 2173 3548 2210 sau-

1964 2262 2051 2308 eto
2083 2252 2196 2305 loco
2224 2266 2545 2306 concurrere
2578 2252 2720 2305 visus
2750 2258 2871 2315 est,
2923 2264 3045 2304 cum
3080 2248 3206 2302 inibi
3257 2249 3308 2301 in
3356 2247 3537 2302 officio

1967 2342 2331 2397 munastiriale
2359 2339 2681 2396 confermari
2711 2340 3045 2395 deberemus.
3080 2338 3230 2406 Quod
3262 2346 3317 2392 et
3348 2338 3546 2391 factmu

1964 2445 2082 2491 est:
2116 2435 2195 2489 sic
2224 2434 2295 2488 ita
2327 2444 2381 2489 et
2409 2435 2460 2488 in
2492 2450 2553 2490 ea
2588 2433 2795 2488 ratione
2819 2472 2835 2495 ,
2889 2441 2945 2485 ut
2991 2433 3115 2484 dum
3147 2431 3398 2484 advivere
3429 2446 3547 2484 me-

1965 2526 2156 2591 rueris,
2191 2535 2244 2579 tu
2276 2525 2591 2589 Romualde,
2643 2526 2695 2578 in
2745 2525 2862 2593 ipso
2907 2533 3091 2577 sancto
3144 2523 3284 2585 loco,
3326 2532 3432 2574 tant
3466 2532 3545 2587 tu,

1964 2635 2120 2690 quam
2151 2619 2310 2673 etiam
2341 2629 2393 2674 et
2416 2618 2734 2689 presbiteria
2764 2627 2874 2678 tua,
2900 2616 2990 2683 qui
3019 2624 3097 2669 est
3134 2617 3184 2668 in
3214 2616 3329 2683 ipso
3357 2622 3548 2669 sancto

1967 2710 2149 2775 Petro,
2178 2724 2477 2782 remanent,
2507 2719 2562 2764 et
2594 2710 2680 2777 qni
2713 2709 2995 2778 presedere
3029 2707 3291 2769 debeatis,
3317 2715 3370 2758 et
3400 2708 3545 2759 nulla

1968 2800 2179 2869 patiatis
2211 2799 2478 2855 taxatione
2508 2799 2574 2852 ab
2605 2799 2711 2853 alio
2745 2798 3063 2865 presbitero,
3092 2797 3179 2864 qui
3214 2798 3422 2865 plevem
3471 2804 3547 2849 te-

1968 2894 2142 2947 nuerit
2191 2892 2244 2945 in
2295 2891 2661 2960 suprascripto
2711 2889 2828 2943 loco
2874 2888 3183 2957 Capanuule
3226 2888 3277 2940 in
3321 2887 3548 2940 ecclesia

1965 2993 2148 3037 sancte
2178 2982 2360 3036 Mario.
2417 2979 2523 3037 Sed
2561 2981 2680 3033 volo
2709 2979 2883 3045 adque
2916 2980 3147 3031 decerno
3168 3019 3182 3044 ,
3232 2988 3281 3031 ut
3315 2977 3381 3030 ab
3410 2978 3547 3030 hanc

1966 3074 2082 3130 dies
2114 3074 2223 3144 ipsa
2252 3071 2476 3127 eculesia
2508 3073 2559 3124 in
2592 3072 2769 3125 officio
2803 3069 3162 3124 monastirlale
3191 3084 3404 3137 semper
3436 3084 3547 3120 ma-

281 3163 522 3223 voluere,
564 3162 647 3213 vel
698 3159 912 3227 proprio
964 3156 1272 3221 defendere,
1334 3170 1534 3208 vacuus
1585 3163 1638 3207 et
1688 3152 1861 3207 inanis

1969 3174 2129 3218 neat:
2161 3175 2217 3218 et
2244 3178 2338 3231 per
2365 3162 2646 3217 festivitate
2672 3161 2893 3230 predicti
2926 3159 3095 3215 sancti
3130 3160 3268 3217 Petri
3299 3170 3349 3214 et
3378 3162 3545 3213 sancti

279 3254 475 3307 exinde
504 3260 681 3316 exeat,
714 3260 768 3304 et
800 3250 939 3303 duna
980 3260 1159 3303 nostra
1200 3251 1249 3301 in
1283 3249 1494 3318 integro
1527 3247 1636 3301 Deo
1659 3254 1714 3301 et
1740 3261 1863 3301 san-

278 3359 369 3399 eto
400 3344 557 3399 Petro
610 3351 915 3413 permaneat
958 3344 1317 3407 conformata;
1368 3349 1424 3395 et
1464 3355 1582 3395 cum
1632 3355 1843 3395 summa

280 3437 637 3496 delectatione
678 3434 933 3493 Sicherad
970 3434 1232 3501 presbiter
1280 3432 1456 3486 amico
1508 3441 1691 3485 nostro
1723 3431 1859 3483 hanc

279 3531 543 3585 t'artnlam
573 3528 830 3582 dotalium
858 3525 1099 3579 scrivere
1131 3528 1457 3594 rogavimus,
1504 3532 1556 3577 et
1588 3523 1856 3592 perpetuis

281 3622 609 3691 temporibus
645 3627 978 3689 permaneat.

360 3714 548 3766 Actum
576 3710 738 3779 Luca,
769 3725 989 3778 regnum
1039 3719 1091 3763 et
1138 3707 1433 3763 indictione
1489 3708 1856 3776 suprascripta

284 3803 536 3860 feliciter.

352 3894 393 3965 'f
428 3894 649 3964 Signum
695 3905 883 3947 manus
921 3888 1195 3947 Aurinand
1230 3887 1289 3943 V.
1326 3887 1391 3943 D.
1440 3885 1765 3943 benefactori
1808 3896 1864 3943 et

279 3986 673 4044 cunserbaturi.

354 4082 395 4150 ειν
431 4081 652 4149 Signum
709 4090 899 4133 manus
944 4072 1200 4131 Gudufrid
1248 4071 1309 4126 V.
1346 4071 1386 4126 D
1426 4069 1749 4126 benefaCtori
1806 4080 1863 4124 et

281 4168 674 4227 conserbatori.

356 4262 396 4332 ’ἲ
433 4260 650 4330 Signum
684 4274 869 4314 manus
916 4257 1167 4313 Galsuald
1220 4257 1330 4313 lilio
1371 4255 1488 4325 ejus
1534 4266 1588 4311 ct
1640 4255 1862 4319 Cliricn,

286 4351 613 4405 benefactori
646 4359 701 4406 et
733 4347 1121 4405 conservatori.

356 4446 397 4513 σι-
436 4444 657 4511 Signum
686 4456 873 4495 manus
898 4440 1085 4495 Gairto
1117 4437 1177 4494 V.
1210 4438 1272 4493 D.
1303 4440 1476 4495 testis.
1746 4425 1815 4475 (μ’

359 4535 401 4605 -ι-
441 4535 657 4604 Signum
690 4548 901 4598 manus,
942 4542 1048 4586 etc.

360 4652 384 4677 τι
412 4642 562 4708 Quod
602 4641 718 4696 sine
760 4640 1221 4695 animadversione
1263 4642 1603 4709 praetermitti
1635 4645 1813 4711 nequit
1846 4686 1860 4708 ,

288 4712 618 4769 anualdus
649 4715 746 4766 iste
778 4713 1052 4781 presbyter
1083 4727 1185 4763 una
1216 4728 1338 4765 cum
1373 4714 1593 4766 muliere
1624 4729 1715 4765 sua
1744 4754 1757 4777 ,
1811 4714 1859 4767 id

283 4792 372 4835 est
400 4797 519 4833 runt
551 4796 719 4834 uxore
746 4795 865 4849 sua,
895 4792 1010 4849 post
1041 4784 1526 4850 peregrinationem
1559 4796 1859 4847 susceptam

285 4868 389 4922 pro
418 4852 593 4903 anima
624 4865 718 4922 sua
751 4852 802 4905 iu
834 4862 1011 4917 partes
1040 4852 1474 4918 Transpadanus,
1504 4854 1864 4907 collocaverat

283 4918 346 4974 se
383 4922 433 4973 in
466 4924 582 4974 loco
609 4918 932 4986 Capannulae
965 4926 1017 4975 in
1058 4924 1441 4975 monasteriolo
1472 4923 1643 4976 saneti
1678 4924 1818 4977 l’etri
1847 4964 1862 4987 ,

281 4995 467 5060 ibique
512 4993 755 5059 exiguam
807 5002 1052 5047 erexerat
1085 4991 1398 5058 hospitalem
1433 4992 1668 5044 domum.
1720 4993 1861 5047 Cun-

280 5063 431 5140 (‘edit
456 5076 583 5138 ergo
611 5062 1021 5141 'l'alespci'ianus'
1045 5062 1362 5127 episcopus,
1404 5065 1493 5141 qui
1536 5078 1595 5115 se
1638 5065 1687 5114 in
1732 5064 1862 5116 sub-

283 5133 577 5196 scriptione
601 5133 853 5185 eximium
885 5133 1153 5193 nominat,
1196 5146 1301 5186 non
1332 5134 1581 5200 exiguum
1601 5172 1614 5188 .
1645 5142 1702 5184 ut
1735 5148 1862 5187 usus

286 5201 533 5262 ferebat;
583 5202 865 5266 concedit,
921 5202 1173 5268 inquam,
1220 5214 1276 5254 ut
1320 5202 1494 5255 eidem
1529 5212 1716 5257 saneto
1748 5204 1865 5258 loco

288 5270 558 5340 president
588 5282 691 5322 tant
723 5270 835 5337 ipse
867 5271 1192 5335 Riiiiiiialdtts
1223 5287 1379 5339 quam
1409 5274 1565 5324 etiam
1613 5285 1665 5325 et
1709 5289 1860 5338 pres-

288 5338 496 5410 liyteria
536 5338 711 5401 illius,
756 5341 855 5394 huc
882 5356 998 5403 esr,
1039 5343 1223 5393 eadem
1246 5338 1370 5408 quae
1401 5357 1560 5409 supra
1599 5343 1865 5397 nominata

284 5422 375 5482 est
417 5411 554 5462 illius
579 5410 796 5477 cunjux.
842 5412 942 5482 Qui
976 5413 1085 5463 tieri
1128 5412 1179 5464 id
1222 5413 1488 5479 potuerit,
1526 5422 1868 5477 percontetur

285 5481 505 5547 aliquis,
530 5483 791 5548 simulque
821 5483 1063 5544 miretur,
1088 5497 1205 5533 rum
1234 5484 1579 5534 continentia:
1607 5494 1786 5535 votum
1814 5484 1866 5537 in

290 5550 479 5603 Latina
509 5553 694 5603 saltem
732 5554 990 5615 Ecclesia,
1022 5552 1101 5605 vel
1133 5567 1161 5603 a
1196 5552 1380 5617 primis
1418 5552 1669 5605 Ecrlesize
1700 5568 1868 5607 samu-

286 5622 386 5681 iis,
438 5621 802 5675 sacerdotibus
843 5622 1301 5690 praescriberctur.
1357 5621 1409 5673 Id
1443 5622 1655 5688 quidem
1685 5638 1867 5678 verum

286 5702 413 5754 est;
466 5698 519 5741 at
561 5694 769 5757 quoties
815 5708 927 5745 VII‘O
974 5692 1262 5759 eunjugato
1308 5692 1374 5745 ad
1426 5708 1611 5747 sacros
1652 5693 1869 5747 ordines

288 5764 425 5823 ulna
455 5775 569 5816 erat
600 5767 809 5829 aditus,
848 5774 955 5817 tum
987 5762 1132 5833 ipse,
1176 5772 1284 5817 tum
1314 5778 1427 5833 eius
1459 5778 1590 5820 uxor
1622 5764 1870 5829 cmlibeut

1964 3253 2173 3310 Martini
2209 3253 2291 3307 vel
2328 3254 2499 3307 sancti
2529 3252 2727 3319 Quirici
2769 3252 2834 3304 ad
2873 3251 3097 3306 ecclesia
3132 3252 3299 3304 sancti
3332 3250 3545 3305 Martini

1962 3347 2017 3402 in
2048 3328 2323 3418 episcopio
2354 3348 2631 3403 luminaria
2652 3389 2665 3411 ,
2701 3348 2787 3402 vel
2819 3348 2956 3415 quod
2995 3346 3252 3401 Dominus
3279 3345 3549 3399 condona-

1963 3442 2130 3503 verit,
2167 3440 2193 3478 ιι
2218 3441 2443 3493 salutem
2476 3440 2738 3493 adducere
2784 3438 2980 3493 debeas
3013 3449 3117 3491 tam
3167 3443 3221 3490 tu
3275 3451 3432 3506 qualn
3462 3435 3548 3490 vel

1961 3532 2080 3599 quis
2118 3542 2297 3598 postea
2329 3530 2605 3584 ordinatus
2636 3528 2833 3581 fuerit:
2885 3538 2932 3582 et
2970 3542 3257 3594 numquam
3312 3541 3407 3577 nos
3455 3532 3537 3579 vel

1964 3632 2210 3690 posterus
2242 3632 2422 3677 noster
2450 3630 2504 3677 et
2530 3622 2596 3675 de
2625 3620 2761 3673 hanc
2788 3619 2929 3673 dicto
2961 3619 3077 3672 luco
3108 3618 3378 3671 molestari
3409 3632 3537 3686 pre-

1961 3723 2165 3779 sntuat,
2214 3714 2305 3768 sed
2338 3714 2462 3767 volo
2508 3724 2563 3766 ut
2609 3711 2815 3766 cunctis
2845 3710 3033 3764 dit-bus
3066 3707 3278 3777 quietus
3328 3709 3377 3760 in
3428 3707 3543 3773 ipso

1962 3817 2149 3859 sancto
2181 3805 2299 3859 loco
2333 3803 2569 3858 residere
2602 3803 2799 3857 Valeas.
2833 3800 2999 3868 Quam
3034 3799 3307 3854 beneficiis
3335 3798 3541 3851 cartula

1962 3899 2134 3955 Sic0ri
2160 3898 2367 3953 notario
2390 3897 2625 3951 scribere
2642 3893 2921 3963 iussimus,
2939 3901 2991 3945 et
3015 3906 3109 3945 nos
3132 3890 3314 3944 subter
3334 3889 3540 3956 signum

1962 3999 2142 4043 sancte
2186 3987 2361 4041 crucis
2400 3988 2647 4050 licimus,
2697 3994 2753 4039 et
2796 3981 3166 4037 sacerdotibus
3213 3978 3542 4034 tradedimus

1964 4077 2342 4133 roborandam.

2036 4169 2225 4221 Actum
2260 4163 2422 4227 Luca,
2471 4162 2556 4217 die
2604 4172 2659 4216 et
2700 4175 2921 4230 regnum
2954 4166 3008 4213 et
3036 4156 3325 4211 indictione
3355 4167 3543 4223 supra-

1964 4259 2157 4323 scripta
2186 4253 2433 4309 feliciter.

2036 4351 2075 4422 σι-
2107 4352 2217 4420 Ego
2248 4350 2658 4417 Talesperianus
2688 4347 2916 4403 eximius
2944 4347 3226 4413 episcopus
3256 4343 3379 4397 huic
3408 4358 3531 4398 car-

1968 4444 2076 4497 tule
2107 4442 2347 4497 beneficii
2380 4441 2503 4496 facti
2548 4440 2600 4495 in
2645 4439 2905 4494 liomuald
2955 4435 3254 4507 presbitero
3291 4434 3541 4490 consensi

1966 4546 2018 4589 et
2048 4535 2275 4604 iscripsi.

1964 4649 2162 4703 exinde
2191 4647 2353 4701 vitam
2388 4645 2794 4714 profitebantur,
2827 4645 3023 4712 illaque
3055 4658 3159 4697 non
3189 4642 3387 4711 conjux
3419 4657 3536 4694 am-

1967 4720 2122 4786 plius,
2148 4719 2239 4771 sed
2264 4713 2417 4770 soror
2441 4716 2824 4782 appellabatur,
2851 4724 2908 4768 ut
2931 4718 3091 4786 etiam
3122 4728 3240 4780 pag.
3266 4713 3334 4786 95
3358 4722 3411 4765 ιιι
3440 4714 3536 4786 iis

1967 4782 2090 4840 inmi
2116 4789 2130 4841 Ι
2156 4788 2411 4841 Anccdut.
2430 4786 2602 4839 Latin.
2622 4790 2863 4848 exemplo
2886 4784 3053 4837 sancti
3078 4785 3276 4837 Paulini
3301 4782 3529 4838 ostendi.

1970 4859 2252 4925 Disciplina
2286 4868 2430 4910 certe
2458 4856 2819 4909 ecclesiastica
2848 4856 3030 4908 multis
3059 4853 3535 4925 conciliorum‘de-

1964 4921 2127 4981 cretis
2166 4929 2302 4981 inter
2333 4930 2491 4979 hosce
2532 4926 2938 4979 contubernium
2982 4941 3196 4993 quoque
3243 4921 3534 4993 interdixit.

1970 4998 2165 5051 Verum
2198 5009 2251 5048 ut
2282 4996 2332 5049 in
2366 4996 2746 5048 Dissertatiune
2776 4996 2842 5049 de
2872 4990 3123 5062 Agapetis
3156 5001 3208 5045 ιιι
3241 4990 3536 5062 Synisactis

1966 5068 2018 5120 in
2051 5066 2337 5121 Anecdotis
2365 5065 2568 5119 Graecis
2589 5106 2603 5129 ,
2654 5075 2762 5117 tum
2809 5082 2873 5117 ex
2910 5067 3104 5118 Codice
3135 5062 3533 5124 Theudosiann,

1967 5147 2077 5189 tum
2122 5153 2187 5189 ex
2235 5136 2357 5188 aliis
2385 5138 2721 5201 antiquorum
2773 5136 2964 5189 edictis
2993 5133 3242 5195 ostendi,
3294 5141 3549 5201 tempora.

1968 5208 2148 5268 fuere,
2193 5206 2386 5272 quibus
2414 5198 2561 5258 licuit
2590 5206 2918 5273 presbyteris
2957 5220 3078 5260 eum
3125 5202 3379 5273 uxoribus
3422 5198 3547 5257 suis.

1966 5271 2251 5330 commune
2280 5277 2451 5329 adhuc
2486 5286 2679 5328 lectum
2714 5271 2929 5335 habere,
2963 5274 3085 5326 dum
3119 5273 3185 5323 ab
3214 5271 3354 5323 omni
3387 5285 3532 5322 eum-

1968 5348 2169 5399 Inercio
2190 5347 2365 5398 carnis
2392 5345 2738 5399 abstinerent.
2775 5343 3096 5409 ltigidiurem
3125 5356 3181 5394 se
3210 5341 3407 5406 prmiiet
3438 5340 3537 5393 hac

1967 5417 2019 5471 in
2054 5434 2109 5469 re
2143 5425 2438 5483 temporum
2475 5425 2776 5469 nostrorum
2811 5413 3120 5477 disciplina,
3158 5420 3212 5464 et
3238 5409 3545 5483 sapientius

1966 5489 2177 5552 quidem
2220 5480 2272 5541 ei
2302 5490 2524 5553 (equitis.
2576 5486 2678 5538 Sed
2714 5500 2852 5536 nunc
2880 5483 3206 5553 qiueriuius,
3256 5498 3361 5553 litin
3410 5480 3541 5553 quid

1970 5550 2308 5619 faciendum,
2368 5550 2465 5608 sed
2518 5554 2641 5624 quid
2700 5554 2891 5606 factum
2948 5551 3102 5607 fuerit
3157 5567 3187 5605 a
3242 5550 3540 5619 majoribus

1970 5628 2185 5681 nostris.
2230 5627 2442 5679 Mean.

2041 5696 2065 5733 ι’
2108 5698 2338 5749 Salutem
2364 5695 2615 5746 adducere
2646 5693 2845 5755 debeas,
2884 5692 2933 5746 id
2964 5703 3045 5748 est
3074 5692 3293 5755 donum,
3320 5705 3532 5757 munus,

1970 5768 2317 5825 oblationem.
2355 5765 2481 5820 Vide
2511 5780 2649 5819 nunc
2678 5779 2840 5824 muris
2872 5767 3026 5823 istius
3055 5763 3441 5839 antiquitatem.
