3976 6186
519 291 652 349 ίδῖΊ

587 402 922 465 Sichintund,
954 410 1059 455 etc.

593 496 702 561 Ego
747 492 1029 546 Deusdedit
1055 491 1335 561 presbiter
1374 492 1495 547 huic
1537 493 1751 547 cartula
1782 494 2085 549 donationis

519 584 652 637 facta
705 584 755 635 in
802 583 1027 637 ecclesia
1073 584 1239 637 sancti
1291 581 1439 637 Petri
1491 585 1739 639 manibus
1784 587 1916 640 meis
1956 588 2087 640 suh-

516 674 726 745 scripsi.

1236 743 1352 799 XV.

516 838 743 893 Radrhis
770 840 923 893 abbas
958 838 1251 892 monasterii
1290 840 1447 891 sancti
1479 837 1740 892 Michaelis
1771 840 1822 892 in
1858 839 2076 893 Iutcenst'
2132 838 2137 844 ’

583 927 708 979 agro
742 912 832 979 siti
872 925 1204 963 manserein
1234 910 1325 960 sibi
1354 911 1405 961 in
1436 911 1607 961 eodem
1647 926 1850 962 munere
1881 912 2079 961 consti-

583 983 679 1119 zuit
712 978 1110 1121 Wét'lgtfandum
1154 980 1392 1033 clericum
1432 980 1595 1047 [ilium
1631 979 1881 1049 Wulperti
1920 982 2072 1034 ducis

604 1068 740 1105 anno
805 1059 838 1105 ι
904 1091 919 1106 .

582 1054 740 1119 (αηηο
770 1054 919 1119 7Ξ8).

581 1138 640 1196 ln
679 1145 888 1194 nomine
925 1139 1131 1193 Domini
1173 1139 1337 1192 nostri
1377 1137 1503 1192 Jesu
1531 1137 1751 1192 Christi.
1801 1140 2087 1208 Regnante

509 1230 705 1286 domno
736 1241 918 1284 nostro
942 1229 1251 1298 Liutprand,
1281 1244 1419 1282 anno
1451 1229 1736 1283 felicissimi
1770 1232 1917 1299 regni
1950 1231 2076 1301 eius

516 1322 901 1386 sextodecimo,
929 1338 1019 1390 per
1046 1322 1170 1375 indi.
1193 1322 1332 1375 tione
1358 1321 1634 1375 umlecima
1664 1320 1906 1376 feliciter.
1940 1322 2084 1376 Rad-

506 1415 625 1468 cbis
650 1414 970 1468 venerabilis
999 1413 1162 1467 abbas
1192 1412 1453 1481 presbiter
1483 1411 1573 1464 tibi
1606 1411 1913 1466 dulcissimo
1944 1422 1997 1468 ct
2033 1415 2083 1468 in

504 1506 721 1559 Christo
749 1506 860 1559 lilio
880 1506 1188 1574 Waltprand
1216 1506 1443 1559 clericus
1469 1505 1576 1559 ﬁlio
1603 1504 1783 1560 domui
1806 1506 2081 1576 Waltpett

503 1597 735 1663 glorioso
765 1596 884 1651 duci
917 1596 1163 1650 salutem.
1202 1597 1537 1651 Manifestum
1572 1599 1697 1652 mibi
1726 1610 1827 1664 est,
1858 1609 1913 1654 et
1944 1600 2081 1654 ntul-

504 1696 676 1740 torum
717 1686 959 1750 claruet,
1009 1691 1150 1756 quod
1198 1703 1297 1758 ego
1347 1686 1581 1744 lladcbis
1626 1706 1729 1744 una
1771 1705 1891 1745 cum
1940 1691 2079 1744 bone

504 1779 761 1833 memorie
787 1779 1044 1834 Ansefred
1070 1794 1356 1848 germanus
1383 1795 1534 1841 meus
1565 1783 1887 1836 monasterio
1910 1783 2079 1837 sancti

500 1872 772 1926 Michaelis
799 1886 827 1924 a
857 1870 1203 1926 fundamenta
1236 1871 1487 1927 ediﬁeare
1514 1872 1611 1927 visi
1656 1888 1842 1927 sumus
1890 1872 1979 1927 hic
2025 1874 2078 1927 in

502 1963 643 2031 loco,
665 1963 748 2017 cui
772 1964 1082 2017 vocabulum
1109 1953 1199 2019 est
1217 1966 1530 2033 Apuniano;
1562 1974 1615 2019 et
1639 1966 1866 2034 qualiter
1890 1980 2079 2034 supra-

497 2054 727 2121 scriptns
756 2053 979 2107 Ansfred
1023 2068 1314 2122 germanus
1349 2069 1499 2109 meus
1530 2055 1874 2111 medietatem
1906 2055 2078 2110 omni-

498 2144 599 2196 bus
640 2141 798 2196 rebus
840 2143 1138 2197 substantie
1175 2158 1270 2198 sue
1325 2144 1518 2199 ividem
1571 2161 1663 2214 per
1704 2145 1844 2199 dotis
1886 2146 2074 2214 pagina

494 2232 756 2295 contulit,
809 2232 962 2286 simol
1007 2241 1062 2287 et
1105 2248 1204 2303 ego
1250 2244 1580 2289 memoratus
1623 2234 1857 2289 Radchis
1901 2250 2075 2289 meam

495 2336 644 2392 parte
686 2326 736 2377 in
779 2325 985 2394 integro
1029 2325 1167 2379 idem
1219 2342 1313 2394 per
1345 2327 1613 2393 predictas
1643 2326 1783 2381 dotis
1828 2325 2076 2380 fermavi.

494 2416 642 2470 Nunc
666 2430 794 2470 vero
821 2417 1026 2470 recolor
1051 2433 1150 2484 ego
1183 2416 1319 2470 hanc
1350 2416 1585 2470 ltadebis
1611 2415 1872 2487 fragilitas
1904 2416 2075 2471 seculi

494 2511 648 2563 istius
676 2525 688 2561 :
731 2508 851 2563 ideo
883 2510 1017 2561 bona
1048 2517 1281 2562 mentem
1323 2519 1380 2562 et
1418 2519 1712 2577 spontanca
1743 2508 2071 2562 Voluntatem

491 2598 615 2651 vulo
659 2597 831 2667 adque
873 2597 1110 2652 decerno
1136 2640 1151 2664 ,
1205 2606 1262 2649 ut
1308 2606 1363 2650 tu
1417 2613 1448 2650 n
1475 2597 1718 2651 :minntus
1748 2596 2071 2666 Waltpt-and

493 2689 613 2756 ipso
635 2701 819 2742 sancto
846 2689 936 2742 Dei
964 2686 1289 2742 monasterio
1313 2689 1450 2742 beati
1476 2686 1719 2743 Michaeli
1747 2702 1867 2743 cum
1893 2688 2071 2742 omnia

497 2792 548 2834 et
581 2780 633 2833 in
656 2779 906 2834 onmibus
933 2779 1123 2833 ividem
1152 2788 1518 2849 perteuentem
1549 2780 1612 2833 ad
1640 2780 2069 2849 gubernandum,

493 2882 547 2925 et
578 2872 810 2942 regendo
845 2873 894 2924 in
925 2881 1013 2924 tua
1043 2871 1124 2925 sid
1159 2879 1498 2940 potestatem,
1531 2880 1792 2937 quatenus
1819 2872 1883 2924 ad
1915 2880 1989 2933 te,
2017 2878 2072 2923 et

497 2963 807 3030 patentibus
851 2962 955 3016 tuis
992 2963 1136 3017 omtti
1180 2973 1419 3032 tempore
1459 2964 1570 3031 ipse
1601 2961 1922 3015 venerabilis
1973 2960 2069 3015 Dei

1689 289 2289 351 LANGOBARDORUM
2332 296 2461 353 REG
2474 300 2564 357 U3!

2119 406 2172 463 Δ
2268 411 2453 501 Actum
2494 411 2548 467 in
2584 417 2949 485 suprascripto
2980 419 3097 475 loco
3127 422 3431 494 Aponiano,
3465 445 3691 501 regnum
3716 451 3763 495 et

3648 318 3773 375 152

2197 499 2485 558 indictione
2508 511 2867 578 suprascripta
2898 513 3141 571 feliciter.

2267 592 2308 663 'l'
2332 595 2551 689 Signum
2584 615 2772 654 manus
2806 602 3037 661 Rudcbis
3066 614 3387 667 veneravilis
3426 618 3601 673 abbas
3631 638 3767 689 pres-

2194 682 2440 751 biterqui
2472 688 2585 756 ipso
2612 690 2887 749 ﬁrmitatis
2919 700 3187 754 monimen
3219 702 3337 758 ﬁeri
3368 711 3601 777 regavit.

2268 775 2379 844 Ego
2414 777 2829 847 Talesperianus
2858 787 3088 843 eximius
3117 775 3455 861 episcopus;
3489 799 3617 853 huic
3658 818 3767 856 car-

2195 872 2301 923 tule
2329 872 2631 928 donationis
2663 875 2799 931 facta
2829 881 2894 934 ad
2930 881 3159 939 [ladchis
3188 890 3462 953 presbiter
3488 894 3543 945 in
3578 894 3759 949 Walti-

2192 962 2357 1027 νικοηά
2389 963 2606 1030 clerico,
2635 964 2773 1022 sicut
2801 971 3047 1039 superius
3082 973 3275 1044 legitur
3304 980 3369 1032 ad
3401 983 3767 1041 confirmando

2189 1053 2460 1106 Suscribsi.

2264 1140 2375 1209 Ego
2396 1143 2778 1203 Sichimundus
2806 1154 3125 1209 veneravilis
3155 1159 3426 1225 presbiter
3456 1175 3679 1229 rogatus
3705 1170 3760 1220 ad

2189 1230 2380 1286 Rachis
2406 1238 2746 1303 veneravilis,
2779 1239 2830 1293 in
2878 1240 3033 1298 hanc
3060 1247 3366 1304 donationis
3401 1260 3613 1307 cat-tuta
3643 1258 3765 1311 facta

2189 1321 2240 1412 in
2270 1322 2581 1394 Waltpraud
2626 1330 2901 1398 clericus,
2958 1335 3097 1390 sicut
3140 1344 3392 1407 superius
3448 1344 3665 1412 legitur,
3708 1350 3767 1404 ad

2187 1406 2552 1474 conﬁrmando
2579 1421 2898 1479 subscribsi.

2257 1504 2475 1575 Signum
2508 1524 2697 1567 manus
2726 1513 2983 1583 Teutpald
3013 1517 3076 1572 γ.
3107 1519 3168 1574 D.
3199 1519 3460 1589 Seavino,
3489 1528 3667 1583 testis.

2261 1594 2373 1665 Ego
2405 1597 2617 1654 Taifred
2650 1604 2914 1672 presbiter
2945 1620 3158 1678 rogatus
3200 1613 3267 1666 ad
3301 1614 3546 1669 Radchis
3577 1621 3767 1681 presbio

2187 1696 2304 1742 tero
2351 1688 2405 1742 in
2456 1690 2591 1746 hanc
2619 1695 2821 1749 eartula
2850 1696 3152 1754 donationis
3179 1702 3321 1759 facto
3364 1706 3422 1759 in
3455 1706 3767 1778 Waltprand

2183 1781 2397 1849 abbate,
2430 1788 2677 1853 proprias
2706 1802 2895 1843 manus
2924 1806 3070 1847 meas
3098 1796 3421 1866 subscripsi.
3840 1862 3849 1869 ,

2253 1873 2477 1943 Signum
2510 1891 2698 1931 manus
2727 1881 2966 1937 Raduald
3000 1884 3109 1939 lilio
3128 1886 3435 1953 Guntifred,
3464 1893 3649 1958 testis,
3672 1906 3770 1951 etc.

2258 1965 2369 2033 Ego
2389 1965 2721 2024 Gaudentius
2742 1971 2988 2041 indignus
3012 1977 3297 2044 presbiter,
3322 1983 3573 2036 notarius
3597 1998 3773 2040 sancte

2185 2054 2425 2111 Ecclesie
2452 2056 2708 2115 Lucensis
2733 2061 2990 2131 civitatis,
3019 2079 3274 2135 quantum
3303 2072 3355 2124 in
3385 2076 3675 2129 autentieo
3703 2080 3773 2130 in-

2181 2145 2368 2202 venire
2399 2150 2578 2217 potui,
2610 2152 2726 2206 sine
2754 2151 2940 2210 fraude
2970 2159 3055 2213 vel
3085 2159 3211 2214 dolo
3240 2164 3556 2234 exemplavi
3575 2207 3593 2232 ,
3626 2182 3769 2222 euut-

2182 2238 2343 2305 plevi,
2374 2247 2426 2292 et
2454 2238 2596 2305 dedi,
2629 2255 2727 2296 nec
2754 2246 2985 2299 menime
3010 2247 3225 2303 scribsi.

2902 2357 3042 2413 XVI.

2176 2440 2448 2527 Fuitd'ntilo'
2467 2446 2782 2527 :rcnodochii
2801 2450 2857 2527 in
2894 2453 3161 2527 pomario
3180 2453 3432 2509 Lucensis
3464 2459 3615 2510 urbis
3646 2462 3773 2527 forte

2245 2531 2276 2565 α
2300 2514 2645 2590 §icltimundo
2671 2518 3107 2590 ore/tipresbyiero
3134 2522 3379 2579 Lucensis
3417 2514 3690 2590 Εείιεείτὲ,
3719 2548 3774 2583 ac

2244 2584 2401 2638 tribus
2419 2594 2441 2619 ο
2458 2588 2705 2655 gasindiis
2731 2584 3041 2659 Liulpratidi
3061 2594 3218 2662 regis,
3243 2595 3414 2649 Ticini
3435 2600 3617 2667 (Arma
3632 2584 3769 2670 7429).

2246 2694 2521 2766 Regnante
2557 2696 2755 2755 domno
2783 2712 2969 2759 nostro
3000 2703 3317 2774 Liutprand,
3346 2709 3469 2762 viro
3500 2713 3773 2768 excellen-

2174 2786 2383 2841 tissimo
2418 2803 2577 2858 rege,
2606 2804 2746 2845 anno
2773 2792 2984 2860 pietatis
3012 2794 3128 2864 ejus
3158 2806 3353 2853 octavo
3391 2801 3639 2866 decimo,
3681 2807 3781 2858 sub

2172 2876 2263 2932 die
2307 2892 2372 2931 xv
2415 2878 2643 2936 Kalend.
2693 2881 2937 2949 Januar.,
2988 2885 3276 2943 indictione
3322 2893 3484 2945 tertia
3537 2894 3768 2950 decim.

2169 2968 2395 3023 Oraculo
2447 2980 2753 3026 sanctorum
2809 2973 3004 3029 Christi
3068 2976 3443 3033 confessiirum
3498 2983 3769 3049 Secundi,

495 3053 820 3107 monasterio
846 3053 913 3105 ab
939 3054 1082 3107 omni
1114 3054 1475 3107 controversia
1506 3051 1731 3106 seculari
1757 3050 2065 3105 defensatus
2098 3094 2145 3155 ε
2175 3056 2456 3112 Gaudentii
2487 3070 2646 3128 atque
2674 3062 3018 3130 Columbani,
3050 3069 3189 3133 quod
3224 3067 3335 3120 Deo
3361 3070 3599 3135 juvante
3628 3086 3768 3127 eum

496 3154 641 3198 esset
669 3145 997 3209 inveniatur;
1030 3154 1083 3199 et
1113 3155 1167 3199 tu
1193 3144 1521 3209 dulcissime,
1545 3156 1597 3199 et
1624 3144 1675 3197 in
1698 3143 1911 3198 Christo
1936 3143 2066 3209 ﬁlio,

493 3234 811 3305 Waltprand
851 3237 930 3291 sic
971 3237 1024 3290 in
1067 3238 1181 3304 ipso
1213 3238 1541 3291 minasterio
1571 3252 1870 3305 guvernare
1899 3245 1953 3291 et
1984 3251 2067 3291 re-

492 3344 619 3397 gere
642 3329 843 3395 dtveas,
867 3339 924 3382 ut
950 3330 1093 3383 omni
1121 3338 1358 3397 tempore
1387 3330 1437 3382 in
1466 3330 1714 3383 omnibus
1739 3330 2066 3394 melioratas,

486 3429 540 3472 et
588 3434 692 3471 non
741 3419 793 3470 in
840 3418 1137 3472 luminariis
1166 3419 1250 3474 vel
1289 3418 1464 3473 oflicio
1509 3420 1802 3487 depereat;
1849 3428 1903 3474 et
1948 3428 2067 3488 post

486 3513 636 3563 obito
664 3525 782 3563 meo
809 3510 1024 3576 omnia,
1073 3522 1128 3565 et
1173 3512 1224 3566 in
1273 3512 1554 3577 omnibus,
1598 3510 1736 3566 sicut
1766 3511 1911 3578 dixi,
1956 3513 2068 3580 ipse

501 3610 685 3652 saneto
713 3597 1058 3666 monasterio,
1090 3610 1145 3656 et
1180 3617 1365 3655 omnes
1396 3616 1489 3669 per
1519 3601 1714 3654 ividem
1749 3609 2065 3669 perterrente

490 3691 544 3744 in
595 3672 680 3743 tua
726 3689 1091 3745 defensionem
1138 3703 1194 3746 et
1236 3691 1474 3745 dominio
1514 3691 1691 3745 valeat
1725 3707 2063 3757 permanere.

488 3782 705 3837 litdum
755 3797 854 3851 ego
900 3784 1144 3851 superius
1192 3784 1490 3836 nominatus
1539 3782 1754 3837 [latebis
1806 3782 2059 3838 advivere

486 3889 754 3939 meruero,
796 3876 975 3928 omnia
1024 3890 1111 3929 res
1154 3876 1263 3944 ipsa
1295 3889 1412 3928 cum
1462 3875 1697 3943 predicto
1728 3878 2062 3931 monasterio

485 3968 831 4037 guvernando
884 3978 943 4024 et
993 3970 1265 4039 regendo,
1316 3967 1367 4020 iu
1418 3982 1535 4022 mea
1582 3970 1663 4022 sid
1715 3979 2059 4039 potestatem.

490 4061 618 4115 l‘ust
660 4063 807 4116 obito
839 4076 964 4116 vero
1012 4078 1134 4116 meo
1184 4071 1236 4115 tu
1284 4061 1475 4115 ividem
1507 4063 1757 4117 dominus
1784 4075 1836 4118 et
1863 4064 2060 4132 guber-

487 4163 643 4208 nator
668 4168 789 4208 esse
820 4153 1129 4217 inveniaris,
1181 4163 1235 4208 et
1279 4154 1535 4207 familiola
1573 4155 1742 4208 sancti
1787 4155 2017 4208 Michaili
2044 4193 2063 4220 ,

484 4247 573 4313 qui
606 4256 721 4314 post
762 4261 846 4299 me
881 4248 1234 4311 remanserit,
1284 4255 1340 4299 tu
1387 4262 1480 4300 eos
1530 4261 1717 4316 regere
1764 4264 2063 4315 guvernare

486 4335 667 4389 diveas
701 4336 785 4391 hic
826 4336 877 4389 in
917 4339 1033 4403 ipSu
1065 4336 1155 4390 Dei
1190 4339 1537 4401 monasterio,
1572 4348 1759 4391 utnon
1792 4339 1845 4391 in
1878 4354 2061 4393 errore

2176 3164 2358 3205 nmros
2401 3151 2630 3205 civitatis
2682 3152 2957 3217 Lucensis,
3010 3155 3127 3210 loco
3172 3156 3258 3211 ubi
3309 3160 3512 3214 dicitur
3561 3165 3769 3229 Apulia,

2174 3244 2425 3297 ediﬁcare
2454 3236 2770 3313 dispenent,
2811 3247 2901 3300 ubi
2948 3256 3003 3301 et
3040 3247 3284 3303 diacooia
3327 3253 3380 3305 in
3425 3259 3771 3323 susceptione

2172 3338 2577 3405 peregrinorum
2616 3338 2730 3392 ﬁeri
2772 3349 3061 3407 exaptant,
3111 3342 3405 3411 Sigemund
3449 3351 3770 3406 venerabilis

2170 3431 2585 3498 archipresbiter
2608 3433 2845 3498 ejusdem
2870 3433 3120 3488 Ecclesia:
3144 3435 3427 3503 Lucensis,
3454 3456 3553 3495 seu
3578 3442 3764 3496 Tbeut-

2170 3533 2309 3590 pert,
2355 3532 2407 3575 et
2453 3521 2694 3589 ltatpert,
2741 3535 2900 3592 atque
2940 3533 2995 3578 et
3032 3523 3303 3593 Godepert
3337 3529 3451 3582 νγ.
3494 3531 3626 3586 MM.
3664 3533 3759 3587 Ga-

2169 3614 2307 3669 sindi
2342 3615 2515 3683 regis,
2548 3615 2640 3668 lilii
2678 3615 2944 3684 quondam
2978 3615 3258 3671 Gunduald
3280 3660 3295 3683 ,
3331 3632 3621 3685 presentes
3649 3639 3759 3692 μη-

2169 3706 2413 3761 sentibus
2449 3704 2701 3760 dixerunt
2742 3724 2755 3759 :
2799 3704 2853 3759 In
2900 3708 3190 3777 Evangelia
3232 3709 3514 3767 Redentor
3552 3715 3763 3769 humani

2168 3801 2401 3866 generis,
2448 3807 2553 3852 etc.
2598 3798 2934 3867 Quapropter
2977 3814 3073 3853 nos
3119 3800 3233 3855 Deo
3276 3804 3588 3869 inSpir-ante
3624 3810 3761 3875 juxta

2170 3891 2439 3956 propriam
2468 3890 2801 3943 voluntatem
2841 3898 2895 3944 et
2930 3900 3051 3943 vota
3086 3891 3257 3957 ipsum
3296 3907 3553 3950 sanctum
3584 3914 3762 3953 oracu-

2166 3980 2275 4033 lum
2308 3980 2556 4034 ediﬁcare
2576 3980 2909 4049 disponimus
2935 3982 2986 4034 in
3013 3984 3384 4054 suprascripto
3420 3987 3543 4042 loco
3574 4001 3628 4043 et
3655 3990 3760 4043 dia-

2164 4071 2319 4125 conia
2350 4072 2402 4125 in
2433 4074 2768 4137 susceptione
2799 4072 3199 4141 peregrinorum
3225 4113 3242 4138 ,
3277 4092 3377 4129 nos
3412 4083 3756 4146 suprascripti

2162 4162 2399 4230 germani
2426 4161 2743 4229 Teltutpert,
2778 4162 3013 4230 liatpet't,
3050 4171 3106 4217 et
3134 4162 3433 4233 Godepert,
3466 4185 3564 4236 pro
3596 4186 3761 4225 reme-

2162 4252 2252 4306 dio
2297 4264 2641 4318 parenlorum
2684 4261 3007 4318 nostrorum,
3057 4262 3217 4323 atque
3262 4267 3450 4312 nostra
3493 4262 3760 4330 mercede,

2162 4356 2231 4394 ex
2264 4353 2408 4395 terra
2442 4352 2650 4415 nostra,
2677 4356 2834 4409 quam
2863 4344 2916 4395 in
2945 4343 3059 4411 ipso
3098 4344 3215 4399 loco
3250 4348 3449 4415 Apulia
3483 4351 3757 4417 habemus,

487 4431 569 4479 Vel
619 4430 795 4494 aliqua
846 4428 1217 4495 deceptionetn
1276 4440 1395 4495 post
1447 4444 1531 4483 tne
1590 4440 1898 4483 remaneant
1939 4447 1954 4484 :
2011 4441 2064 4485 et
2094 4446 2149 4508 Ι)
2174 4434 2222 4485 in
2260 4434 2434 4487 tabula
2468 4450 2567 4488 una
2598 4433 2883 4502 recipiente
2914 4436 3175 4490 modiolas
3204 4438 3528 4506 duodecim,
3572 4444 3625 4496 in
3661 4458 3761 4513 qua

485 4517 735 4584 deinceps
772 4519 909 4572 sicut
948 4520 998 4572 in
1038 4523 1397 4589 suprascripta
1431 4522 1572 4577 dotis
1610 4538 1637 4576 a
1671 4538 1755 4578 me
1787 4523 2019 4578 Radcliis
2041 4566 2058 4591 ,

483 4618 539 4661 et
585 4608 724 4661 bone
766 4610 1023 4662 memorie
1076 4612 1300 4665 Auslred
1365 4627 1618 4679 germano
1682 4613 2060 4668 conﬁrmatum

486 4698 694 4764 lvgitur,
726 4698 775 4749 in
811 4706 896 4749 tua
924 4697 1240 4768 Waltprand
1277 4713 1595 4770 potesnatem
1630 4713 1959 4771 permaneat.
1998 4705 2060 4760 Et

486 4797 632 4853 nullo
662 4806 901 4866 tempore
951 4814 978 4848 a
1030 4800 1179 4850 novis
1222 4810 1467 4864 posteros
1517 4813 1730 4854 nostros
1782 4805 1880 4856 hec
1925 4804 2063 4855 sicut

485 4891 733 4956 Superius
780 4888 954 4941 valeat
1002 4891 1309 4945 molestare.
1364 4894 1429 4946 Et
1476 4908 1661 4947 servos
1706 4894 1785 4947 vel
1832 4908 1914 4945 an:
1937 4894 2058 4958 illa,

485 4982 622 5050 quod
656 4996 751 5051 pro
780 4981 955 5033 anima
990 4995 1105 5034 mea
1144 4982 1381 5037 livertari
1414 4985 1652 5050 voluero,
1691 4987 1813 5040 volo
1846 4996 1902 5040 ut
1931 4987 2061 5041 live-

487 5090 599 5127 tam
630 5084 782 5129 aveat
812 5084 1160 5142 potestatem,
1208 5084 1261 5126 et
1304 5076 1566 5130 ﬁrmando
1595 5078 1911 5133 livcrtndcm
1936 5120 1953 5143 ,
2003 5090 2061 5134 et

485 5182 644 5233 quum
688 5182 780 5235 per
804 5167 1003 5221 cartula
1035 5180 1189 5235 quam
1221 5166 1489 5221 ﬁrmitatis
1537 5172 1639 5223 mei
1684 5173 1889 5225 cartula
1928 5171 2058 5227 Eoin

486 5258 693 5312 notario
721 5269 774 5312 et
806 5259 856 5311 in
889 5258 1097 5312 Christo
1128 5256 1235 5311 ﬁlio
1278 5273 1397 5311 meo
1426 5259 1711 5313 scrivendo
1742 5264 1957 5329 rogavi,
2007 5264 2060 5318 in

484 5362 584 5411 qua
606 5364 705 5417 ego
724 5349 907 5403 subter
930 5352 1140 5418 signum
1166 5359 1345 5404 sancte
1366 5352 1538 5404 crocis
1561 5353 1801 5418 lirmans,
1826 5366 1880 5408 et
1912 5355 2061 5409 testi-

485 5436 584 5491 bus
608 5437 774 5492 obtuli
804 5440 1102 5495 rovorando
1125 5442 1560 5512 subscriptionis.

556 5576 580 5601 ιι
609 5567 856 5643 _G_t_uirtdii
885 5572 1059 5643 iidem
1107 5573 1267 5629 fuisse
1308 5574 1555 5629 videntur
1595 5584 1753 5643 atque
1802 5574 2062 5642 Cardingt

486 5639 621 5699 apud
651 5638 851 5714 Cotinos
882 5640 1147 5714 Hispania:
1187 5646 1545 5710 dominantes,
1585 5638 1808 5714 quorum
1856 5638 2058 5701 mentio

485 5716 567 5757 est
594 5722 643 5762 in
672 5706 899 5778 Legibus
922 5711 1363 5783 Wtsigothorum,
1390 5730 1441 5774 et
1468 5706 1769 5775 iuvcoucilio
1792 5717 2054 5774 Toletani)

2164 4533 2331 4588 terra,
2365 4534 2470 4578 etc.
2506 4524 2615 4593 Ego
2645 4534 2823 4578 autem
2868 4525 3157 4593 Sigemund
3202 4530 3633 4598 archipresbiter
3658 4548 3760 4587 una

2159 4628 2280 4668 cum
2317 4616 2636 4668 auctoritate
2666 4624 2722 4668 et
2755 4629 3018 4669 consensu
3057 4619 3295 4684 germani
3329 4632 3382 4673 et
3414 4621 3620 4676 domini
3661 4624 3761 4676 uici

2160 4706 2525 4773 'l‘aleSperiaui
2557 4706 2814 4775 episcopi,
2847 4718 2901 4760 et
2931 4716 3109 4759 nostra
3142 4709 3358 4777 prepria
3394 4714 3631 4778 [recentia
3664 4728 3757 4778 pro

2161 4807 2346 4852 nostro
2372 4798 2630 4861 remedio,
2656 4799 2824 4853 oﬂ'ero
2844 4807 2900 4853 et
2923 4802 3065 4853 dono
3092 4800 3143 4853 in
3168 4802 3379 4866 prel'ato
3399 4815 3596 4858 sancto
3622 4807 3758 4869 loco,

2158 4904 2215 4947 et
2255 4901 2393 4944 terra
2438 4898 2618 4944 nostra
2661 4892 2726 4943 ad
2772 4890 2957 4945 Runco
3002 4892 3070 4946 de
3110 4891 3321 4958 Casale,
3373 4896 3518 4963 quod
3568 4898 3760 4952 dicitur

2161 4981 2383 5038 Sindoni
2414 4982 2467 5035 in
2498 4997 2655 5049 peua
2688 4998 2790 5036 una
2830 4985 3118 5051 recipiente
3144 4986 3428 5049 modiolas,
3463 5001 3572 5041 etc.
3608 4990 3680 5044 Ita
3708 4998 3764 5042 ut

2161 5091 2281 5131 cum
2325 5075 2520 5128 exinde
2565 5075 2763 5128 Christi
2812 5076 3136 5144 pereiperint
3188 5092 3487 5144 pauperes,
3542 5080 3762 5133 Durnino

2161 5174 2360 5237 gratias
2402 5166 2663 5231 teferant,
2708 5176 2762 5219 et
2805 5166 2958 5220 nobis
3003 5170 3279 5234 proveniat
3322 5170 3390 5222 ad
3440 5172 3761 5225 remedium.

2162 5261 2338 5327 Ipsum
2383 5272 2511 5312 vero
2546 5259 2930 5311 zenndochium
2970 5257 3095 5311 dum
3134 5273 3233 5326 ego
3271 5259 3363 5327 qui
3402 5277 3570 5330 supra
3609 5262 3763 5331 ελδε-

2162 5352 2323 5406 mund
2368 5350 2633 5417 presbiter
2663 5348 2940 5414 advixero,
2977 5348 3029 5400 in
3070 5362 3187 5402 mea
3224 5350 3293 5403 sit
3334 5361 3627 5416 potestate,
3657 5366 3758 5406 ere.

2163 5443 2232 5499 Et
2280 5441 2700 5497 continuationis
2754 5450 2940 5495 nostre
2990 5441 3233 5510 paginam
3296 5441 3492 5511 Magno
3556 5446 3761 5499 nonaria

2165 5590 2281 5629 xm.
2316 5574 2394 5625 En
2425 5573 2641 5627 nomine
2682 5574 2966 5640 optimates
3008 5587 3103 5625 seu
3148 5574 3364 5637 palatini
3398 5576 3536 5640 viri,
3583 5576 3747 5629 Certi-

2164 5648 2334 5715 giani,
2380 5646 2846 5712 signiﬁcabantur;
2890 5658 3059 5712 eoque
3089 5658 3250 5699 sensu
3282 5654 3337 5700 et
3377 5645 3621 5702 Gus'mdii
3650 5660 3747 5699 vox

2166 5725 2467 5785 usurpatur.
3538 5745 3571 5763 λ
