4056 6178
358 343 463 399 373

1419 347 1820 404 DIPLOMATA
1868 340 2146 398 ECGLES.
2187 340 2522 397 SEHSCTA.

3454 338 3590 393 1378

322 477 507 521 sancte
534 463 829 520 Ticinensis
862 465 1110 520 Ecclesiae
1136 480 1201 520 ex
1240 466 1390 533 jussu
1433 464 1702 519 Benedicti
1731 476 1894 516 vene—
1926 458 1980 517 Α
2007 458 2227 511 minaria
2275 468 2577 512 sanctorum
2622 458 2712 512 Dei
2747 457 2923 523 l‘aciat,
2973 466 3023 511 ct
3056 457 3356 517 missarum,
3388 462 3489 510 etc.
3535 467 3593 513 et

324 558 505 610 rabilis
533 556 839 611 subdiaconi
859 598 873 619 ,
902 567 954 610 et
988 557 1177 627 Exopt.
1207 556 1380 611 Ticin.
1423 554 1768 610 scribendum
1813 568 1907 606 ro-

325 649 585 718 gavimus,
616 655 670 702 et
696 650 882 702 subter
908 648 1347 703 conﬁrmantibus
1379 646 1714 716 testibusque
1742 644 1909 700 obtu-

328 742 487 797 limus
510 741 890 799 roborandum.

401 835 590 887 Actum
620 832 814 889 Ticini.

404 922 516 991 Ego
551 922 859 978 Sichimund
898 923 985 979 W.
1026 924 1292 993 presbiter
1332 924 1453 979 huic
1490 923 1693 979 eartula
1735 922 1909 977 dona-

334 1013 492 1067 tionis
520 1028 548 1066 a
580 1012 734 1067 nobis
757 1013 892 1067 facta
920 1016 1232 1083 subscripsi,
1260 1027 1316 1070 et
1349 1015 1572 1070 Ie3tibus
1597 1013 1907 1081 optulimus.

406 1107 515 1174 ligo
545 1104 836 1172 Theutpcrt
862 1104 921 1160 ν.
954 1106 1023 1160 Μ.
1056 1107 1177 1159 huic
1205 1107 1407 1159 i-artula
1436 1105 1741 1159 donationis
1769 1118 1798 1157 a
1824 1116 1909 1158 me

332 1206 387 1250 et
413 1196 678 1265 germanis
705 1194 839 1249 meis
869 1196 1002 1253 facta
1028 1196 1191 1266 relegi
1222 1206 1277 1252 et
1304 1197 1581 1264 suscripsi,
1609 1204 1664 1250 et
1688 1194 1917 1248 testibus

333 1288 624 1340 obtulimus
655 1287 973 1343 roboranda.

410 1376 521 1446 Ego
548 1376 851 1447 Gudepert,
882 1377 969 1446 qui
999 1392 1191 1433 nomen
1223 1392 1377 1431 suum
1408 1375 1659 1446 scripsit,
1692 1384 1747 1431 et
1779 1374 1916 1431 hanc

334 1471 593 1526 cartalam
626 1471 737 1526 ﬁeri
769 1471 997 1542 rogavit.

409 1562 630 1630 Signum
660 1576 847 1615 manus
877 1560 1118 1616 Roduald
1155 1559 1363 1630 gasindi
1401 1558 1546 1630 regi,
1591 1558 1702 1613 lilio
1740 1574 1917 1627 quou-

337 1656 460 1708 dani
493 1652 730 1721 lludpald
751 1692 768 1717 ,
800 1652 971 1707 testis.

414 1745 525 1816 Ego
547 1745 636 1813 qui
674 1759 835 1812 supra
876 1744 1092 1815 Magnus
1131 1743 1369 1799 notarius
1405 1748 1591 1796 sancte
1618 1740 1921 1795 Ticinensis

345 1838 604 1901 Ecclesie,
631 1835 859 1903 scriptor
888 1835 1044 1905 hujus
1072 1838 1281 1893 cartule
1309 1835 1631 1902 donationis,
1664 1842 1781 1903 post
1813 1844 1921 1887 tra-

342 1928 452 1980 dita
483 1928 742 1997 complevi
774 1938 827 1983 et
854 1929 1003 1983 dedi.

421 2019 531 2085 Ego
554 2019 797 2087 Ospraud
826 2018 1213 2084 subdiaconus,
1245 2016 1486 2073 notarius
1516 2025 1699 2070 sancte
1729 2014 1930 2070 Lscen—

348 2113 421 2163 sis
450 2110 706 2179 Ecclesie,
728 2120 985 2177 quantum
1017 2113 1067 2164 iu
1096 2110 1427 2167 auteuticum
1456 2109 1655 2177 iuveni,
1687 2122 1785 2163 nec
1816 2108 1937 2177 plus

346 2201 548 2266 addidi,
580 2215 679 2255 nec
708 2201 941 2255 tnenime
964 2201 1178 2269 scripsi.

980 2311 1296 2368 XVII-XIX.

353 2402 555 2457 Ublatio
582 2402 775 2471 aliquot
816 2402 1095 2471 fundorum
1137 2406 1275 2471 facta
1314 2419 1345 2455 a
1386 2402 1724 2457 Sirhimundo
1766 2400 1941 2454 archi-

420 2475 708 2611 giefgptcro
731 2470 974 2527 Ecclesiae
1001 2470 1214 2526 Lucensi
1244 2475 1409 2527 sancti
1443 2472 1583 2528 Petri
1626 2481 1784 2544 (anno
1810 2472 1936 2525 Chr.

426 2633 480 2688 In
512 2633 603 2688 Dei
632 2634 845 2689 nomine
874 2643 1129 2704 regnante
1153 2632 1379 2689 domuos
1408 2645 1589 2690 nostro
1614 2632 1940 2703 Liutprand,

353 2734 409 2780 et
439 2724 705 2795 llelprand
749 2724 859 2779 Deo
895 2726 1115 2794 juvaute
1162 2727 1373 2797 regibus
1404 2742 1545 2781 anno
1575 2726 1720 2794 regni
1752 2740 1940 2780 eorum

358 2815 468 2871 Deo
503 2817 881 2886 propitiantem
913 2833 1080 2871 xxxnt
1116 2827 1171 2872 et
1199 2818 1394 2884 Quinto
1427 2817 1625 2872 mensis
1666 2814 1942 2870 Februarii

360 2923 456 2976 per
484 2907 768 2962 indictione
798 2922 980 2963 octava
1017 2908 1266 2963 feliciter.
1306 2906 1687 2963 Sichimundus
1716 2918 1941 2959 venera-

359 2999 482 3054 bilis
533 2999 926 3070 arcipresbyler
982 3001 1075 3053 tLbi
1129 2997 1365 3055 Ecclesia
1421 2998 1513 3054 Dei
1565 2997 1739 3067 adque
1787 2997 1945 3051 beato

358 3099 547 3145 sancto
590 3091 748 3146 Petro
792 3099 1015 3161 patrono
1046 3107 1167 3146 meo
1211 3107 1264 3159 p.
1296 3108 1345 3156 p.
1372 3092 1475 3145 sal.
1504 3090 1578 3143 di.
1628 3090 1759 3143 Dum
1799 3090 1942 3143 enim

2015 548 2344 603 Gaudentius
2373 549 2615 616 quamvis
2642 550 2888 617 indignus
2929 549 3205 617 presbyter
3235 548 3465 601 serivere
3499 561 3590 601 ro-

2013 643 2155 706 gavi,
2203 651 2256 695 et
2301 642 2484 695 subter
2512 642 2662 708 signa
2709 653 2891 694 sancte
2921 641 3063 697 croci
3096 641 3217 705 feci,
3249 648 3353 694 etc.
3409 641 3598 693 Actum

2016 731 2176 796 Luca,
2212 746 2454 800 regnum,
2484 741 2537 785 et
2567 731 2858 786 indictione
2887 732 3246 800 suprascripta
3276 731 3521 785 feliciter.

2091 822 2202 893 Ego
2241 822 2554 877 Sichimund
2602 822 2928 877 venerabilis
2975 821 3354 889 arcipresbiter
3401 821 3452 874 iu
3500 820 3604 874 hac

2019 912 2152 967 facta
2185 913 2409 967 Domino
2435 925 2488 969 et
2528 925 2714 969 sancto
2747 916 2903 969 Petro
2943 915 3083 969 sicut
3122 914 3369 980 superius
3410 914 3603 983 legitur

2018 1004 2229 1074 propria
2259 1019 2448 1058 manus
2477 1020 2591 1059 mea
2621 1005 2911 1074 subscripsi
2942 1017 2994 1059 et
3026 1005 3251 1059 ﬁrmavi.

2755 1117 2874 1172 XX.

2020 1207 2287 1263 Autconda
2325 1218 2371 1262 et
2407 1207 2620 1261 Natalia
2663 1224 2863 1261 sorores
2902 1208 3261 1261 monasterium
3303 1206 3604 1259 moniulium

2090 1279 2144 1331 in
2174 1280 2371 1331 civitate
2412 1277 2681 1331 Veronensi
2710 1280 2947 1343 fundant,
2992 1289 3141 1339 atque
3164 1277 3297 1330 illud
3334 1278 3425 1329 sub
3468 1276 3604 1342 regi-

2094 1350 2229 1403 mine
2254 1350 2447 1402 abbatis
2477 1361 2668 1405 sancta:
2697 1347 2882 1402 Mariis
2904 1350 2971 1401 ad
3002 1348 3265 1417 Urganum
3292 1346 3609 1400 constituunt

2096 1420 2255 1492 (anno
2284 1419 2437 1488 7M).

2097 1536 2153 1590 lu
2195 1534 2413 1589 nomine
2456 1533 2662 1589 Domini
2707 1532 2872 1588 nostri
2918 1531 3046 1587 .lesu
3074 1529 3294 1587 Christi.
3339 1530 3613 1599 Regnanle

2028 1628 2480 1685 excellentissimo
2510 1627 2624 1679 viro
2650 1626 2823 1695 adque
2866 1623 3102 1694 piissimo
3132 1624 3330 1677 domno
3362 1620 3616 1675 Batechis

2030 1734 2184 1790 rege,
2214 1732 2357 1773 anno
2384 1717 2530 1787 regni
2562 1717 2677 1785 ejus
2709 1718 2881 1785 primo
2910 1732 3003 1781 per
3032 1715 3321 1768 indictione
3349 1728 3418 1766 xu
3452 1711 3616 1766 felici-

1959 1802 2004 1863 B
2034 1822 2135 1867 ter.
2173 1809 2417 1866 Oratorio
2454 1823 2668 1877 semper
2697 1808 2917 1875 virginis
2949 1815 3003 1859 et
3044 1804 3134 1858 Dei
3168 1802 3469 1859 Genetricis
3508 1802 3618 1854 Ma-

2033 1904 2134 1969 rie,
2165 1916 2269 1971 que
2300 1904 2435 1955 intra
2467 1901 2684 1956 domum
2716 1901 2850 1955 cella
2882 1906 3064 1953 nostra
3098 1897 3406 1951 Veronense
3431 1895 3534 1949 sito
3564 1894 3618 1948 in

2034 1998 2249 2052 civitate
2293 2003 2606 2051 construere
2649 1993 2746 2048 visi
2790 2008 2975 2048 sumus
3021 1990 3179 2046 simul
3222 2005 3344 2044 cum
3392 1988 3621 2043 Nazario

2035 2099 2267 2146 connato
2306 2097 2360 2142 et
2401 2087 2570 2157 .logali
2617 2099 2805 2141 nostro
2843 2084 3118 2139 Autconda
3161 2092 3214 2138 et
3253 2082 3456 2137 Natalia
3499 2095 3621 2149 ger-

2038 2197 2223 2235 manas
2250 2195 2347 2248 pro
2372 2179 2517 2233 utilis
2537 2162 2735 2233 Christi
2765 2177 3010 2244 ancillas,
3042 2189 3261 2245 presens
3288 2172 3622 2243 presentibus

2042 2270 2150 2325 dixi
2186 2288 2199 2324 :
2234 2270 2492 2325 Dominus
2520 2284 2582 2325 ac
2625 2268 2952 2337 Redemptor
2992 2277 3174 2321 noster
3201 2266 3355 2321 Jesus
3381 2265 3626 2319 Christus

2040 2375 2093 2419 et
2121 2364 2531 2419 admonentibus
2576 2378 2672 2417 nos
2702 2362 2766 2416 ad
2806 2361 3067 2431 gremium
3107 2371 3303 2413 sancta:
3337 2357 3501 2413 Marie
3530 2372 3622 2411 cc-

2040 2457 2207 2513 clesie
2236 2457 2413 2511 redire
2452 2464 2658 2510 ornatus
2695 2463 2808 2521 est,
2842 2462 2895 2507 et
2921 2452 3062 2507 dulci
3096 2452 3350 2517 uberum,
3380 2465 3481 2520 qua
3513 2448 3624 2517 pri-

2043 2562 2162 2603 mus
2221 2548 2512 2601 admiserat
2565 2559 2801 2614 parens,
2862 2545 3092 2598 ubertim
3149 2542 3365 2596 liuentia
3422 2542 3629 2593 sacim-e

2042 2638 2426 2695 commonisset
2454 2636 2638 2690 dicens
2671 2653 2683 2687 :
2719 2634 2934 2698 Venite,
2962 2632 3236 2687 saciamiui
3272 2649 3284 2683 :
3319 2641 3371 2685 et
3400 2630 3487 2699 qui
3521 2645 3628 2683 non

2049 2730 2219 2783 abctis
2250 2727 2507 2798 precium,
2531 2726 2737 2791 venite;
2772 2726 2934 2779 bibite
2962 2725 3017 2778 in
3047 2723 3235 2784 letitia,
3266 2724 3364 2775 sub
3391 2721 3477 2775 iali
3504 2734 3631 2776 vero

2048 2812 2234 2876 tenore
2270 2830 2361 2875 aut
2389 2819 2704 2875 condicione
2733 2834 2746 2871 :
2777 2818 3126 2872 convertimini
3161 2816 3232 2870 ad
3264 2832 3373 2884 me,
3416 2827 3463 2869 et
3504 2830 3629 2868 conc

2046 2924 2214 2965 vertor
2243 2912 2311 2964 ad
2341 2910 2507 2974 vobis;
2542 2918 2595 2964 et
2624 2911 2669 2962 si
2696 2908 3036 2972 conveneris,
3070 2906 3372 2976 quesieritis
3405 2920 3511 2967 me,
3541 2918 3631 2957 ero

2047 3007 2185 3059 vobis
2212 3005 2264 3057 in
2293 3012 2506 3072 patrem,
2538 3012 2582 3055 et
2611 3018 2695 3055 vos
2721 3001 2860 3054 eritis
2892 2998 3015 3053 milii
3044 3000 3095 3052 in
3116 3000 3252 3067 ﬁlios
3277 3006 3331 3051 et
3362 2996 3519 3063 lilios,
3553 2996 3633 3050 di-

2050 3102 2123 3153 cit
2154 3096 2429 3152 Dominus.
2464 3094 2529 3150 Et
2559 3093 2945 3163 persemctipsa
2972 3094 3168 3147 clamat
3196 3091 3434 3149 Veritas.
3467 3096 3523 3141 et
3551 3101 3634 3142 res

361 3182 444 3237 vel
475 3184 519 3237 si
553 3149 825 3253 indignum
853 3182 1171 3238 Sichimand
1200 3149 1264 3237 es
1296 3149 1519 3235 infantia
1550 3180 1777 3237 devotus
1804 3180 1946 3235 desi-

2051 3189 2242 3245 dencio
2265 3197 2444 3242 nostra
2474 3188 2629 3242 Jesus
2658 3187 2829 3241 bonus
2860 3202 2874 3239 :
2904 3183 3070 3239 Pelite
3095 3194 3143 3238 et
3174 3183 3449 3253 accipietis.
3485 3182 3636 3247 Que-

359 3275 557 3329 derans
602 3273 827 3329 Domino
870 3274 996 3329 Jesu
1038 3274 1252 3329 Christo
1282 3275 1363 3330 vel
1411 3272 1633 3343 ejusque
1677 3273 1949 3329 liminibus

363 3368 590 3437 prumtis
633 3382 823 3435 queam
873 3368 1031 3421 tundo
1079 3366 1354 3423 descrbire
1407 3382 1631 3421 unacum
1675 3370 1792 3436 ejus
1835 3367 1949 3421 cle-

364 3461 563 3514 ruentia
596 3460 813 3514 tractavi
848 3469 903 3513 ut
930 3460 998 3515 de
1042 3461 1219 3530 parvis
1258 3461 1419 3515 rebus
1450 3459 1799 3514 substantiola
1832 3473 1950 3513 mea

366 3551 450 3604 vel
482 3550 808 3617 adquisitulo
838 3566 923 3605 me
953 3552 1198 3621 quamvis
1226 3551 1278 3605 in
1313 3550 1525 3605 modico
1557 3566 1677 3606 meo
1704 3560 1829 3606 ante
1858 3550 1952 3604 tri-

366 3642 529 3697 bunal
557 3643 729 3696 eterni
759 3640 963 3696 Judicis
987 3644 1196 3696 salvare
1227 3642 1445 3709 possim.
1480 3642 1612 3696 0die
1642 3642 1693 3695 iu
1723 3641 1814 3695 Dei
1856 3655 1953 3695 no-

370 3734 517 3785 mine
563 3746 662 3801 ego
706 3733 795 3797 qui
846 3746 1006 3801 supra
1062 3732 1376 3788 Sichimund
1430 3732 1808 3802 arcipresbiter
1859 3746 1954 3800 per

372 3823 509 3878 hanc
537 3822 678 3878 dotis
722 3825 878 3878 titulo
907 3824 1073 3879 olleru
1107 3824 1216 3879 Deo
1243 3806 1419 3894 adque
1458 3824 1750 3879 beatissimi
1782 3825 1953 3879 sancti

375 3914 550 3977 l’etii,
582 3915 669 3968 ubi
698 3929 799 3983 ego
840 3916 1086 3985 quamvis
1118 3916 1366 3985 indignus
1400 3931 1465 3971 ex
1508 3916 1729 3970 infantia
1768 3916 1955 3971 deser-

375 4009 491 4061 bire
530 4008 673 4061 visus
711 4008 816 4072 lui,
854 4010 988 4063 idest
1021 4018 1170 4077 parte
1201 4024 1373 4064 meam
1403 4008 1473 4063 de
1499 4024 1622 4063 casa
1666 4008 1751 4063 hic
1793 4022 1956 4077 prape

374 4096 537 4151 Stice
587 4096 675 4150 ubi
719 4100 1049 4153 cummanire
1096 4100 1307 4165 videor,
1357 4116 1477 4155 cum
1527 4100 1825 4155 solamento
1873 4100 1957 4155 vel

374 4200 496 4241 eum
528 4187 701 4241 omnia
733 4188 1033 4256 adjacentia
1070 4204 1201 4255 sua,
1249 4204 1370 4243 cum
1405 4191 1598 4244 movile
1642 4191 1723 4245 vel
1766 4191 1961 4245 immo-

376 4282 507 4346 vile,
538 4296 665 4335 seeo
694 4283 1114 4349 semoventibus,
1144 4286 1321 4337 omnia
1354 4282 1548 4337 usitilia
1574 4284 1702 4349 alia,
1734 4283 1957 4350 scherpa

379 4389 554 4426 meam
596 4382 701 4425 tam
745 4374 954 4440 pannis,
996 4389 1238 4440 erameu,
1283 4374 1365 4429 vel
1410 4376 1695 4438 auricalco.
1738 4375 1958 4441 codicis,

381 4466 461 4516 vel
490 4465 669 4516 omnia
692 4464 950 4532 quidquid
979 4468 1029 4519 iu
1054 4479 1175 4519 meo
1197 4464 1437 4519 dominio
1459 4480 1577 4521 esse
1599 4467 1825 4532 videtur,
1853 4481 1957 4521 tam

382 4556 557 4619 horto,
609 4555 787 4618 lenite,
833 4570 987 4609 casas
1036 4555 1373 4609 massaricias
1413 4572 1532 4610 cum
1575 4558 1751 4611 omnia
1794 4559 1859 4611 ad
1904 4572 1962 4613 se

383 4656 763 4715 pertinentem,
794 4662 912 4699 cum
945 4647 1172 4700 lainilias
1196 4662 1344 4716 suas,
1376 4662 1497 4702 cum
1531 4648 1817 4702 territuriis
1848 4650 1965 4703 cul-

385 4740 455 4794 tis
482 4748 537 4793 et
567 4740 801 4805 incultis,
836 4740 976 4807 quod
1017 4756 1044 4792 a
1076 4754 1162 4793 me
1190 4740 1384 4808 ubiqne
1423 4742 1691 4809 pertinuere
1734 4740 1963 4809 vidttur,

384 4830 615 4884 simulet
636 4838 773 4883 terra
797 4845 990 4884 vaccua
1019 4830 1104 4885 hic
1136 4847 1301 4901 prepe
1328 4833 1561 4896 civitate,
1593 4846 1765 4884 meam
1791 4830 1964 4899 vinea,

385 4937 507 4975 cum
535 4920 691 4975 silvis
722 4924 997 4991 vergariis,
1030 4925 1319 4977 castanetis
1347 4924 1504 4977 cultis
1528 4935 1582 4977 et
1613 4924 1828 4978 incultis
1856 4940 1971 4977 mu-

388 5016 510 5068 vilia
545 5016 625 5068 vel
667 5015 957 5081 imuovilia,
991 5017 1182 5081 serbis,
1226 5018 1310 5071 vel
1341 5017 1584 5081 ant-illas,
1624 5019 1802 5071 omnia
1831 5029 1887 5073 et
1917 5024 1969 5073 in

386 5107 636 5163 ciuilibus
662 5122 766 5175 que
792 5122 1000 5171 eam...
1045 5108 1248 5175 parenti
1280 5107 1525 5171 advinet,
1558 5124 1651 5162 seo
1680 5125 1835 5177 quem
1880 5126 1973 5179 per

389 5200 765 5269 qualivet......
786 5201 1041 5269 cuuquire
1072 5202 1236 5269 potui.
1260 5202 1521 5255 Similiter
1544 5212 1597 5255 et
1624 5218 1707 5255 res
1734 5203 1854 5256 illas
1883 5202 1971 5272 qui

391 5299 503 5349 luet
541 5296 806 5365 quondam
852 5295 1126 5353 Find......
1175 5296 1399 5351 advinet
1442 5311 1536 5363 per
1579 5296 1807 5365 conjuge
1857 5312 1971 5351 mea

391 5390 553 5445 Auria
584 5400 690 5444 tam
721 5406 893 5455 cases,
934 5400 1098 5455 terra,
1145 5391 1317 5455 vinea,
1363 5392 1558 5445 oliveta
1601 5395 1756 5445 cultis
1797 5402 1850 5444 et
1897 5394 1975 5444 iu-
2000 5388 2023 5407 ‘

390 5484 575 5548 collis,
614 5482 790 5535 omnia
833 5494 887 5535 ct
927 5482 979 5534 iu
1008 5484 1256 5535 omnibus
1287 5481 1396 5551 jam
1429 5482 1559 5546 dixi,
1589 5493 1690 5534 etc.
1747 5482 1812 5533 Et
1859 5492 1977 5549 post

396 5576 618 5631 transito
647 5588 771 5629 vero
802 5588 922 5627 meo
950 5573 993 5625 si
1026 5574 1163 5642 quod
1195 5574 1443 5640 superius
1489 5574 1539 5625 in
1569 5572 1755 5625 eodem
1792 5583 1975 5626 tcuure

397 5672 674 5741 possedeal
725 5672 833 5741 ipsa
879 5683 1201 5725 sancta......
1249 5682 1301 5725 et
1346 5671 1599 5724 saccrdus
1644 5668 1732 5736 qui
1782 5668 1976 5722 ividciu

394 5772 721 5827 deserbierel
754 5785 849 5839 pro
881 5786 964 5843 me
999 5766 1278 5823 Dominum
1310 5782 1532 5822 exorare
1564 5764 1774 5832 divcat,
1806 5773 1861 5821 et
1898 5764 1977 5818 lu—

2049 3282 2144 3333 rite
2184 3287 2229 3333 et
2268 3277 2545 3331 invenietis.
2590 3276 2799 3329 l’ttlsate
2838 3285 2886 3328 et
2923 3274 3178 3341 aperietur
3206 3273 3363 3327 vobis.
3408 3272 3473 3325 Et
3510 3271 3634 3340 quia

2051 3375 2121 3426 ob
2161 3383 2344 3427 nostra
2387 3369 2717 3439 neglegentia
2761 3383 2928 3438 usque
2970 3367 3250 3422 undecima
3293 3365 3424 3419 hora
3453 3367 3635 3419 clausa

2052 3476 2137 3521 est
2171 3466 2330 3533 janua
2363 3463 2447 3517 vel
2485 3478 2609 3517 sero
2646 3462 3008 3529 venientibus,
3053 3462 3282 3531 petimus
3322 3459 3542 3514 remissa
3568 3458 3636 3512 de

2056 3559 2227 3610 noxis.
2281 3554 2427 3609 llanc
2476 3554 2636 3624 igitur
2680 3553 2953 3607 racionem
2992 3561 3322 3620 conpunctas
3361 3563 3489 3614 nos,
3535 3563 3639 3617 que

2054 3662 2241 3717 Supra,
2271 3647 2549 3700 Autronda
2579 3653 2632 3699 et
2656 3643 2859 3699 Natalia
2893 3658 3192 3713 germanas,
3222 3656 3343 3697 cum
3372 3656 3638 3697 consensu

2055 3740 2213 3794 etiam
2238 3739 2461 3793 Nazario
2481 3737 2727 3792 Conuatu
2754 3746 2807 3791 et
2833 3734 2995 3805 jugali
3026 3745 3212 3788 nostro
3237 3748 3340 3787 non
3364 3733 3430 3788 de
3456 3743 3637 3787 nostra

2056 3832 2268 3895 merita,
2293 3830 2388 3884 sed
2412 3828 2480 3883 de
2504 3827 2631 3883 Jesu
2657 3826 2853 3881 Christi
2885 3824 3250 3881 misericordia
3282 3824 3524 3889 lideutes,
3550 3821 3640 3890 qui

2055 3934 2109 3977 et
2139 3922 2382 3991 prolltico
2412 3928 2669 3973 exoratus
2700 3918 2914 3986 eloquio
2943 3918 3158 3980 dicens,
3189 3915 3309 3967 nolo
3338 3924 3499 3967 morte
3527 3928 3644 3980 pec-

2056 4012 2265 4073 catoris,
2298 4007 2388 4061 sed
2430 4015 2750 4062 convertatur
2785 4016 2831 4060 et
2862 4008 2992 4059 vivat
3021 4020 3042 4059 :
3082 4004 3412 4059 Previdimns
3451 4002 3505 4056 in
3542 4018 3642 4055 au-

2059 4103 2359 4157 ctoritatem
2391 4101 2607 4153 domine
2649 4109 2830 4153 nostre
2870 4098 3205 4153 sanctissime
3236 4095 3450 4164 virginis
3481 4094 3643 4148 Mario
3732 4138 3733 4141 η

2062 4196 2197 4269 intra
2228 4196 2387 4247 domo
2422 4192 2554 4247 cella
2596 4200 2774 4245 nostra
2812 4190 3192 4243 monasterium
3223 4188 3560 4255 construere,
3591 4186 3642 4239 iu

2061 4302 2126 4341 eo
2166 4296 2219 4339 et
2263 4284 2581 4354 regulariter
2624 4282 2914 4337 secundum
2957 4279 3169 4334 Domini
3217 4279 3374 4333 l'uerit
3402 4278 3646 4333 voluntas

2062 4378 2351 4432 cimvivere
2395 4375 2746 4444 disponimus.
2798 4375 2926 4429 lteiu
2975 4385 3188 4425 omnem
3238 4381 3470 4425 nostram
3518 4373 3647 4424 sub-

2065 4468 2312 4523 stantiam
2361 4466 2614 4535 quicquid
2665 4465 2861 4520 habere
2913 4463 3175 4529 videmur,
3230 4462 3421 4517 ibidem
3472 4460 3651 4516 oll‘eri.

2067 4577 2186 4617 mus
2217 4579 2231 4616 :
2262 4562 2398 4616 illeSl
2428 4562 2479 4614 iu
2511 4559 2698 4628 primis
2726 4573 2850 4613 casa
2882 4558 2970 4611 ubi
3001 4558 3113 4626 ipse
3138 4559 3404 4611 oratorius
3430 4566 3510 4611 est
3538 4555 3651 4609 luu-

2066 4656 2241 4718 datus,
2281 4668 2336 4708 et
2376 4654 2511 4707 alias
2555 4665 2731 4717 casas,
2771 4659 2941 4717 curte,
2986 4659 3106 4703 orto
3152 4649 3489 4714 intrinsecus,
3522 4647 3651 4703 loris

2070 4747 2249 4810 terris,
2286 4746 2476 4810 vineis,
2509 4742 2802 4804 colonicas,
2836 4741 3034 4810 pradis,
3068 4741 3299 4808 pascuis,
3344 4738 3647 4806 nubalibus,

2067 4841 2361 4903 tuentibus,
2407 4840 2599 4903 servis,
2648 4835 2874 4899 ancillis,
2926 4835 3129 4903 peculia
3175 4833 3376 4897 omnia,
3420 4844 3651 4898 seseque

2070 4936 2425 4999 moventibus,
2456 4933 2597 4986 cultu
2627 4940 2681 4985 et
2710 4930 3001 4991 incultum,
3034 4942 3155 4992 ere,
3187 4927 3347 4989 ferro,
3381 4921 3624 4975 utensilia

2071 5026 2321 5098 quicquid
2356 5037 2496 5077 nunc
2527 5022 2800 5093 possidere
2830 5021 3088 5083 iidemur,
3116 5026 3207 5070 aut
3236 5019 3286 5069 in
3317 5026 3471 5068 antea
3500 5014 3651 5083 aqui-

2073 5136 2194 5175 rere
2220 5130 2273 5173 et
2301 5117 2545 5170 laborare
2574 5111 2922 5181 potuerimus.
2955 5112 3030 5163 En
3058 5108 3259 5163 scilicet
3283 5107 3490 5168 ordine.
3520 5116 3575 5160 ut
3602 5106 3653 5163 si

2074 5214 2229 5268 nobis
2262 5210 2515 5264 Dominus
2541 5208 2675 5260 alias
2704 5218 2918 5260 sorores
2946 5202 3185 5265 dederit,
3218 5209 3273 5253 et
3311 5199 3653 5268 congregatio

2074 5304 2457 5361 monachorum
2497 5299 2612 5353 istis
2645 5298 2779 5352 facta
2823 5295 2981 5349 fuerit
3011 5302 3129 5361 post
3165 5292 3365 5345 obitum
3410 5299 3648 5344 nostrum

2074 5399 2267 5453 exinde
2296 5398 2435 5464 ipsas
2464 5393 2563 5447 sibi
2595 5391 2806 5459 elegant
2828 5396 3051 5441 matrem
3074 5382 3365 5453 spiritalem
3390 5423 3405 5447 ,
3434 5396 3536 5451 que
3559 5397 3653 5437 eas

2076 5494 2365 5548 secundum
2394 5490 2620 5543 Domino
2649 5497 2703 5542 et
2742 5493 2980 5540 sanctam
3010 5482 3245 5551 regalam
3278 5480 3450 5533 foveat
3477 5478 3653 5547 adque

2077 5584 2359 5655 gubernat,
2394 5591 2446 5633 et
2475 5587 2719 5633 cunctam
2752 5583 2984 5628 nostram
3014 5571 3362 5628 substantiam
3395 5570 3652 5640 regulari-

2080 5686 2158 5729 ter
2188 5671 2501 5743 disponendi
2548 5672 2599 5723 in
2646 5668 2811 5734 ipsius
2850 5667 3118 5720 abbatisse
3154 5663 3234 5719 vel
3274 5679 3516 5717 sororqu
3561 5678 3653 5726 per

2079 5768 2255 5825 oriinia
2301 5775 2608 5836 permaneat
2638 5770 2974 5832 potestatem.
3010 5758 3076 5813 Et
3115 5758 3160 5813 si
3198 5755 3537 5827 congregatio
3570 5754 3655 5807 hic
