3976 6186
1532 319 2135 384 LANGUBARDORUM
2180 320 2421 375 REGUM
3488 322 3627 375 ητα

2114 431 2243 484 Actu
2279 430 2333 487 in
2361 431 2576 484 civitate
2610 430 2839 494 Verona,
2869 432 2954 486 die
2991 448 3059 485 xv
3090 434 3294 487 mensis
3324 433 3514 502 Magii,
3547 454 3629 489 re-

2036 538 2223 590 guum,
2251 533 2306 581 et.
2332 523 2528 576 iudicio
2552 538 2666 591 supr
2681 526 2906 592 ascripta
2939 524 3188 579 feliciter.

2107 611 2269 677 Signa
2306 626 2514 677 eorum,
2554 613 2643 680 qui
2682 613 2736 665 in
2773 614 3009 670 otentico
3045 630 3234 670 manus
3277 628 3584 681 posuerimt
3618 638 3630 673 :

2037 700 2088 754 in
2121 701 2303 769 primis
2330 701 2606 757 Auteonda
2636 712 2690 758 et
2719 704 2946 773 Natalia,
2974 720 3077 775 que
3104 706 3217 775 ipsa
3242 709 3451 763 cat-tota
3485 710 3634 763 feceo

2036 804 2182 849 runt.

375 332 513 390 i375

371 448 509 502 facta
548 464 651 501 non
692 445 879 509 fuerit,
923 453 1033 511 post
1069 443 1268 498 obitum
1313 452 1612 495 nostrorum
1643 437 1817 490 omnis
1846 448 1937 502 pc-
1966 439 2012 490 Λ

372 540 527 591 cnnia
558 543 731 589 nostra
758 534 826 586 sit
854 534 904 586 in
944 543 1256 601 potestatem
1300 531 1523 583 ecclesie
1559 538 1740 583 sancte
1779 525 1938 578 Marie

370 630 472 681 sita
505 627 630 680 furis
666 637 868 694 portam
896 624 1124 692 Organi,
1168 632 1221 677 et
1259 624 1393 675 abba
1437 622 1525 689 qui
1564 637 1663 687 pro
1699 629 1939 686 tempore

375 720 562 780 fuerit,
604 718 716 787 ipse
744 718 990 784 disponat
1028 717 1093 769 de
1122 716 1277 769 ofteio
1319 715 1400 768 vel
1447 714 1721 771 luminaria
1768 710 1937 765 sancti

371 808 611 871 oratorii,
653 817 706 861 et
735 806 802 861 de
844 805 1060 874 pecunia
1105 814 1306 869 nostra,
1334 806 1457 874 quid
1486 822 1519 865 ra
1550 804 1819 865 fratribus,
1852 802 1935 855 Vel

373 896 495 962 quid
526 897 588 949 ad
621 896 958 963 pauperibus.
989 910 1080 951 seu
1115 896 1343 956 famulis,
1376 893 1464 961 qui
1492 908 1611 948 cum
1645 893 1809 956 ipsam
1843 905 1936 959 pe-

371 989 582 1043 cuniam
615 987 996 1053 laboraverint,
1025 989 1217 1044 debeat
1249 990 1529 1054 pertinere.
1568 984 1937 1041 Defensinnem

374 1096 504 1133 vero
543 1079 620 1133 vel
662 1078 1083 1133 admonicionem
1130 1079 1294 1131 sancti
1343 1078 1649 1130 monasterii
1694 1077 1940 1130 volumus

372 1170 532 1222 abere
561 1168 625 1223 ad
668 1168 1039 1221 mowasterium
1082 1177 1260 1220 sancte
1291 1167 1450 1221 Murie
1497 1165 1623 1219 foris
1656 1176 1803 1231 porta
1829 1166 1939 1233 jam

370 1259 612 1321 Superius
656 1268 1033 1319 ine-moratum,
1077 1271 1166 1310 seu
1204 1255 1408 1308 Audrea
1441 1255 1761 1310 venerabilis
1787 1269 1940 1321 pres-

371 1347 542 1400 bitero
597 1356 649 1400 et
686 1346 890 1409 abbati;
937 1359 996 1399 ea
1039 1346 1388 1407 condietioue,
1423 1352 1482 1398 ut
1518 1345 1561 1397 si
1595 1344 1789 1411 aliquid
1829 1345 1941 1397 dis~

369 1436 549 1490 Cordia
578 1435 716 1490 inter
754 1449 967 1489 sorores
997 1435 1152 1489 fuerit
1179 1446 1358 1488 exorta
1378 1476 1392 1499 ,
1440 1451 1596 1503 quam
1629 1450 1731 1488 n0n
1776 1436 1944 1503 possi-

372 1544 489 1583 mus
518 1545 609 1596 per
636 1544 732 1583 nos
755 1528 1003 1595 evellere,
1034 1538 1157 1582 tunc
1183 1528 1315 1581 abba
1348 1544 1441 1596 per
1464 1527 1831 1596 semetipsum,
1853 1537 1943 1582 aut

374 1620 483 1674 Deo
514 1620 782 1672 timentem
818 1633 1096 1685 personam
1129 1618 1299 1685 ipsum
1336 1618 1457 1671 ntali
1501 1617 1691 1672 debeat
1722 1633 1945 1672 monen-

372 1711 495 1761 dum
525 1718 579 1761 et
611 1707 981 1775 corrigendum
1011 1717 1306 1773 amputare,
1343 1723 1460 1759 nam
1495 1706 1633 1760 nulla
1667 1707 1819 1761 nobis
1849 1717 1940 1761 aut

370 1800 645 1853 sororibus
665 1809 846 1853 contra
882 1800 1114 1869 regulam
1142 1798 1389 1853 violentia
1420 1801 1689 1866 imponere
1718 1800 1937 1862 audeat,

374 1905 546 1958 neque
590 1906 683 1958 per
709 1905 766 1945 se
798 1905 966 1959 neque
998 1905 1091 1958 per
1120 1904 1451 1943 successores
1481 1889 1595 1955 ejus
1614 1930 1629 1953 ,
1661 1890 1753 1944 sed
1783 1891 1945 1948 abba-

374 1982 519 2041 t‘Ssa,
551 1994 651 2049 que
693 1994 787 2047 pro
818 1987 1054 2045 tempore
1084 1976 1262 2041 fuerit,
1304 1980 1644 2046 semetipsum
1676 1988 1730 2033 et
1760 1994 1946 2032 mona-

371 2072 499 2125 (has
528 2086 648 2123 suas
676 2070 938 2137 disponat.
974 2070 1037 2123 Et
1065 2069 1206 2139 quod
1237 2068 1375 2123 absit
1418 2078 1535 2136 post
1574 2070 1809 2124 discusso
1838 2071 1948 2126 An-

373 2163 519 2217 drea:
546 2162 742 2226 abbati,
777 2164 864 2230 qui
896 2161 946 2215 in
979 2171 1212 2229 tempore
1243 2160 1396 2215 fuerit
1426 2161 1583 2225 abba,
1615 2160 1789 2229 aliqua
1822 2176 1949 2215 con-

376 2264 455 2308 tra
487 2255 663 2325 regula
707 2256 785 2309 vel
830 2255 1026 2308 sanctis
1068 2253 1358 2309 canonihus
1399 2253 1820 2308 dominacionem
1860 2260 1950 2308 aut

376 2346 595 2400 forciain
640 2348 911 2413 imponere
952 2345 1224 2413 qnesierit,
1266 2360 1368 2413 qua
1414 2344 1554 2413 ipsas
1604 2358 1709 2397 non
1758 2340 1946 2411 possit,

377 2451 503 2495 tunc
524 2442 693 2509 elegat
725 2440 823 2494 sibi
851 2439 1115 2491 abbatissa
1141 2453 1260 2490 cum
1291 2438 1561 2492 sororibus
1583 2434 1946 2489 defensionem

375 2534 461 2586 vel
500 2531 921 2585 admonicionem
961 2529 1128 2582 sancti
1169 2527 1399 2581 Zenonis
1438 2526 1716 2580 uutritoris
1758 2526 1947 2588 nostri,

377 2637 475 2675 seu
506 2619 759 2687 presulis,
789 2618 880 2689 qui
910 2618 962 2673 in
992 2627 1228 2685 tempore
1256 2617 1414 2670 fuerit
1446 2635 1459 2669 :
1494 2618 1594 2671 sub
1622 2632 1687 2671 eu
1712 2632 1948 2684 uanique

376 2715 581 2779 ordine,
615 2713 750 2767 sicut
776 2711 1020 2781 superius
1043 2719 1127 2765 est
1152 2711 1439 2778 scriptum,
1469 2720 1523 2763 ut
1548 2709 1687 2763 nulla
1720 2711 1798 2764 eis
1828 2713 1947 2763 vio-

379 2801 542 2857 lentia
564 2811 652 2854 aut
676 2800 975 2855 domiuacio
996 2812 1183 2854 contra
1209 2800 1437 2870 regulam
1466 2801 1784 2868 imponatur.
1816 2799 1945 2854 Nam

379 2909 477 2946 nos
527 2892 748 2960 predicti
794 2891 990 2946 Andrei
1030 2892 1225 2955 abbati,
1268 2892 1390 2947 dum
1436 2892 1550 2960 ipse
1598 2894 1856 2948 advixcrit
1897 2903 1951 2948 et

378 2982 741 3036 defensionem
790 2991 843 3037 et
890 2982 1315 3038 admonicionem
1368 2983 1478 3038 sive
1522 2983 1661 3037 inter
1712 2999 1946 3050 sorores,

377 3090 472 3128 seu
511 3074 579 3129 de
616 3075 749 3128 alias
786 3088 998 3139 causas,
1036 3075 1080 3127 si
1120 3075 1273 3128 nobis
1302 3076 1638 3141 emerserint,
1668 3077 1946 3143 elegimus,

378 3172 437 3215 ut
467 3164 578 3232 ipse
618 3162 768 3217 nobis
807 3173 954 3232 pater
992 3173 1149 3231 atque
1191 3163 1437 3217 defensor
1476 3166 1687 3217 cxistat.
1733 3165 1805 3221 De
1845 3167 1949 3219 lilia

380 3270 509 3308 vero
556 3267 609 3310 et
651 3256 816 3323 Ncpte
857 3266 1035 3310 nostra
1082 3256 1379 3310 Nazirimda
1430 3260 1729 3323 statuimus,
1782 3261 1951 3316 ut.sit

382 3345 660 3405 monacha,
686 3355 879 3400 etcum
911 3347 959 3399 al
985 3362 1041 3400 as
1066 3348 1339 3400 sororibus
1368 3348 1447 3402 sic
1476 3349 1705 3409 adunati;
1732 3351 1950 3413 fuerint,

381 3434 699 3503 regulariter
718 3436 891 3488 vivant
912 3453 926 3500 ;
947 3435 1086 3506 quod
1109 3437 1151 3489 si
1181 3436 1230 3488 iu
1258 3437 1356 3490 hoc
1384 3436 1577 3491 factum
1602 3455 1704 3491 non
1736 3441 1950 3506 inierint,

383 3536 439 3577 ct
477 3526 584 3593 ipsa
618 3534 737 3593 post
767 3532 1005 3578 nostrum
1038 3527 1354 3580 remanserit
1390 3528 1587 3580 obitum
1608 3571 1622 3593 ,
1663 3529 1793 3583 ahha
1814 3569 1829 3593 ,
1863 3532 1954 3600 qui

385 3630 481 3681 pro
510 3628 747 3682 tempore
774 3615 950 3681 fuerit,
978 3626 1068 3669 aut
1092 3632 1427 3672 successores
1455 3621 1535 3672 sui
1569 3621 1841 3687 provideat
1871 3638 1955 3675 se-

384 3708 613 3761 rundum
654 3708 793 3773 Deo,
833 3710 1065 3776 qualiter
1101 3711 1211 3781 ipsa
1254 3712 1304 3765 in
1352 3713 1440 3765 Dei
1479 3715 1704 3767 seriicio
1745 3732 1952 3781 penna-

384 3806 527 3850 neat.
563 3797 625 3850 Et
655 3814 717 3851 ex
751 3800 970 3866 pecunia
1013 3811 1191 3854 nostra
1222 3802 1271 3855 in
1302 3812 1559 3872 quantum
1595 3804 1700 3858 illis
1728 3807 1955 3862 suﬂieiat

385 3891 554 3942 victus
584 3890 754 3958 adque
786 3892 1004 3944 vestitus
1035 3902 1330 3959 procurrat,
1359 3893 1604 3962 quatinus
1631 3895 1745 3951 sine
1771 3914 1956 3952 neces-

388 3979 545 4033 sitate
574 3978 767 4033 vivant.
809 3978 884 4033 De
922 3995 1105 4035 servos
1132 3983 1208 4035 vel
1248 3984 1469 4039 ancillas
1509 3997 1715 4041 nostras
1755 3990 1824 4044 ita
1861 3991 1954 4046 de-

385 4070 676 4124 cernimus.
707 4070 903 4125 Omnes
930 4072 1079 4127 liberi
1108 4086 1157 4128 et
1188 4075 1339 4128 liberi
1368 4078 1473 4129 sint
1503 4095 1515 4130 :
1548 4088 1601 4132 et
1628 4080 1820 4135 abeant
1864 4099 1957 4150 per

390 4170 549 4228 caput
579 4161 793 4213 muudio
834 4162 1090 4217 tremissis
1128 4164 1396 4234 singulas;
1440 4167 1491 4219 in
1522 4183 1583 4221 ea
1614 4185 1739 4223 vero
1782 4172 1954 4225 raciu-

388 4270 530 4319 nem,
575 4264 631 4309 ut
671 4256 795 4309 dum
843 4272 939 4310 nos
984 4258 1363 4323 advixerimns,
1411 4262 1565 4315 nobis
1605 4263 1951 4318 deserviant:

388 4356 509 4413 post
546 4357 781 4401 nostrum
814 4362 939 4402 vero
966 4349 1267 4411 dicessum,
1308 4351 1351 4403 si
1393 4354 1612 4415 sororis,
1653 4369 1756 4422 que
1797 4355 1952 4411 nobis

2108 882 2341 952 Sigipert
2369 884 2667 955 episcopus.

2109 973 2370 1043 Giselpert
2401 974 2530 1030 dux.

2109 1065 2330 1118 Curerat
2360 1066 2655 1135 presbyter.

2112 1155 2341 1211 Auderat
2370 1155 2508 1210 filius
2536 1155 2719 1211 Cunila
2746 1157 3025 1214 Wibiloni.

2112 1244 2336 1312 Sigelais
2369 1245 2504 1298 filius
2535 1246 2760 1315 Sigerat.

2114 1338 2224 1389 Azo
2257 1336 2393 1389 filius
2424 1335 2600 1389 Couda
2638 1337 2893 1394 Raailuni.

2119 1426 2318 1479 lladuin
2349 1424 2485 1479 filius
2515 1426 2698 1481 Conda
2726 1428 2913 1483 Tatoni
2945 1431 3182 1500 scripsit.

2760 1539 2897 1594 XXI.

2047 1626 2368 1703 θειξνριιιηι.⁸
2413 1627 2639 1703 ΠηρΙιὶδξξ
2668 1628 3114 1699 Langobardorum
3155 1635 3320 1701 regis,
3370 1652 3468 1703 per
3497 1640 3643 1703 quod

2117 1698 2245 1768 ﬁnes
2300 1697 2520 1751 decernit
2565 1700 2753 1767 aliquot
2785 1697 3113 1768 'prwdiorunt
3138 1697 3230 1757 ad“
3261 1697 3635 1761 "reticuerim

2117 1766 2363 1820 b’ubieme
2388 1766 2717 1836 spectantium
2751 1766 2908 1840 (anno
2938 1774 3085 1843 747).

2116 1880 2325 1935 Flavius
2372 1882 2566 1938 Raetiis
2616 1884 2731 1937 viro
2762 1886 3212 1940 excellentissimo
3257 1887 3407 1956 [tege
3445 1903 3636 1942 mona-

2046 1972 2208 2026 sterio
2252 1970 2735 2029 beatissimi........
2795 1974 2937 2028 Petri
2962 1985 3017 2029 et
3054 1978 3249 2031 Christi
3299 1980 3640 2034 confessoris

2049 2062 2379 2122 Columbani,
2409 2066 2510 2116 sito
2536 2065 2589 2117 in
2616 2064 2801 2130 Bobiu,
2838 2075 2892 2121 et
2921 2067 3209 2121 venerabili
3245 2070 3362 2127 viro
3394 2072 3636 2125 Anasta-

2050 2156 2685 2224 sio......congregationi
2717 2158 2883 2227 ipsius
2924 2160 3258 2217 monasterii.
3292 2163 3639 2219 Manile~tum

2048 2252 2169 2308 est,
2230 2244 2370 2311 quod
2419 2256 2542 2299 ante
2596 2246 2693 2301 hos
2747 2265 2915 2303 annos
2969 2261 3382 2321 tempore.......
3443 2253 3640 2307 Domni

2049 2331 2356 2399 Liutprandi
2390 2337 2527 2403 regis
2574 2337 2725 2391 vobis
2787 2340 3116 2403 subtractum
3172 2354 3254 2397 est
3308 2344 3361 2397 in
3421 2343 3641 2411 aliquod

2054 2422 2156 2476 line
2186 2433 2372 2479 nostro
2405 2426 2625 2482 turi.....
2660 2443 2753 2497 per
2792 2429 3077 2499 llilpranda
3126 2433 3179 2487 in
3209 2437 3639 2506 suprascriptum

2050 2514 2357 2567 C(Bnubium
2414 2517 2707 2571 relaxatum
2747 2529 2849 2584 est,
2900 2531 2951 2574 et
2980 2522 3029 2575 in
3060 2523 3238 2590 aliquo
3270 2524 3321 2576 in
3347 2526 3642 2587 ipso.......

2051 2618 2080 2656 a
2112 2604 2437 2661 Medianensi
2467 2606 2517 2659 in
2548 2608 2665 2663 loco
2684 2649 2700 2674 ,
2732 2612 2821 2678 qui
2844 2612 3039 2666 dicitur
3062 2612 3300 2668 Nocicla.
3328 2615 3459 2670 Ideo
3488 2632 3645 2670 acce-

2051 2695 2239 2750 dentes
2291 2696 2420 2751 inibi
2453 2698 2601 2752 missi
2635 2701 2994 2755 nostri........
3029 2717 3151 2755 cum
3179 2703 3440 2769 Gisilpert
3490 2705 3646 2760 Wal-

2052 2786 2242 2841 deman
2270 2789 2593 2858 inquirentes
2619 2805 2710 2858 per
2726 2792 2970 2848 Silvanos
2996 2804 3229 2858 nostros.
3254 2796 3393 2849 idest
3410 2797 3642 2851 Otonem
3686 2830 3693 2835 -

2050 2892 2104 2937 et
2127 2883 2416 2940 Rach......
2446 2887 2746 2951 veritatem,
2768 2898 2821 2942 et
2842 2900 3163 2943 renovantes
3191 2890 3341 2959 signa
3366 2902 3423 2945 et
3449 2906 3649 2947 cruces

2053 2986 2174 3027 cum
2201 2973 2381 3030 clavos
2408 2974 2618 3031 ferreos
2661 2977 2956 3048 adﬁgentes
2979 2980 3165 3044 simul,
3200 2992 3253 3031 ιιι
3281 2982 3465 3034 ti......
3498 2982 3647 3047 ipsos

2054 3066 2450 3123 Medianenses:
2485 3069 2535 3123 id
2586 3081 2669 3124 est
2718 3073 2887 3139 prima
2914 3086 3073 3127 cruce
3107 3074 3156 3125 in
3199 3073 3312 3140 ripa
3350 3074 3424 3127 de
3478 3075 3646 3127 ﬂuvio

2058 3157 2199 3213 Nure
2226 3161 2276 3213 in
2307 3160 2439 3223 Fao,
2470 3161 2663 3216 deinde
2692 3164 2746 3217 in
3014 3166 3104 3232 qui
3136 3174 3239 3217 stat
3270 3165 3322 3216 in
3359 3177 3520 3231 prato
3550 3182 3643 3218 ns-

2054 3265 2157 3320 que
2189 3250 2242 3306 iu
2275 3252 2586 3315 terminum,
2630 3254 2717 3320 qui
2746 3253 2871 3307 inihi
2922 3255 3080 3306 fixum
3133 3265 3213 3307 est
3240 3269 3268 3305 a
3321 3256 3568 3321 Noeicla,
3593 3266 3649 3313 et

2054 3344 2248 3398 deinJe
2304 3360 2471 3413 usque
2500 3346 2549 3399 in
2598 3345 2871 3401 aliu.......
2901 3349 3169 3411 semitam,
3222 3350 3363 3415 quod
3414 3350 3651 3407 ﬁxerunt

2058 3436 2254 3489 “nobis
2274 3447 2329 3491 et
2358 3438 2461 3491 Uto
2489 3437 2693 3492 Silvani
2723 3439 2776 3491 in
2828 3440 3096 3507 presentia
3126 3440 3293 3507 ipsius
3340 3442 3640 3509 Cutnpert:

2057 3528 2253 3583 deinde
2295 3544 2533 3597 per......
2566 3529 2617 3582 in
2671 3530 2756 3581 via
2805 3529 3035 3597 publica,
3069 3540 3123 3582 et
3146 3544 3237 3597 per
3278 3533 3451 3596 ipsam
3502 3536 3641 3586 viam

2055 3618 2375 3671 ascendente
2396 3616 2448 3669 in
2474 3617 2619 3670 fuso:
2640 3616 2833 3671 deinde
2846 3633 2910 3670 ex
2926 3626 3285 3671 transversum
3307 3620 3647 3674 descenden-

2059 3716 2110 3763 te
2142 3708 2369 3762 itt.......
2418 3707 2687 3762 Gambaro
2738 3719 2792 3762 et
2836 3708 3030 3762 Molino
3073 3709 3336 3775 ipsorum;
3366 3712 3644 3765 etdeinde

2064 3797 2261 3851 iterum
2306 3800 2631 3853 ascendente
2677 3800 2790 3867 ipsa
2844 3798 2946 3851 fine
2988 3813 3153 3863 usque
3198 3800 3248 3852 in
3302 3814 3491 3863 cruce,
3544 3817 3649 3869 que

2061 3886 2295 3942 fixerunt
2334 3889 2578 3943 in........
2635 3904 2764 3943 rano
2810 3889 3154 3956 suprascripti
3212 3890 3416 3942 Silvani
3474 3892 3645 3945 nostri

2057 3982 2178 4040 Otu,
2200 3981 2413 4045 liachis,
2431 3991 2483 4033 et
2500 3980 2779 4036 Pascadus
2797 3981 2847 4032 in
2865 3979 2946 4033 via
2965 3981 3171 4047 publica
3192 3981 3328 4035 inter
3347 3968 3455 4037 line
3475 3982 3645 4035 Turio

2058 4081 2111 4123 et
2167 4073 2303 4139 Alpe
2360 4083 2542 4126 uestra
2588 4072 2850 4126 Carebalo
2899 4088 2994 4139 per
3043 4074 3336 4139 iussionem
3396 4077 3467 4129 de
3516 4078 3646 4142 ipsis

2063 4163 2241 4216 missis
2275 4164 2495 4227 nostris;
2532 4172 2587 4216 et
2613 4164 2806 4217 iterum
2856 4162 2926 4218 de
2962 4165 3070 4218 alio
3100 4165 3271 4221 latere
3296 4183 3390 4235 per
3423 4170 3644 4221 fluvium

2060 4251 2227 4319 ipsum
2262 4252 2405 4307 Nure
2432 4254 2759 4308 ascendente
2789 4269 2883 4322 per
2910 4269 3100 4322 aquam
3132 4265 3185 4309 et
3216 4257 3330 4309 loca
3358 4257 3641 4326 designata

2064 4346 2204 4399 inter
2217 4346 2347 4399 duas
2375 4346 2693 4413 mojolascas
2713 4357 2941 4401 exeunte
2964 4347 3029 4400 ad
3058 4346 3344 4403 Laceraria
3366 4360 3427 4401 et
3450 4364 3648 4417 capan-

387 4439 762 4499 successeriut,
788 4448 879 4491 aut
909 4438 1044 4492 forte
1065 4440 1220 4507 abba,
1244 4442 1287 4494 si
1318 4443 1429 4509 ipse
1458 4444 1744 4507 defuerint,
1776 4448 1950 4514 aliqua
1988 4447 2040 4509 υ
2068 4453 2130 4491 na
2161 4438 2373 4506 Caiatia
2403 4453 2572 4507 usque
2605 4440 2657 4493 in
2692 4440 2794 4492 F88
2817 4440 3024 4509 Sigan
3050 4450 3105 4495 el
3135 4440 3239 4494 line
3268 4441 3394 4505 is“.
3430 4452 3482 4495 Cl
3510 4458 3643 4510 qua-

388 4524 469 4577 eis
498 4524 745 4578 violentia
776 4525 971 4581 inferre
1001 4529 1289 4593 voluerint,
1322 4545 1423 4598 que
1463 4532 1559 4598 ipsi
1605 4547 1815 4601 portare
1848 4552 1953 4589 non

390 4614 626 4682 possint,
667 4617 793 4668 deut
830 4619 1045 4672 mundio
1077 4636 1169 4687 per
1205 4622 1374 4688 capud
1412 4624 1656 4678 tremisse
1695 4641 1855 4678 unum
1899 4627 1951 4683 in

391 4708 560 4774 ipsum
590 4717 832 4761 sanctum
865 4709 1040 4763 locum
1065 4752 1077 4773 ,
1108 4723 1161 4766 et
1193 4713 1387 4768 vadaut
1417 4717 1575 4769 soluti
1602 4717 1669 4770 ab
1698 4720 1842 4772 omni
1870 4720 1957 4788 jus

392 4798 681 4865 patronati,
716 4797 801 4849 ubi
832 4798 1115 4854 voluerint.
1159 4803 1266 4858 llec
1302 4806 1478 4859 omnia
1517 4808 1765 4874 superius
1807 4824 1961 4863 com-

392 4890 651 4954 prehensa
676 4886 781 4957 iam
804 4928 819 4953 ,
851 4894 908 4941 ut
939 4891 1305 4958 promisimus,
1338 4897 1647 4951 inconvulsa
1678 4902 1961 4956 statuimus

396 4992 727 5050 permanere.
770 4980 935 5047 Quam
970 4996 1097 5035 vero
1121 4984 1480 5043 ordinacionis
1510 5000 1691 5047 nostre
1719 4993 1959 5063 paginam

398 5067 605 5125 Itonoso
658 5069 1062 5125 archidiaconus
1112 5085 1295 5129 sancte
1350 5077 1669 5135 Veronensis
1730 5084 1966 5141 Ecclesia

394 5157 629 5211 scribere
658 5162 977 5228 rogavimus,
1006 5172 1059 5219 et
1089 5179 1183 5232 per
1212 5168 1589 5238 nosmetipsos,
1616 5187 1710 5228 seu
1744 5176 1966 5231 testibus

396 5247 781 5307 roboravimus.

468 5365 619 5443 'Qni
694 5373 967 5443 vetustum
1011 5372 1393 5443 autographnm
1445 5375 1753 5443 descripsit,
1811 5388 1965 5436 notas

396 5435 798 5507 chronologicas
830 5452 894 5490 es
941 5435 1474 5507 oscitan‘tia'vitiavit,
1503 5435 1783 5503 scribens:
1818 5452 1964 5504 Anna

398 5505 677 5585 purissimi
733 5512 867 5585 regis
920 5512 1277 5585 (pntAregrti)
1332 5505 1490 5569 nostri
1545 5520 1689 5571 tertio
1738 5522 1963 5585 decimo,

397 5576 677 5654 uidit-tione
700 5593 785 5630 xv.
819 5577 931 5654 Non
979 5582 1127 5633 tertio
1162 5576 1362 5638 Herium
1386 5628 1400 5647 ,
1438 5589 1531 5641 sed
1584 5598 1785 5644 tantum
1818 5576 1967 5646 tertio

403 5646 711 5719 Eriliiigeuia
761 5649 1069 5719 membrana
1128 5646 1439 5718 pnetulerit.
1498 5660 1561 5713 Et
1615 5676 1796 5715 revera
1827 5679 1968 5719 anno

401 5710 504 5765 ῘΠ
537 5715 846 5771 decurrebat
901 5734 1068 5775 annus
1093 5710 1435 5798 S'Rachisii
1479 5710 1559 5785 ιιῖ-

2068 4531 2187 4585 liter
2214 4532 2459 4599 superius
2509 4532 2719 4601 legitur,
2775 4530 2978 4586 Silvani
3030 4535 3215 4597 nostri,
3249 4534 3302 4586 id
3333 4544 3418 4586 est
3468 4534 3650 4587 Otoet

2067 4623 2280 4687 Rachis,
2318 4638 2411 4691 per
2460 4621 2743 4692 Evangelia
2773 4624 3120 4678 ﬁrmaverunt
3149 4624 3203 4677 in
3254 4618 3651 4693 suprascripto-

2068 4730 2182 4769 rum
2200 4716 2486 4783 presentia.
2520 4714 2667 4768 Unde
2693 4714 2967 4783 inquisitio
2994 4728 3086 4782 per
3115 4716 3512 4782 suprascriptos
3532 4719 3651 4771 niis-

2066 4822 2178 4875 sos,
2211 4808 2261 4862 id
2289 4817 2371 4863 est
2398 4807 2677 4877 Gumpert,
2702 4807 2974 4878 Gisilpert,
3000 4820 3161 4878 atque
3196 4808 3448 4867 Gaideris
3496 4826 3621 4868 κιαι,
3640 4845 3652 4855 .

2068 4903 2203 4957 rium
2231 4902 2363 4957 facta
2400 4911 2502 4957 est.
2548 4903 2831 4971 Propterea
2869 4908 3127 4977 sperastis
3168 4906 3239 4963 ab
3274 4913 3469 4964 excell.
3507 4916 3652 4980 regni

2070 4995 2259 5058 nostri,
2276 4996 2525 5064 quatinus
2542 4994 2656 5051 hac
2670 5002 2850 5052 omnia
2868 5000 3111 5067 superius
3123 5000 3285 5064 dicta,
3300 5004 3533 5069 qualiter
3552 5006 3655 5054 une

2068 5086 2356 5141 deliberata
2383 5101 2485 5152 εει,
2518 5090 2791 5158 adsignata
2833 5092 2989 5145 vobis
3021 5107 3115 5159 per
3136 5101 3383 5145 nostrum
3414 5107 3657 5160 praerep-

2072 5189 2183 5234 tum
2229 5181 2461 5247 iudicata
2494 5185 2706 5237 ﬁrmare
2759 5184 3102 5239 deberemus.
3134 5185 3243 5239 Nos
3289 5200 3421 5239 vero
3460 5187 3533 5239 ob
3564 5185 3657 5238 Dei

2071 5273 2261 5328 intuitu
2290 5276 2391 5329 hoc
2424 5276 2733 5329 serenitatis
2759 5287 2956 5331 nostra:
2972 5287 3291 5345 praeceptum
3305 5278 3461 5332 vobis
3484 5279 3653 5333 emitti

2070 5388 2268 5441 chartis
2317 5387 2512 5449 didici,
2547 5398 2634 5460 et,
2682 5402 2827 5443 recte
2878 5390 3062 5443 statuit
3112 5389 3304 5460 Pagius
3359 5391 3410 5442 iu
3463 5390 3654 5443 Critic.

2073 5460 2266 5512 Baron.
2294 5472 2435 5511 anno
2462 5458 2586 5511 744.
2620 5459 2829 5514 [‘istorii
2879 5463 3117 5513 chartam
3149 5458 3255 5513 vidi
3285 5461 3549 5518 scriptam
3572 5461 3658 5513 die

2072 5532 2104 5581 8
2134 5528 2476 5595 Septenbrio,
2521 5544 2774 5598 regnante
2816 5534 3012 5585 domno
3048 5530 3242 5583 Rachis
3271 5534 3354 5583 vir
3380 5534 3657 5585 excellen-

2072 5600 2308 5653 tissimus
2337 5614 2539 5661 reeum,
2565 5618 2706 5651 anno
2733 5612 2923 5666 quarto
2947 5617 3040 5669 per
3062 5600 3353 5654 indictione
3376 5616 3437 5661 II,
3454 5602 3556 5655 hoc
3578 5610 3655 5654 est

2073 5684 2214 5722 anno
2241 5669 2436 5747 Christi
2466 5671 2570 5725 738
2594 5672 2866 5747 inchoata,
2894 5685 2949 5725 ttt
2979 5672 3197 5728 credere
3214 5672 3391 5741 juvat,
3411 5672 3654 5727 indictio-

2077 5756 2143 5796 ne
2173 5755 2306 5795 nova
2325 5754 2392 5797 eo
2418 5746 2532 5811 ipso
2563 5759 2763 5799 mense.
2801 5746 3008 5801 sicut.

2070 6074 2227 6112 AL
