4056 6178
543 277 680 338 1379
1715 264 2329 328 LANGOBARDURUM
2368 263 2609 322 REGUM
3603 263 3713 318 1580

539 394 829 464 regendum
860 432 872 445 .
908 429 923 447 .
962 433 972 444 .
1009 427 1025 444 .
1055 390 1399 444 elemosinam
1453 386 1815 451 tribuendam,
1868 384 1938 439 de
1973 382 2116 451 quod
2147 382 2197 440 Δ
2222 377 2378 432 dibus
2436 374 2821 446 proheredibus
2864 373 2998 428 meis
3026 371 3329 440 quandoque
3353 369 3507 437 aliqua
3532 374 3717 439 possesi

542 480 1505 548 iniviDominuscondonaredignatus
1530 476 1725 542 fuerit;
1753 486 1809 530 ct
1836 492 1930 543 pro
1947 476 2121 529 anima
2226 508 2242 522 .
2276 504 2292 520 .
2320 505 2335 520 .
2364 505 2380 521 .
2415 507 2431 522 .
2465 506 2479 520 .
2501 507 2514 519 .
2547 468 2652 521 tuis
2675 467 3000 536 temporibus
3024 464 3309 517 stavilitum
3346 474 3627 529 permaneat.
3668 465 3719 518 Et

545 593 659 631 mea
687 585 902 646 gravata
959 572 1279 642 ponderibus
1327 571 1555 639 peceatis
1590 572 1719 623 meis
1744 568 1830 622 die
1861 576 2125 634 noctuque
2225 560 2311 627 qui
2343 567 2528 612 (multa
2574 558 2709 611 lianc
2738 557 2994 611 eartulam
3047 558 3125 608 vel
3168 554 3280 621 ipso
3315 555 3614 617 monasterio,
3650 565 3721 609 aut

544 643 958 733 omnipotentem
995 662 1180 726 Deum,
1230 670 1283 715 et
1318 662 1479 713 etiam
1515 659 1604 712 Dei
1636 657 1908 712 Genitrice
1939 654 2122 721 Maria,
2226 654 2469 701 Sanctum
2515 646 2855 701 Senodocbio
2902 646 2982 698 ire
3021 643 3331 714 quandoque
3382 645 3719 710 presutnpserit,

548 759 628 811 \el
685 755 972 811 beatissimi
1010 752 1179 807 sancti
1237 752 1375 805 Petri
1407 760 1460 804 et
1511 749 1654 803 Pauli
1708 763 1803 802 seu
1856 746 2124 802 Anastasii
2227 746 2407 791 auten
2454 737 2761 807 inrumpere
2798 737 3049 800 voluerit,
3101 737 3151 787 in
3202 734 3377 804 primis
3416 732 3556 786 inira
3587 731 3723 787 Daiei

546 852 646 903 inci
674 888 688 904 .
725 889 738 902 .
771 886 786 901 .
819 884 836 901 .
868 884 882 899 .
916 847 1073 900 nimis
1104 854 1348 913 peccator
1371 844 1439 897 de
1468 842 1691 895 vinculis
1732 854 1986 908 penarmn
2016 836 2127 890 eri-
2228 828 2402 883 omnis
2433 830 2644 883 virtutis
2665 829 2925 892 celotum,
2957 836 3009 881 et
3035 826 3457 894 archangelorum
3485 832 3531 876 et
3555 826 3722 892 angelo-

547 956 671 1009 pere
701 939 967 1007 dignetur,
1017 946 1071 990 et
1099 936 1237 989 inter
1267 935 1463 987 sanctis
1493 942 1548 986 et
1579 933 1765 986 electis
1805 930 1916 983 suis
1950 928 2127 997 aliqua
2230 935 2346 974 rum
2378 957 2393 974 .
2425 961 2439 974 .
2471 963 2488 979 .
2527 959 2544 975 .
2580 959 2594 974 .
2628 958 2644 974 .
2678 958 2695 975 .
2729 958 2745 973 .
2786 920 3058 983 Scarioth,
3109 918 3199 988 qui
3256 914 3457 969 tradidit
3504 912 3724 970 Dominum

549 1007 696 1101 parte
722 1030 805 1085 vel
835 1030 1065 1082 societas
1107 1026 1342 1080 tribuere
1371 1024 1572 1092 jubeat,
1606 1023 1727 1091 quia
1758 1022 2011 1089 scriptum
2045 1026 2131 1072 est
2233 1022 2471 1066 nostrum
2510 1012 2689 1066 Jesum
2712 1011 3006 1076 Christum,
3062 1021 3118 1064 et
3143 1012 3194 1063 in
3217 1008 3429 1062 Tartaro
3464 1007 3524 1061 sit
3543 1009 3724 1063 conscri-

548 1098 642 1193 per
668 1122 932 1190 eloquium
965 1127 1017 1171 et
1069 1114 1515 1169 ministrarionem
1548 1113 1756 1166 Domini
1791 1110 1976 1165 nostri.
2001 1108 2132 1162 Jesu
2235 1113 2402 1170 ptum.
2460 1103 2596 1157 Ecce
2627 1113 2683 1156 ut
2714 1118 2831 1157 mea
2862 1101 3075 1156 fuerunt
3117 1099 3375 1155 desideria
3401 1098 3652 1166 aditnplevi,
3687 1105 3727 1149 et

545 1217 778 1271 Christi:
834 1212 997 1266 Petite
1024 1220 1072 1263 et
1102 1209 1303 1262 dabitur
1344 1208 1479 1261 vobis
1518 1205 1771 1272 :quwritc
1811 1213 1856 1258 et
1913 1202 2134 1254 ὺιυεοοὶε-
2234 1196 2493 1250 Avondus
2522 1196 2762 1250 notarius
2784 1195 3020 1250 scrivere
3048 1194 3248 1261 rogavi.

550 1314 612 1365 tis
637 1348 651 1363 .
678 1347 693 1363 .
722 1348 737 1363 .
765 1346 780 1362 .
812 1346 825 1360 .
852 1344 865 1359 .
901 1343 913 1357 .
948 1342 962 1356 .
993 1343 1006 1355 .
1044 1340 1057 1354 .
1088 1316 1183 1369 per
1212 1301 1329 1353 ideo
1358 1315 1457 1368 ego
1484 1298 1644 1351 miser
1672 1307 1725 1350 et
1748 1295 1966 1349 nimium
1998 1307 2132 1362 pec-
2308 1289 2497 1341 Actum
2528 1286 2770 1352 Pistoria,
2800 1300 3023 1355 regnum
3048 1293 3103 1339 et
3135 1280 3419 1338 indictione
3444 1275 3726 1346 suprascripta

548 1414 699 1460 catur
725 1397 963 1454 creditur
994 1395 1046 1449 in
1078 1392 1196 1463 ejus
1229 1406 1413 1459 magna
1450 1387 1839 1450 misericordia,
1872 1386 1991 1453 quia
2019 1385 2136 1463 pius
2237 1376 2482 1432 feliciter.

552 1495 805 1549 Dominus
827 1499 879 1543 et
900 1456 1227 1551 Redemptor
1258 1456 1493 1534 omnium
1519 1481 1639 1534 (ιωιί
1671 1490 1725 1533 et
1758 1487 1897 1532 terre
1920 1479 1987 1530 de
2019 1456 2138 1543 par-
2311 1469 2528 1537 Signum
2582 1481 2771 1521 manus
2806 1507 2818 1519 .
2859 1505 2873 1519 .
2906 1504 2921 1519 .
2955 1503 2970 1518 .
3006 1504 3020 1517 .
3051 1462 3231 1518 l'redus
3262 1462 3485 1515 medicus
3528 1466 3733 1527 rogatusa

554 1584 731 1640 vitatis
762 1594 877 1635 mea
926 1576 1155 1631 terrenis
1203 1571 1539 1627 tribuendum
1572 1569 1636 1623 ad
1667 1570 1779 1636 ipsa
1820 1577 2002 1621 sancta
2028 1567 2136 1618 vir.
2243 1559 2495 1627 liatperto
2525 1573 2682 1612 manu
2716 1557 2925 1626 prepria
2973 1565 3107 1610 teste
3128 1553 3431 1622 subscripsi.

548 1688 661 1731 tute
684 1667 911 1727 nominis
941 1663 1227 1723 beatissimi
1256 1663 1422 1717 sancti
1451 1661 1587 1715 Petri
1614 1671 1669 1715 et
1697 1658 1840 1713 Pauli
1871 1674 1965 1712 seu
2001 1662 2137 1711 Ana-
2176 1729 2201 1731 ᾗ
2317 1651 2427 1719 Ego
2456 1649 2689 1704 Lazarus
2718 1658 2934 1717 rogatus
2965 1663 2993 1701 a
3027 1648 3279 1714 liatperto
3310 1644 3450 1697 testis
3489 1636 3733 1704 subscripsi.

549 1729 696 1821 stasii
748 1760 948 1815 celeste
988 1770 1088 1826 gau
1140 1792 1156 1809 .
1186 1792 1200 1807 .
1233 1793 1247 1806 .
1283 1792 1297 1806 .
1332 1790 1347 1805 .
1393 1751 1631 1820 Conjoge
1676 1764 1793 1804 mea
1853 1746 2137 1801 Perterada
2172 1729 2217 1789 Β
2318 1743 2437 1812 Ego
2494 1742 2820 1811 Racbiperto
2862 1750 3079 1811 rogatus
3117 1755 3147 1794 a
3199 1739 3440 1808 Ratjerto
3480 1734 3608 1790 ustis
3644 1734 3737 1786 sub.

551 1853 751 1911 carnali
778 1850 907 1905 vitio
946 1848 1102 1903 luerit
1149 1852 1461 1908 consecuta,
1499 1843 1631 1896 etin
1676 1840 1793 1909 ipso
1814 1837 2140 1893 senodochio
2241 1834 2450 1903 scripsi.

552 1951 634 2003 vel
690 1943 1014 2001 monasterio
1063 1937 1295 1994 noluerit
1342 1933 1635 1997 deservire,
1688 1932 1826 1987 nulla
1885 1931 1951 1985 de
1980 1931 2139 1983 rebus
2238 1952 2243 1957 ι
2309 1923 2532 1995 Signum
2560 1937 2750 1979 manus
2771 1922 3033 1987 Maurelli,
3068 1922 3158 1993 qui
3186 1920 3295 1976 filio
3317 1919 3554 1991 quondam
3574 1918 3741 1984 Statari,

556 2039 688 2095 meis
708 2049 866 2091 avere
897 2033 1110 2093 debeat,
1163 2027 1261 2081 nisi
1287 2039 1449 2079 vacua
1476 2033 1525 2079 ct
1570 2025 1728 2077 inane
1772 2021 1964 2077 exinde
2012 2021 2140 2074 turis
2243 2030 2337 2084 rog
2371 2057 2384 2071 .
2422 2052 2435 2065 .
2470 2053 2483 2067 .
2522 2054 2537 2069 .
2573 2054 2586 2068 .
2623 2054 2640 2070 .

554 2131 707 2187 exire
735 2128 982 2186 deveant,
1014 2117 1333 2174 ambulando
1381 2115 1469 2170 ubi
1517 2112 1773 2180 voluerit,
1825 2123 1879 2167 et
1918 2111 2137 2166 forsitan
2316 2114 2538 2182 Signum
2573 2121 2764 2164 manus
2802 2104 3066 2171 Ansclmi,
3117 2104 3205 2173 qui
3238 2104 3344 2159 tilio
3371 2102 3601 2173 quondam
3624 2098 3744 2151 Barn-

557 2223 665 2277 iilia
698 2257 713 2273 .
744 2256 758 2272 .
783 2254 802 2272 .
835 2254 850 2268 .
877 2255 890 2268 .
918 2253 934 2269 .
967 2213 1047 2267 rio
1075 2211 1365 2274 deservire,
1407 2209 1453 2262 si
1485 2208 1550 2263 de
1584 2205 1954 2276 cumportione
1999 2220 2135 2269 mea,
2245 2202 2373 2268 fulti,
2407 2201 2580 2255 testis.

552 2315 738 2377 vadat,
784 2307 872 2362 ubi
918 2304 1163 2365 voluerit,
1221 2301 1447 2369 amplius
1478 2303 1544 2356 de
1584 2300 1743 2354 rebus
1774 2297 1927 2362 meis,
1962 2295 2044 2350 vel
2085 2296 2137 2350 in
2317 2295 2538 2363 Signum
2570 2302 2760 2344 manus
2788 2285 3000 2353 Tatoni,
3036 2283 3130 2355 qui
3166 2283 3274 2338 lilio
3308 2282 3550 2354 quondam
3582 2278 3743 2344 Fami,

556 2406 674 2474 ipso
706 2396 1030 2455 monasterio
1062 2395 1203 2449 nulla
1236 2404 1418 2465 posset
1446 2407 1624 2459 avere,
1672 2390 1755 2446 vel
1787 2388 2139 2458 imperatione
2247 2386 2421 2438 testis.

557 2461 755 2546 facere.
812 2488 942 2542 Nam
967 2487 1009 2539 si
1038 2485 1166 2539 inivi
1196 2461 1567 2552 permanserit,
1598 2480 1771 2536 omnia
1801 2494 1920 2534 cum
1951 2493 2140 2547 supra-
2316 2474 2427 2542 Ego
2448 2468 2727 2536 Avondns,
2755 2468 2845 2538 qui
2870 2481 3029 2536 supra
3055 2465 3290 2534 scriptor
3311 2462 3459 2532 hujus
3477 2461 3645 2516 cartule
3662 2467 3748 2529 post

557 2583 700 2637 dicto
725 2590 931 2634 rectore
946 2577 1023 2630 vel
1039 2574 1314 2644 genitrice,
1339 2584 1497 2642 atque
1518 2572 1763 2642 conjuge,
1784 2569 1871 2626 vel
1901 2586 1947 2626 s.
1975 2609 1990 2625 .
2013 2608 2025 2622 .
2045 2609 2058 2622 .
2080 2607 2095 2624 .
2124 2608 2137 2622 .
2245 2582 2276 2622 a
2315 2565 2537 2622 testibus
2565 2567 2811 2619 rovorata
2861 2572 2915 2616 et
2947 2560 3142 2613 tradita
3176 2559 3343 2628 ipsius
3382 2557 3527 2610 abbas
3561 2565 3748 2624 presettle

564 2671 819 2728 Dominus
860 2667 1019 2719 vitam
1059 2663 1383 2719 concesserit
1432 2664 1483 2716 in
1517 2662 1656 2716 hunc
1682 2660 1906 2714 exilium
1956 2658 2140 2713 mundi
2247 2659 2461 2717 Aodrea
2488 2656 2597 2710 tilio
2632 2694 2649 2710 .
2683 2696 2697 2711 .
2734 2693 2748 2709 .
2776 2693 2790 2707 .
2825 2695 2841 2709 .
2871 2692 2885 2707 .

510 2789 525 2803 ι
557 2762 889 2828 avitandunt,
910 2758 1085 2813 omnia
1110 2770 1224 2809 mea
1246 2756 1317 2810 sit
1342 2762 1602 2823 potestate
1630 2750 1943 2821 regendum,
1974 2766 2141 2806 reme-
2514 2750 2703 2805 Domni
2749 2746 2948 2811 liaroli,
2998 2759 3142 2799 anno
3184 2741 3326 2812 regni
3357 2741 3464 2811 ejus
3496 2747 3650 2810 quarto
3680 2747 3749 2803 per

562 2854 883 2920 limandum,
936 2851 1214 2907 usulrnctu
1242 2846 1582 2917 capiendum,
1610 2859 1733 2899 nam
1762 2856 1869 2896 non
1899 2840 1966 2894 ad
1990 2855 2142 2896 secn-
2248 2845 2532 2901 indictione
2562 2841 2727 2913 prima
2758 2837 3019 2905 cotttplevi
3053 2848 3111 2890 et
3150 2836 3293 2889 dedi.

561 2945 760 2998 laribus
814 2958 908 3012 pro
952 2940 1097 2995 nullo
1147 2915 1362 3008 ingenio
1416 2933 1838 2992 subtrahendum
1904 2931 2005 2988 nisi
2048 2948 2143 3002 pro
2321 2936 2433 3006 Ego
2465 2933 2760 3003 Gausperto
2788 2933 3013 2994 notario,
3038 2931 3180 2982 sicut
3225 2929 3276 2982 in
3325 2922 3568 2980 autemiea
3611 2915 3745 2973 inveni

559 3037 735 3091 anima
766 3048 879 3089 mea
905 3072 920 3086 .
957 3072 971 3085 .
1001 3068 1015 3085 .
1039 3068 1055 3085 .
1082 3072 1094 3084 .
1124 3069 1138 3084 .
1166 3027 1547 3083 demittendum
1575 3066 1591 3082 .
1618 3066 1632 3082 .
1660 3066 1675 3082 .
1703 3068 1717 3083 .
1744 3067 1759 3085 .
1781 3068 1796 3083 .
1821 3031 1864 3085 si
1889 3069 1905 3085 .
1930 3069 1945 3085 .
1972 3071 1989 3087 .
2020 3069 2034 3083 .
2056 3069 2071 3084 .
2092 3068 2106 3083 .
2124 3065 2140 3085 .
2172 3071 2217 3095 η
2252 3028 2530 3095 scriptum,
2564 3024 2795 3077 ﬁdeliter
2836 3019 3161 3088 exetnpiavi.

560 3126 691 3180 mihi
710 3124 931 3180 heredes
948 3137 1068 3178 esse
1090 3119 1622 3176 deveantsecundum
1640 3120 1727 3175 lex
1746 3123 2137 3190 gentisuostre,
2169 3100 2219 3136 “
2327 3115 2439 3183 Ego
2480 3112 2800 3167 Gualbertus
2854 3114 3090 3163 notarius
3146 3120 3203 3164 et
3250 3108 3408 3177 jndex
3450 3105 3569 3161 sacri
3616 3100 3750 3173 palatii

562 3229 615 3274 et
645 3218 756 3286 ipse
775 3214 1100 3271 senodochio
1125 3213 1177 3267 in
1207 3226 1301 3267 sua
1330 3221 1487 3265 aveat
1539 3222 1820 3280 potestate,
1870 3214 1953 3269 vel
1996 3214 2140 3284 quod
2248 3207 2476 3276 scriptor
2503 3247 2519 3273 ,
2543 3205 2867 3259 autenticum
2908 3204 3032 3257 illud
3064 3202 3173 3257 vidi
3202 3214 3256 3257 et
3282 3202 3403 3272 legi,
3431 3201 3503 3257 sic
3528 3200 3633 3255 inibi
3656 3212 3750 3252 con-

565 3325 659 3380 per
685 3310 800 3378 ipso
823 3308 951 3362 mihi
985 3304 1143 3360 fuerit
1171 3302 1496 3357 ordinatum.
1554 3303 1617 3357 Et
1643 3303 1689 3359 si
1712 3304 1778 3359 ad
1808 3305 2140 3361 secularibtts
2252 3300 2541 3365 tinebatur,
2570 3295 2839 3367 quomodo
2872 3298 2905 3351 it
2972 3296 3073 3368 hoc
3114 3298 3387 3367 exemplar
3426 3298 3641 3364 scriptum
3671 3301 3748 3353 est.

562 3400 788 3456 voluerit
816 3409 1146 3467 permanere,
1182 3396 1481 3463 portionem
1510 3409 1661 3450 suam
1691 3396 1969 3467 suscipiat,
2003 3411 2055 3454 et
2088 3400 2142 3455 in
2252 3403 2429 3464 preter
2454 3392 2573 3462 plus
2602 3391 2869 3455 minusve,
2900 3402 2955 3443 et
2980 3405 3146 3443 manu
3179 3404 3301 3445 mea
3344 3389 3535 3459 propria

565 3493 680 3559 ipso
703 3490 1024 3545 monasterio
1052 3487 1195 3542 nulla
1222 3486 1569 3555 iinperatione
1593 3525 1608 3541 .
1635 3527 1649 3541 .
1678 3527 1694 3543 .
1725 3529 1737 3542 .
1767 3527 1782 3541 .
1807 3488 2143 3548 ordinatione
2958 3499 3148 3555 χχιιι,

559 3583 699 3651 jnsta
744 3583 851 3635 Deo
880 3578 1041 3635 fuerit
1088 3580 1414 3635 ordinatum.
1492 3579 1555 3634 Et
1585 3581 1706 3650 quia
1735 3595 1822 3636 me
1851 3582 2141 3651 Optandum

2253 3596 2522 3653 Institutio
2571 3595 2874 3685 monasterii
2920 3610 3190 3685 sacrarum
3242 3594 3485 3685 virgiimtn
3526 3586 3746 3685 ssb’titttla

565 3673 665 3741 ire,
697 3674 739 3727 si
769 3673 886 3727 sine
917 3670 1057 3725 [ilius
1077 3672 1314 3726 masculo
1344 3671 1626 3741 transiero,
1675 3681 1731 3727 et
1772 3681 1927 3727 antea
1954 3675 2022 3729 de
2048 3675 2147 3730 hac
2323 3679 2615 3741 sanctorum
2642 3665 2813 3741 Petri
2845 3677 2891 3741 et
2926 3667 3109 3741 Δζἀιιιὶ
3161 3664 3581 3732 utque‘Auastasii
3606 3665 3748 3741 {after

567 3770 684 3821 luce
714 3768 972 3834 migratus
1003 3764 1178 3830 luero,
1209 3780 1366 3834 quam
1401 3764 1572 3833 ipsum
1622 3774 1865 3821 sanctum
1896 3775 1951 3822 et
1979 3783 2143 3824 vene-

2325 3740 2601 3808 liatefredo
2622 3738 2730 3806 ﬁlio
2744 3735 3012 3790 Gutliclu'si
3035 3739 3087 3789 in
3108 3728 3238 3807 agro
3256 3737 3530 3790 Pistoriensi
3543 3728 3746 3802 (mus).

568 3859 731 3913 rabile
760 3858 932 3911 locum
959 3864 1328 3935 consectatum
1352 3856 1440 3919 sit,
1471 3856 1592 3910 volo
1622 3865 1780 3927 atque
1802 3857 2056 3925 decerno,
2090 3868 2148 3914 ut

2146 3899 2148 3911 ,
2326 3849 2381 3903 ln
2405 3848 2619 3903 nomine
2650 3844 2877 3903 Domini.
2913 3845 3005 3900 Die
3031 3855 3244 3913 octavo,
3276 3860 3451 3901 mense
3472 3839 3748 3913 Septembrio.

565 3952 682 4018 ipso
704 3949 937 4004 oratorio
958 3947 1041 4001 vel
1065 3945 1390 4001 senodochio
1415 3944 1524 4015 jam
1553 3946 1753 4001 dictum
1779 3987 1793 4001 .
1827 3986 1841 4002 .
1872 3984 1889 4002 .
1918 3987 1933 4002 .
1963 3987 1979 4004 .
2012 3988 2027 4002 .
2056 3966 2146 4020 ge,
2255 3950 2516 4010 regnante
2566 3940 2763 3994 domno
2786 3937 2980 3993 Rachis
3014 3936 3092 3990 vir
3122 3937 3574 3993 excellentissimus
3596 3945 3751 4000 regem.

567 4056 659 4095 seu
704 4054 889 4095 sorore
932 4047 988 4092 et
1036 4038 1140 4091 lilia
1184 4052 1299 4092 mea
1340 4037 1407 4091 de
1450 4036 1627 4092 omnia
1668 4038 1956 4095 medietate
1986 4041 2148 4097 rebus
2256 4050 2398 4088 anno
2429 4043 2645 4103 quarto,
2679 4048 2774 4103 per
2803 4034 3093 4088 indictione
3125 4028 3618 4097 secunda,feliciter.
3645 4026 3753 4076 lian-

568 4130 724 4195 meis,
753 4142 857 4197 que
884 4126 1008 4181 inivi
1038 4125 1346 4181 condonare
1380 4128 1523 4179 visus
1548 4141 1689 4193 sum,
1714 4127 1901 4184 diebus
1918 4130 2026 4185 vile
2050 4145 2147 4187 sue
2259 4126 2395 4181 {redi
2434 4127 2572 4181 illius
2612 4127 2879 4195 quondam
2912 4127 3188 4182 Guilicbisi
3219 4138 3435 4194 Sperave
3460 4124 3506 4175 in
3531 4133 3603 4175 me
3623 4113 3754 4170 divina

566 4233 723 4277 aveat
753 4229 1103 4290 potestatem;
1137 4228 1191 4273 et
1220 4230 1335 4288 post
1355 4218 1500 4273 ovito
1523 4234 1730 4286 eorum,
1754 4221 1895 4290 quod
1928 4238 2021 4291 per
2047 4223 2147 4294 ipsi
2263 4219 2518 4288 porentia,
2571 4218 2698 4273 dum
2748 4220 3060 4287 complexus
3090 4220 3331 4290 rejacere
3371 4218 3419 4272 iit
3463 4212 3755 4270 iuﬁrmilaL...

570 4314 697 4367 inivi
729 4312 889 4367 fuerit
911 4310 1211 4366 ordinatum
1240 4320 1294 4365 et
1320 4310 1460 4366 servi
1488 4312 1568 4367 vel
1594 4312 1972 4369 ancillasmeas
1997 4323 2149 4384 parte
2258 4310 2374 4366 sine
2404 4312 2537 4377 line,
2590 4311 2678 4364 ubi
2704 4308 2849 4365 iures
2899 4324 3006 4364 non
3036 4309 3299 4365 eil‘odiunt
3338 4322 3434 4363 nec
3471 4302 3759 4363 Toranium“

570 4422 690 4461 mea
738 4406 887 4460 liveri
945 4404 1256 4459 demittendi
1284 4445 1299 4459 .
1339 4444 1354 4459 .
1375 4440 1391 4458 .
1422 4441 1437 4457 .
1464 4440 1481 4459 .
1511 4441 1526 4458 .
1556 4440 1573 4459 .
1601 4443 1615 4459 .
1645 4444 1660 4461 .
1693 4441 1710 4458 .
1740 4416 1911 4460 ratum
1972 4408 2051 4462 sic
2096 4408 2145 4463 in
2180 4440 2236 4502 Β
2260 4400 2347 4454 illa
2371 4415 2501 4457 voce
2526 4400 2709 4457 audire
2740 4416 2968 4467 merear,
2997 4402 3119 4471 quia
3168 4400 3421 4455 Dominus
3456 4403 3613 4453 noslel’
3642 4390 3758 4446 ³⁸⁸⁸³

572 4497 672 4565 ipsi
696 4498 910 4551 livertas
938 4505 1264 4565 permaneat,
1289 4497 1426 4550 sicut
1449 4497 1695 4565 princeps
1719 4498 1947 4553 domnus
1973 4512 2152 4557 noster
2180 4483 2233 4502 ν
2261 4492 2502 4548 Christus
2546 4508 2609 4548 ac
2663 4494 2970 4564 redemptor
3021 4495 3285 4559 οηηιὶυιιι.
3313 4496 3362 4548 ill
3391 4505 3447 4548 se
3486 4483 3758 4543 ετεάθυιίδ¹³³

575 4587 711 4640 bona
730 4591 985 4640 memorie
1007 4586 1402 4655 Linprandirex
1434 4602 1527 4656 per
1547 4589 1775 4643 edictum
1799 4591 2150 4659 conﬁrmavit,
2263 4585 2575 4654 promittere
2626 4585 2875 4654 dignatus
2923 4598 3038 4640 est:
3074 4584 3276 4653 Venite,
3326 4580 3552 4638 benedicti
3597 4572 3759 4630 Ραιτέεῖ

572 4686 626 4729 et
656 4675 843 4730 iterum
869 4678 1186 4733 conﬁrmare
1217 4678 1440 4747 previdi,
1491 4691 1543 4734 ut
1567 4681 1668 4735 sub
1691 4682 1883 4737 nullius
1917 4687 2155 4741 mazrieis
2259 4675 2499 4743 Ρειέίρίίε
2526 4691 2766 4745 "gnum.
2798 4677 2934 4745 quod
2972 4675 3108 4729 vobis
3148 4690 3386 4745 paratum
3435 4679 3501 4726 εει
3531 4671 3585 4721 αθ
3618 4662 3763 4732 οτίθίπδ

572 4769 801 4823 ecclesia
845 4769 1205 4835 subiacentem
1254 4772 1428 4840 ipsum
1472 4784 1715 4829 sanctum
1744 4778 2039 4833 oratorium
2070 4779 2154 4836 vel
2262 4765 2463 4817 υιιιηάίο
2500 4764 2566 4819 Et
2596 4768 2788 4820 “enim
2817 4770 3135 4835 δηιιηοιιυίῑν
3160 4767 3499 4822 άίοεηεοο-ηο·
3541 4759 3660 4830 ﬁli“
3684 4768 3761 4804 ’θ’θ’

572 4861 900 4916 senodochio
930 4864 1188 4930 parvitate
1218 4880 1305 4917 mu
1349 4902 1363 4916 .
1398 4901 1414 4918 .
1444 4903 1457 4918 .
1490 4904 1507 4921 .
1544 4904 1557 4918 .
1588 4906 1602 4920 .
1634 4905 1648 4921 .
1685 4867 1958 4924 Dominico
1984 4870 2152 4928 abbas

2259 4858 2449 4910 acutus.
2477 4857 2811 4914 Previdimus
2832 4860 2882 4913 in
2908 4860 3124 4929 proprio
3143 4874 3267 4915 meo
3288 4858 3523 4915 editicare
3540 4846 3760 4907 ecclesiam

572 4968 669 5024 per
697 4968 783 5011 me
811 4954 935 5008 inivi
963 4953 1185 5025 positus,
1217 4964 1273 5009 et
1301 4956 1411 5024 ipsa
1439 4958 1718 5027 geniti-ioc,
1746 4969 1907 5029 atque
1929 4962 2154 5033 conjuge
2259 4949 2588 5004 monasterio
2609 4950 3040 5006 beatissimorum
3060 4955 3231 5007 sancti
3266 4952 3401 5007 Petri
3425 4959 3473 5004 et
3499 4944 3623 5002 Pauli
3647 4948 3763 5006 atque

575 5061 670 5102 seu
698 5062 950 5117 germana
994 5057 1151 5117 atque
1180 5047 1285 5102 lilia
1316 5065 1454 5116 mea,
1484 5052 1535 5105 in
1565 5067 1713 5108 suam
1745 5065 1898 5109 aveat
1917 5065 2154 5126 potesta—

2261 5043 2552 5109 Anastasii,
2585 5053 2639 5098 et
2667 5042 2796 5098 inivi
2820 5059 2930 5110 me,
2976 5045 3058 5101 vel
3085 5046 3259 5100 anima
3294 5059 3405 5100 mea
3434 5033 3761 5097 commendaui

575 5148 684 5193 tem
714 5139 900 5193 diebus
945 5139 1050 5193 vite
1075 5154 1191 5205 sue,
1236 5150 1328 5193 aut
1372 5139 1517 5195 fratri
1573 5145 1654 5198 vel
1686 5146 1878 5212 sorori,
1926 5149 2015 5217 qui
2059 5162 2154 5218 per

2261 5146 2421 5202 atque
2443 5132 2623 5189 oil'erri
2649 5134 2993 5191 medietatem
3012 5137 3080 5193 de
3102 5152 3315 5192 omnem
3340 5134 3626 5206 parvitatem
3641 5135 3756 5193 Ρεω·

575 5226 673 5298 ipsi
700 5228 823 5282 inivi
851 5229 1005 5299 positi
1030 5227 1247 5296 iuerint,
1278 5231 1360 5284 vel
1389 5233 1723 5299 postmodum
1749 5211 1886 5291 unus
1906 5211 2159 5307 quislibet
2265 5226 2428 5291 "iam:
2462 5227 2544 5280 vel
2567 5226 2896 5296 adQUiSin
2930 5245 3130 5294 meum.
3154 5229 3299 5298 (ιυοά
3330 5240 3463 5282 ῐιωιο
3485 5217 3681 5292 Pw”
3703 5211 3765 5264 ⁸³⁵⁸

572 5320 865 5375 secundum
896 5321 1063 5377 Deum
1108 5321 1290 5377 electis
1316 5324 1444 5392 spiri
1478 5361 1493 5378 .
1524 5364 1538 5379 .
1567 5363 1581 5378 .
1606 5364 1623 5380 .
1656 5363 1672 5379 .
1707 5366 1721 5381 .
1753 5344 1931 5398 peras,
1979 5343 2031 5385 ει
2063 5347 2157 5399 μω
2180 5313 2246 5392 ξ’
2262 5333 2442 5383 avere,
2474 5328 2621 5373 et....
2658 5328 2832 5387 tuero,
2860 5330 2965 5374 tant
3013 5334 3134 5375 case
3178 5318 3474 5374 avitationis
3502 5328 3625 5376 ntee,
3648 5318 3763 5378 quill

573 5412 777 5467 scelera
803 5426 922 5466 mea
946 5412 1226 5467 Dominmu
1249 5415 1676 5484 deprecandum;
1709 5435 1829 5474 nam
1864 5436 1960 5490 pro
2006 5422 2151 5476 nullo
2263 5421 2314 5465 ει
2346 5426 2471 5467 ωδε
2498 5414 2831 5481 numelli.
2856 5428 2951 5468 εεο
3000 5414 3215 5479 σηπίη,
3247 5414 3419 5478 νίικι.
3450 5420 3596 5469 terra.
3619 5395 3762 5471 Ῥτ³¹ί⁴ι

578 5502 730 5557 titulo
778 5503 975 5557 malum
1005 5505 1274 5561 hominem
1326 5506 1689 5575 alienandum,
1744 5521 1837 5563 aut
1890 5526 1986 5579 per
2035 5527 2162 5566 σοι’-
2265 5507 2498 5575 Ρθθευῖε»
2523 5506 2694 5571 είίνίδο
2727 5508 2966 5572 Nicetis.
2999 5508 3318 5573 εθιὶθυίὶιυε,
3346 5507 3532 5559 culum)
3557 5506 3689 5566 anlne
3705 5490 3762 5541 ί¹¹⁴

577 5594 877 5662 ruptionem
905 5594 1030 5649 inivi
1053 5597 1157 5649 alio
1178 5598 1671 5667 superponendum,
1728 5600 1829 5654 nisi
1862 5615 2017 5671 quem
2069 5603 2156 5657 ille

2268 5608 2493 5671 cultum,
2530 5607 2780 5661 movilem
2828 5606 2909 5661 vel
2955 5605 3257 5661 imnovilem
3280 5647 3294 5669 ,
3324 5613 3534 5668 seseque
3565 5580 3765 5650 moven'i‘

500 5704 503 5705 ν
580 5687 826 5754 voluerit,
852 5687 939 5757 qui
970 5689 1094 5744 inivi
1129 5688 1287 5745 inerit
1309 5689 1584 5749 ordinatus
1614 5702 1666 5748 et
1692 5694 1870 5751 ttullus
1901 5694 1965 5749 de
1995 5693 2157 5754 hcrc-
2266 5699 2389 5770 bus,
2442 5701 2624 5764 omnia
2672 5707 2728 5755 et
2777 5699 2831 5754 in
2884 5697 3132 5755 omnibus
3158 5700 3228 5753 ad
3261 5695 3430 5766 ipsum
3477 5694 3684 5746 sanctum
3726 5680 3764 5727 ει
