4056 6178
312 280 441 334 1381

1364 276 1751 336 DIPLOIATA
1795 274 2074 331 ECCLES.
2119 277 2453 334 SELECTA.

3415 270 3551 328 {582

308 390 661 447 venerabilem
679 392 852 447 locum
878 389 1057 447 offerri
1083 399 1138 446 et
1158 391 1469 448 condonare
1490 390 1870 461 previdi.......
1902 393 1949 449 Δ
1976 392 2113 444 servi
2142 392 2221 445 vel
2238 393 2459 449 ancillas
2476 405 2804 444 meas........
2830 404 2946 445 mea
2968 391 3114 443 liveri
3139 390 3548 449 dcmittend.....

310 500 406 537 seu
429 494 484 536 et
514 482 820 547 Astruelda,
853 484 942 552 qui
999 494 1147 538 veste
1194 466 1483 538 monastica
1540 483 1724 538 induta
1754 497 1878 537 esse

311 576 537 627 videtur.
574 573 627 626 In
657 588 778 627 eum
802 588 928 627 vero
943 582 1149 637 tenore,
1176 584 1232 627 ut
1254 574 1298 627 si
1320 575 1590 642 jamdicta
1623 575 1728 627 ﬁlia
1763 588 1880 628 mea

312 665 549 727 voluere,
579 677 698 716 cum
738 664 993 731 genitrice
1042 678 1154 717 mea
1189 664 1410 728 Muntia,
1460 674 1622 733 atque
1653 664 1879 731 conjuge

313 768 428 807 mea
453 752 757 817 Perterada,
794 767 886 807 seo
905 767 1154 821 germana
1187 767 1304 807 mea
1337 754 1610 821 Itatperta,
1637 751 1878 821 inipsum

314 843 639 899 monasterio
665 843 933 897 deservire
959 844 1178 898 voluere
1206 844 1379 898 in.....
1407 843 1735 899 senodochio
1766 856 1885 911 cge—

315 949 414 988 nos
446 934 525 989 vel
558 948 817 1003 pauperes
840 933 1231 1000 recipiendum,
1256 943 1312 986 et
1334 932 1623 986 elemosiua
1652 931 1887 985 tribuen-

316 1030 441 1081 dum
492 1039 545 1081 et
600 1026 995 1096 guvernandum
1027 1041 1121 1094 per
1145 1025 1423 1079 ebdomata
1451 1040 1553 1078 una
1604 1038 1886 1093 pauperes,

317 1121 399 1174 vel
448 1119 749 1188 peregrinas
778 1119 1004 1182 animas,
1034 1126 1088 1172 et
1117 1132 1219 1171 una
1242 1132 1363 1171 cum
1390 1116 1663 1172 dominico
1694 1116 1885 1171 abbate

320 1223 545 1278 rectore,
578 1226 733 1279 quem
764 1209 891 1263 inibi
917 1198 1166 1262 ordinare
1190 1207 1390 1275 previdi
1413 1226 1423 1259 :
1450 1207 1649 1271 omnia,
1669 1215 1729 1261 ut
1752 1206 1889 1271 dixi,

319 1304 370 1356 in
403 1317 496 1355 sua
530 1300 718 1353 habeat
745 1308 1005 1367 potestate
1046 1299 1507 1368 regendum.......
1537 1298 1886 1351 elemosinam

321 1390 658 1445 tribuendum
687 1389 757 1444 de
786 1388 925 1456 quod
958 1387 1087 1441 inihi
1142 1388 1395 1442 Dominus
1440 1387 1745 1443 condonare
1772 1386 1889 1459 dig-

321 1491 479 1534 natus
525 1479 705 1547 fuerit,
735 1489 789 1534 et
816 1494 912 1548 pro
938 1479 1116 1531 anima
1164 1492 1279 1533 mea
1311 1487 1527 1549 gravata
1562 1477 1885 1547 ponderibus

321 1570 557 1639 peccatis
584 1569 739 1636 meis,
790 1570 878 1623 die
932 1578 1201 1637 noctuque
1248 1568 1664 1637 omnipotentem
1702 1568 1888 1632 Deum,

318 1676 373 1718 et
402 1664 564 1718 etiam
615 1661 707 1716 Dei
736 1660 1008 1715 Genitrice
1032 1661 1218 1724 Maria,
1264 1660 1347 1715 vel
1380 1660 1666 1714 beatissimi
1719 1658 1889 1711 sancti

328 1754 470 1807 l‘etri
499 1762 553 1806 et
578 1752 722 1805 Pauli
767 1766 861 1806 seu
909 1752 1336 1806 Auastasii.......
1370 1751 1525 1805 nimis
1557 1757 1801 1819 peccator
1824 1749 1892 1803 de

321 1842 548 1897 vinculis
562 1857 813 1911 penarum
844 1842 1049 1910 eripere
1069 1840 1334 1910 dignetur,
1365 1847 1419 1894 et
1459 1841 1594 1894 inter
1614 1838 1812 1893 sanctis
1839 1848 1893 1893 et

322 1933 510 1989 electis
533 1933 645 1986 suis
680 1934 857 2001 aliqua
887 1941 1039 1999 parte
1064 1932 1145 1985 vel
1178 1932 1408 1985 societas
1443 1930 1891 1997 tribuerejubeat,

323 2025 445 2092 quia
470 2024 724 2092 scriptum
781 2032 862 2076 est
894 2036 986 2089 per
1032 2022 1299 2091 eloquium
1360 2030 1415 2076 et
1445 2021 1891 2075 ministrationem

328 2115 495 2169 nostri
538 2116 686 2169 lhesu
715 2114 913 2168 Christi
948 2134 959 2167 :
992 2113 1175 2179 Petite,
1206 2122 1253 2168 et
1281 2114 1489 2167 dabitur
1518 2114 1653 2167 vobis
1677 2130 1695 2167 :
1726 2114 1895 2182 queri-

326 2216 391 2270 te,
411 2219 456 2259 et
486 2208 917 2260 invenietis.......
981 2208 1082 2260 l’ro
1120 2209 1237 2261 ideo
1278 2221 1378 2276 ego
1403 2208 1561 2261 miser
1587 2216 1640 2261 et
1670 2206 1891 2261 nimium

328 2306 573 2363 peccator
623 2296 854 2351 creditur
899 2299 949 2352 in
981 2298 1095 2366 ejus
1143 2314 1331 2366 magna
1385 2297 1772 2365 misericordia,
1804 2297 1893 2365 qui

325 2400 408 2440 est
437 2388 551 2456 pius
576 2387 852 2452 Dominus,
876 2399 926 2441 et
948 2388 1249 2457 redemptor
1277 2388 1514 2442 onmium
1539 2390 1635 2442 celi
1652 2396 1706 2441 et
1732 2398 1891 2454 terre,

328 2480 396 2533 de
419 2481 692 2547 parvitatis
735 2496 849 2534 mea
879 2482 1100 2535 terrenis
1132 2481 1467 2535 tribuendum
1490 2482 1556 2533 ad
1583 2481 1695 2548 ipsa
1737 2494 1893 2534 Sanc—

326 2578 378 2620 ta
409 2572 597 2622 virtute
627 2569 857 2622 nominis
892 2570 1189 2623 beatissimi
1248 2570 1415 2622 sancti
1474 2568 1614 2622 Petri
1659 2580 1713 2621 et
1742 2567 1894 2621 Pauli

328 2674 423 2710 seu
452 2660 714 2711 Anastasii
754 2659 951 2713 celeste
995 2659 1331 2729 gaudium...
1370 2657 1592 2729 conjuge
1616 2672 1732 2712 mea
1769 2659 1895 2711 I‘er-

329 2749 510 2802 terada
560 2750 771 2804 carnale
826 2751 953 2804 vitio
1011 2748 1167 2805 fuerit
1220 2761 1525 2816 consecuta,
1575 2760 1628 2805 et
1686 2750 1740 2803 in
1781 2750 1897 2817 ipso

328 2841 619 2893 seuodoeio
665 2841 743 2894 vel
801 2844 1124 2896 monasterio
1156 2840 1386 2895 noluerit
1407 2841 1700 2907 deservire,
1746 2842 1896 2895 nulla

330 2938 397 2986 de
425 2934 581 2986 rebus
612 2936 740 2987 meis
756 2948 911 2986 avere
932 2934 1145 3000 debeat,
1174 2934 1273 2988 nisi
1294 2949 1455 2986 vacua
1479 2942 1532 2986 et
1559 2934 1711 2989 inane
1741 2932 1898 2986 exin-

329 3023 555 3082 deforis
604 3025 748 3082 exire
795 3025 1042 3093 deveant,
1078 3025 1399 3083 ambulando
1446 3025 1533 3082 ubi
1564 3024 1811 3090 voluerit,
1843 3029 1897 3079 et

334 3117 553 3171 forsitan
586 3120 805 3172 lilia.....
858 3120 938 3172 rio
966 3119 1354 3173 deservire.....
1384 3133 1502 3171 cum
1535 3117 1777 3186 portione
1798 3130 1893 3170 sua

332 3209 508 3268 vadat,
536 3210 622 3261 ubi
641 3210 886 3276 voluerit,
907 3211 1131 3276 amplius
1156 3210 1221 3263 de
1242 3213 1401 3264 rebus
1440 3211 1573 3264 meis
1601 3207 1683 3261 vel
1717 3208 1767 3260 in
1790 3207 1907 3272 ipso

336 3300 663 3352 monasterio
704 3302 845 3354 nulla
891 3311 1265 3369 possetavere,
1297 3302 1379 3355 vel
1407 3301 1695 3367 inperattve
1710 3297 1903 3352 facere.

334 3388 465 3441 Nam
491 3389 536 3441 si
569 3389 693 3443 inivi
728 3393 1096 3457 permanserit,
1123 3391 1298 3446 omnia
1324 3405 1445 3444 cum
1474 3388 1775 3458 supradicto
1791 3402 1907 3442 rec-

337 3489 452 3534 tore
498 3482 583 3535 vel
630 3483 910 3549 genitrice,
945 3492 1104 3552 atque
1132 3484 1387 3551 conjuge,
1417 3482 1618 3539 vel.....
1657 3480 1910 3535 Dominus

334 3569 496 3624 vitam
519 3575 844 3627 concesserit
868 3574 919 3627 in
954 3573 1091 3628 hunc
1114 3574 1331 3629 exilium
1376 3573 1557 3627 mundi
1582 3572 1907 3638 avitandum,

334 3660 511 3713 omnia
550 3675 665 3715 mea
704 3662 769 3715 sit
803 3673 1061 3732 potestate
1101 3664 1409 3733 regendum,
1440 3661 1907 3727 remelioraudum,

336 3748 608 3801 usufructu
648 3752 984 3819 capiendum.
1023 3753 1154 3807 Nam
1199 3769 1301 3807 non
1349 3755 1414 3808 ad
1445 3752 1773 3808 secularibus
1816 3766 1911 3820 pro

338 3838 484 3889 nullo
501 3839 709 3907 ingenio
734 3843 1174 3907 subtrahendum,
1198 3843 1297 3896 nisi
1316 3857 1408 3911 pro
1427 3841 1599 3895 anima
1616 3855 1802 3894 mea...
1818 3840 1910 3895 de-

338 3929 792 3985 mittendum......
821 3933 946 3984 mihi
974 3933 1195 3987 heredes
1214 3946 1331 3986 esse
1355 3931 1600 3995 deveant,
1623 3929 1912 3985 secundum

338 4018 425 4073 lex
453 4021 621 4087 gentis
666 4036 864 4078 nostre.
895 4024 957 4077 Et
1006 4025 1117 4092 ipse
1164 4024 1489 4078 senodochio
1535 4023 1586 4077 in
1631 4037 1728 4077 sua
1757 4031 1911 4076 aveat

338 4121 621 4178 potestate,
647 4114 727 4165 vel
760 4114 897 4182 quod
923 4130 1016 4182 pro
1046 4114 1161 4183 ipso
1190 4114 1317 4168 inibi
1374 4115 1529 4168 fuerit
1578 4114 1910 4168 ordinatura.

345 4202 480 4254 Etsi
522 4202 586 4254 ad
618 4204 949 4259 sccularihus
974 4205 1204 4259 voluerit
1243 4219 1576 4273 permanere,
1609 4204 1907 4273 portionem

339 4304 437 4343 sua
464 4292 737 4361 suscipiat,
766 4305 819 4345 et
851 4294 903 4346 in
942 4296 1055 4361 ipso
1081 4296 1407 4348 monasterio
1436 4295 1575 4347 nulla
1608 4294 1912 4361 imperatio-

1981 492 2151 535 ratum
2166 483 2243 536 sic
2270 484 2317 535 in
2338 483 2431 549 ipsi
2456 482 2668 535 livertas
2691 489 3014 547 permaneat,
3030 482 3160 533 sicut
3178 480 3441 549 princeps,
3457 482 3554 535 do-

1984 570 2156 624 minus
2180 579 2359 625 noster
2374 571 2510 623 bene
2527 570 2777 623 memorie
2793 568 3075 636 Luiprandi
3106 584 3193 622 rev
3214 584 3307 638 per
3319 571 3549 626 edictum

1982 662 2338 726 conﬁrmavit,
2364 670 2417 714 et
2440 663 2627 716 iterum
2658 661 2969 715 conﬁrmare
2995 663 3217 729 previdi,
3235 672 3290 717 ut
3309 663 3408 719 sub
3432 666 3554 719 nul-

1985 751 2199 806 lius.....
2248 749 2618 805 Ecclesia......
2658 752 3014 820 subjacentem
3049 755 3217 822 ipsum
3258 768 3349 809 seu
3369 764 3549 810 orato-

1988 842 2123 897 rium
2143 842 2222 895 vel
2237 840 2561 896 senodoehio
2581 842 2971 911 parvitate"...
2998 844 3271 899 Dominico
3283 846 3443 901 abbas
3459 863 3554 915 per

1988 948 2072 986 me
2086 932 2209 986 inivi
2230 932 2449 999 positus,
2466 943 2520 987 et
2545 934 2653 1002 ipsa
2667 936 2916 1003 genitrice
2933 945 3087 1003 atque
3100 938 3321 1007 conjuge
3337 953 3427 993 scu
3442 954 3555 1008 ger-

1988 1038 2161 1088 mana,
2180 1033 2335 1091 atque
2352 1021 2454 1075 ﬁlia
2474 1037 2585 1075 mea
2604 1022 2655 1075 in
2677 1038 2769 1076 sua
2792 1036 2904 1076 avet
2924 1036 3232 1095 potestatem
3246 1029 3430 1083 diebus
3448 1028 3556 1083 vite

1989 1129 2107 1181 sue,
2126 1124 2216 1169 aut
2233 1113 2379 1168 fratri
2396 1116 2473 1169 vel
2499 1115 2686 1181 sorori,
2706 1117 2792 1184 qui
2812 1132 2903 1185 per
2922 1118 3017 1186 ipsi
3035 1120 3155 1173 ittivi
3173 1122 3323 1187 positi
3340 1120 3557 1189 fuerint,

1990 1205 2073 1258 vel
2105 1205 2439 1272 postmodum
2469 1219 2603 1258 unus
2639 1205 2877 1273 quisquis
2922 1209 3217 1260 secundum
3250 1210 3409 1263 Deum
3449 1214 3555 1266 ele-

1992 1292 2089 1347 etis
2112 1294 2366 1364 spiri.....
2394 1305 2447 1347 ct
2473 1308 2566 1359 per
2591 1294 2791 1349 scelera
2816 1312 2929 1350 mea
2952 1296 3230 1351 Dominum
3261 1300 3555 1369 deprecan-

1992 1385 2139 1440 dttm.
2174 1384 2299 1439 Nam
2331 1400 2423 1455 per
2451 1386 2595 1441 nullo
2623 1386 2775 1440 titulo
2803 1387 2996 1440 malum
3030 1388 3293 1443 hominem
3320 1391 3551 1444 alienau-

1993 1475 2140 1539 dum,
2175 1486 2264 1529 aut
2300 1492 2392 1543 per
2433 1477 2827 1544 corruptionem
2852 1476 2974 1531 inivi
3005 1478 3109 1533 alio
3137 1495 3297 1549 super
3349 1498 3553 1548 ponen-

1994 1567 2138 1633 dum,
2167 1571 2263 1623 nisi
2297 1585 2449 1637 quem
2501 1568 2589 1623 ille
2620 1570 2869 1635 voluerit,
2896 1573 2981 1640 qui
3008 1576 3128 1627 inivi
3162 1576 3317 1631 fuerit
3341 1578 3556 1632 ordina-

1998 1677 2100 1724 tus.
2136 1667 2200 1719 Et
2222 1668 2394 1721 nullus
2424 1667 2490 1720 do
2521 1668 2804 1724 heredibus
2830 1671 3213 1739 proheredbus
3238 1673 3367 1727 meis
3397 1688 3558 1743 quan-

1923 1728 1969 1788 Β
1996 1758 2167 1827 doque
2195 1758 2365 1827 aliqua
2419 1773 2788 1825 posses........
2822 1761 2993 1827 petuis
3046 1761 3366 1829 temporibus
3386 1728 3552 1816 siavi-

1994 1849 2145 1903 litum
2173 1859 2495 1917 pertnaueat.
2522 1847 2587 1902 Et
2609 1849 2697 1917 qui
2723 1849 3016 1904 contrarius
3032 1851 3163 1904 hanc
3179 1854 3449 1916 cartulam,
3470 1854 3555 1907 vel

1995 1941 2109 2006 ipso
2142 1949 2398 1993 monastet
2414 1938 2464 1992 io
2517 1950 2606 1991 aut
2636 1950 2874 1993 sanctum
2922 1940 3244 1995 senodochio
3277 1943 3352 1996 ire
3394 1958 3561 2010 quan-

1992 2032 2165 2099 doque
2210 2033 2607 2099 prosumpserit,
2638 2041 2728 2083 aut
2752 2045 2869 2085 eam
2914 2032 3207 2100 irrumpere
3236 2034 3481 2098 voluerit,
3508 2036 3559 2088 in

1997 2123 2179 2191 primis
2211 2124 2259 2174 in
2291 2123 2364 2175 ira
2395 2123 2505 2186 Det,
2535 2132 2589 2176 et
2610 2124 2781 2176 omnis
2815 2124 3024 2177 virtutis
3052 2126 3309 2188 celoroui,
3336 2128 3559 2179 archauo

1994 2215 2253 2284 gelorum,
2303 2214 2746 2282 angelorum......
2776 2215 3043 2278 Scarioth,
3073 2214 3160 2284 qui
3195 2217 3406 2269 tradidit
3452 2217 3558 2269 Do-

1997 2307 2191 2359 tnittttttt
2222 2314 2455 2359 nostrum
2506 2304 2684 2359 Jesum
2740 2305 3035 2371 Christum,
3082 2318 3133 2359 et
3188 2307 3237 2358 in
3271 2316 3469 2359 tartaro
3491 2309 3562 2362 sit

1995 2395 2375 2464 conscriptum.
2411 2396 2565 2461 Ecce,
2600 2408 2650 2448 ut
2679 2411 2795 2449 mea
2830 2398 3035 2449 luerunt
3058 2397 3341 2466 desideria,
3391 2398 3565 2452 adim-

1999 2486 2153 2555 pleri,
2183 2496 2238 2540 et
2293 2486 2543 2539 Avondus
2572 2486 2827 2538 notat-lum
2854 2486 3086 2539 scrivere
3116 2488 3314 2555 rogavi.

2067 2584 2256 2633 Actum
2290 2579 2530 2643 l‘istoria,
2564 2594 2781 2648 regnum
2807 2587 2861 2632 et
2882 2574 3177 2632 indictionc'
3212 2579 3556 2647 soprascrita,

1997 2672 2240 2727 feliciter.

2068 2784 2287 2852 Signum
2322 2795 2697 2835 manus........

2210 2872 2391 2929 l‘redns
2443 2872 2679 2925 medicus
2711 2877 2924 2936 rogatus
2985 2866 3051 2921 ad
3100 2867 3354 2937 Ratperto
3408 2885 3565 2923 manu

2002 2982 2116 3024 mea
2142 2965 2351 3036 propria
2375 2971 2508 3016 teste
2531 2962 2845 3029 subscripsi.

1923 3066 1972 3130 c
2073 3066 2180 3132 Ego
2209 3057 2446 3114 Lazarus
2484 3066 2696 3127 rogatus
2724 3068 2754 3109 a
2783 3052 3038 3126 liatpctto
3089 3068 3247 3111 manu
3301 3068 3415 3111 mea
3448 3053 3570 3110 lesli

2006 3154 2315 3223 subscripsi.

2080 3270 2187 3338 Ego
2220 3267 2535 3336 liachiperto
2577 3274 2792 3336 rogatus
2831 3265 2896 3318 ad
2956 3264 3215 3333 Ratperto
3266 3265 3417 3319 testis
3442 3265 3575 3319 sub-

2006 3374 2215 3429 εει-ψει.

2076 3476 2292 3544 Signum
2317 3488 2503 3527 manus
2526 3471 2765 3526 Maurelli
2784 3470 3047 3540 quondam
3074 3469 3182 3524 filio
3205 3470 3571 3524 Statar........

2079 3586 2294 3654 Signum
2328 3596 2513 3638 manus
2543 3581 2785 3637 Anselmi
2841 3581 3105 3651 quondam
3137 3578 3267 3635 ﬁlio“
3292 3581 3532 3635 Barafula
3552 3620 3569 3645 ,

2011 3689 2181 3734 ICSIIS.

2081 3787 2298 3858 Signum
2326 3800 2512 3843 manus
2542 3785 2728 3841 Tatoni
2763 3783 3033 3855 quondam
3081 3785 3189 3839 ﬁlio
3231 3784 3447 3849 Fusoni,
3495 3792 3575 3872 te-

2011 3881 2131 3936 stis.

2084 3994 2193 4061 Ego
2230 3992 2479 4045 Avondus
2522 3989 2612 4060 qui
2661 4004 2820 4060 supra
2870 3990 3098 4060 scriptor
3144 3988 3301 4058 hujus
3352 3991 3576 4057 cartule,

2015 4094 2133 4152 post
2163 4098 2191 4135 a
2222 4083 2445 4135 testibus
2475 4091 2743 4147 rovorata,
2772 4089 2825 4135 et
2857 4081 3046 4135 tradita
3076 4081 3239 4149 ipsius
3264 4080 3428 4134 abbas
3456 4096 3577 4148 pre-

2011 4183 2163 4229 sente
2190 4173 2397 4227 Andrea
2431 4173 2689 4228 ﬁlio......

2088 4287 2198 4357 Ego
2249 4327 2264 4342 .
2318 4324 2333 4339 .
2378 4324 2392 4338 .
2452 4323 2465 4338 .
2510 4321 2526 4337 .
2578 4323 2591 4336 .
2637 4324 2651 4338 .
2705 4284 2732 4313 “
2778 4282 2957 4337 domui
3010 4282 3184 4337 Karoli
3231 4295 3374 4335 anno
3423 4281 3572 4349 regni

342 4396 499 4436 ne....
559 4384 894 4438 ordinatione
944 4386 1084 4451 justa
1114 4385 1338 4439 Domino
1391 4384 1549 4439 fuerit
1577 4385 1906 4449 ordinatum,
1944 4417 1992 4477 υ
2015 4378 2129 4447 ejus
2160 4387 2348 4446 quarto
2380 4390 2474 4444 per
2504 4372 2791 4428 indictione
2823 4373 2986 4442 prima
3018 4373 3276 4440 complevi
3315 4381 3369 4426 et
3396 4372 3538 4425 dedi.

341 4479 401 4522 et
428 4470 562 4537 quod
588 4486 615 4522 a
652 4487 736 4525 me
762 4474 1075 4541 Optandutn,
1118 4474 1167 4526 id
1196 4484 1275 4529 est
1307 4474 1353 4527 si
1386 4476 1500 4527 sine
1523 4473 1641 4527 liliis
1665 4476 1909 4529 masculis

345 4561 627 4625 transiero,
656 4571 709 4614 et
737 4573 890 4616 antea
918 4565 983 4617 de
1016 4566 1113 4617 hac
1151 4564 1266 4619 luce
1296 4564 1552 4632 migratus
1577 4563 1725 4618 fuero
1753 4580 1911 4632 quam

342 4649 462 4716 ipse
484 4661 723 4703 sanctum
755 4661 810 4705 et
860 4654 1162 4708 venerabile
1212 4654 1383 4707 locum
1411 4664 1777 4707 consecratum
1821 4655 1911 4719 sit,

344 4742 472 4792 volo
493 4752 650 4808 atque
690 4743 937 4805 decerno,
984 4754 1038 4797 ut
1065 4744 1181 4810 ipso
1224 4744 1457 4797 oratorio
1482 4747 1558 4798 vel
1590 4746 1914 4800 seuodocltio

335 4829 449 4895 jam
492 4829 778 4885 dictum....
814 4832 1058 4900 conjuge,
1101 4848 1194 4887 seu
1221 4846 1426 4899 sorore,
1458 4843 1511 4887 et
1546 4834 1656 4886 lilia
1690 4849 1827 4899 mea,
1863 4843 1918 4888 et

340 4917 524 4969 omnia
568 4920 902 4974 medietatem
933 4923 1087 4974 rebus
1123 4921 1275 4985 meis,
1305 4937 1407 4989 que
1436 4922 1561 4976 inivi
1612 4922 1916 4978 condonare

343 5007 491 5060 visus
519 5025 656 5074 sum,
684 5010 870 5064 diebus
900 5012 1005 5066 vite
1032 5026 1126 5066 sue
1154 5021 1308 5064 aveat
1344 5020 1674 5079 potestatem.
1708 5014 1771 5066 Et
1800 5022 1919 5081 post

342 5102 493 5155 ovito
520 5118 727 5167 eorum,
768 5106 855 5173 qui
899 5120 990 5174 per
1023 5106 1120 5173 ipsi
1168 5103 1291 5159 inivi
1338 5105 1496 5160 fuerit
1523 5108 1829 5169 ordinatus;
1861 5116 1917 5161 et

421 5241 448 5269 ⁸
487 5240 622 5305 Quid
666 5241 737 5295 sit
783 5242 921 5308 quod
966 5242 1147 5296 charta
1195 5241 1387 5305 scripta
1436 5242 1639 5295 dicatur
1686 5259 1821 5296 anno
1863 5258 1916 5297 tv

351 5309 585 5370 Iiatcltt's.
627 5325 689 5381 ac
736 5311 949 5364 tabellio
978 5312 1029 5365 in
1078 5315 1179 5363 line
1219 5310 1399 5364 Κατοιὶ
1446 5329 1634 5365 anitum
1682 5324 1914 5381 quartum

348 5392 611 5449 memoret
650 5380 813 5449 (quod
853 5382 1011 5434 etiam
1054 5382 1359 5435 mendosam
1403 5382 1746 5435 indmtionem
1780 5398 1915 5447 pra:-

348 5448 490 5500 ferre
534 5448 771 5515 videtur)
818 5451 1146 5517 perpendant
1185 5450 1396 5503 eruditi.
1449 5450 1695 5504 Fortasse
1734 5451 1909 5505 Caroli

349 5518 523 5585 Magni
554 5518 792 5585 tempore
823 5529 1052 5574 veterem
1094 5520 1333 5573 chartam
1363 5520 1429 5573 ab
1463 5520 1683 5573 Avondo
1728 5536 1917 5575 exara-

350 5599 457 5639 tam
505 5589 639 5642 alter
690 5590 924 5641 notarius
965 5591 1268 5657 descripsit.
1301 5591 1407 5657 Ego
1445 5592 1507 5641 ad
1552 5592 1654 5641 alia
1688 5606 1915 5657 progre-

351 5659 489 5710 dior.
521 5661 829 5729 Quanquam
870 5658 1025 5728 hujus
1076 5660 1383 5714 monasterii
1427 5660 1671 5714 conditor
1714 5662 1915 5716 scribat

2090 4489 2201 4559 Ego
2230 4488 2527 4555 Gausperto
2558 4483 2818 4546 notarius,
2845 4483 2983 4535 sicut
3012 4482 3063 4537 in
3106 4484 3367 4536 autentica
3400 4482 3578 4537 inveni

2014 4583 2290 4646 scriptum,
2325 4575 2550 4628 ﬁdeliter
2580 4571 2906 4641 exemplavi.

2088 4690 2196 4757 Ego
2244 4686 2564 4741 Gualbertus
2620 4679 2855 4734 notarius
2910 4688 2962 4732 et
3005 4676 3165 4746 judex
3215 4678 3350 4731 sacri
3404 4679 3582 4745 palatii

2015 4776 2599 4846 scriptor,autenticum
2624 4772 2748 4825 illud
2779 4770 2903 4834 vidi,
2929 4780 2981 4823 et
2999 4770 3097 4839 legi
3125 4785 3140 4823 :
3168 4768 3386 4823 sicinibi
3410 4771 3580 4823 conti-

2016 4866 2541 4937 ncbatttr,quomodo
2572 4864 2623 4917 in
2649 4864 2748 4916 hoc
2771 4860 3015 4927 exemplo
3035 4860 3287 4928 scriptunt
3318 4870 3419 4921 est,
3445 4876 3579 4926 pra:-

2016 4972 2096 5018 ter
2125 4961 2241 5030 plus
2270 4958 2533 5021 minusve,
2558 4964 2611 5008 et
2640 4967 2799 5008 manu
2824 4965 2938 5006 mea
2971 4951 3181 5021 propria
3206 4949 3416 5019 scripsi.

2015 5259 2075 5301 se
2116 5244 2254 5299 illius
2283 5253 2540 5299 rectorem
2565 5242 2906 5299 constituisse
2953 5239 3278 5294 Dominicum
3309 5235 3576 5297 abbatem,

2015 5315 2143 5369 satis
2182 5325 2356 5369 tamen
2400 5314 2595 5381 prodit,
2641 5328 2744 5367 non
2790 5311 3192 5381 monachorum,
3228 5308 3325 5381 sed
3376 5312 3577 5381 sancti-

2016 5384 2317 5443 monialium
2350 5377 2476 5436 illud
2507 5386 2667 5437 fuisse
2695 5380 3041 5441 domicilium,
3075 5391 3195 5430 cum
3227 5378 3276 5430 in
3307 5390 3372 5427 eo
3399 5377 3577 5428 locum

2017 5456 2247 5507 futurum
2277 5454 2399 5505 velit
2443 5452 2932 5523 tuatri,’gernla_nse,
2960 5446 3171 5523 conjugi
3202 5460 3265 5498 ac
3294 5444 3417 5498 filias
3444 5460 3577 5523 sine.

2020 5525 2194 5589 Itaque
2221 5531 2385 5575 rector
2430 5535 2534 5573 non
2576 5516 2712 5571 aliud
2762 5516 2833 5570 ibi
2875 5517 3158 5589 signiﬁcat,
3187 5524 3245 5569 ut
3289 5525 3430 5589 puto,
3476 5516 3577 5567 nisi

2016 5584 2347 5656 mouentum,
2380 5600 2431 5644 et
2461 5589 2549 5645 cui
2577 5601 2757 5645 curam
2796 5587 3057 5641 redituum
3091 5594 3320 5653 gereret.
3364 5584 3574 5639 Muttsr.
