4056 6178
636 302 776 362 1585

1328 407 1512 464 XXlV.

644 529 1004 597 Fragmentum
1039 524 1216 577 Libelli
1257 533 1438 597 contra
1475 521 1751 574 Senensem
1783 516 2073 597 episcopum
2114 528 2215 597 pro

707 583 943 652 A'rretino
989 596 1226 663 confecti,
1265 594 1349 645 ubi
1376 591 1697 660 Digestorum
1741 583 2018 638 auctoritas
2059 583 2215 636 adhi-

707 672 849 722 betur
875 670 1033 736 (anno
1056 665 1201 733 75:2).

638 804 2213 837 bosnec-0000......-uss-esses

643 916 657 928 .
703 915 716 929 .
761 911 776 927 .
820 913 833 927 .
877 912 893 927 .
938 913 952 926 .
998 910 1014 927 .
1060 911 1073 925 .
1119 908 1133 923 .
1175 868 1454 937 sacrilegio
1502 865 1799 935 proximum
1850 872 1974 923 est,
2020 859 2213 913 nedum

638 979 965 1028 sanctorum,
1000 980 1181 1017 verum
1221 965 1377 1014 etiam
1421 957 1780 1029 quorumlibet
1819 954 2088 1007 hominum
2134 964 2218 1004 se-

645 1058 943 1119 pulcrorum
979 1056 1337 1116 violationem,
1373 1051 1569 1104 nemini
1615 1048 1749 1116 juris
1787 1047 1956 1114 perito
1990 1058 2094 1097 non
2131 1049 2218 1097 est

642 1148 1022 1210 indubitatum;
1077 1154 1472 1213 potestatesque
1522 1141 1648 1204 loci,
1696 1141 1738 1192 si
1789 1138 1888 1189 hoc
1931 1135 2214 1188 venilieare

642 1238 999 1307 neglexerint,
1052 1235 1264 1288 infamia
1316 1232 1579 1298 laborare,
1631 1240 1687 1285 ut
1736 1231 1787 1283 in
1841 1228 2051 1282 Codicis
2082 1229 2218 1282 libro

592 1316 601 1321 “
644 1346 804 1393 nono,
857 1328 1011 1380 titulo
1052 1327 1116 1378 de
1165 1325 1421 1394 Sepulcro
1454 1324 1687 1377 violato:
1722 1341 1738 1371 ι
1771 1320 1824 1375 Si
1872 1322 1987 1389 quis
2035 1321 2213 1389 sepul-

641 1435 789 1474 crum
835 1422 1054 1472 lacsurus
1083 1418 1340 1486 attigerit,
1372 1416 1605 1469 locorum
1630 1414 1858 1482 judiccs,
1893 1415 1934 1465 si
1966 1412 2067 1466 hoc
2092 1428 2219 1465 ven—

641 1514 823 1566 dic;ire
856 1513 1207 1582 neglexerint,
1241 1525 1376 1578 pene
1406 1509 1620 1562 nomine
1658 1544 1674 1561 .
1718 1545 1733 1560 .
1775 1543 1791 1560 .
1837 1546 1849 1558 .
1898 1544 1910 1559 .
1953 1542 1970 1558 .
2011 1542 2026 1559 .
2059 1520 2216 1574 quam

643 1604 823 1672 viginti
852 1603 1104 1657 libratum
1143 1603 1255 1654 auri
1288 1602 1340 1655 in
1378 1601 1745 1669 sepulcrorum
1786 1599 2075 1653 violatores
2109 1605 2219 1651 sta-

641 1703 750 1749 tuta
785 1710 918 1763 pena
951 1692 1211 1747 damnari.
1264 1691 1513 1746 Preterea
1561 1691 1707 1746 locus
1749 1691 1862 1758 ipse
1902 1691 2087 1758 inquo
2132 1703 2218 1741 sc-

1780 278 2400 344 LANCOBARDORUM
2441 278 2681 338 REGUM

2242 398 2291 456 Α
2323 403 2433 449 tera
2468 412 2479 448 :
2511 414 2528 445 s
2562 394 2618 448 Si
2641 392 2805 462 judex
2844 386 3205 459 appellationis
3232 391 3491 459 prmsidcnt
3516 393 3624 447 bene
3638 398 3762 451 cidem

3662 286 3761 341 1385

2320 486 2522 540 illatum
2569 486 2656 554 jus
2699 484 2985 553 jurandum
3011 498 3038 535 a
3068 495 3215 551 parte
3244 493 3358 537 ante
3392 496 3641 541 recusatum
3672 506 3761 555 pro-

2320 577 2674 642 nnnciavcrit,
2705 589 2792 629 res
2814 574 3103 628 stet-nudum
3131 575 3263 644 quod
3284 574 3487 643 judicats
3507 586 3591 645 est,
3614 595 3764 647 parum.

2320 668 2489 721 nebit.
2523 682 2548 721 ι

3023 757 3187 813 XXV.

2321 849 2621 915 Aistutphus
2669 850 3119 921 Langobardorum
3163 866 3251 904 rea:
3298 851 3518 918 Lopecmo
3560 852 3764 908 Hirti-ruri

2389 922 2625 989 episcopo
2654 920 2846 976 certem
2867 920 3059 975 Zennm
3083 923 3234 975 donat
3263 923 3410 991 (circa
3431 939 3591 975 unitum
3607 923 3716 993 751).

2397 1035 2610 1091 Flavius
2660 1035 2918 1089 Aistultus
2962 1050 3055 1090 rex
3120 1035 3556 1090 excellentissimus
3596 1039 3767 1092 ecclesia

2319 1126 2614 1181 beatissimi
2662 1136 2717 1181 et
2763 1125 3089 1181 confessoris
3147 1126 3337 1181 Christi
3380 1126 3661 1191 Geminisni,
3697 1146 3766 1199 qus

2316 1218 2559 1285 ejusdem
2608 1232 2804 1286 corpus
2849 1218 3076 1287 quiescit
3128 1218 3419 1281 humatum,
3464 1227 3512 1273 et
3546 1220 3767 1274 beatissimo

2320 1309 2439 1362 viro
2468 1310 2608 1365 Patri
2662 1322 2844 1366 nostro
2894 1310 3163 1379 Lupecino
3210 1311 3465 1380 episcopo,
3504 1327 3581 1382 per
3616 1330 3767 1381 presens

2323 1414 2631 1470 preceptum
2663 1403 2939 1473 potestatis
2988 1405 3137 1474 regni
3172 1403 3353 1469 nostri,
3385 1406 3504 1459 sicut
3529 1420 3553 1457 a
3578 1408 3689 1461 nobis
3707 1417 3764 1460 tua

2323 1494 2556 1558 speravit
2602 1495 2918 1563 paternitas,
2954 1509 3048 1552 per
3075 1494 3487 1563 gloriosissimam
3530 1506 3654 1565 atque
3684 1513 3765 1564 pre-

2322 1581 2758 1637 cellentisslmam
2785 1592 2811 1621 ι
2834 1583 3194 1639 Giseltrudam
3227 1583 3445 1655 reginam
3473 1584 3668 1638 dilectam
3687 1600 3772 1638 eos.

2321 1672 2497 1744 iugem
2543 1684 2803 1744 nostram,
2838 1676 3185 1732 concedimus
3215 1683 3364 1744 atque
3388 1675 3606 1731 donamus
3638 1675 3676 1729 in
3697 1678 3772 1744 ipsa

643 1762 885 1853 pulcrum
922 1783 1217 1853 reponitur,
1264 1782 1578 1849 publicetur,
1614 1793 1668 1835 ut
1718 1782 1768 1834 in
1812 1780 1998 1834 eodem
2038 1778 2212 1832 titulo.

2249 1762 2293 1824 Β
2322 1775 2505 1820 sancta
2549 1767 2773 1821 ecclesia
2797 1776 3000 1823 cut-tein
3033 1778 3269 1821 nostram
3297 1781 3407 1836 qua:
3432 1766 3593 1822 dicitur
3613 1765 3635 1806 δ
3656 1767 3770 1831 Zeus,

642 1877 709 1932 Et
737 1877 780 1929 si
812 1874 947 1929 forte
976 1875 1270 1928 detractum
1301 1871 1499 1942 aliquid
1530 1871 1598 1926 de
1626 1870 1871 1940 sepulcro
1902 1870 1965 1922 ad
1996 1868 2213 1922 domum

642 1971 757 2037 ejus
806 1966 1093 2036 villamque
1136 1974 1441 2034 asportasse
1487 1964 1833 2031 reperiretur,
1890 1960 2054 2029 villa,
2104 1961 2217 2015 sive

641 2060 857 2126 domus,
890 2070 981 2111 aut
1025 2057 1311 2122 editicium,
1359 2057 1729 2125 quodcumque
1769 2067 1907 2117 e510,
1941 2052 2049 2107 lisci
2077 2051 2216 2122 juri-

643 2152 743 2203 bos
775 2152 1104 2203 vendicetur.
1141 2167 1157 2199 s
1194 2148 1332 2216 Ergo
1358 2147 1611 2202 Senensis
1650 2147 1932 2215 episcopus
1980 2160 2085 2198 non
2122 2160 2214 2215 po-

640 2254 745 2297 test
778 2253 957 2311 petcre
995 2242 1115 2313 jura
1160 2240 1417 2296 Ecclesia:
1466 2255 1571 2293 non
1602 2255 1736 2305 sum,
1788 2238 2065 2307 presertini
2097 2252 2216 2291 cum

641 2333 966 2403 neglexisset
991 2334 1120 2390 dare
1152 2331 1462 2393 vindictam,
1493 2341 1545 2385 et
1577 2332 1647 2385 ob
1676 2331 1778 2384 hoc
1821 2328 2035 2383 infamia
2075 2327 2221 2382 labo-

641 2439 795 2488 rare;
826 2438 945 2477 cum
979 2424 1139 2477 etiam
1189 2421 1357 2485 ineo,
1407 2420 1547 2488 quod
1599 2430 1772 2473 ratum
1823 2418 2024 2483 habuit,
2071 2433 2223 2472 man-

638 2516 800 2570 dasse
854 2514 1209 2582 intelligatur,
1264 2523 1322 2565 ut
1364 2514 1413 2565 in
1449 2512 1673 2581 Digestis
1721 2510 2029 2565 rathinbitio
2072 2524 2221 2563 mun-

645 2607 767 2658 dato
794 2615 1147 2674 comparatur,
1182 2620 1302 2657 cum
1345 2604 1778 2657 rathiabitionem
1824 2604 1984 2655 etiam
2017 2603 2069 2656 in
2110 2616 2224 2654 mu-

645 2700 837 2754 leliciis
887 2700 1121 2753 locorum
1175 2698 1370 2752 habere
1427 2698 1587 2751 valet.
1650 2698 1789 2765 Ergo
1852 2695 1990 2749 idem
2033 2694 2224 2762 jubere

648 2789 989 2854 maleﬁcium,
1022 2799 1075 2844 et
1106 2791 1314 2841 rathqu
1344 2788 1525 2853 abere,
1563 2798 1838 2856 postquam
1872 2783 2072 2840 factum
2110 2792 2219 2839 est.

644 2880 788 2933 Satis
810 2891 988 2933 autem
1020 2880 1178 2932 habet
1208 2888 1399 2943 ratum,
1431 2879 1517 2947 qui
1551 2876 1603 2932 in
1638 2878 1871 2931 Ecclesia
1902 2874 1985 2931 cui
2020 2886 2221 2945 preest,

645 2972 927 3041 sacrilegio
972 2987 1084 3026 rem
1126 2972 1357 3026 ablatam
1392 2980 1553 3025 tenet.
1585 2971 1713 3024 Item
1758 2970 1810 3023 in
1850 2980 2038 3024 octavo
2087 2969 2223 3023 libro

648 3066 860 3121 Codieis
890 3064 1079 3135 legitur
1109 3083 1121 3117 :
1156 3081 1174 3114 ι
1210 3062 1264 3119 Si
1287 3064 1410 3133 quis
1440 3064 1493 3117 in
1522 3070 1667 3115 tanta
1696 3062 1888 3115 luroris
1915 3061 2225 3130 pervenerit

646 3159 892 3224 audacia,
943 3164 1001 3210 ut
1044 3157 1435 3225 possessionem
1483 3168 1658 3208 rerum
1707 3152 1846 3221 apud
1892 3153 2102 3218 iiscum,
2136 3151 2219 3206 vel

647 3251 786 3318 apud
832 3247 1101 3317 quoslibet
1136 3246 1381 3299 homines
1426 3245 1838 3298 constitutarutn
1884 3254 2008 3297 ante
2050 3256 2219 3298 even-

580 3359 584 3363 ‘
651 3355 759 3395 tum
788 3340 1055 3410 judicialis
1093 3338 1294 3392 arbitrii
1344 3336 1607 3391 violenter
1649 3336 1926 3400 invaserit,
1971 3336 2223 3390 dominus

647 3432 861 3500 quidem
908 3433 1226 3485 constitutus
1275 3431 1712 3498 possessionem,
1762 3442 1922 3496 quam
1975 3427 2218 3492 abstulit,

650 3522 897 3574 restituat
928 3520 1245 3588 pussessuri,
1277 3530 1331 3573 et
1358 3518 1652 3572 dominium
1684 3518 1928 3587 ejusdem
1959 3521 2034 3572 rei
2066 3517 2225 3571 amit-
2298 3548 2321 3561 ηε-

650 3623 748 3666 tut.
779 3613 872 3666 Sin
899 3627 1026 3665 vero
1052 3613 1343 3665 alienarum
1374 3626 1552 3665 rerum
1584 3610 1974 3681 possessionem
2010 3611 2224 3677 invasit,

654 3720 757 3757 non
807 3705 978 3758 solum
1025 3719 1085 3758 ea
1129 3703 1527 3771 possidentibus
1573 3704 1778 3769 reddat,
1826 3719 2010 3760 verum
2065 3705 2225 3759 etiam

650 3794 1048 3848 cstiniationem
1092 3794 1391 3849 earundem
1417 3809 1595 3850 rerum
1627 3797 1910 3850 restituere
1940 3797 2230 3865 compella-
2273 3858 2282 3864 _

651 3896 757 3937 tur.
791 3884 987 3952 sQuod
1035 3894 1214 3939 autem
1266 3889 1365 3940 hec
1414 3886 1624 3952 quesno
1675 3886 1963 3954 procedere
2010 3886 2227 3954 debeat,
2274 3893 2293 3909 ‘

608 4016 609 4019 η
654 3992 826 4031 nonus
855 3978 1068 4032 (iudicis
1111 3975 1245 4032 liber
1284 3986 1512 4032 testatur
1541 3978 1694 4031 titulo
1732 3977 1798 4030 ad
1832 3977 2000 4047 legero
2030 3975 2227 4033 Juliam

647 4070 719 4121 de
757 4070 806 4122 vi
840 4068 1047 4135 publica
1076 4081 1129 4123 et
1161 4068 1407 4137 privata:
1438 4088 1456 4120 ι
1493 4067 1550 4124 Si
1577 4068 1701 4138 quis
1730 4067 1794 4123 ad
1822 4083 1882 4122 se
1923 4066 2147 4123 luridum
2175 4078 2232 4125 et

650 4160 927 4229 quodlibet
971 4160 1113 4214 aliud
1158 4162 1351 4215 asserit
1394 4162 1682 4229 pertinere,
1729 4174 1794 4217 sc
1836 4163 2229 4218 restitutionem

652 4254 754 4307 sibi
802 4266 1109 4322 competere
1150 4256 1507 4323 possessionis
1557 4265 1701 4324 putat
1728 4271 1742 4308 :
1774 4273 1794 4307 ›
1826 4256 1964 4311 inter
2004 4268 2182 4311 cetera
2215 4275 2229 4311 :

654 4358 678 4392 1
708 4343 859 4408 Quod
890 4343 935 4397 si
965 4344 1161 4397 omissa
1189 4345 1546 4413 appellatione
1578 4346 1680 4398 vim
1711 4346 2005 4414 possidenti
2035 4346 2231 4403 intule-

2328 1858 2605 1912 territorio
2638 1857 2939 1921 Mutinensi,
2972 1859 3117 1914 Silva
3150 1858 3287 1929 iugis
3320 1872 3517 1912 numero
3539 1857 3775 1929 quingentis,

2322 1950 2641 2006 coherentes
2690 1952 2761 2005 ibi
2807 1966 2836 2005 a
2874 1940 3050 2007 tribus
3096 1953 3327 2022 partibus
3370 1951 3489 2022 ano
3524 1963 3681 2015 nostra,
3716 1952 3775 2018 qui

2323 2041 2592 2109 pertinere
2620 2042 2833 2096 videtur
2856 2043 2921 2096 de
2951 2044 3066 2112 ipsa
3095 2052 3246 2097 curte
3267 2041 3420 2106 Zena,
3447 2043 3504 2096 de
3526 2054 3667 2111 quarta
3693 2057 3778 2094 νιτο

2327 2141 2479 2198 parte
2511 2141 2862 2199 percurrente
2912 2132 3097 2197 ﬂuvio,
3127 2132 3215 2202 qui
3259 2133 3531 2185 nominatur
3552 2131 3775 2185 Scultenna.

2326 2221 2399 2275 Ea
2431 2222 2639 2276 ratione
2667 2224 3026 2291 suprascripta
3058 2223 3341 2292 quingenta
3384 2221 3542 2290 jugera
3580 2220 3778 2275 εἱινοςιεη-

2324 2312 2590 2379 cedimus,
2640 2321 2699 2367 ut
2731 2313 2799 2367 ab
2831 2313 2928 2367 hac
2959 2313 3047 2368 die
3078 2314 3193 2384 ipse
3224 2324 3425 2367 sanctus
3466 2310 3685 2377 locus,vel
3722 2322 3777 2362 nu

2325 2405 2621 2474 pateruitas
2667 2407 2811 2461 omni
2855 2406 2908 2460 in
2942 2415 3185 2475 tempore
3229 2409 3473 2460 securiter
3508 2404 3619 2457 dona
3658 2415 3776 2454 sum

2326 2496 2506 2550 valeat
2532 2497 2832 2566 possidere,
2872 2498 3103 2567 qualiter
3131 2508 3184 2553 et
3213 2509 3384 2552 nostra
3410 2494 3638 2563 iussimus,
3662 2493 3779 2545 tradi.

2329 2600 2481 2653 mus,
2537 2595 2699 2656 atque
2746 2589 3124 2659 consignatum
3176 2603 3294 2643 esse
3338 2588 3524 2640 videtur
3558 2583 3780 2644 voluntate.

2328 2686 2589 2747 quatenus
2619 2679 2686 2733 ab
2712 2679 2973 2735 hodierno
3000 2681 3088 2734 die
3116 2679 3367 2734 habentes
3388 2678 3477 2732 hnc
3503 2683 3656 2730 nostra:
3671 2673 3781 2725 duiu-

2329 2770 2489 2824 tionis
2517 2780 2571 2825 et
2595 2773 2856 2827 cessionis
2883 2772 3213 2842 preceptu’m.
3241 2771 3483 2827 securiter
3512 2775 3638 2834 atque
3669 2761 3783 2815 ﬁrmi-

2329 2869 2415 2916 ter
2458 2864 2575 2931 ipse
2621 2874 2837 2919 sanctos
2882 2862 3031 2920 locus
3082 2866 3256 2919 valeat
3301 2861 3559 2933 possidere.
3587 2857 3637 2910 Et
3665 2853 3784 2908 nullus

2328 2951 2461 3022 dux,
2487 2967 2691 3021 comes,
2717 2954 3030 3024 gastaldius,
3059 2957 3145 3011 vel
3172 2955 3474 3010 actionarius
3498 2957 3642 3005 noster
3657 2952 3783 2999 contra

2329 3047 2433 3103 hoc
2461 3054 2643 3101 nostre
2671 3045 2977 3099 donationis
3006 3054 3061 3099 et
3088 3044 3345 3099 cessionis
3373 3050 3630 3113 preceptutn
3652 3032 3787 3087 sudent

2249 3117 2299 3182 ο
2330 3137 2409 3193 ire
2440 3137 2780 3207 quandoque,
2815 3136 2909 3191 sed
2942 3137 3086 3191 omni
3122 3137 3177 3191 in
3215 3146 3445 3205 tempore
3479 3136 3574 3201 ipse
3596 3124 3786 3199 prenomi-

2326 3235 2482 3282 natus
2514 3236 2731 3280 sanctus
2762 3226 2912 3280 locus
2953 3226 3035 3281 vel
3082 3233 3171 3279 tua
3203 3225 3478 3295 paternitas
3504 3218 3703 3276 securiter
3724 3227 3787 3265 ta-

2322 3320 2479 3377 leatis
2520 3317 2818 3389 possidere.
2850 3315 2927 3372 Ex
2964 3317 3110 3373 dicto
3137 3318 3316 3375 domui
3354 3317 3480 3386 regis
3515 3353 3525 3365 .
3565 3352 3575 3364 .
3608 3346 3621 3361 .
3654 3349 3665 3362 .
3697 3343 3745 3359 ..
3773 3342 3784 3357 .

2327 3408 2523 3465 Cretera
2548 3410 2929 3465 desiderantur.

3028 3516 3225 3577 XXVI.

2328 3630 2594 3687 andatio
2634 3634 2927 3688 monasterii
2970 3636 3142 3689 sancti
3186 3632 3323 3688 Petri
3359 3633 3406 3685 in
3456 3631 3551 3685 loco
3588 3620 3780 3680 Palatio/0.

2398 3705 2639 3757 territorii
2657 3702 2931 3784 Lucensis,
2946 3708 3105 3828 iacta
3127 3722 3159 3761 α
3190 3703 3456 3773 Gualfredo
3479 3701 3571 3771 ﬁlia
3586 3692 3783 3751 limitum

2400 3773 2595 3828 Pisano
2616 3790 2721 3828 cwe
2750 3776 2920 3828 (Anno
2984 3776 3096 3828 5M.

2400 3773 2595 3828 Pisano
2616 3777 2721 3828 cive
2750 3776 2920 3845 (Anno
2946 3773 3096 3845 754).

2403 3885 2462 3941 In
2495 3887 2709 3942 nomine
2741 3887 2950 3942 Domini
2975 3888 3145 3944 nostri
3169 3889 3295 3945 Jesu
3322 3885 3519 3951 Christi,
3544 3890 3666 3950 atque
3688 3877 3789 3929 beate

2331 3995 2547 4050 semper
2600 3981 2819 4052 virginis
2876 3982 3072 4047 Marie,
3129 3993 3187 4039 et
3225 3977 3493 4039 beatissimi
3531 3970 3789 4044 apostolorum

2332 4072 2592 4142 ρτίιιοίνίδ
2656 4072 2826 4128 sancti
2888 4071 3055 4128 Petri.
3122 4071 3391 4143 Regnante
3448 4067 3641 4138 piissimo
3685 4068 3795 4149 atque

2331 4163 2787 4220 excellentissimo
2830 4178 2935 4234 pro
2982 4164 3155 4222 salute
3211 4164 3367 4219 totius
3415 4156 3634 4217 catholice
3680 4156 3796 4218 89"“

2334 4263 2517 4309 nostre
2561 4253 3035 4324 Langobardorum
3067 4255 3267 4311 domno
3306 4264 3476 4309 nostro
3498 4243 3795 4304 Aistultoretev

2334 4345 2459 4399 anni
2507 4345 2656 4414 regni
2685 4344 2825 4417 ejus,
2849 4345 2951 4401 deo
2983 4354 3313 4417 protegente,
3342 4349 3501 4406 sexto,
3527 4329 3796 4393 menselulio.

655 4434 743 4497 ms
774 4443 900 4487 ante
934 4437 1113 4487 omnia
1153 4436 1420 4489 calumnie
1462 4451 1677 4490 causam
1708 4439 2008 4494 examinari
2053 4440 2226 4509 preci-
2256 4464 2312 4526 ι)
2337 4436 2627 4493 indictione
2674 4438 2929 4506 septima.
2972 4436 3287 4494 Walfredus
3324 4438 3424 4491 lilio
3447 4428 3666 4524 quondam
3691 4422 3798 4526 Ηυξεί

655 4525 851 4591 pimus.
887 4542 908 4577 s
946 4526 1104 4581 Liber
1153 4543 1362 4595 quoque
1412 4527 1745 4596 Digestorum
1792 4531 2125 4598 concordat,
2177 4541 2237 4587 ut

659 4618 807 4685 prius
832 4616 898 4671 de
924 4618 1185 4672 etiminali
1218 4620 1529 4673 discetetur.
1559 4619 1780 4686 Quando
1811 4630 1989 4675 autem
2036 4622 2234 4677 inscri-

659 4719 806 4777 ptum
841 4708 1020 4772 habet,
1044 4710 1218 4764 datam
1262 4708 1425 4766 fuisse
1453 4713 1795 4781 sententiam,
1830 4724 1885 4767 ut
1913 4713 2233 4769 sacramenti

663 4814 786 4868 pars
817 4800 885 4853 ita
932 4814 991 4854 se
1037 4810 1293 4869 tueretur,
1336 4810 1391 4857 et
1430 4818 1525 4872 per
1574 4802 1839 4859 Senenses
1886 4805 2233 4871 remansisse,

663 4894 888 4947 habetur
917 4893 968 4946 in
996 4903 1186 4961 quarto
1216 4895 1354 4948 libro
1385 4895 1615 4962 Codicis,
1650 4895 1800 4950 titulo
1825 4896 1892 4951 de
1935 4899 2093 4951 rebus
2121 4912 2238 4952 cre-

659 4986 789 5041 ditis
828 4986 1153 5055 generaliter
1198 4985 1265 5042 de
1305 4988 1552 5043 omnibus
1595 4988 1935 5058 jar-amentis,
1970 4989 2109 5045 inter
2148 5004 2239 5044 ce-

737 5169 762 5196 “
798 5167 928 5239 Quae
953 5165 1039 5220 hie
1067 5165 1261 5220 dicitur
1285 5165 1587 5237 Giseltruda
1619 5168 1811 5237 eonjux
1845 5168 2109 5239 AiStulphi
2144 5187 2242 5226 re-

597 5262 602 5269 -
657 5238 767 5307 gis.
799 5237 986 5292 eadem
1017 5248 1309 5290 memorata
1362 5241 1626 5305 reperitur
1668 5241 1717 5293 in
1748 5244 1990 5308 opuscul.
2021 5237 2090 5295 de
2114 5241 2241 5295 fun-

661 5308 881 5361 datione
926 5308 1236 5361 monasterii
1262 5308 1641 5373 Nonantulani,
1676 5320 1807 5377 part.
1836 5326 1869 5363 tt
1903 5313 2029 5365 tumi
2059 5311 2077 5364 I
2112 5312 2239 5366 lter.

669 5380 990 5444 Italicarmn,
1024 5388 1081 5450 ut
1119 5387 1238 5446 pote
1268 5393 1425 5432 soror
1464 5380 1635 5450 sancti
1668 5382 1926 5444 Anselmi,
1964 5382 2047 5434 cui
2079 5384 2245 5450 origi-

666 5465 789 5504 nem
821 5463 971 5531 suam
1011 5449 1171 5531 debet
1215 5449 1623 5531 celeberrimum
1669 5450 1799 5505 illud
1839 5453 2142 5507 etBnobiunt
2172 5449 2244 5507 fin

1185 5536 1495 5573 ηιεῑῐιιριυιη
1507 5559 1520 5573 .

667 5534 798 5587 agro
825 5521 1107 5573 Mutinensi
1135 5529 1520 5573 constructum.

739 5588 766 5627 δ
806 5590 984 5643 Curtis
1012 5589 1155 5642 Zona
1204 5592 1330 5643 oliui
1380 5599 1434 5644 et
1470 5591 1584 5657 ipsa
1636 5591 1734 5645 sita
1785 5601 1899 5645 erat
1946 5592 1999 5645 in
2050 5592 2239 5648 eodem

667 5674 795 5727 agro
850 5661 986 5712 ultra
1051 5660 1397 5714 Scultennam
1454 5661 1709 5729 ﬂuvium,
1768 5662 1901 5715 iulia
1961 5664 2241 5717 castellum

670 5730 841 5791 sancti
878 5730 1117 5796 Cwsarii,
1162 5732 1405 5788 fortassis
1448 5734 1537 5787 ubi
1579 5748 1719 5788 nunc
1750 5732 2263 5817 Castruml'rancum.

2339 4527 2515 4595 hausi,
2544 4527 2674 4583 civis
2696 4527 2913 4596 Pisane,
2952 4529 3227 4585 recolente
3254 4543 3336 4585 me
3367 4527 3501 4582 istius
3524 4514 3667 4576 mundi
3690 4509 3800 4567 θείω*

2336 4632 2454 4674 eam
2503 4628 2559 4674 et
2606 4620 2962 4677 transitoriam
3016 4622 3207 4691 vitam,
3256 4633 3311 4679 et
3354 4626 3472 4691 quot
3505 4620 3674 4684 oportet
3694 4608 3801 4668 ltuit”

2336 4711 2522 4766 mundi
2546 4726 2678 4767 vana
2717 4714 2885 4783 gloria
2913 4723 3258 4771 contemnere
3298 4727 3389 4784 per
3415 4708 3658 4768 Chrismui,
3679 4696 3800 4752 tinni-

2339 4822 2465 4860 num
2493 4804 2662 4872 seuui,
2685 4806 2873 4876 eisque
2890 4820 3042 4861 sacra
3073 4815 3317 4876 precepts
3343 4803 3555 4871 implere,
3582 4807 3626 4849 el
3644 4786 3803 4860 timui"

2338 4896 2492 4950 sione
2515 4895 2805 4964 suscipere,
2838 4904 2894 4953 et
2935 4906 3173 4954 etet-nam
3207 4900 3358 4950 vitam
3386 4908 3494 4949 cum
3516 4906 3569 4945 ea
3589 4888 3746 4940 tome;
3767 4882 3802 4927 α

2342 4989 2480 5058 Quod
2504 4991 2880 5059 peccatoribus
2897 4990 3075 5047 aditus
3100 4989 3489 5062 reguicelorum
3511 4995 3598 5037 non
3624 4968 3801 5032 biterdr

2347 5175 2759 5230 Bononiensium
2807 5176 3015 5230 visitur.
3068 5174 3197 5229 Nam
3251 5170 3614 5227 BononienseS.
3655 5153 3803 5230 quin“;

2344 5221 2468 5298 olim
2505 5221 2975 5313 ροωέῑῑνεέευηξ,
3008 5221 3134 5299 εαξη
3176 5249 3305 5298 ηυδε
3348 5221 3802 5316 ρςςιιεειιιοτυεεξ.⁵¹.ίξξ.¹;

2347 5331 2465 5402 nam
2507 5302 2720 5402 versus,
2752 5302 3012 5402 suumque
3041 5330 3223 5402 agrum
3262 5328 3327 5368 ex
3348 5302 3804 5402 .Illelliojgﬁlrfiz's;

2344 5386 2670 5453 pliticarunt.
2702 5370 2875 5455 ipsum
2909 5370 3333 5439 Nonaritnlannm
3362 5370 3777 5455 monasterium-till:

2346 5439 2483 5510 lines
2508 5439 2675 5525 ipsius
2701 5439 2865 5539 curtis
2896 5456 3056 5543 Zeius:
3102 5439 3705 5543 tedij‘icai‘umuvidetgr;

2350 5537 2435 5579 tur
2464 5510 2637 5581 adhuc
2664 5510 2871 5583 eisdem
2904 5530 2954 5580 in
2982 5528 3117 5580 locis
3142 5528 3261 5579 villa
3290 5520 3458 5590 Gagii.
3487 5528 3589 5590 419$
3622 5510 3782 5590 “"339,

2350 5611 2470 5652 esse
2499 5580 2923 5669 videtur‘aGaje
2952 5597 3112 5668 regis,
3144 5599 3191 5652 in
3223 5596 3321 5651 hac
3349 5580 3455 5662 ipsa
3482 5588 3638 5641 charta
3662 5580 3788 5629 υκυιυ

2351 5678 2487 5724 ratu.
