  <div class='ocr_page' id='page_1' title='image "/cluster/home/n/w/nwhite01/storage/ocr_20150623/87/hvd.32044054758917/700.png"; bbox 0 0 4056 6178; ppageno 0'>
   <div class='ocr_carea' id='block_1_1' title="bbox 317 280 450 336">
    <p class='ocr_par' dir='ltr' id='par_1_1' title="bbox 317 280 450 336">
     <span class='ocr_line' id='line_1_1' title="bbox 317 280 450 336; baseline -0.008 -1"><span class='ocrx_word' id='word_1_1' title='bbox 317 280 450 336; x_wconf 61' lang='grc'><strong>1385</strong></span> 
     </span>
    </p>
   </div>
   <div class='ocr_carea' id='block_1_2' title="bbox 1380 274 2475 336">
    <p class='ocr_par' dir='ltr' id='par_1_2' title="bbox 1380 274 2475 336">
     <span class='ocr_line' id='line_1_2' title="bbox 1380 274 2475 336; baseline -0.005 -1"><span class='ocrx_word' id='word_1_2' title='bbox 1380 280 1772 336; x_wconf 63' lang='grc' dir='ltr'><strong>ΒΙΡΒΟΜΑΤΑ</strong></span> <span class='ocrx_word' id='word_1_3' title='bbox 1819 274 2102 333; x_wconf 79' lang='lat' dir='ltr'><strong>ECCLES.</strong></span> <span class='ocrx_word' id='word_1_4' title='bbox 2144 275 2475 332; x_wconf 78' lang='lat' dir='ltr'><strong>SELECTA.</strong></span> 
     </span>
    </p>
   </div>
   <div class='ocr_carea' id='block_1_3' title="bbox 3449 275 3584 330">
    <p class='ocr_par' dir='ltr' id='par_1_3' title="bbox 3449 275 3584 330">
     <span class='ocr_line' id='line_1_3' title="bbox 3449 275 3584 330; baseline 0.007 -4"><span class='ocrx_word' id='word_1_5' title='bbox 3449 275 3584 330; x_wconf 63' lang='lat'><strong>{5%</strong></span> 
     </span>
    </p>
   </div>
   <div class='ocr_carea' id='block_1_4' title="bbox 307 389 3585 464">
    <p class='ocr_par' dir='ltr' id='par_1_4' title="bbox 307 389 3585 464">
     <span class='ocr_line' id='line_1_4' title="bbox 307 389 3585 464; baseline -0.003 -13"><span class='ocrx_word' id='word_1_6' title='bbox 307 404 474 461; x_wconf 70' lang='grc' dir='ltr'><strong>(ηυγ,</strong></span> <span class='ocrx_word' id='word_1_7' title='bbox 509 397 553 450; x_wconf 93' lang='lat' dir='ltr'><strong>si</strong></span> <span class='ocrx_word' id='word_1_8' title='bbox 587 402 699 448; x_wconf 85' lang='lat' dir='ltr'><strong>toto</strong></span> <span class='ocrx_word' id='word_1_9' title='bbox 724 395 887 450; x_wconf 87' lang='lat' dir='ltr'><strong>corde</strong></span> <span class='ocrx_word' id='word_1_10' title='bbox 915 396 978 450; x_wconf 88' lang='lat' dir='ltr'><strong>ad</strong></span> <span class='ocrx_word' id='word_1_11' title='bbox 1012 395 1436 450; x_wconf 85' lang='lat' dir='ltr'><strong>misericordiam</strong></span> <span class='ocrx_word' id='word_1_12' title='bbox 1472 398 1560 449; x_wconf 87' lang='lat' dir='ltr'><strong>Dei</strong></span> <span class='ocrx_word' id='word_1_13' title='bbox 1581 394 1888 464; x_wconf 75' lang='lat' dir='ltr'><strong>confugere.</strong></span> <span class='ocrx_word' id='word_1_14' title='bbox 1926 397 1971 453; x_wconf 81' lang='grc' dir='ltr'><strong>Λ</strong></span> <span class='ocrx_word' id='word_1_15' title='bbox 2006 389 2132 443; x_wconf 90' lang='lat' dir='ltr'><strong>riter</strong></span> <span class='ocrx_word' id='word_1_16' title='bbox 2163 391 2359 444; x_wconf 89' lang='lat' dir='ltr'><strong>vivant.</strong></span> <span class='ocrx_word' id='word_1_17' title='bbox 2416 391 2548 444; x_wconf 83' lang='lat' dir='ltr'><strong>Nam</strong></span> <span class='ocrx_word' id='word_1_18' title='bbox 2579 391 2622 443; x_wconf 98' lang='lat' dir='ltr'><strong>si</strong></span> <span class='ocrx_word' id='word_1_19' title='bbox 2657 390 2753 458; x_wconf 82' lang='lat' dir='ltr'><strong>ipsi</strong></span> <span class='ocrx_word' id='word_1_20' title='bbox 2797 404 2856 443; x_wconf 91' lang='lat' dir='ltr'><strong>se</strong></span> <span class='ocrx_word' id='word_1_21' title='bbox 2900 389 3169 458; x_wconf 81' lang='lat' dir='ltr'><strong>corrigere</strong></span> <span class='ocrx_word' id='word_1_22' title='bbox 3200 391 3493 458; x_wconf 86' lang='lat' dir='ltr'><strong>pomerint,</strong></span> <span class='ocrx_word' id='word_1_23' title='bbox 3528 401 3585 442; x_wconf 87' lang='lat' dir='ltr'><strong>ut.</strong></span> 
     </span>
    </p>
   </div>
   <div class='ocr_carea' id='block_1_5' title="bbox 307 488 1897 557">
    <p class='ocr_par' dir='ltr' id='par_1_5' title="bbox 307 488 1897 557">
     <span class='ocr_line' id='line_1_5' title="bbox 307 488 1897 557; baseline -0.001 -15"><span class='ocrx_word' id='word_1_24' title='bbox 307 488 376 543; x_wconf 78' lang='lat' dir='ltr'><strong>Et</strong></span> <span class='ocrx_word' id='word_1_25' title='bbox 405 488 530 540; x_wconf 93' lang='lat' dir='ltr'><strong>dutn</strong></span> <span class='ocrx_word' id='word_1_26' title='bbox 565 504 660 554; x_wconf 93' lang='lat' dir='ltr'><strong>pro</strong></span> <span class='ocrx_word' id='word_1_27' title='bbox 685 503 800 540; x_wconf 89' lang='lat' dir='ltr'><strong>mea</strong></span> <span class='ocrx_word' id='word_1_28' title='bbox 831 490 1064 542; x_wconf 74' lang='lat' dir='ltr'><strong>facinora</strong></span> <span class='ocrx_word' id='word_1_29' title='bbox 1090 498 1143 541; x_wconf 92' lang='lat' dir='ltr'><strong>et</strong></span> <span class='ocrx_word' id='word_1_30' title='bbox 1171 489 1342 556; x_wconf 90' lang='lat' dir='ltr'><strong>spatio</strong></span> <span class='ocrx_word' id='word_1_31' title='bbox 1370 489 1500 552; x_wconf 92' lang='lat' dir='ltr'><strong>vite,</strong></span> <span class='ocrx_word' id='word_1_32' title='bbox 1531 503 1688 557; x_wconf 90' lang='lat' dir='ltr'><strong>quam</strong></span> <span class='ocrx_word' id='word_1_33' title='bbox 1719 488 1897 554; x_wconf 87' lang='lat' dir='ltr'><strong>negle-</strong></span> 
     </span>
    </p>
   </div>
   <div class='ocr_carea' id='block_1_6' title="bbox 307 579 1894 650">
    <p class='ocr_par' dir='ltr' id='par_1_6' title="bbox 307 579 1894 650">
     <span class='ocr_line' id='line_1_6' title="bbox 307 579 1894 650; baseline 0 -17"><span class='ocrx_word' id='word_1_34' title='bbox 307 589 494 650; x_wconf 85' lang='lat' dir='ltr'><strong>genter</strong></span> <span class='ocrx_word' id='word_1_35' title='bbox 525 579 672 642; x_wconf 75' lang='lat' dir='ltr'><strong>duxi,</strong></span> <span class='ocrx_word' id='word_1_36' title='bbox 716 594 802 633; x_wconf 90' lang='lat' dir='ltr'><strong>me</strong></span> <span class='ocrx_word' id='word_1_37' title='bbox 830 579 990 632; x_wconf 89' lang='lat' dir='ltr'><strong>animi</strong></span> <span class='ocrx_word' id='word_1_38' title='bbox 1024 580 1164 634; x_wconf 90' lang='lat' dir='ltr'><strong>tedio</strong></span> <span class='ocrx_word' id='word_1_39' title='bbox 1194 582 1433 648; x_wconf 83' lang='lat' dir='ltr'><strong>inligere,</strong></span> <span class='ocrx_word' id='word_1_40' title='bbox 1467 590 1522 634; x_wconf 93' lang='lat' dir='ltr'><strong>et</strong></span> <span class='ocrx_word' id='word_1_41' title='bbox 1552 597 1655 633; x_wconf 92' lang='lat' dir='ltr'><strong>non</strong></span> <span class='ocrx_word' id='word_1_42' title='bbox 1688 580 1894 646; x_wconf 81' lang='lat' dir='ltr'><strong>inveni,</strong></span> 
     </span>
    </p>
   </div>
   <div class='ocr_carea' id='block_1_7' title="bbox 309 672 1894 741">
    <p class='ocr_par' dir='ltr' id='par_1_7' title="bbox 309 672 1894 741">
     <span class='ocr_line' id='line_1_7' title="bbox 309 672 1894 741; baseline 0.001 -17"><span class='ocrx_word' id='word_1_43' title='bbox 309 686 405 738; x_wconf 86' lang='lat' dir='ltr'><strong>per</strong></span> <span class='ocrx_word' id='word_1_44' title='bbox 430 686 537 739; x_wconf 88' lang='lat' dir='ltr'><strong>quo</strong></span> <span class='ocrx_word' id='word_1_45' title='bbox 567 687 651 724; x_wconf 92' lang='lat' dir='ltr'><strong>me</strong></span> <span class='ocrx_word' id='word_1_46' title='bbox 682 672 733 724; x_wconf 93' lang='lat' dir='ltr'><strong>in</strong></span> <span class='ocrx_word' id='word_1_47' title='bbox 762 672 1001 741; x_wconf 76' lang='lat' dir='ltr'><strong>angustis</strong></span> <span class='ocrx_word' id='word_1_48' title='bbox 1028 685 1364 735; x_wconf 74' lang='lat' dir='ltr'><strong>convertere,</strong></span> <span class='ocrx_word' id='word_1_49' title='bbox 1393 684 1518 726; x_wconf 91' lang='lat' dir='ltr'><strong>tunc</strong></span> <span class='ocrx_word' id='word_1_50' title='bbox 1543 681 1894 738; x_wconf 72' lang='lat' dir='ltr'><strong>protectorem</strong></span> 
     </span>
    </p>
   </div>
   <div class='ocr_carea' id='block_1_8' title="bbox 307 763 1899 831">
    <p class='ocr_par' dir='ltr' id='par_1_8' title="bbox 307 763 1899 831">
     <span class='ocr_line' id='line_1_8' title="bbox 307 763 1899 831; baseline 0.001 -17"><span class='ocrx_word' id='word_1_51' title='bbox 307 763 551 831; x_wconf 89' lang='lat' dir='ltr'><strong>quesivi,</strong></span> <span class='ocrx_word' id='word_1_52' title='bbox 603 772 660 816; x_wconf 90' lang='lat' dir='ltr'><strong>ut</strong></span> <span class='ocrx_word' id='word_1_53' title='bbox 707 763 844 830; x_wconf 89' lang='lat' dir='ltr'><strong>quod</strong></span> <span class='ocrx_word' id='word_1_54' title='bbox 895 778 999 816; x_wconf 90' lang='lat' dir='ltr'><strong>non</strong></span> <span class='ocrx_word' id='word_1_55' title='bbox 1048 763 1183 817; x_wconf 84' lang='lat' dir='ltr'><strong>meis</strong></span> <span class='ocrx_word' id='word_1_56' title='bbox 1240 764 1440 817; x_wconf 87' lang='lat' dir='ltr'><strong>meritis</strong></span> <span class='ocrx_word' id='word_1_57' title='bbox 1493 764 1558 816; x_wconf 90' lang='lat' dir='ltr'><strong>ad</strong></span> <span class='ocrx_word' id='word_1_58' title='bbox 1602 764 1687 816; x_wconf 89' lang='lat' dir='ltr'><strong>illa</strong></span> <span class='ocrx_word' id='word_1_59' title='bbox 1748 765 1899 816; x_wconf 76' lang='lat' dir='ltr'><strong>Valeo</strong></span> 
     </span>
    </p>
   </div>
   <div class='ocr_carea' id='block_1_9' title="bbox 311 854 1898 922">
    <p class='ocr_par' dir='ltr' id='par_1_9' title="bbox 311 854 1898 922">
     <span class='ocr_line' id='line_1_9' title="bbox 311 854 1898 922; baseline 0 -16"><span class='ocrx_word' id='word_1_60' title='bbox 311 854 586 919; x_wconf 81' lang='lat' dir='ltr'><strong>pervenire</strong></span> <span class='ocrx_word' id='word_1_61' title='bbox 633 854 761 918; x_wconf 84' lang='lat' dir='ltr'><strong>vita,</strong></span> <span class='ocrx_word' id='word_1_62' title='bbox 793 869 887 922; x_wconf 83' lang='lat' dir='ltr'><strong>per</strong></span> <span class='ocrx_word' id='word_1_63' title='bbox 916 871 1017 921; x_wconf 90' lang='lat' dir='ltr'><strong>qua</strong></span> <span class='ocrx_word' id='word_1_64' title='bbox 1067 856 1352 908; x_wconf 88' lang='lat' dir='ltr'><strong>commissa</strong></span> <span class='ocrx_word' id='word_1_65' title='bbox 1406 855 1706 921; x_wconf 74' lang='lat' dir='ltr'><strong>deleantur,</strong></span> <span class='ocrx_word' id='word_1_66' title='bbox 1758 855 1898 907; x_wconf 91' lang='lat' dir='ltr'><strong>illius</strong></span> 
     </span>
    </p>
   </div>
   <div class='ocr_carea' id='block_1_10' title="bbox 312 941 1894 1013">
    <p class='ocr_par' dir='ltr' id='par_1_10' title="bbox 312 941 1894 1013">
     <span class='ocr_line' id='line_1_10' title="bbox 312 941 1894 1013; baseline 0.002 -19"><span class='ocrx_word' id='word_1_67' title='bbox 312 941 562 1010; x_wconf 89' lang='lat' dir='ltr'><strong>protetio,</strong></span> <span class='ocrx_word' id='word_1_68' title='bbox 593 944 677 996; x_wconf 78' lang='lat' dir='ltr'><strong>eoi</strong></span> <span class='ocrx_word' id='word_1_69' title='bbox 702 944 894 1012; x_wconf 78' lang='lat' dir='ltr'><strong>ligandi</strong></span> <span class='ocrx_word' id='word_1_70' title='bbox 924 955 976 998; x_wconf 89' lang='lat' dir='ltr'><strong>et</strong></span> <span class='ocrx_word' id='word_1_71' title='bbox 1004 945 1242 998; x_wconf 87' lang='lat' dir='ltr'><strong>solvendi</strong></span> <span class='ocrx_word' id='word_1_72' title='bbox 1267 956 1346 999; x_wconf 89' lang='lat' dir='ltr'><strong>est</strong></span> <span class='ocrx_word' id='word_1_73' title='bbox 1365 959 1618 998; x_wconf 89' lang='lat' dir='ltr'><strong>concessa</strong></span> <span class='ocrx_word' id='word_1_74' title='bbox 1639 953 1894 1013; x_wconf 65' lang='lat' dir='ltr'><strong>patestas,</strong></span> 
     </span>
    </p>
   </div>
   <div class='ocr_carea' id='block_1_11' title="bbox 309 1032 1894 1103">
    <p class='ocr_par' dir='ltr' id='par_1_11' title="bbox 309 1032 1894 1103">
     <span class='ocr_line' id='line_1_11' title="bbox 309 1032 1894 1103; baseline 0.001 -16"><span class='ocrx_word' id='word_1_75' title='bbox 309 1033 363 1088; x_wconf 90' lang='lat' dir='ltr'><strong>in</strong></span> <span class='ocrx_word' id='word_1_76' title='bbox 388 1034 533 1087; x_wconf 83' lang='lat' dir='ltr'><strong>ovile</strong></span> <span class='ocrx_word' id='word_1_77' title='bbox 557 1032 636 1088; x_wconf 89' lang='lat' dir='ltr'><strong>eis</strong></span> <span class='ocrx_word' id='word_1_78' title='bbox 665 1034 968 1088; x_wconf 91' lang='lat' dir='ltr'><strong>reducatur.</strong></span> <span class='ocrx_word' id='word_1_79' title='bbox 991 1035 1141 1089; x_wconf 84' lang='lat' dir='ltr'><strong>Tunc</strong></span> <span class='ocrx_word' id='word_1_80' title='bbox 1171 1040 1221 1087; x_wconf 85' lang='lat' dir='ltr'><strong>in</strong></span> <span class='ocrx_word' id='word_1_81' title='bbox 1245 1035 1396 1103; x_wconf 85' lang='lat' dir='ltr'><strong>cujus</strong></span> <span class='ocrx_word' id='word_1_82' title='bbox 1426 1036 1630 1088; x_wconf 85' lang='lat' dir='ltr'><strong>honore</strong></span> <span class='ocrx_word' id='word_1_83' title='bbox 1658 1035 1894 1102; x_wconf 82' lang='lat' dir='ltr'><strong>disposui</strong></span> 
     </span>
    </p>
   </div>
   <div class='ocr_carea' id='block_1_12' title="bbox 311 1127 1897 1196">
    <p class='ocr_par' dir='ltr' id='par_1_12' title="bbox 311 1127 1897 1196">
     <span class='ocr_line' id='line_1_12' title="bbox 311 1127 1897 1196; baseline 0.002 -17"><span class='ocrx_word' id='word_1_84' title='bbox 311 1129 636 1181; x_wconf 84' lang='lat' dir='ltr'><strong>monasterio</strong></span> <span class='ocrx_word' id='word_1_85' title='bbox 677 1127 984 1192; x_wconf 78' lang='lat' dir='ltr'><strong>bedilicare,</strong></span> <span class='ocrx_word' id='word_1_86' title='bbox 1037 1128 1086 1181; x_wconf 90' lang='lat' dir='ltr'><strong>in</strong></span> <span class='ocrx_word' id='word_1_87' title='bbox 1117 1143 1220 1196; x_wconf 89' lang='lat' dir='ltr'><strong>que</strong></span> <span class='ocrx_word' id='word_1_88' title='bbox 1269 1129 1584 1194; x_wconf 71' lang='lat' dir='ltr'><strong>regulariter</strong></span> <span class='ocrx_word' id='word_1_89' title='bbox 1610 1128 1768 1181; x_wconf 87' lang='lat' dir='ltr'><strong>vitam</strong></span> <span class='ocrx_word' id='word_1_90' title='bbox 1799 1129 1897 1182; x_wconf 87' lang='lat' dir='ltr'><strong>du-</strong></span> 
     </span>
    </p>
   </div>
   <div class='ocr_carea' id='block_1_13' title="bbox 308 1217 1899 1284">
    <p class='ocr_par' dir='ltr' id='par_1_13' title="bbox 308 1217 1899 1284">
     <span class='ocr_line' id='line_1_13' title="bbox 308 1217 1899 1284; baseline -0.001 -12"><span class='ocrx_word' id='word_1_91' title='bbox 308 1232 452 1284; x_wconf 86' lang='lat' dir='ltr'><strong>cere,</strong></span> <span class='ocrx_word' id='word_1_92' title='bbox 487 1230 539 1272; x_wconf 92' lang='lat' dir='ltr'><strong>et</strong></span> <span class='ocrx_word' id='word_1_93' title='bbox 573 1234 658 1272; x_wconf 93' lang='lat' dir='ltr'><strong>me</strong></span> <span class='ocrx_word' id='word_1_94' title='bbox 703 1235 803 1272; x_wconf 90' lang='lat' dir='ltr'><strong>una</strong></span> <span class='ocrx_word' id='word_1_95' title='bbox 831 1235 952 1273; x_wconf 90' lang='lat' dir='ltr'><strong>cum</strong></span> <span class='ocrx_word' id='word_1_96' title='bbox 987 1219 1110 1272; x_wconf 88' lang='lat' dir='ltr'><strong>Iiliis</strong></span> <span class='ocrx_word' id='word_1_97' title='bbox 1138 1229 1189 1271; x_wconf 88' lang='lat' dir='ltr'><strong>et</strong></span> <span class='ocrx_word' id='word_1_98' title='bbox 1218 1232 1302 1272; x_wconf 89' lang='lat' dir='ltr'><strong>res</strong></span> <span class='ocrx_word' id='word_1_99' title='bbox 1333 1235 1477 1272; x_wconf 89' lang='lat' dir='ltr'><strong>meas</strong></span> <span class='ocrx_word' id='word_1_100' title='bbox 1506 1217 1696 1284; x_wconf 78' lang='lat' dir='ltr'><strong>oil&#39;ero,</strong></span> <span class='ocrx_word' id='word_1_101' title='bbox 1730 1219 1812 1272; x_wconf 90' lang='lat' dir='ltr'><strong>ubi</strong></span> <span class='ocrx_word' id='word_1_102' title='bbox 1844 1228 1899 1273; x_wconf 91' lang='lat' dir='ltr'><strong>et</strong></span> 
     </span>
    </p>
   </div>
   <div class='ocr_carea' id='block_1_14' title="bbox 313 1310 1898 1378">
    <p class='ocr_par' dir='ltr' id='par_1_14' title="bbox 313 1310 1898 1378">
     <span class='ocr_line' id='line_1_14' title="bbox 313 1310 1898 1378; baseline 0.001 -16"><span class='ocrx_word' id='word_1_103' title='bbox 313 1319 528 1363; x_wconf 82' lang='lat' dir='ltr'><strong>nostras</strong></span> <span class='ocrx_word' id='word_1_104' title='bbox 574 1319 627 1364; x_wconf 90' lang='lat' dir='ltr'><strong>et</strong></span> <span class='ocrx_word' id='word_1_105' title='bbox 655 1311 881 1362; x_wconf 85' lang='lat' dir='ltr'><strong>aliorum</strong></span> <span class='ocrx_word' id='word_1_106' title='bbox 915 1312 1093 1363; x_wconf 75' lang='lat' dir='ltr'><strong>anime</strong></span> <span class='ocrx_word' id='word_1_107' title='bbox 1122 1311 1474 1364; x_wconf 88' lang='lat' dir='ltr'><strong>salvarentur.</strong></span> <span class='ocrx_word' id='word_1_108' title='bbox 1510 1310 1637 1363; x_wconf 92' lang='lat' dir='ltr'><strong>Item</strong></span> <span class='ocrx_word' id='word_1_109' title='bbox 1671 1325 1898 1378; x_wconf 86' lang='lat' dir='ltr'><strong>namque</strong></span> 
     </span>
    </p>
   </div>
   <div class='ocr_carea' id='block_1_15' title="bbox 309 1399 1900 1470">
    <p class='ocr_par' dir='ltr' id='par_1_15' title="bbox 309 1399 1900 1470">
     <span class='ocr_line' id='line_1_15' title="bbox 309 1399 1900 1470; baseline 0.001 -17"><span class='ocrx_word' id='word_1_110' title='bbox 309 1415 411 1468; x_wconf 89' lang='lat' dir='ltr'><strong>ego</strong></span> <span class='ocrx_word' id='word_1_111' title='bbox 457 1401 546 1470; x_wconf 83' lang='lat' dir='ltr'><strong>qui</strong></span> <span class='ocrx_word' id='word_1_112' title='bbox 600 1414 758 1468; x_wconf 82' lang='lat' dir='ltr'><strong>supra</strong></span> <span class='ocrx_word' id='word_1_113' title='bbox 817 1399 1072 1453; x_wconf 89' lang='lat' dir='ltr'><strong>Walfredi</strong></span> <span class='ocrx_word' id='word_1_114' title='bbox 1123 1416 1243 1453; x_wconf 90' lang='lat' dir='ltr'><strong>cum</strong></span> <span class='ocrx_word' id='word_1_115' title='bbox 1286 1414 1473 1468; x_wconf 88' lang='lat' dir='ltr'><strong>magna</strong></span> <span class='ocrx_word' id='word_1_116' title='bbox 1513 1401 1798 1454; x_wconf 83' lang='lat' dir='ltr'><strong>devotioae</strong></span> <span class='ocrx_word' id='word_1_117' title='bbox 1845 1410 1900 1454; x_wconf 84' lang='lat' dir='ltr'><strong>et</strong></span> 
     </span>
    </p>
   </div>
   <div class='ocr_carea' id='block_1_16' title="bbox 309 1489 1893 1559">
    <p class='ocr_par' dir='ltr' id='par_1_16' title="bbox 309 1489 1893 1559">
     <span class='ocr_line' id='line_1_16' title="bbox 309 1489 1893 1559; baseline -0.001 -13"><span class='ocrx_word' id='word_1_118' title='bbox 309 1492 724 1558; x_wconf 81' lang='lat' dir='ltr'><strong>couipnnctione</strong></span> <span class='ocrx_word' id='word_1_119' title='bbox 766 1490 944 1544; x_wconf 85' lang='lat' dir='ltr'><strong>cordis</strong></span> <span class='ocrx_word' id='word_1_120' title='bbox 996 1490 1163 1545; x_wconf 79' lang='lat' dir='ltr'><strong>oiIero</strong></span> <span class='ocrx_word' id='word_1_121' title='bbox 1214 1505 1299 1544; x_wconf 91' lang='lat' dir='ltr'><strong>me</strong></span> <span class='ocrx_word' id='word_1_122' title='bbox 1340 1490 1458 1559; x_wconf 91' lang='lat' dir='ltr'><strong>ipso</strong></span> <span class='ocrx_word' id='word_1_123' title='bbox 1505 1499 1558 1544; x_wconf 89' lang='lat' dir='ltr'><strong>et</strong></span> <span class='ocrx_word' id='word_1_124' title='bbox 1585 1489 1706 1544; x_wconf 85' lang='lat' dir='ltr'><strong>filiis</strong></span> <span class='ocrx_word' id='word_1_125' title='bbox 1738 1490 1893 1556; x_wconf 89' lang='lat' dir='ltr'><strong>meis,</strong></span> 
     </span>
    </p>
   </div>
   <div class='ocr_carea' id='block_1_17' title="bbox 313 1581 1895 1649">
    <p class='ocr_par' dir='ltr' id='par_1_17' title="bbox 313 1581 1895 1649">
     <span class='ocr_line' id='line_1_17' title="bbox 313 1581 1895 1649; baseline 0.001 -13"><span class='ocrx_word' id='word_1_126' title='bbox 313 1583 362 1636; x_wconf 91' lang='lat' dir='ltr'><strong>id</strong></span> <span class='ocrx_word' id='word_1_127' title='bbox 403 1593 487 1637; x_wconf 89' lang='lat' dir='ltr'><strong>est</strong></span> <span class='ocrx_word' id='word_1_128' title='bbox 517 1583 774 1649; x_wconf 78' lang='lat' dir='ltr'><strong>Ratchisi,</strong></span> <span class='ocrx_word' id='word_1_129' title='bbox 831 1583 1110 1646; x_wconf 82' lang='lat' dir='ltr'><strong>Culifretli,</strong></span> <span class='ocrx_word' id='word_1_130' title='bbox 1160 1582 1329 1645; x_wconf 84' lang='lat' dir='ltr'><strong>.Iaiso,</strong></span> <span class='ocrx_word' id='word_1_131' title='bbox 1358 1591 1412 1637; x_wconf 91' lang='lat' dir='ltr'><strong>et</strong></span> <span class='ocrx_word' id='word_1_132' title='bbox 1441 1581 1758 1648; x_wconf 90' lang='lat' dir='ltr'><strong>Benedicto,</strong></span> <span class='ocrx_word' id='word_1_133' title='bbox 1792 1583 1895 1637; x_wconf 84' lang='lat' dir='ltr'><strong>Do-</strong></span> 
     </span>
    </p>
   </div>
   <div class='ocr_carea' id='block_1_18' title="bbox 311 1675 1895 1744">
    <p class='ocr_par' dir='ltr' id='par_1_18' title="bbox 311 1675 1895 1744">
     <span class='ocr_line' id='line_1_18' title="bbox 311 1675 1895 1744; baseline -0.002 -14"><span class='ocrx_word' id='word_1_134' title='bbox 311 1678 460 1730; x_wconf 91' lang='lat' dir='ltr'><strong>mino</strong></span> <span class='ocrx_word' id='word_1_135' title='bbox 486 1676 593 1729; x_wconf 89' lang='lat' dir='ltr'><strong>Deo</strong></span> <span class='ocrx_word' id='word_1_136' title='bbox 614 1676 907 1741; x_wconf 82' lang='lat' dir='ltr'><strong>deservire,</strong></span> <span class='ocrx_word' id='word_1_137' title='bbox 931 1685 984 1728; x_wconf 88' lang='lat' dir='ltr'><strong>et</strong></span> <span class='ocrx_word' id='word_1_138' title='bbox 1015 1689 1180 1744; x_wconf 91' lang='lat' dir='ltr'><strong>usque</strong></span> <span class='ocrx_word' id='word_1_139' title='bbox 1210 1675 1273 1728; x_wconf 85' lang='lat' dir='ltr'><strong>ad</strong></span> <span class='ocrx_word' id='word_1_140' title='bbox 1305 1675 1552 1732; x_wconf 82' lang='lat' dir='ltr'><strong>virtutem</strong></span> <span class='ocrx_word' id='word_1_141' title='bbox 1583 1683 1637 1729; x_wconf 92' lang='lat' dir='ltr'><strong>et</strong></span> <span class='ocrx_word' id='word_1_142' title='bbox 1669 1676 1895 1743; x_wconf 84' lang='lat' dir='ltr'><strong>possibi-</strong></span> 
     </span>
    </p>
   </div>
   <div class='ocr_carea' id='block_1_19' title="bbox 1999 486 3584 556">
    <p class='ocr_par' dir='ltr' id='par_1_19' title="bbox 1999 486 3584 556">
     <span class='ocr_line' id='line_1_19' title="bbox 1999 486 3584 556; baseline -0.001 -16"><span class='ocrx_word' id='word_1_143' title='bbox 1999 497 2183 541; x_wconf 85' lang='lat' dir='ltr'><strong>sancte</strong></span> <span class='ocrx_word' id='word_1_144' title='bbox 2207 499 2259 541; x_wconf 91' lang='lat' dir='ltr'><strong>et</strong></span> <span class='ocrx_word' id='word_1_145' title='bbox 2285 487 2598 556; x_wconf 78' lang='lat' dir='ltr'><strong>regulariter</strong></span> <span class='ocrx_word' id='word_1_146' title='bbox 2639 495 2818 555; x_wconf 80' lang='lat' dir='ltr'><strong>agant,</strong></span> <span class='ocrx_word' id='word_1_147' title='bbox 2865 501 3022 554; x_wconf 87' lang='lat' dir='ltr'><strong>supra</strong></span> <span class='ocrx_word' id='word_1_148' title='bbox 3051 486 3325 538; x_wconf 77' lang='lat' dir='ltr'><strong>memorati</strong></span> <span class='ocrx_word' id='word_1_149' title='bbox 3357 501 3584 554; x_wconf 84' lang='lat' dir='ltr'><strong>quoept-</strong></span> 
     </span>
    </p>
   </div>
   <div class='ocr_carea' id='block_1_20' title="bbox 1997 578 3579 648">
    <p class='ocr_par' dir='ltr' id='par_1_20' title="bbox 1997 578 3579 648">
     <span class='ocr_line' id='line_1_20' title="bbox 1997 578 3579 648; baseline -0.001 -16"><span class='ocrx_word' id='word_1_150' title='bbox 1997 581 2173 647; x_wconf 80' lang='lat' dir='ltr'><strong>scapi,</strong></span> <span class='ocrx_word' id='word_1_151' title='bbox 2198 580 2280 634; x_wconf 87' lang='lat' dir='ltr'><strong>vel</strong></span> <span class='ocrx_word' id='word_1_152' title='bbox 2304 580 2483 635; x_wconf 82' lang='lat' dir='ltr'><strong>abbati</strong></span> <span class='ocrx_word' id='word_1_153' title='bbox 2517 579 2661 634; x_wconf 92' lang='lat' dir='ltr'><strong>nullo</strong></span> <span class='ocrx_word' id='word_1_154' title='bbox 2683 589 2908 648; x_wconf 85' lang='lat' dir='ltr'><strong>cogeant</strong></span> <span class='ocrx_word' id='word_1_155' title='bbox 2938 578 3158 646; x_wconf 90' lang='lat' dir='ltr'><strong>imperio</strong></span> <span class='ocrx_word' id='word_1_156' title='bbox 3183 579 3234 632; x_wconf 94' lang='lat' dir='ltr'><strong>in</strong></span> <span class='ocrx_word' id='word_1_157' title='bbox 3257 579 3373 646; x_wconf 93' lang='lat' dir='ltr'><strong>ipso</strong></span> <span class='ocrx_word' id='word_1_158' title='bbox 3395 595 3579 632; x_wconf 82' lang='lat' dir='ltr'><strong>umna-</strong></span> 
     </span>
    </p>
   </div>
   <div class='ocr_carea' id='block_1_21' title="bbox 1998 669 3581 741">
    <p class='ocr_par' dir='ltr' id='par_1_21' title="bbox 1998 669 3581 741">
     <span class='ocr_line' id='line_1_21' title="bbox 1998 669 3581 741; baseline -0.001 -17"><span class='ocrx_word' id='word_1_159' title='bbox 1998 672 2164 725; x_wconf 90' lang='lat' dir='ltr'><strong>sterio</strong></span> <span class='ocrx_word' id='word_1_160' title='bbox 2193 672 2370 741; x_wconf 89' lang='lat' dir='ltr'><strong>aliquo</strong></span> <span class='ocrx_word' id='word_1_161' title='bbox 2395 672 2674 726; x_wconf 91' lang='lat' dir='ltr'><strong>ordinandi</strong></span> <span class='ocrx_word' id='word_1_162' title='bbox 2707 683 2797 724; x_wconf 90' lang='lat' dir='ltr'><strong>aut</strong></span> <span class='ocrx_word' id='word_1_163' title='bbox 2827 669 3109 723; x_wconf 88' lang='lat' dir='ltr'><strong>inducendi</strong></span> <span class='ocrx_word' id='word_1_164' title='bbox 3135 687 3148 722; x_wconf 95' lang='lat'>:</span> <span class='ocrx_word' id='word_1_165' title='bbox 3180 670 3272 722; x_wconf 89' lang='lat' dir='ltr'><strong>sed</strong></span> <span class='ocrx_word' id='word_1_166' title='bbox 3308 670 3459 723; x_wconf 84' lang='lat' dir='ltr'><strong>liceat</strong></span> <span class='ocrx_word' id='word_1_167' title='bbox 3488 686 3581 723; x_wconf 83' lang='lat' dir='ltr'><strong>eos</strong></span> 
     </span>
    </p>
   </div>
   <div class='ocr_carea' id='block_1_22' title="bbox 2000 762 3582 830">
    <p class='ocr_par' dir='ltr' id='par_1_22' title="bbox 2000 762 3582 830">
     <span class='ocr_line' id='line_1_22' title="bbox 2000 762 3582 830; baseline 0 -15"><span class='ocrx_word' id='word_1_168' title='bbox 2000 763 2238 817; x_wconf 89' lang='lat' dir='ltr'><strong>instituta</strong></span> <span class='ocrx_word' id='word_1_169' title='bbox 2270 767 2482 818; x_wconf 83' lang='lat' dir='ltr'><strong>Patrum</strong></span> <span class='ocrx_word' id='word_1_170' title='bbox 2511 779 2748 824; x_wconf 87' lang='lat' dir='ltr'><strong>servare,</strong></span> <span class='ocrx_word' id='word_1_171' title='bbox 2773 773 2828 817; x_wconf 91' lang='lat' dir='ltr'><strong>et</strong></span> <span class='ocrx_word' id='word_1_172' title='bbox 2855 765 2960 816; x_wconf 87' lang='lat' dir='ltr'><strong>vita</strong></span> <span class='ocrx_word' id='word_1_173' title='bbox 2995 776 3265 830; x_wconf 79' lang='lat' dir='ltr'><strong>peragere.</strong></span> <span class='ocrx_word' id='word_1_174' title='bbox 3319 762 3392 815; x_wconf 92' lang='lat' dir='ltr'><strong>De</strong></span> <span class='ocrx_word' id='word_1_175' title='bbox 3421 776 3582 828; x_wconf 85' lang='lat' dir='ltr'><strong>supra</strong></span> 
     </span>
    </p>
   </div>
   <div class='ocr_carea' id='block_1_23' title="bbox 2002 853 3574 919">
    <p class='ocr_par' dir='ltr' id='par_1_23' title="bbox 2002 853 3574 919">
     <span class='ocr_line' id='line_1_23' title="bbox 2002 853 3574 919; baseline 0.001 -16"><span class='ocrx_word' id='word_1_176' title='bbox 2002 854 2278 906; x_wconf 91' lang='lat' dir='ltr'><strong>memorati</strong></span> <span class='ocrx_word' id='word_1_177' title='bbox 2329 855 2484 907; x_wconf 90' lang='lat' dir='ltr'><strong>fuerit</strong></span> <span class='ocrx_word' id='word_1_178' title='bbox 2510 855 2578 907; x_wconf 88' lang='lat' dir='ltr'><strong>de</strong></span> <span class='ocrx_word' id='word_1_179' title='bbox 2605 853 2727 906; x_wconf 80' lang='lat' dir='ltr'><strong>filiis</strong></span> <span class='ocrx_word' id='word_1_180' title='bbox 2780 854 2932 914; x_wconf 88' lang='lat' dir='ltr'><strong>meis,</strong></span> <span class='ocrx_word' id='word_1_181' title='bbox 2983 855 3102 906; x_wconf 85' lang='lat' dir='ltr'><strong>volo</strong></span> <span class='ocrx_word' id='word_1_182' title='bbox 3141 867 3259 919; x_wconf 82' lang='lat' dir='ltr'><strong>ego,</strong></span> <span class='ocrx_word' id='word_1_183' title='bbox 3291 868 3391 918; x_wconf 89' lang='lat' dir='ltr'><strong>quc</strong></span> <span class='ocrx_word' id='word_1_184' title='bbox 3417 866 3574 918; x_wconf 82' lang='lat' dir='ltr'><strong>supra</strong></span> 
     </span>
    </p>
   </div>
   <div class='ocr_carea' id='block_1_24' title="bbox 2001 940 3582 1011">
    <p class='ocr_par' dir='ltr' id='par_1_24' title="bbox 2001 940 3582 1011">
     <span class='ocr_line' id='line_1_24' title="bbox 2001 940 3582 1011; baseline 0 -17"><span class='ocrx_word' id='word_1_185' title='bbox 2001 941 2276 1007; x_wconf 86' lang='lat' dir='ltr'><strong>Walfredi,</strong></span> <span class='ocrx_word' id='word_1_186' title='bbox 2305 953 2361 996; x_wconf 88' lang='lat' dir='ltr'><strong>ut</strong></span> <span class='ocrx_word' id='word_1_187' title='bbox 2381 943 2494 996; x_wconf 93' lang='lat' dir='ltr'><strong>siin</strong></span> <span class='ocrx_word' id='word_1_188' title='bbox 2515 943 2707 1011; x_wconf 81' lang='lat' dir='ltr'><strong>aliquis</strong></span> <span class='ocrx_word' id='word_1_189' title='bbox 2729 944 2794 996; x_wconf 91' lang='lat' dir='ltr'><strong>de</strong></span> <span class='ocrx_word' id='word_1_190' title='bbox 2823 943 2952 1010; x_wconf 86' lang='lat' dir='ltr'><strong>ipsis</strong></span> <span class='ocrx_word' id='word_1_191' title='bbox 2973 942 3245 995; x_wconf 85' lang='lat' dir='ltr'><strong>erroribus</strong></span> <span class='ocrx_word' id='word_1_192' title='bbox 3268 940 3582 995; x_wconf 87' lang='lat' dir='ltr'><strong>facientibus</strong></span> 
     </span>
    </p>
   </div>
   <div class='ocr_carea' id='block_1_25' title="bbox 2003 1032 3581 1102">
    <p class='ocr_par' dir='ltr' id='par_1_25' title="bbox 2003 1032 3581 1102">
     <span class='ocr_line' id='line_1_25' title="bbox 2003 1032 3581 1102; baseline 0 -18"><span class='ocrx_word' id='word_1_193' title='bbox 2003 1032 2054 1085; x_wconf 91' lang='lat' dir='ltr'><strong>in</strong></span> <span class='ocrx_word' id='word_1_194' title='bbox 2112 1032 2291 1102; x_wconf 89' lang='lat' dir='ltr'><strong>aliquo</strong></span> <span class='ocrx_word' id='word_1_195' title='bbox 2342 1034 2490 1102; x_wconf 91' lang='lat' dir='ltr'><strong>lapsu</strong></span> <span class='ocrx_word' id='word_1_196' title='bbox 2524 1034 2788 1096; x_wconf 80' lang='lat' dir='ltr'><strong>cecidere,</strong></span> <span class='ocrx_word' id='word_1_197' title='bbox 2818 1043 2908 1085; x_wconf 87' lang='lat' dir='ltr'><strong>aut</strong></span> <span class='ocrx_word' id='word_1_198' title='bbox 2935 1033 3114 1101; x_wconf 77' lang='lat' dir='ltr'><strong>aliquo</strong></span> <span class='ocrx_word' id='word_1_199' title='bbox 3141 1048 3356 1097; x_wconf 89' lang='lat' dir='ltr'><strong>pravum</strong></span> <span class='ocrx_word' id='word_1_200' title='bbox 3390 1032 3581 1101; x_wconf 86' lang='lat' dir='ltr'><strong>egerit,</strong></span> 
     </span>
    </p>
   </div>
   <div class='ocr_carea' id='block_1_26' title="bbox 2005 1120 3588 1192">
    <p class='ocr_par' dir='ltr' id='par_1_26' title="bbox 2005 1120 3588 1192">
     <span class='ocr_line' id='line_1_26' title="bbox 2005 1120 3588 1192; baseline 0.001 -18"><span class='ocrx_word' id='word_1_201' title='bbox 2005 1133 2128 1176; x_wconf 90' lang='lat' dir='ltr'><strong>tunc</strong></span> <span class='ocrx_word' id='word_1_202' title='bbox 2156 1123 2345 1187; x_wconf 89' lang='lat' dir='ltr'><strong>abbas,</strong></span> <span class='ocrx_word' id='word_1_203' title='bbox 2375 1122 2468 1192; x_wconf 90' lang='lat' dir='ltr'><strong>qui</strong></span> <span class='ocrx_word' id='word_1_204' title='bbox 2499 1123 2774 1176; x_wconf 90' lang='lat' dir='ltr'><strong>ordinatus</strong></span> <span class='ocrx_word' id='word_1_205' title='bbox 2803 1120 2981 1186; x_wconf 82' lang='lat' dir='ltr'><strong>fuerit,</strong></span> <span class='ocrx_word' id='word_1_206' title='bbox 3010 1137 3128 1176; x_wconf 86' lang='lat' dir='ltr'><strong>cum</strong></span> <span class='ocrx_word' id='word_1_207' title='bbox 3163 1123 3503 1190; x_wconf 81' lang='lat' dir='ltr'><strong>penitentiam</strong></span> <span class='ocrx_word' id='word_1_208' title='bbox 3533 1133 3588 1176; x_wconf 90' lang='lat' dir='ltr'><strong>et</strong></span> 
     </span>
    </p>
   </div>
   <div class='ocr_carea' id='block_1_27' title="bbox 2002 1214 3584 1284">
    <p class='ocr_par' dir='ltr' id='par_1_27' title="bbox 2002 1214 3584 1284">
     <span class='ocr_line' id='line_1_27' title="bbox 2002 1214 3584 1284; baseline -0.001 -16"><span class='ocrx_word' id='word_1_209' title='bbox 2002 1215 2340 1284; x_wconf 87' lang='lat' dir='ltr'><strong>disciplinam</strong></span> <span class='ocrx_word' id='word_1_210' title='bbox 2371 1215 2658 1283; x_wconf 83' lang='lat' dir='ltr'><strong>corrigam,</strong></span> <span class='ocrx_word' id='word_1_211' title='bbox 2684 1223 2738 1267; x_wconf 90' lang='lat' dir='ltr'><strong>et</strong></span> <span class='ocrx_word' id='word_1_212' title='bbox 2766 1214 2904 1267; x_wconf 87' lang='lat' dir='ltr'><strong>intro</strong></span> <span class='ocrx_word' id='word_1_213' title='bbox 2934 1214 3258 1268; x_wconf 76' lang='lat' dir='ltr'><strong>monasterio</strong></span> <span class='ocrx_word' id='word_1_214' title='bbox 3301 1215 3584 1276; x_wconf 84' lang='lat' dir='ltr'><strong>retineant,</strong></span> 
     </span>
    </p>
   </div>
   <div class='ocr_carea' id='block_1_28' title="bbox 2002 1305 3589 1377">
    <p class='ocr_par' dir='ltr' id='par_1_28' title="bbox 2002 1305 3589 1377">
     <span class='ocr_line' id='line_1_28' title="bbox 2002 1305 3589 1377; baseline -0.004 -14"><span class='ocrx_word' id='word_1_215' title='bbox 2002 1321 2051 1363; x_wconf 95' lang='lat' dir='ltr'><strong>ut</strong></span> <span class='ocrx_word' id='word_1_216' title='bbox 2078 1310 2253 1363; x_wconf 90' lang='lat' dir='ltr'><strong>anima</strong></span> <span class='ocrx_word' id='word_1_217' title='bbox 2289 1308 2405 1376; x_wconf 85' lang='lat' dir='ltr'><strong>ejus</strong></span> <span class='ocrx_word' id='word_1_218' title='bbox 2451 1305 2641 1361; x_wconf 89' lang='lat' dir='ltr'><strong>salvari</strong></span> <span class='ocrx_word' id='word_1_219' title='bbox 2686 1307 2913 1377; x_wconf 87' lang='lat' dir='ltr'><strong>possint,</strong></span> <span class='ocrx_word' id='word_1_220' title='bbox 2965 1321 3085 1358; x_wconf 87' lang='lat' dir='ltr'><strong>nan</strong></span> <span class='ocrx_word' id='word_1_221' title='bbox 3111 1306 3238 1358; x_wconf 89' lang='lat' dir='ltr'><strong>foris</strong></span> <span class='ocrx_word' id='word_1_222' title='bbox 3265 1308 3589 1360; x_wconf 78' lang='lat' dir='ltr'><strong>monasteio</strong></span> 
     </span>
    </p>
   </div>
   <div class='ocr_carea' id='block_1_29' title="bbox 2004 1397 3585 1468">
    <p class='ocr_par' dir='ltr' id='par_1_29' title="bbox 2004 1397 3585 1468">
     <span class='ocr_line' id='line_1_29' title="bbox 2004 1397 3585 1468; baseline -0.002 -17"><span class='ocrx_word' id='word_1_223' title='bbox 2004 1401 2150 1454; x_wconf 92' lang='lat' dir='ltr'><strong>nullo</strong></span> <span class='ocrx_word' id='word_1_224' title='bbox 2176 1399 2336 1453; x_wconf 89' lang='lat' dir='ltr'><strong>modo</strong></span> <span class='ocrx_word' id='word_1_225' title='bbox 2382 1414 2478 1452; x_wconf 92' lang='lat' dir='ltr'><strong>eos</strong></span> <span class='ocrx_word' id='word_1_226' title='bbox 2504 1399 2798 1468; x_wconf 82' lang='lat' dir='ltr'><strong>expellant,</strong></span> <span class='ocrx_word' id='word_1_227' title='bbox 2832 1408 2888 1450; x_wconf 89' lang='lat' dir='ltr'><strong>ut</strong></span> <span class='ocrx_word' id='word_1_228' title='bbox 2912 1397 3088 1450; x_wconf 92' lang='lat' dir='ltr'><strong>anima</strong></span> <span class='ocrx_word' id='word_1_229' title='bbox 3115 1399 3230 1464; x_wconf 83' lang='lat' dir='ltr'><strong>ejus</strong></span> <span class='ocrx_word' id='word_1_230' title='bbox 3260 1397 3547 1464; x_wconf 87' lang='lat' dir='ltr'><strong>depereant</strong></span> <span class='ocrx_word' id='word_1_231' title='bbox 3574 1416 3585 1448; x_wconf 91' lang='lat'><strong>:</strong></span> 
     </span>
    </p>
   </div>
   <div class='ocr_carea' id='block_1_30' title="bbox 2000 1488 3592 1559">
    <p class='ocr_par' dir='ltr' id='par_1_30' title="bbox 2000 1488 3592 1559">
     <span class='ocr_line' id='line_1_30' title="bbox 2000 1488 3592 1559; baseline -0.002 -15"><span class='ocrx_word' id='word_1_232' title='bbox 2000 1503 2080 1544; x_wconf 88' lang='lat' dir='ltr'><strong>set</strong></span> <span class='ocrx_word' id='word_1_233' title='bbox 2101 1505 2235 1558; x_wconf 91' lang='lat' dir='ltr'><strong>quos</strong></span> <span class='ocrx_word' id='word_1_234' title='bbox 2251 1489 2390 1544; x_wconf 89' lang='lat' dir='ltr'><strong>forte</strong></span> <span class='ocrx_word' id='word_1_235' title='bbox 2411 1489 2707 1544; x_wconf 85' lang='lat' dir='ltr'><strong>voluntarie</strong></span> <span class='ocrx_word' id='word_1_236' title='bbox 2731 1489 2868 1543; x_wconf 91' lang='lat' dir='ltr'><strong>bene</strong></span> <span class='ocrx_word' id='word_1_237' title='bbox 2882 1503 3040 1559; x_wconf 86' lang='lat' dir='ltr'><strong>agere</strong></span> <span class='ocrx_word' id='word_1_238' title='bbox 3055 1489 3368 1557; x_wconf 69' lang='lat' dir='ltr'><strong>neglexerit,</strong></span> <span class='ocrx_word' id='word_1_239' title='bbox 3391 1488 3592 1542; x_wconf 79' lang='lat' dir='ltr'><strong>faciunt</strong></span> 
     </span>
    </p>
   </div>
   <div class='ocr_carea' id='block_1_31' title="bbox 2003 1583 2178 1637">
    <p class='ocr_par' dir='ltr' id='par_1_31' title="bbox 2003 1583 2178 1637">
     <span class='ocr_line' id='line_1_31' title="bbox 2003 1583 2178 1637; baseline 0 0"><span class='ocrx_word' id='word_1_240' title='bbox 2003 1583 2178 1637; x_wconf 83' lang='lat' dir='ltr'><strong>inviti.</strong></span> 
     </span>
    </p>
   </div>
   <div class='ocr_carea' id='block_1_32' title="bbox 2073 1671 3590 1741">
    <p class='ocr_par' dir='ltr' id='par_1_32' title="bbox 2073 1671 3590 1741">
     <span class='ocr_line' id='line_1_32' title="bbox 2073 1671 3590 1741; baseline -0.001 -15"><span class='ocrx_word' id='word_1_241' title='bbox 2073 1674 2128 1727; x_wconf 90' lang='lat' dir='ltr'><strong>In</strong></span> <span class='ocrx_word' id='word_1_242' title='bbox 2161 1673 2302 1727; x_wconf 88' lang='lat' dir='ltr'><strong>dotis</strong></span> <span class='ocrx_word' id='word_1_243' title='bbox 2349 1687 2475 1728; x_wconf 90' lang='lat' dir='ltr'><strong>vero</strong></span> <span class='ocrx_word' id='word_1_244' title='bbox 2530 1687 2688 1741; x_wconf 88' lang='lat' dir='ltr'><strong>supra</strong></span> <span class='ocrx_word' id='word_1_245' title='bbox 2735 1671 3015 1727; x_wconf 87' lang='lat' dir='ltr'><strong>memorati</strong></span> <span class='ocrx_word' id='word_1_246' title='bbox 3057 1672 3359 1725; x_wconf 87' lang='lat' dir='ltr'><strong>monasterii</strong></span> <span class='ocrx_word' id='word_1_247' title='bbox 3417 1671 3590 1724; x_wconf 86' lang='lat' dir='ltr'><strong>sancti</strong></span> 
     </span>
    </p>
   </div>
   <div class='ocr_carea' id='block_1_33' title="bbox 311 1761 3589 1836">
    <p class='ocr_par' dir='ltr' id='par_1_33' title="bbox 311 1761 3589 1836">
     <span class='ocr_line' id='line_1_33' title="bbox 311 1761 3589 1836; baseline -0.002 -14"><span class='ocrx_word' id='word_1_248' title='bbox 311 1768 481 1834; x_wconf 86' lang='lat' dir='ltr'><strong>litate,</strong></span> <span class='ocrx_word' id='word_1_249' title='bbox 507 1767 794 1820; x_wconf 78' lang='lat' dir='ltr'><strong>auxiliante</strong></span> <span class='ocrx_word' id='word_1_250' title='bbox 822 1770 937 1836; x_wconf 89' lang='lat' dir='ltr'><strong>pius</strong></span> <span class='ocrx_word' id='word_1_251' title='bbox 966 1767 1291 1832; x_wconf 83' lang='lat' dir='ltr'><strong>Deus,sante</strong></span> <span class='ocrx_word' id='word_1_252' title='bbox 1313 1779 1366 1821; x_wconf 86' lang='lat' dir='ltr'><strong>et</strong></span> <span class='ocrx_word' id='word_1_253' title='bbox 1395 1768 1712 1834; x_wconf 85' lang='lat' dir='ltr'><strong>regulariter</strong></span> <span class='ocrx_word' id='word_1_254' title='bbox 1734 1768 1890 1820; x_wconf 89' lang='lat' dir='ltr'><strong>vitam</strong></span> <span class='ocrx_word' id='word_1_255' title='bbox 1929 1765 1970 1822; x_wconf 82' lang='grc' dir='ltr'><strong>Β</strong></span> <span class='ocrx_word' id='word_1_256' title='bbox 2003 1767 2142 1820; x_wconf 86' lang='lat' dir='ltr'><strong>Petri</strong></span> <span class='ocrx_word' id='word_1_257' title='bbox 2175 1782 2276 1819; x_wconf 88' lang='lat' dir='ltr'><strong>una</strong></span> <span class='ocrx_word' id='word_1_258' title='bbox 2301 1781 2421 1820; x_wconf 91' lang='lat' dir='ltr'><strong>cum</strong></span> <span class='ocrx_word' id='word_1_259' title='bbox 2456 1767 2672 1834; x_wconf 88' lang='lat' dir='ltr'><strong>prefatis</strong></span> <span class='ocrx_word' id='word_1_260' title='bbox 2706 1766 2825 1819; x_wconf 85' lang='lat' dir='ltr'><strong>filiis</strong></span> <span class='ocrx_word' id='word_1_261' title='bbox 2848 1766 2981 1819; x_wconf 86' lang='lat' dir='ltr'><strong>meis</strong></span> <span class='ocrx_word' id='word_1_262' title='bbox 3001 1761 3589 1828; x_wconf 54' lang='lat' dir='ltr'><strong>Batchisﬁulifredus,</strong></span> 
     </span>
    </p>
   </div>
   <div class='ocr_carea' id='block_1_34' title="bbox 313 1858 1894 1929">
    <p class='ocr_par' dir='ltr' id='par_1_34' title="bbox 313 1858 1894 1929">
     <span class='ocr_line' id='line_1_34' title="bbox 313 1858 1894 1929; baseline -0.001 -14"><span class='ocrx_word' id='word_1_263' title='bbox 313 1875 568 1929; x_wconf 85' lang='lat' dir='ltr'><strong>peragere</strong></span> <span class='ocrx_word' id='word_1_264' title='bbox 594 1861 645 1912; x_wconf 93' lang='lat' dir='ltr'><strong>in</strong></span> <span class='ocrx_word' id='word_1_265' title='bbox 681 1859 1006 1913; x_wconf 87' lang='lat' dir='ltr'><strong>monasterio</strong></span> <span class='ocrx_word' id='word_1_266' title='bbox 1034 1858 1323 1912; x_wconf 87' lang='lat' dir='ltr'><strong>beatissimi</strong></span> <span class='ocrx_word' id='word_1_267' title='bbox 1348 1859 1712 1925; x_wconf 87' lang='lat' dir='ltr'><strong>apostolorum</strong></span> <span class='ocrx_word' id='word_1_268' title='bbox 1746 1861 1894 1929; x_wconf 92' lang='lat' dir='ltr'><strong>prin-</strong></span> 
     </span>
    </p>
   </div>
   <div class='ocr_carea' id='block_1_35' title="bbox 312 1954 1902 2026">
    <p class='ocr_par' dir='ltr' id='par_1_35' title="bbox 312 1954 1902 2026">
     <span class='ocr_line' id='line_1_35' title="bbox 312 1954 1902 2026; baseline 0.001 -18"><span class='ocrx_word' id='word_1_269' title='bbox 312 1954 418 2023; x_wconf 90' lang='lat' dir='ltr'><strong>cipi</strong></span> <span class='ocrx_word' id='word_1_270' title='bbox 456 1956 624 2008; x_wconf 89' lang='lat' dir='ltr'><strong>sancti</strong></span> <span class='ocrx_word' id='word_1_271' title='bbox 658 1954 825 2020; x_wconf 88' lang='lat' dir='ltr'><strong>Petri,</strong></span> <span class='ocrx_word' id='word_1_272' title='bbox 853 1970 985 2024; x_wconf 90' lang='lat' dir='ltr'><strong>quas</strong></span> <span class='ocrx_word' id='word_1_273' title='bbox 1018 1957 1246 2026; x_wconf 85' lang='lat' dir='ltr'><strong>presenti</strong></span> <span class='ocrx_word' id='word_1_274' title='bbox 1299 1966 1537 2022; x_wconf 91' lang='lat' dir='ltr'><strong>tempore</strong></span> <span class='ocrx_word' id='word_1_275' title='bbox 1589 1957 1639 2010; x_wconf 94' lang='lat' dir='ltr'><strong>in</strong></span> <span class='ocrx_word' id='word_1_276' title='bbox 1686 1958 1902 2025; x_wconf 83' lang='lat' dir='ltr'><strong>proprio</strong></span> 
     </span>
    </p>
   </div>
   <div class='ocr_carea' id='block_1_36' title="bbox 312 2046 1900 2111">
    <p class='ocr_par' dir='ltr' id='par_1_36' title="bbox 312 2046 1900 2111">
     <span class='ocr_line' id='line_1_36' title="bbox 312 2046 1900 2111; baseline 0 -12"><span class='ocrx_word' id='word_1_277' title='bbox 312 2047 587 2102; x_wconf 84' lang='lat' dir='ltr'><strong>territorio</strong></span> <span class='ocrx_word' id='word_1_278' title='bbox 634 2061 753 2100; x_wconf 86' lang='lat' dir='ltr'><strong>meo</strong></span> <span class='ocrx_word' id='word_1_279' title='bbox 788 2047 858 2099; x_wconf 91' lang='lat' dir='ltr'><strong>ob</strong></span> <span class='ocrx_word' id='word_1_280' title='bbox 905 2047 1127 2100; x_wconf 87' lang='lat' dir='ltr'><strong>Itamore</strong></span> <span class='ocrx_word' id='word_1_281' title='bbox 1167 2046 1389 2111; x_wconf 85' lang='lat' dir='ltr'><strong>Christi,</strong></span> <span class='ocrx_word' id='word_1_282' title='bbox 1430 2056 1483 2100; x_wconf 85' lang='lat' dir='ltr'><strong>et</strong></span> <span class='ocrx_word' id='word_1_283' title='bbox 1527 2063 1621 2111; x_wconf 91' lang='lat' dir='ltr'><strong>pro</strong></span> <span class='ocrx_word' id='word_1_284' title='bbox 1664 2049 1900 2102; x_wconf 88' lang='lat' dir='ltr'><strong>remedio</strong></span> 
     </span>
    </p>
   </div>
   <div class='ocr_carea' id='block_1_37' title="bbox 321 2138 1902 2210">
    <p class='ocr_par' dir='ltr' id='par_1_37' title="bbox 321 2138 1902 2210">
     <span class='ocr_line' id='line_1_37' title="bbox 321 2138 1902 2210; baseline 0.001 -18"><span class='ocrx_word' id='word_1_285' title='bbox 321 2150 657 2208; x_wconf 82' lang='lat' dir='ltr'><strong>peccatorum</strong></span> <span class='ocrx_word' id='word_1_286' title='bbox 693 2153 932 2193; x_wconf 86' lang='lat' dir='ltr'><strong>meorum</strong></span> <span class='ocrx_word' id='word_1_287' title='bbox 959 2138 1244 2194; x_wconf 89' lang='lat' dir='ltr'><strong>bedilicare</strong></span> <span class='ocrx_word' id='word_1_288' title='bbox 1272 2142 1416 2193; x_wconf 88' lang='lat' dir='ltr'><strong>visus</strong></span> <span class='ocrx_word' id='word_1_289' title='bbox 1444 2154 1560 2194; x_wconf 92' lang='lat' dir='ltr'><strong>sum</strong></span> <span class='ocrx_word' id='word_1_290' title='bbox 1605 2141 1776 2204; x_wconf 90' lang='lat' dir='ltr'><strong>locus,</strong></span> <span class='ocrx_word' id='word_1_291' title='bbox 1811 2141 1902 2210; x_wconf 89' lang='lat' dir='ltr'><strong>qui</strong></span> 
     </span>
    </p>
   </div>
   <div class='ocr_carea' id='block_1_38' title="bbox 314 2229 1903 2301">
    <p class='ocr_par' dir='ltr' id='par_1_38' title="bbox 314 2229 1903 2301">
     <span class='ocr_line' id='line_1_38' title="bbox 314 2229 1903 2301; baseline 0.001 -17"><span class='ocrx_word' id='word_1_292' title='bbox 314 2242 534 2286; x_wconf 84' lang='lat' dir='ltr'><strong>vocatur</strong></span> <span class='ocrx_word' id='word_1_293' title='bbox 581 2230 856 2301; x_wconf 87' lang='lat' dir='ltr'><strong>palatiolo,</strong></span> <span class='ocrx_word' id='word_1_294' title='bbox 911 2230 961 2284; x_wconf 90' lang='lat' dir='ltr'><strong>in</strong></span> <span class='ocrx_word' id='word_1_295' title='bbox 1002 2229 1247 2286; x_wconf 79' lang='lat' dir='ltr'><strong>discursu</strong></span> <span class='ocrx_word' id='word_1_296' title='bbox 1305 2233 1564 2286; x_wconf 88' lang='lat' dir='ltr'><strong>Lucense.</strong></span> <span class='ocrx_word' id='word_1_297' title='bbox 1601 2233 1653 2285; x_wconf 94' lang='lat' dir='ltr'><strong>In</strong></span> <span class='ocrx_word' id='word_1_298' title='bbox 1680 2249 1745 2286; x_wconf 89' lang='lat' dir='ltr'><strong>eo</strong></span> <span class='ocrx_word' id='word_1_299' title='bbox 1776 2249 1903 2287; x_wconf 90' lang='lat' dir='ltr'><strong>vero</strong></span> 
     </span>
    </p>
   </div>
   <div class='ocr_carea' id='block_1_39' title="bbox 319 2324 1899 2394">
    <p class='ocr_par' dir='ltr' id='par_1_39' title="bbox 319 2324 1899 2394">
     <span class='ocr_line' id='line_1_39' title="bbox 319 2324 1899 2394; baseline 0 -16"><span class='ocrx_word' id='word_1_300' title='bbox 319 2336 504 2378; x_wconf 88' lang='lat' dir='ltr'><strong>tenore</strong></span> <span class='ocrx_word' id='word_1_301' title='bbox 534 2340 684 2378; x_wconf 91' lang='lat' dir='ltr'><strong>meus</strong></span> <span class='ocrx_word' id='word_1_302' title='bbox 702 2324 1212 2392; x_wconf 85' lang='lat' dir='ltr'><strong>disposuitanimus,</strong></span> <span class='ocrx_word' id='word_1_303' title='bbox 1237 2333 1293 2376; x_wconf 88' lang='grc' dir='ltr'><strong>ιιι</strong></span> <span class='ocrx_word' id='word_1_304' title='bbox 1312 2327 1484 2378; x_wconf 90' lang='lat' dir='ltr'><strong>nullus</strong></span> <span class='ocrx_word' id='word_1_305' title='bbox 1505 2327 1899 2394; x_wconf 78' lang='lat' dir='ltr'><strong>episc0p0rum,</strong></span> 
     </span>
    </p>
   </div>
   <div class='ocr_carea' id='block_1_40' title="bbox 316 2413 1902 2485">
    <p class='ocr_par' dir='ltr' id='par_1_40' title="bbox 316 2413 1902 2485">
     <span class='ocr_line' id='line_1_40' title="bbox 316 2413 1902 2485; baseline 0.003 -17"><span class='ocrx_word' id='word_1_306' title='bbox 316 2424 406 2468; x_wconf 85' lang='lat' dir='ltr'><strong>aut</strong></span> <span class='ocrx_word' id='word_1_307' title='bbox 437 2413 676 2483; x_wconf 89' lang='lat' dir='ltr'><strong>jndicunt</strong></span> <span class='ocrx_word' id='word_1_308' title='bbox 711 2415 780 2468; x_wconf 82' lang='lat' dir='ltr'><strong>ibi</strong></span> <span class='ocrx_word' id='word_1_309' title='bbox 813 2416 1086 2482; x_wconf 86' lang='lat' dir='ltr'><strong>perveniat</strong></span> <span class='ocrx_word' id='word_1_310' title='bbox 1115 2415 1361 2482; x_wconf 86' lang='lat' dir='ltr'><strong>imperio,</strong></span> <span class='ocrx_word' id='word_1_311' title='bbox 1406 2432 1579 2485; x_wconf 89' lang='lat' dir='ltr'><strong>neque</strong></span> <span class='ocrx_word' id='word_1_312' title='bbox 1610 2417 1802 2485; x_wconf 79' lang='lat' dir='ltr'><strong>aliquis</strong></span> <span class='ocrx_word' id='word_1_313' title='bbox 1833 2418 1902 2472; x_wconf 90' lang='lat' dir='ltr'><strong>de</strong></span> 
     </span>
    </p>
   </div>
   <div class='ocr_carea' id='block_1_41' title="bbox 315 2503 1898 2574">
    <p class='ocr_par' dir='ltr' id='par_1_41' title="bbox 315 2503 1898 2574">
     <span class='ocr_line' id='line_1_41' title="bbox 315 2503 1898 2574; baseline 0 -16"><span class='ocrx_word' id='word_1_314' title='bbox 315 2504 438 2559; x_wconf 82' lang='lat' dir='ltr'><strong>filiis</strong></span> <span class='ocrx_word' id='word_1_315' title='bbox 482 2505 565 2558; x_wconf 83' lang='lat' dir='ltr'><strong>vel</strong></span> <span class='ocrx_word' id='word_1_316' title='bbox 619 2503 870 2558; x_wconf 87' lang='lat' dir='ltr'><strong>heredum</strong></span> <span class='ocrx_word' id='word_1_317' title='bbox 923 2520 1185 2571; x_wconf 86' lang='lat' dir='ltr'><strong>meorum,</strong></span> <span class='ocrx_word' id='word_1_318' title='bbox 1245 2506 1354 2572; x_wconf 91' lang='lat' dir='ltr'><strong>tipo</strong></span> <span class='ocrx_word' id='word_1_319' title='bbox 1415 2508 1664 2574; x_wconf 88' lang='lat' dir='ltr'><strong>superbie</strong></span> <span class='ocrx_word' id='word_1_320' title='bbox 1711 2507 1898 2571; x_wconf 85' lang='lat' dir='ltr'><strong>inﬂati,</strong></span> 
     </span>
    </p>
   </div>
   <div class='ocr_carea' id='block_1_42' title="bbox 313 2594 1901 2666">
    <p class='ocr_par' dir='ltr' id='par_1_42' title="bbox 313 2594 1901 2666">
     <span class='ocr_line' id='line_1_42' title="bbox 313 2594 1901 2666; baseline 0.004 -22"><span class='ocrx_word' id='word_1_321' title='bbox 313 2608 649 2662; x_wconf 88' lang='lat' dir='ltr'><strong>quacumque</strong></span> <span class='ocrx_word' id='word_1_322' title='bbox 679 2595 845 2661; x_wconf 89' lang='lat' dir='ltr'><strong>possit</strong></span> <span class='ocrx_word' id='word_1_323' title='bbox 888 2595 940 2648; x_wconf 94' lang='lat' dir='ltr'><strong>in</strong></span> <span class='ocrx_word' id='word_1_324' title='bbox 973 2594 1230 2648; x_wconf 87' lang='lat' dir='ltr'><strong>fructibus</strong></span> <span class='ocrx_word' id='word_1_325' title='bbox 1271 2595 1398 2648; x_wconf 90' lang='lat' dir='ltr'><strong>inibi</strong></span> <span class='ocrx_word' id='word_1_326' title='bbox 1431 2598 1784 2666; x_wconf 85' lang='lat' dir='ltr'><strong>congregatis,</strong></span> <span class='ocrx_word' id='word_1_327' title='bbox 1818 2598 1901 2651; x_wconf 88' lang='lat' dir='ltr'><strong>vel</strong></span> 
     </span>
    </p>
   </div>
   <div class='ocr_carea' id='block_1_43' title="bbox 313 2681 1900 2754">
    <p class='ocr_par' dir='ltr' id='par_1_43' title="bbox 313 2681 1900 2754">
     <span class='ocr_line' id='line_1_43' title="bbox 313 2681 1900 2754; baseline 0.004 -20"><span class='ocrx_word' id='word_1_328' title='bbox 313 2681 366 2735; x_wconf 90' lang='lat' dir='ltr'><strong>in</strong></span> <span class='ocrx_word' id='word_1_329' title='bbox 390 2696 480 2735; x_wconf 86' lang='lat' dir='ltr'><strong>res</strong></span> <span class='ocrx_word' id='word_1_330' title='bbox 521 2683 824 2736; x_wconf 88' lang='lat' dir='ltr'><strong>monasterii</strong></span> <span class='ocrx_word' id='word_1_331' title='bbox 868 2683 1024 2752; x_wconf 85' lang='lat' dir='ltr'><strong>hujus</strong></span> <span class='ocrx_word' id='word_1_332' title='bbox 1054 2699 1310 2750; x_wconf 82' lang='lat' dir='ltr'><strong>generare</strong></span> <span class='ocrx_word' id='word_1_333' title='bbox 1337 2688 1660 2754; x_wconf 88' lang='lat' dir='ltr'><strong>superbiam.</strong></span> <span class='ocrx_word' id='word_1_334' title='bbox 1697 2687 1800 2742; x_wconf 83' lang='lat' dir='ltr'><strong>Sed</strong></span> <span class='ocrx_word' id='word_1_335' title='bbox 1832 2687 1900 2741; x_wconf 84' lang='lat' dir='ltr'><strong>ita</strong></span> 
     </span>
    </p>
   </div>
   <div class='ocr_carea' id='block_1_44' title="bbox 314 2773 1899 2841">
    <p class='ocr_par' dir='ltr' id='par_1_44' title="bbox 314 2773 1899 2841">
     <span class='ocr_line' id='line_1_44' title="bbox 314 2773 1899 2841; baseline 0.004 -15"><span class='ocrx_word' id='word_1_336' title='bbox 314 2773 460 2837; x_wconf 80' lang='lat' dir='ltr'><strong>&#39;volo,</strong></span> <span class='ocrx_word' id='word_1_337' title='bbox 501 2774 674 2841; x_wconf 78' lang='lat' dir='ltr'><strong>adque</strong></span> <span class='ocrx_word' id='word_1_338' title='bbox 706 2788 800 2838; x_wconf 78' lang='lat' dir='ltr'><strong>per</strong></span> <span class='ocrx_word' id='word_1_339' title='bbox 829 2775 986 2841; x_wconf 81' lang='lat' dir='ltr'><strong>hujus</strong></span> <span class='ocrx_word' id='word_1_340' title='bbox 1021 2776 1236 2828; x_wconf 86' lang='lat' dir='ltr'><strong>nomine</strong></span> <span class='ocrx_word' id='word_1_341' title='bbox 1261 2777 1464 2828; x_wconf 90' lang='lat' dir='ltr'><strong>cartula</strong></span> <span class='ocrx_word' id='word_1_342' title='bbox 1491 2777 1800 2831; x_wconf 84' lang='lat' dir='ltr'><strong>confirmavi</strong></span> <span class='ocrx_word' id='word_1_343' title='bbox 1849 2779 1899 2832; x_wconf 90' lang='lat' dir='ltr'><strong>in</strong></span> 
     </span>
    </p>
   </div>
   <div class='ocr_carea' id='block_1_45' title="bbox 313 2865 1902 2938">
    <p class='ocr_par' dir='ltr' id='par_1_45' title="bbox 313 2865 1902 2938">
     <span class='ocr_line' id='line_1_45' title="bbox 313 2865 1902 2938; baseline 0.004 -22"><span class='ocrx_word' id='word_1_344' title='bbox 313 2877 474 2930; x_wconf 89' lang='lat' dir='ltr'><strong>supra</strong></span> <span class='ocrx_word' id='word_1_345' title='bbox 505 2871 798 2916; x_wconf 89' lang='lat' dir='ltr'><strong>memorato</strong></span> <span class='ocrx_word' id='word_1_346' title='bbox 827 2865 1150 2918; x_wconf 87' lang='lat' dir='ltr'><strong>monasterio</strong></span> <span class='ocrx_word' id='word_1_347' title='bbox 1177 2865 1348 2918; x_wconf 89' lang='lat' dir='ltr'><strong>sancti</strong></span> <span class='ocrx_word' id='word_1_348' title='bbox 1380 2865 1524 2921; x_wconf 86' lang='lat' dir='ltr'><strong>Petri</strong></span> <span class='ocrx_word' id='word_1_349' title='bbox 1555 2871 1902 2938; x_wconf 86' lang='lat' dir='ltr'><strong>congregatio</strong></span> 
     </span>
    </p>
   </div>
   <div class='ocr_carea' id='block_1_46' title="bbox 320 2954 1903 3027">
    <p class='ocr_par' dir='ltr' id='par_1_46' title="bbox 320 2954 1903 3027">
     <span class='ocr_line' id='line_1_46' title="bbox 320 2954 1903 3027; baseline 0.005 -21"><span class='ocrx_word' id='word_1_350' title='bbox 320 2969 690 3018; x_wconf 86' lang='lat' dir='ltr'><strong>monacorutn,</strong></span> <span class='ocrx_word' id='word_1_351' title='bbox 751 2954 865 3008; x_wconf 88' lang='lat' dir='ltr'><strong>sive</strong></span> <span class='ocrx_word' id='word_1_352' title='bbox 890 2955 955 3008; x_wconf 87' lang='lat' dir='ltr'><strong>de</strong></span> <span class='ocrx_word' id='word_1_353' title='bbox 987 2954 1092 3009; x_wconf 89' lang='lat' dir='ltr'><strong>illis</strong></span> <span class='ocrx_word' id='word_1_354' title='bbox 1124 2956 1399 3022; x_wconf 88' lang='lat' dir='ltr'><strong>fratribus,</strong></span> <span class='ocrx_word' id='word_1_355' title='bbox 1451 2974 1584 3026; x_wconf 90' lang='lat' dir='ltr'><strong>quos</strong></span> <span class='ocrx_word' id='word_1_356' title='bbox 1615 2960 1733 3027; x_wconf 91' lang='lat' dir='ltr'><strong>pius</strong></span> <span class='ocrx_word' id='word_1_357' title='bbox 1766 2960 1903 3014; x_wconf 90' lang='lat' dir='ltr'><strong>Deus</strong></span> 
     </span>
    </p>
   </div>
   <div class='ocr_carea' id='block_1_47' title="bbox 317 3043 1900 3113">
    <p class='ocr_par' dir='ltr' id='par_1_47' title="bbox 317 3043 1900 3113">
     <span class='ocr_line' id='line_1_47' title="bbox 317 3043 1900 3113; baseline 0.008 -17"><span class='ocrx_word' id='word_1_358' title='bbox 317 3050 373 3096; x_wconf 89' lang='lat' dir='ltr'><strong>et</strong></span> <span class='ocrx_word' id='word_1_359' title='bbox 418 3043 532 3110; x_wconf 89' lang='lat' dir='ltr'><strong>ipse</strong></span> <span class='ocrx_word' id='word_1_360' title='bbox 582 3045 696 3112; x_wconf 87' lang='lat' dir='ltr'><strong>ejus</strong></span> <span class='ocrx_word' id='word_1_361' title='bbox 753 3047 1028 3113; x_wconf 86' lang='lat' dir='ltr'><strong>apostolus</strong></span> <span class='ocrx_word' id='word_1_362' title='bbox 1063 3046 1128 3100; x_wconf 90' lang='lat' dir='ltr'><strong>ad</strong></span> <span class='ocrx_word' id='word_1_363' title='bbox 1187 3063 1340 3102; x_wconf 91' lang='lat' dir='ltr'><strong>suum</strong></span> <span class='ocrx_word' id='word_1_364' title='bbox 1379 3051 1651 3105; x_wconf 86' lang='lat' dir='ltr'><strong>servitium</strong></span> <span class='ocrx_word' id='word_1_365' title='bbox 1685 3064 1900 3107; x_wconf 89' lang='lat' dir='ltr'><strong>vocatus</strong></span> 
     </span>
    </p>
   </div>
   <div class='ocr_carea' id='block_1_48' title="bbox 316 3133 1900 3211">
    <p class='ocr_par' dir='ltr' id='par_1_48' title="bbox 316 3133 1900 3211">
     <span class='ocr_line' id='line_1_48' title="bbox 316 3133 1900 3211; baseline 0.007 -26"><span class='ocrx_word' id='word_1_366' title='bbox 316 3134 537 3202; x_wconf 85' lang='lat' dir='ltr'><strong>dignare</strong></span> <span class='ocrx_word' id='word_1_367' title='bbox 593 3133 762 3199; x_wconf 89' lang='lat' dir='ltr'><strong>fuere,</strong></span> <span class='ocrx_word' id='word_1_368' title='bbox 793 3151 911 3189; x_wconf 88' lang='lat' dir='ltr'><strong>cmn</strong></span> <span class='ocrx_word' id='word_1_369' title='bbox 943 3137 1063 3192; x_wconf 88' lang='lat' dir='ltr'><strong>liliis</strong></span> <span class='ocrx_word' id='word_1_370' title='bbox 1092 3140 1192 3192; x_wconf 87' lang='lat' dir='ltr'><strong>mei</strong></span> <span class='ocrx_word' id='word_1_371' title='bbox 1226 3155 1324 3192; x_wconf 85' lang='lat' dir='ltr'><strong>una</strong></span> <span class='ocrx_word' id='word_1_372' title='bbox 1365 3156 1484 3193; x_wconf 92' lang='lat' dir='ltr'><strong>cum</strong></span> <span class='ocrx_word' id='word_1_373' title='bbox 1538 3141 1664 3208; x_wconf 84' lang='lat' dir='ltr'><strong>ipsis</strong></span> <span class='ocrx_word' id='word_1_374' title='bbox 1704 3141 1900 3211; x_wconf 85' lang='lat' dir='ltr'><strong>pariter</strong></span> 
     </span>
    </p>
   </div>
   <div class='ocr_carea' id='block_1_49' title="bbox 319 3224 1901 3297">
    <p class='ocr_par' dir='ltr' id='par_1_49' title="bbox 319 3224 1901 3297">
     <span class='ocr_line' id='line_1_49' title="bbox 319 3224 1901 3297; baseline 0.008 -21"><span class='ocrx_word' id='word_1_375' title='bbox 319 3224 566 3276; x_wconf 88' lang='lat' dir='ltr'><strong>volumus</strong></span> <span class='ocrx_word' id='word_1_376' title='bbox 616 3240 678 3279; x_wconf 79' lang='lat' dir='ltr'><strong>ex</strong></span> <span class='ocrx_word' id='word_1_377' title='bbox 736 3228 1083 3297; x_wconf 83' lang='lat' dir='ltr'><strong>omnipotenti</strong></span> <span class='ocrx_word' id='word_1_378' title='bbox 1117 3229 1210 3283; x_wconf 90' lang='lat' dir='ltr'><strong>Dei</strong></span> <span class='ocrx_word' id='word_1_379' title='bbox 1240 3231 1606 3285; x_wconf 83' lang='lat' dir='ltr'><strong>misericordia</strong></span> <span class='ocrx_word' id='word_1_380' title='bbox 1637 3245 1818 3288; x_wconf 90' lang='lat' dir='ltr'><strong>sancte</strong></span> <span class='ocrx_word' id='word_1_381' title='bbox 1847 3245 1901 3289; x_wconf 90' lang='lat' dir='ltr'><strong>et</strong></span> 
     </span>
    </p>
   </div>
   <div class='ocr_carea' id='block_1_50' title="bbox 316 3314 1899 3394">
    <p class='ocr_par' dir='ltr' id='par_1_50' title="bbox 316 3314 1899 3394">
     <span class='ocr_line' id='line_1_50' title="bbox 316 3314 1899 3394; baseline 0.008 -27"><span class='ocrx_word' id='word_1_382' title='bbox 316 3314 634 3382; x_wconf 82' lang='lat' dir='ltr'><strong>regulariter</strong></span> <span class='ocrx_word' id='word_1_383' title='bbox 686 3319 844 3370; x_wconf 88' lang='lat' dir='ltr'><strong>vitam</strong></span> <span class='ocrx_word' id='word_1_384' title='bbox 909 3333 1244 3388; x_wconf 79' lang='lat' dir='ltr'><strong>peregautur,</strong></span> <span class='ocrx_word' id='word_1_385' title='bbox 1304 3331 1356 3376; x_wconf 93' lang='lat' dir='ltr'><strong>et</strong></span> <span class='ocrx_word' id='word_1_386' title='bbox 1383 3337 1478 3390; x_wconf 91' lang='lat' dir='ltr'><strong>pro</strong></span> <span class='ocrx_word' id='word_1_387' title='bbox 1509 3324 1638 3378; x_wconf 90' lang='lat' dir='ltr'><strong>meis</strong></span> <span class='ocrx_word' id='word_1_388' title='bbox 1671 3328 1899 3394; x_wconf 87' lang='lat' dir='ltr'><strong>peccatis</strong></span> 
     </span>
    </p>
   </div>
   <div class='ocr_carea' id='block_1_51' title="bbox 318 3404 1898 3480">
    <p class='ocr_par' dir='ltr' id='par_1_51' title="bbox 318 3404 1898 3480">
     <span class='ocr_line' id='line_1_51' title="bbox 318 3404 1898 3480; baseline 0.011 -24"><span class='ocrx_word' id='word_1_389' title='bbox 318 3404 408 3458; x_wconf 91' lang='lat' dir='ltr'><strong>die</strong></span> <span class='ocrx_word' id='word_1_390' title='bbox 433 3417 702 3473; x_wconf 89' lang='lat' dir='ltr'><strong>noctuque</strong></span> <span class='ocrx_word' id='word_1_391' title='bbox 731 3408 844 3462; x_wconf 89' lang='lat' dir='ltr'><strong>suis</strong></span> <span class='ocrx_word' id='word_1_392' title='bbox 873 3411 1204 3465; x_wconf 88' lang='lat' dir='ltr'><strong>orationibus</strong></span> <span class='ocrx_word' id='word_1_393' title='bbox 1251 3416 1603 3480; x_wconf 82' lang='lat' dir='ltr'><strong>omnipmenti</strong></span> <span class='ocrx_word' id='word_1_394' title='bbox 1658 3417 1764 3472; x_wconf 86' lang='lat' dir='ltr'><strong>Deo</strong></span> <span class='ocrx_word' id='word_1_395' title='bbox 1795 3436 1898 3474; x_wconf 74' lang='lat' dir='ltr'><strong>non</strong></span> 
     </span>
    </p>
   </div>
   <div class='ocr_carea' id='block_1_52' title="bbox 314 3499 1901 3567">
    <p class='ocr_par' dir='ltr' id='par_1_52' title="bbox 314 3499 1901 3567">
     <span class='ocr_line' id='line_1_52' title="bbox 314 3499 1901 3567; baseline 0.009 -16"><span class='ocrx_word' id='word_1_396' title='bbox 314 3508 529 3552; x_wconf 85' lang='lat' dir='ltr'><strong>cessent</strong></span> <span class='ocrx_word' id='word_1_397' title='bbox 557 3499 838 3554; x_wconf 83' lang='lat' dir='ltr'><strong>obsecrare</strong></span> <span class='ocrx_word' id='word_1_398' title='bbox 865 3502 1250 3558; x_wconf 88' lang='lat' dir='ltr'><strong>misericordia.</strong></span> <span class='ocrx_word' id='word_1_399' title='bbox 1311 3507 1375 3558; x_wconf 87' lang='lat' dir='ltr'><strong>Et</strong></span> <span class='ocrx_word' id='word_1_400' title='bbox 1417 3515 1522 3560; x_wconf 90' lang='lat' dir='ltr'><strong>tam</strong></span> <span class='ocrx_word' id='word_1_401' title='bbox 1566 3508 1901 3567; x_wconf 88' lang='lat' dir='ltr'><strong>ordinatione</strong></span> 
     </span>
    </p>
   </div>
   <div class='ocr_carea' id='block_1_53' title="bbox 314 3588 1902 3670">
    <p class='ocr_par' dir='ltr' id='par_1_53' title="bbox 314 3588 1902 3670">
     <span class='ocr_line' id='line_1_53' title="bbox 314 3588 1902 3670; baseline 0.011 -30"><span class='ocrx_word' id='word_1_402' title='bbox 314 3588 516 3654; x_wconf 88' lang='lat' dir='ltr'><strong>abbati,</strong></span> <span class='ocrx_word' id='word_1_403' title='bbox 550 3601 705 3658; x_wconf 86' lang='lat' dir='ltr'><strong>quam</strong></span> <span class='ocrx_word' id='word_1_404' title='bbox 730 3600 786 3644; x_wconf 92' lang='lat' dir='ltr'><strong>et</strong></span> <span class='ocrx_word' id='word_1_405' title='bbox 809 3592 941 3646; x_wconf 88' lang='lat' dir='ltr'><strong>alias</strong></span> <span class='ocrx_word' id='word_1_406' title='bbox 985 3594 1370 3661; x_wconf 64' lang='lat' dir='ltr'><strong>ordinationes,</strong></span> <span class='ocrx_word' id='word_1_407' title='bbox 1415 3599 1554 3666; x_wconf 89' lang='lat' dir='ltr'><strong>quod</strong></span> <span class='ocrx_word' id='word_1_408' title='bbox 1603 3613 1902 3670; x_wconf 88' lang='lat' dir='ltr'><strong>opportune</strong></span> 
     </span>
    </p>
   </div>
   <div class='ocr_carea' id='block_1_54' title="bbox 314 3681 1903 3761">
    <p class='ocr_par' dir='ltr' id='par_1_54' title="bbox 314 3681 1903 3761">
     <span class='ocr_line' id='line_1_54' title="bbox 314 3681 1903 3761; baseline 0.011 -27"><span class='ocrx_word' id='word_1_409' title='bbox 314 3692 438 3734; x_wconf 86' lang='lat' dir='ltr'><strong>sunt</strong></span> <span class='ocrx_word' id='word_1_410' title='bbox 497 3681 547 3733; x_wconf 89' lang='lat' dir='ltr'><strong>itt</strong></span> <span class='ocrx_word' id='word_1_411' title='bbox 596 3685 922 3737; x_wconf 83' lang='lat' dir='ltr'><strong>tnonaSterio</strong></span> <span class='ocrx_word' id='word_1_412' title='bbox 973 3685 1124 3751; x_wconf 85' lang='lat' dir='ltr'><strong>fieri,</strong></span> <span class='ocrx_word' id='word_1_413' title='bbox 1177 3689 1244 3740; x_wconf 87' lang='lat' dir='ltr'><strong>ita</strong></span> <span class='ocrx_word' id='word_1_414' title='bbox 1309 3702 1471 3758; x_wconf 90' lang='lat' dir='ltr'><strong>agttnt</strong></span> <span class='ocrx_word' id='word_1_415' title='bbox 1526 3703 1579 3745; x_wconf 92' lang='lat' dir='ltr'><strong>et</strong></span> <span class='ocrx_word' id='word_1_416' title='bbox 1624 3696 1903 3761; x_wconf 86' lang='lat' dir='ltr'><strong>perficiunt</strong></span> 
     </span>
    </p>
   </div>
   <div class='ocr_carea' id='block_1_55' title="bbox 316 3773 1900 3845">
    <p class='ocr_par' dir='ltr' id='par_1_55' title="bbox 316 3773 1900 3845">
     <span class='ocr_line' id='line_1_55' title="bbox 316 3773 1900 3845; baseline 0.009 -19"><span class='ocrx_word' id='word_1_417' title='bbox 316 3773 608 3826; x_wconf 84' lang='lat' dir='ltr'><strong>secundum</strong></span> <span class='ocrx_word' id='word_1_418' title='bbox 678 3775 974 3829; x_wconf 90' lang='lat' dir='ltr'><strong>institutum</strong></span> <span class='ocrx_word' id='word_1_419' title='bbox 1039 3783 1219 3845; x_wconf 88' lang='lat' dir='ltr'><strong>regula</strong></span> <span class='ocrx_word' id='word_1_420' title='bbox 1282 3781 1346 3833; x_wconf 90' lang='lat' dir='ltr'><strong>ad</strong></span> <span class='ocrx_word' id='word_1_421' title='bbox 1403 3793 1642 3836; x_wconf 88' lang='lat' dir='ltr'><strong>sanctum</strong></span> <span class='ocrx_word' id='word_1_422' title='bbox 1692 3783 1900 3841; x_wconf 91' lang='lat' dir='ltr'><strong>Patrem</strong></span> 
     </span>
    </p>
   </div>
   <div class='ocr_carea' id='block_1_56' title="bbox 319 3863 1902 3941">
    <p class='ocr_par' dir='ltr' id='par_1_56' title="bbox 319 3863 1902 3941">
     <span class='ocr_line' id='line_1_56' title="bbox 319 3863 1902 3941; baseline 0.008 -24"><span class='ocrx_word' id='word_1_423' title='bbox 319 3873 560 3917; x_wconf 86' lang='lat' dir='ltr'><strong>nostrum</strong></span> <span class='ocrx_word' id='word_1_424' title='bbox 595 3863 956 3919; x_wconf 83' lang='lat' dir='ltr'><strong>Benedictum.</strong></span> <span class='ocrx_word' id='word_1_425' title='bbox 989 3865 1056 3919; x_wconf 88' lang='lat' dir='ltr'><strong>Et</strong></span> <span class='ocrx_word' id='word_1_426' title='bbox 1084 3869 1126 3921; x_wconf 94' lang='lat' dir='ltr'><strong>si</strong></span> <span class='ocrx_word' id='word_1_427' title='bbox 1153 3867 1329 3938; x_wconf 89' lang='lat' dir='ltr'><strong>aliquo</strong></span> <span class='ocrx_word' id='word_1_428' title='bbox 1359 3885 1542 3926; x_wconf 90' lang='lat' dir='ltr'><strong>errore</strong></span> <span class='ocrx_word' id='word_1_429' title='bbox 1568 3888 1661 3941; x_wconf 94' lang='lat' dir='ltr'><strong>pro</strong></span> <span class='ocrx_word' id='word_1_430' title='bbox 1685 3877 1902 3930; x_wconf 85' lang='lat' dir='ltr'><strong>ordina-</strong></span> 
     </span>
    </p>
   </div>
   <div class='ocr_carea' id='block_1_57' title="bbox 321 3955 1902 4035">
    <p class='ocr_par' dir='ltr' id='par_1_57' title="bbox 321 3955 1902 4035">
     <span class='ocr_line' id='line_1_57' title="bbox 321 3955 1902 4035; baseline 0.01 -28"><span class='ocrx_word' id='word_1_431' title='bbox 321 3956 470 4007; x_wconf 87' lang='lat' dir='ltr'><strong>tione</strong></span> <span class='ocrx_word' id='word_1_432' title='bbox 512 3966 660 4007; x_wconf 90' lang='lat' dir='ltr'><strong>orttts</strong></span> <span class='ocrx_word' id='word_1_433' title='bbox 691 3955 866 4022; x_wconf 85' lang='lat' dir='ltr'><strong>fuerit,</strong></span> <span class='ocrx_word' id='word_1_434' title='bbox 899 3966 990 4009; x_wconf 86' lang='lat' dir='ltr'><strong>aut</strong></span> <span class='ocrx_word' id='word_1_435' title='bbox 1033 3974 1195 4025; x_wconf 89' lang='lat' dir='ltr'><strong>pravo</strong></span> <span class='ocrx_word' id='word_1_436' title='bbox 1241 3961 1418 4030; x_wconf 86' lang='lat' dir='ltr'><strong>aliquo</strong></span> <span class='ocrx_word' id='word_1_437' title='bbox 1448 3965 1628 4017; x_wconf 90' lang='lat' dir='ltr'><strong>vitium</strong></span> <span class='ocrx_word' id='word_1_438' title='bbox 1660 3980 1902 4035; x_wconf 78' lang='lat' dir='ltr'><strong>repertus</strong></span> 
     </span>
    </p>
   </div>
   <div class='ocr_carea' id='block_1_58' title="bbox 318 4043 1904 4120">
    <p class='ocr_par' dir='ltr' id='par_1_58' title="bbox 318 4043 1904 4120">
     <span class='ocr_line' id='line_1_58' title="bbox 318 4043 1904 4120; baseline 0.009 -20"><span class='ocrx_word' id='word_1_439' title='bbox 318 4043 462 4100; x_wconf 83' lang='lat' dir='ltr'><strong>inter</strong></span> <span class='ocrx_word' id='word_1_440' title='bbox 496 4044 770 4109; x_wconf 89' lang='lat' dir='ltr'><strong>fratribus,</strong></span> <span class='ocrx_word' id='word_1_441' title='bbox 823 4048 964 4115; x_wconf 91' lang='lat' dir='ltr'><strong>quod</strong></span> <span class='ocrx_word' id='word_1_442' title='bbox 1018 4049 1130 4117; x_wconf 87' lang='lat' dir='ltr'><strong>ipse</strong></span> <span class='ocrx_word' id='word_1_443' title='bbox 1176 4052 1312 4105; x_wconf 90' lang='lat' dir='ltr'><strong>inter</strong></span> <span class='ocrx_word' id='word_1_444' title='bbox 1338 4069 1418 4120; x_wconf 88' lang='lat' dir='ltr'><strong>se,</strong></span> <span class='ocrx_word' id='word_1_445' title='bbox 1450 4057 1530 4108; x_wconf 88' lang='lat' dir='ltr'><strong>vel</strong></span> <span class='ocrx_word' id='word_1_446' title='bbox 1564 4057 1904 4114; x_wconf 84' lang='lat' dir='ltr'><strong>retitudi-nem</strong></span> 
     </span>
    </p>
   </div>
   <div class='ocr_carea' id='block_1_59' title="bbox 324 4136 1906 4215">
    <p class='ocr_par' dir='ltr' id='par_1_59' title="bbox 324 4136 1906 4215">
     <span class='ocr_line' id='line_1_59' title="bbox 324 4136 1906 4215; baseline 0.01 -27"><span class='ocrx_word' id='word_1_447' title='bbox 324 4145 418 4188; x_wconf 86' lang='lat' dir='ltr'><strong>aut</strong></span> <span class='ocrx_word' id='word_1_448' title='bbox 468 4136 647 4203; x_wconf 73' lang='lat' dir='ltr'><strong>rt-guIe</strong></span> <span class='ocrx_word' id='word_1_449' title='bbox 677 4137 916 4190; x_wconf 89' lang='lat' dir='ltr'><strong>instituta</strong></span> <span class='ocrx_word' id='word_1_450' title='bbox 944 4138 1212 4207; x_wconf 85' lang='lat' dir='ltr'><strong>corrigere</strong></span> <span class='ocrx_word' id='word_1_451' title='bbox 1243 4145 1553 4215; x_wconf 77' lang='lat' dir='ltr'><strong>neg&#39;exerit,</strong></span> <span class='ocrx_word' id='word_1_452' title='bbox 1606 4157 1726 4201; x_wconf 92' lang='lat' dir='ltr'><strong>tunc</strong></span> <span class='ocrx_word' id='word_1_453' title='bbox 1754 4166 1906 4205; x_wconf 85' lang='lat' dir='ltr'><strong>acce-</strong></span> 
     </span>
    </p>
   </div>
   <div class='ocr_carea' id='block_1_60' title="bbox 321 4228 1904 4306">
    <p class='ocr_par' dir='ltr' id='par_1_60' title="bbox 321 4228 1904 4306">
     <span class='ocr_line' id='line_1_60' title="bbox 321 4228 1904 4306; baseline 0.009 -26"><span class='ocrx_word' id='word_1_454' title='bbox 321 4229 453 4280; x_wconf 84' lang='lat' dir='ltr'><strong>dant</strong></span> <span class='ocrx_word' id='word_1_455' title='bbox 483 4228 532 4279; x_wconf 89' lang='lat' dir='ltr'><strong>itt</strong></span> <span class='ocrx_word' id='word_1_456' title='bbox 565 4229 681 4294; x_wconf 90' lang='lat' dir='ltr'><strong>ipso</strong></span> <span class='ocrx_word' id='word_1_457' title='bbox 714 4230 1034 4282; x_wconf 72' lang='lat' dir='ltr'><strong>monasterio</strong></span> <span class='ocrx_word' id='word_1_458' title='bbox 1058 4233 1223 4284; x_wconf 89' lang='lat' dir='ltr'><strong>sancti</strong></span> <span class='ocrx_word' id='word_1_459' title='bbox 1259 4232 1441 4289; x_wconf 84' lang='lat' dir='ltr'><strong>Patres</strong></span> <span class='ocrx_word' id='word_1_460' title='bbox 1463 4239 1825 4306; x_wconf 65' lang='lat' dir='ltr'><strong>quoepiscojii,</strong></span> <span class='ocrx_word' id='word_1_461' title='bbox 1857 4243 1904 4294; x_wconf 90' lang='lat' dir='ltr'><strong>id</strong></span> 
     </span>
    </p>
   </div>
   <div class='ocr_carea' id='block_1_61' title="bbox 319 4317 1908 4387">
    <p class='ocr_par' dir='ltr' id='par_1_61' title="bbox 319 4317 1908 4387">
     <span class='ocr_line' id='line_1_61' title="bbox 319 4317 1908 4387; baseline 0.009 -17"><span class='ocrx_word' id='word_1_462' title='bbox 319 4329 405 4370; x_wconf 87' lang='lat' dir='ltr'><strong>est</strong></span> <span class='ocrx_word' id='word_1_463' title='bbox 455 4318 596 4370; x_wconf 81' lang='lat' dir='ltr'><strong>sedis</strong></span> <span class='ocrx_word' id='word_1_464' title='bbox 652 4317 890 4372; x_wconf 81' lang='lat' dir='ltr'><strong>Ecclesie</strong></span> <span class='ocrx_word' id='word_1_465' title='bbox 916 4329 1102 4374; x_wconf 86' lang='lat' dir='ltr'><strong>sancte</strong></span> <span class='ocrx_word' id='word_1_466' title='bbox 1133 4322 1342 4387; x_wconf 79' lang='lat' dir='ltr'><strong>l’isane,</strong></span> <span class='ocrx_word' id='word_1_467' title='bbox 1382 4333 1436 4376; x_wconf 89' lang='lat' dir='ltr'><strong>et</strong></span> <span class='ocrx_word' id='word_1_468' title='bbox 1481 4326 1626 4381; x_wconf 85' lang='lat' dir='ltr'><strong>sedis</strong></span> <span class='ocrx_word' id='word_1_469' title='bbox 1668 4328 1908 4385; x_wconf 85' lang='lat' dir='ltr'><strong>Ecclesie</strong></span> 
     </span>
    </p>
   </div>
   <div class='ocr_carea' id='block_1_62' title="bbox 325 4410 1906 4476">
    <p class='ocr_par' dir='ltr' id='par_1_62' title="bbox 325 4410 1906 4476">
     <span class='ocr_line' id='line_1_62' title="bbox 325 4410 1906 4476; baseline 0.008 -15"><span class='ocrx_word' id='word_1_470' title='bbox 325 4410 861 4476; x_wconf 81' lang='lat' dir='ltr'><strong>Pepuloniensis,sed</strong></span> <span class='ocrx_word' id='word_1_471' title='bbox 889 4420 941 4462; x_wconf 92' lang='lat' dir='ltr'><strong>et</strong></span> <span class='ocrx_word' id='word_1_472' title='bbox 964 4411 1126 4463; x_wconf 82' lang='lat' dir='ltr'><strong>abbas</strong></span> <span class='ocrx_word' id='word_1_473' title='bbox 1154 4417 1458 4469; x_wconf 85' lang='lat' dir='ltr'><strong>tnonas:erii</strong></span> <span class='ocrx_word' id='word_1_474' title='bbox 1485 4417 1690 4473; x_wconf 83' lang='lat' dir='ltr'><strong>Domini</strong></span> <span class='ocrx_word' id='word_1_475' title='bbox 1722 4420 1906 4475; x_wconf 89' lang='lat' dir='ltr'><strong>Salva-</strong></span> 
     </span>
    </p>
   </div>
   <div class='ocr_carea' id='block_1_63' title="bbox 2000 1855 3583 1927">
    <p class='ocr_par' dir='ltr' id='par_1_63' title="bbox 2000 1855 3583 1927">
     <span class='ocr_line' id='line_1_63' title="bbox 2000 1855 3583 1927; baseline -0.001 -17"><span class='ocrx_word' id='word_1_476' title='bbox 2000 1857 2125 1912; x_wconf 86' lang='lat' dir='ltr'><strong>.Iaso</strong></span> <span class='ocrx_word' id='word_1_477' title='bbox 2165 1871 2221 1912; x_wconf 87' lang='lat' dir='ltr'><strong>et</strong></span> <span class='ocrx_word' id='word_1_478' title='bbox 2255 1857 2565 1923; x_wconf 86' lang='lat' dir='ltr'><strong>Benedicto,</strong></span> <span class='ocrx_word' id='word_1_479' title='bbox 2598 1857 2650 1912; x_wconf 91' lang='lat' dir='ltr'><strong>in</strong></span> <span class='ocrx_word' id='word_1_480' title='bbox 2695 1858 2880 1927; x_wconf 87' lang='lat' dir='ltr'><strong>primis</strong></span> <span class='ocrx_word' id='word_1_481' title='bbox 2914 1857 3064 1911; x_wconf 88' lang='lat' dir='ltr'><strong>trado</strong></span> <span class='ocrx_word' id='word_1_482' title='bbox 3092 1867 3148 1911; x_wconf 94' lang='lat' dir='ltr'><strong>et</strong></span> <span class='ocrx_word' id='word_1_483' title='bbox 3172 1855 3336 1910; x_wconf 81' lang='lat' dir='ltr'><strong>offero</strong></span> <span class='ocrx_word' id='word_1_484' title='bbox 3383 1858 3583 1925; x_wconf 85' lang='lat' dir='ltr'><strong>portio-</strong></span> 
     </span>
    </p>
   </div>
   <div class='ocr_carea' id='block_1_64' title="bbox 2004 1947 3588 2018">
    <p class='ocr_par' dir='ltr' id='par_1_64' title="bbox 2004 1947 3588 2018">
     <span class='ocr_line' id='line_1_64' title="bbox 2004 1947 3588 2018; baseline 0 -16"><span class='ocrx_word' id='word_1_485' title='bbox 2004 1965 2123 2003; x_wconf 91' lang='lat' dir='ltr'><strong>nem</strong></span> <span class='ocrx_word' id='word_1_486' title='bbox 2148 1964 2320 2004; x_wconf 88' lang='lat' dir='ltr'><strong>meam</strong></span> <span class='ocrx_word' id='word_1_487' title='bbox 2353 1951 2420 2005; x_wconf 89' lang='lat' dir='ltr'><strong>de</strong></span> <span class='ocrx_word' id='word_1_488' title='bbox 2449 1949 2757 2018; x_wconf 89' lang='lat' dir='ltr'><strong>supradicto</strong></span> <span class='ocrx_word' id='word_1_489' title='bbox 2777 1951 2956 2004; x_wconf 85' lang='lat' dir='ltr'><strong>casale</strong></span> <span class='ocrx_word' id='word_1_490' title='bbox 2975 1949 3254 2015; x_wconf 85' lang='lat' dir='ltr'><strong>Palatiolo,</strong></span> <span class='ocrx_word' id='word_1_491' title='bbox 3284 1949 3370 2002; x_wconf 91' lang='lat' dir='ltr'><strong>ubi</strong></span> <span class='ocrx_word' id='word_1_492' title='bbox 3394 1959 3448 2002; x_wconf 91' lang='lat' dir='ltr'><strong>et</strong></span> <span class='ocrx_word' id='word_1_493' title='bbox 3472 1947 3588 2016; x_wconf 91' lang='lat' dir='ltr'><strong>ipse</strong></span> 
     </span>
    </p>
   </div>
   <div class='ocr_carea' id='block_1_65' title="bbox 2004 2038 3591 2109">
    <p class='ocr_par' dir='ltr' id='par_1_65' title="bbox 2004 2038 3591 2109">
     <span class='ocr_line' id='line_1_65' title="bbox 2004 2038 3591 2109; baseline 0 -16"><span class='ocrx_word' id='word_1_494' title='bbox 2004 2041 2330 2097; x_wconf 90' lang='lat' dir='ltr'><strong>monasterio</strong></span> <span class='ocrx_word' id='word_1_495' title='bbox 2372 2041 2648 2095; x_wconf 84' lang='lat' dir='ltr'><strong>fundatum</strong></span> <span class='ocrx_word' id='word_1_496' title='bbox 2678 2050 2782 2109; x_wconf 90' lang='lat' dir='ltr'><strong>est,</strong></span> <span class='ocrx_word' id='word_1_497' title='bbox 2816 2056 2919 2095; x_wconf 91' lang='lat' dir='ltr'><strong>una</strong></span> <span class='ocrx_word' id='word_1_498' title='bbox 2948 2057 3068 2094; x_wconf 90' lang='lat' dir='ltr'><strong>cum</strong></span> <span class='ocrx_word' id='word_1_499' title='bbox 3101 2041 3344 2108; x_wconf 86' lang='lat' dir='ltr'><strong>portione</strong></span> <span class='ocrx_word' id='word_1_500' title='bbox 3377 2055 3492 2093; x_wconf 90' lang='lat' dir='ltr'><strong>mea</strong></span> <span class='ocrx_word' id='word_1_501' title='bbox 3520 2038 3591 2093; x_wconf 90' lang='lat' dir='ltr'><strong>de</strong></span> 
     </span>
    </p>
   </div>
   <div class='ocr_carea' id='block_1_66' title="bbox 2004 2131 3589 2202">
    <p class='ocr_par' dir='ltr' id='par_1_66' title="bbox 2004 2131 3589 2202">
     <span class='ocr_line' id='line_1_66' title="bbox 2004 2131 3589 2202; baseline 0 -18"><span class='ocrx_word' id='word_1_502' title='bbox 2004 2131 2223 2192; x_wconf 79' lang='lat' dir='ltr'><strong>basilica</strong></span> <span class='ocrx_word' id='word_1_503' title='bbox 2255 2133 2426 2188; x_wconf 88' lang='lat' dir='ltr'><strong>sancti</strong></span> <span class='ocrx_word' id='word_1_504' title='bbox 2455 2132 2700 2202; x_wconf 85' lang='lat' dir='ltr'><strong>Philippi,</strong></span> <span class='ocrx_word' id='word_1_505' title='bbox 2753 2134 2837 2188; x_wconf 90' lang='lat' dir='ltr'><strong>vel</strong></span> <span class='ocrx_word' id='word_1_506' title='bbox 2886 2148 2974 2187; x_wconf 90' lang='lat' dir='ltr'><strong>res</strong></span> <span class='ocrx_word' id='word_1_507' title='bbox 3003 2134 3066 2186; x_wconf 89' lang='lat' dir='ltr'><strong>ad</strong></span> <span class='ocrx_word' id='word_1_508' title='bbox 3093 2149 3210 2188; x_wconf 90' lang='lat' dir='ltr'><strong>eam</strong></span> <span class='ocrx_word' id='word_1_509' title='bbox 3241 2133 3589 2201; x_wconf 85' lang='lat' dir='ltr'><strong>pertinentes,</strong></span> 
     </span>
    </p>
   </div>
   <div class='ocr_carea' id='block_1_67' title="bbox 2003 2223 3592 2294">
    <p class='ocr_par' dir='ltr' id='par_1_67' title="bbox 2003 2223 3592 2294">
     <span class='ocr_line' id='line_1_67' title="bbox 2003 2223 3592 2294; baseline -0.002 -15"><span class='ocrx_word' id='word_1_510' title='bbox 2003 2242 2125 2279; x_wconf 91' lang='lat' dir='ltr'><strong>eum</strong></span> <span class='ocrx_word' id='word_1_511' title='bbox 2193 2241 2348 2281; x_wconf 88' lang='lat' dir='ltr'><strong>casas</strong></span> <span class='ocrx_word' id='word_1_512' title='bbox 2407 2228 2768 2291; x_wconf 84' lang='lat' dir='ltr'><strong>massaricias,</strong></span> <span class='ocrx_word' id='word_1_513' title='bbox 2836 2226 3083 2291; x_wconf 80' lang='lat' dir='ltr'><strong>familias,</strong></span> <span class='ocrx_word' id='word_1_514' title='bbox 3134 2226 3215 2280; x_wconf 90' lang='lat' dir='ltr'><strong>vel</strong></span> <span class='ocrx_word' id='word_1_515' title='bbox 3267 2223 3592 2294; x_wconf 85' lang='lat' dir='ltr'><strong>adjacentias</strong></span> 
     </span>
    </p>
   </div>
   <div class='ocr_carea' id='block_1_68' title="bbox 2005 2313 3588 2383">
    <p class='ocr_par' dir='ltr' id='par_1_68' title="bbox 2005 2313 3588 2383">
     <span class='ocr_line' id='line_1_68' title="bbox 2005 2313 3588 2383; baseline -0.001 -15"><span class='ocrx_word' id='word_1_516' title='bbox 2005 2329 2216 2380; x_wconf 89' lang='lat' dir='ltr'><strong>earum,</strong></span> <span class='ocrx_word' id='word_1_517' title='bbox 2253 2317 2485 2383; x_wconf 89' lang='lat' dir='ltr'><strong>peculias</strong></span> <span class='ocrx_word' id='word_1_518' title='bbox 2507 2316 2784 2371; x_wconf 89' lang='lat' dir='ltr'><strong>donicatas</strong></span> <span class='ocrx_word' id='word_1_519' title='bbox 2813 2331 2932 2370; x_wconf 92' lang='lat' dir='ltr'><strong>cum</strong></span> <span class='ocrx_word' id='word_1_520' title='bbox 2976 2324 3215 2383; x_wconf 89' lang='lat' dir='ltr'><strong>pastores</strong></span> <span class='ocrx_word' id='word_1_521' title='bbox 3243 2314 3334 2382; x_wconf 88' lang='lat' dir='ltr'><strong>qui</strong></span> <span class='ocrx_word' id='word_1_522' title='bbox 3377 2329 3469 2368; x_wconf 89' lang='lat' dir='ltr'><strong>eas</strong></span> <span class='ocrx_word' id='word_1_523' title='bbox 3498 2313 3588 2367; x_wconf 82' lang='lat' dir='ltr'><strong>de-</strong></span> 
     </span>
    </p>
   </div>
   <div class='ocr_carea' id='block_1_69' title="bbox 2009 2406 3590 2476">
    <p class='ocr_par' dir='ltr' id='par_1_69' title="bbox 2009 2406 3590 2476">
     <span class='ocr_line' id='line_1_69' title="bbox 2009 2406 3590 2476; baseline 0.001 -18"><span class='ocrx_word' id='word_1_524' title='bbox 2009 2419 2256 2472; x_wconf 56' lang='lat' dir='ltr'><strong>pascunt,</strong></span> <span class='ocrx_word' id='word_1_525' title='bbox 2291 2424 2413 2462; x_wconf 91' lang='lat' dir='ltr'><strong>cum</strong></span> <span class='ocrx_word' id='word_1_526' title='bbox 2445 2410 2640 2475; x_wconf 87' lang='lat' dir='ltr'><strong>vineis,</strong></span> <span class='ocrx_word' id='word_1_527' title='bbox 2671 2407 2900 2476; x_wconf 88' lang='lat' dir='ltr'><strong>olivetis,</strong></span> <span class='ocrx_word' id='word_1_528' title='bbox 2926 2417 2981 2463; x_wconf 92' lang='lat' dir='ltr'><strong>et</strong></span> <span class='ocrx_word' id='word_1_529' title='bbox 3010 2407 3308 2463; x_wconf 85' lang='lat' dir='ltr'><strong>territurias</strong></span> <span class='ocrx_word' id='word_1_530' title='bbox 3338 2406 3590 2474; x_wconf 85' lang='lat' dir='ltr'><strong>perfines,</strong></span> 
     </span>
    </p>
   </div>
   <div class='ocr_carea' id='block_1_70' title="bbox 2009 2499 3592 2570">
    <p class='ocr_par' dir='ltr' id='par_1_70' title="bbox 2009 2499 3592 2570">
     <span class='ocr_line' id='line_1_70' title="bbox 2009 2499 3592 2570; baseline 0.003 -21"><span class='ocrx_word' id='word_1_531' title='bbox 2009 2513 2112 2550; x_wconf 91' lang='lat' dir='ltr'><strong>una</strong></span> <span class='ocrx_word' id='word_1_532' title='bbox 2151 2513 2274 2553; x_wconf 90' lang='lat' dir='ltr'><strong>cum</strong></span> <span class='ocrx_word' id='word_1_533' title='bbox 2307 2500 2474 2563; x_wconf 90' lang='lat' dir='ltr'><strong>silvis,</strong></span> <span class='ocrx_word' id='word_1_534' title='bbox 2521 2502 2658 2554; x_wconf 88' lang='lat' dir='ltr'><strong>sicut</strong></span> <span class='ocrx_word' id='word_1_535' title='bbox 2689 2500 2843 2555; x_wconf 88' lang='lat' dir='ltr'><strong>nobis</strong></span> <span class='ocrx_word' id='word_1_536' title='bbox 2873 2501 3142 2570; x_wconf 86' lang='lat' dir='ltr'><strong>pertinere</strong></span> <span class='ocrx_word' id='word_1_537' title='bbox 3183 2499 3395 2553; x_wconf 83' lang='lat' dir='ltr'><strong>videtur</strong></span> <span class='ocrx_word' id='word_1_538' title='bbox 3423 2500 3474 2552; x_wconf 91' lang='lat' dir='ltr'><strong>in</strong></span> <span class='ocrx_word' id='word_1_539' title='bbox 3507 2499 3592 2554; x_wconf 80' lang='lat' dir='ltr'><strong>in-</strong></span> 
     </span>
    </p>
   </div>
   <div class='ocr_carea' id='block_1_71' title="bbox 2006 2590 3592 2661">
    <p class='ocr_par' dir='ltr' id='par_1_71' title="bbox 2006 2590 3592 2661">
     <span class='ocr_line' id='line_1_71' title="bbox 2006 2590 3592 2661; baseline 0.003 -20"><span class='ocrx_word' id='word_1_540' title='bbox 2006 2599 2177 2658; x_wconf 87' lang='lat' dir='ltr'><strong>tegro.</strong></span> <span class='ocrx_word' id='word_1_541' title='bbox 2211 2590 2340 2644; x_wconf 90' lang='lat' dir='ltr'><strong>Item</strong></span> <span class='ocrx_word' id='word_1_542' title='bbox 2368 2603 2420 2645; x_wconf 89' lang='lat' dir='ltr'><strong>et</strong></span> <span class='ocrx_word' id='word_1_543' title='bbox 2445 2601 2598 2646; x_wconf 87' lang='lat' dir='ltr'><strong>curte</strong></span> <span class='ocrx_word' id='word_1_544' title='bbox 2621 2592 2755 2661; x_wconf 85' lang='lat' dir='ltr'><strong>juris</strong></span> <span class='ocrx_word' id='word_1_545' title='bbox 2779 2593 2881 2646; x_wconf 92' lang='lat' dir='ltr'><strong>mei</strong></span> <span class='ocrx_word' id='word_1_546' title='bbox 2910 2594 2960 2646; x_wconf 92' lang='lat' dir='ltr'><strong>in</strong></span> <span class='ocrx_word' id='word_1_547' title='bbox 2991 2594 3308 2660; x_wconf 72' lang='lat' dir='ltr'><strong>Castagneto</strong></span> <span class='ocrx_word' id='word_1_548' title='bbox 3329 2608 3448 2647; x_wconf 91' lang='lat' dir='ltr'><strong>cum</strong></span> <span class='ocrx_word' id='word_1_549' title='bbox 3479 2594 3592 2647; x_wconf 89' lang='lat' dir='ltr'><strong>edi-</strong></span> 
     </span>
    </p>
   </div>
   <div class='ocr_carea' id='block_1_72' title="bbox 2005 2682 3591 2751">
    <p class='ocr_par' dir='ltr' id='par_1_72' title="bbox 2005 2682 3591 2751">
     <span class='ocr_line' id='line_1_72' title="bbox 2005 2682 3591 2751; baseline 0 -16"><span class='ocrx_word' id='word_1_550' title='bbox 2005 2682 2139 2737; x_wconf 85' lang='lat' dir='ltr'><strong>ficiis</strong></span> <span class='ocrx_word' id='word_1_551' title='bbox 2193 2697 2316 2736; x_wconf 86' lang='lat' dir='ltr'><strong>suas</strong></span> <span class='ocrx_word' id='word_1_552' title='bbox 2365 2683 2602 2751; x_wconf 90' lang='lat' dir='ltr'><strong>peculias</strong></span> <span class='ocrx_word' id='word_1_553' title='bbox 2629 2683 2910 2737; x_wconf 88' lang='lat' dir='ltr'><strong>donicatas</strong></span> <span class='ocrx_word' id='word_1_554' title='bbox 2963 2692 3017 2737; x_wconf 90' lang='lat' dir='ltr'><strong>et</strong></span> <span class='ocrx_word' id='word_1_555' title='bbox 3059 2692 3298 2751; x_wconf 83' lang='lat' dir='ltr'><strong>pastores</strong></span> <span class='ocrx_word' id='word_1_556' title='bbox 3339 2683 3428 2750; x_wconf 88' lang='lat' dir='ltr'><strong>qui</strong></span> <span class='ocrx_word' id='word_1_557' title='bbox 3471 2698 3591 2736; x_wconf 89' lang='lat' dir='ltr'><strong>eam</strong></span> 
     </span>
    </p>
   </div>
   <div class='ocr_carea' id='block_1_73' title="bbox 2004 2775 3593 2843">
    <p class='ocr_par' dir='ltr' id='par_1_73' title="bbox 2004 2775 3593 2843">
     <span class='ocr_line' id='line_1_73' title="bbox 2004 2775 3593 2843; baseline -0.001 -15"><span class='ocrx_word' id='word_1_558' title='bbox 2004 2776 2319 2842; x_wconf 87' lang='lat' dir='ltr'><strong>depascunt,</strong></span> <span class='ocrx_word' id='word_1_559' title='bbox 2343 2776 2552 2839; x_wconf 87' lang='lat' dir='ltr'><strong>vineas,</strong></span> <span class='ocrx_word' id='word_1_560' title='bbox 2573 2775 2821 2841; x_wconf 79' lang='lat' dir='ltr'><strong>olivetas,</strong></span> <span class='ocrx_word' id='word_1_561' title='bbox 2845 2784 3044 2843; x_wconf 87' lang='lat' dir='ltr'><strong>pratas,</strong></span> <span class='ocrx_word' id='word_1_562' title='bbox 3068 2776 3382 2840; x_wconf 87' lang='lat' dir='ltr'><strong>territurias,</strong></span> <span class='ocrx_word' id='word_1_563' title='bbox 3408 2776 3593 2836; x_wconf 91' lang='lat' dir='ltr'><strong>silvas,</strong></span> 
     </span>
    </p>
   </div>
   <div class='ocr_carea' id='block_1_74' title="bbox 2005 2864 3596 2932">
    <p class='ocr_par' dir='ltr' id='par_1_74' title="bbox 2005 2864 3596 2932">
     <span class='ocr_line' id='line_1_74' title="bbox 2005 2864 3596 2932; baseline 0.002 -16"><span class='ocrx_word' id='word_1_564' title='bbox 2005 2878 2099 2918; x_wconf 88' lang='lat' dir='ltr'><strong>seo</strong></span> <span class='ocrx_word' id='word_1_565' title='bbox 2128 2875 2182 2918; x_wconf 92' lang='lat' dir='ltr'><strong>et</strong></span> <span class='ocrx_word' id='word_1_566' title='bbox 2207 2878 2358 2917; x_wconf 85' lang='lat' dir='ltr'><strong>casas</strong></span> <span class='ocrx_word' id='word_1_567' title='bbox 2383 2864 2720 2917; x_wconf 88' lang='lat' dir='ltr'><strong>massaricias</strong></span> <span class='ocrx_word' id='word_1_568' title='bbox 2750 2880 2868 2918; x_wconf 90' lang='lat' dir='ltr'><strong>cum</strong></span> <span class='ocrx_word' id='word_1_569' title='bbox 2895 2864 3120 2917; x_wconf 85' lang='lat' dir='ltr'><strong>familias</strong></span> <span class='ocrx_word' id='word_1_570' title='bbox 3147 2879 3290 2929; x_wconf 88' lang='lat' dir='ltr'><strong>suas,</strong></span> <span class='ocrx_word' id='word_1_571' title='bbox 3310 2879 3412 2932; x_wconf 92' lang='lat' dir='ltr'><strong>que</strong></span> <span class='ocrx_word' id='word_1_572' title='bbox 3443 2865 3596 2919; x_wconf 89' lang='lat' dir='ltr'><strong>nobis</strong></span> 
     </span>
    </p>
   </div>
   <div class='ocr_carea' id='block_1_75' title="bbox 2013 2954 3592 3023">
    <p class='ocr_par' dir='ltr' id='par_1_75' title="bbox 2013 2954 3592 3023">
     <span class='ocr_line' id='line_1_75' title="bbox 2013 2954 3592 3023; baseline -0.004 -14"><span class='ocrx_word' id='word_1_573' title='bbox 2013 2955 2307 3023; x_wconf 88' lang='lat' dir='ltr'><strong>pertinere,</strong></span> <span class='ocrx_word' id='word_1_574' title='bbox 2359 2964 2554 3023; x_wconf 88' lang='lat' dir='ltr'><strong>quanta</strong></span> <span class='ocrx_word' id='word_1_575' title='bbox 2592 2954 2785 3010; x_wconf 80' lang='lat' dir='ltr'><strong>exinde</strong></span> <span class='ocrx_word' id='word_1_576' title='bbox 2831 2955 2998 3008; x_wconf 89' lang='lat' dir='ltr'><strong>libere</strong></span> <span class='ocrx_word' id='word_1_577' title='bbox 3053 2970 3160 3007; x_wconf 85' lang='lat' dir='ltr'><strong>non</strong></span> <span class='ocrx_word' id='word_1_578' title='bbox 3212 2955 3592 3022; x_wconf 66' lang='lat' dir='ltr'><strong>dimiserimus,</strong></span> 
     </span>
    </p>
   </div>
   <div class='ocr_carea' id='block_1_76' title="bbox 2007 3044 3595 3114">
    <p class='ocr_par' dir='ltr' id='par_1_76' title="bbox 2007 3044 3595 3114">
     <span class='ocr_line' id='line_1_76' title="bbox 2007 3044 3595 3114; baseline -0.002 -15"><span class='ocrx_word' id='word_1_579' title='bbox 2007 3063 2128 3099; x_wconf 87' lang='lat' dir='ltr'><strong>cum</strong></span> <span class='ocrx_word' id='word_1_580' title='bbox 2160 3061 2320 3099; x_wconf 89' lang='lat' dir='ltr'><strong>omne</strong></span> <span class='ocrx_word' id='word_1_581' title='bbox 2341 3045 2697 3114; x_wconf 89' lang='lat' dir='ltr'><strong>adjacentiam</strong></span> <span class='ocrx_word' id='word_1_582' title='bbox 2739 3045 2806 3099; x_wconf 90' lang='lat' dir='ltr'><strong>ad</strong></span> <span class='ocrx_word' id='word_1_583' title='bbox 2837 3044 2972 3114; x_wconf 84' lang='lat' dir='ltr'><strong>ipse.</strong></span> <span class='ocrx_word' id='word_1_584' title='bbox 3024 3046 3103 3099; x_wconf 89' lang='lat' dir='ltr'><strong>vel</strong></span> <span class='ocrx_word' id='word_1_585' title='bbox 3138 3055 3288 3098; x_wconf 89' lang='lat' dir='ltr'><strong>curte</strong></span> <span class='ocrx_word' id='word_1_586' title='bbox 3319 3045 3595 3110; x_wconf 86' lang='lat' dir='ltr'><strong>pertinent.</strong></span> 
     </span>
    </p>
   </div>
   <div class='ocr_carea' id='block_1_77' title="bbox 1926 3117 3596 3206">
    <p class='ocr_par' dir='ltr' id='par_1_77' title="bbox 1926 3117 3596 3206">
     <span class='ocr_line' id='line_1_77' title="bbox 1926 3117 3596 3206; baseline -0.001 -16"><span class='ocrx_word' id='word_1_587' title='bbox 1926 3117 1971 3174; x_wconf 63' lang='grc' dir='ltr'><strong>(ἶ</strong></span> <span class='ocrx_word' id='word_1_588' title='bbox 2003 3137 2055 3190; x_wconf 83' lang='grc' dir='ltr'>ἱιι</span> <span class='ocrx_word' id='word_1_589' title='bbox 2107 3137 2338 3206; x_wconf 87' lang='lat' dir='ltr'><strong>integro,</strong></span> <span class='ocrx_word' id='word_1_590' title='bbox 2389 3136 2582 3191; x_wconf 88' lang='lat' dir='ltr'><strong>habeat</strong></span> <span class='ocrx_word' id='word_1_591' title='bbox 2620 3137 2734 3204; x_wconf 92' lang='lat' dir='ltr'><strong>ipse</strong></span> <span class='ocrx_word' id='word_1_592' title='bbox 2761 3134 3102 3189; x_wconf 88' lang='lat' dir='ltr'><strong>monasterio.</strong></span> <span class='ocrx_word' id='word_1_593' title='bbox 3155 3133 3284 3189; x_wconf 90' lang='lat' dir='ltr'><strong>Item</strong></span> <span class='ocrx_word' id='word_1_594' title='bbox 3312 3146 3364 3188; x_wconf 90' lang='lat' dir='ltr'><strong>et</strong></span> <span class='ocrx_word' id='word_1_595' title='bbox 3403 3134 3596 3206; x_wconf 77' lang='lat' dir='ltr'><strong>habeat</strong></span> 
     </span>
    </p>
   </div>
   <div class='ocr_carea' id='block_1_78' title="bbox 2004 3228 3591 3296">
    <p class='ocr_par' dir='ltr' id='par_1_78' title="bbox 2004 3228 3591 3296">
     <span class='ocr_line' id='line_1_78' title="bbox 2004 3228 3591 3296; baseline -0.002 -13"><span class='ocrx_word' id='word_1_596' title='bbox 2004 3231 2305 3296; x_wconf 90' lang='lat' dir='ltr'><strong>portionem</strong></span> <span class='ocrx_word' id='word_1_597' title='bbox 2334 3244 2509 3284; x_wconf 88' lang='lat' dir='ltr'><strong>meam</strong></span> <span class='ocrx_word' id='word_1_598' title='bbox 2541 3228 2611 3284; x_wconf 89' lang='lat' dir='ltr'><strong>de</strong></span> <span class='ocrx_word' id='word_1_599' title='bbox 2635 3230 2832 3283; x_wconf 91' lang='lat' dir='ltr'><strong>molino</strong></span> <span class='ocrx_word' id='word_1_600' title='bbox 2857 3239 2909 3283; x_wconf 86' lang='lat' dir='ltr'><strong>et</strong></span> <span class='ocrx_word' id='word_1_601' title='bbox 2949 3243 3070 3282; x_wconf 88' lang='lat' dir='ltr'><strong>casa</strong></span> <span class='ocrx_word' id='word_1_602' title='bbox 3098 3228 3164 3283; x_wconf 88' lang='lat' dir='ltr'><strong>de</strong></span> <span class='ocrx_word' id='word_1_603' title='bbox 3190 3228 3448 3294; x_wconf 88' lang='lat' dir='ltr'><strong>Caldana,</strong></span> <span class='ocrx_word' id='word_1_604' title='bbox 3471 3243 3591 3281; x_wconf 88' lang='lat' dir='ltr'><strong>cum</strong></span> 
     </span>
    </p>
   </div>
   <div class='ocr_carea' id='block_1_79' title="bbox 2001 3318 3596 3389">
    <p class='ocr_par' dir='ltr' id='par_1_79' title="bbox 2001 3318 3596 3389">
     <span class='ocr_line' id='line_1_79' title="bbox 2001 3318 3596 3389; baseline -0.002 -13"><span class='ocrx_word' id='word_1_605' title='bbox 2001 3318 2229 3385; x_wconf 84' lang='lat' dir='ltr'><strong>Litiauo,</strong></span> <span class='ocrx_word' id='word_1_606' title='bbox 2263 3335 2358 3374; x_wconf 86' lang='lat' dir='ltr'><strong>sco</strong></span> <span class='ocrx_word' id='word_1_607' title='bbox 2384 3330 2437 3375; x_wconf 91' lang='lat' dir='ltr'><strong>et</strong></span> <span class='ocrx_word' id='word_1_608' title='bbox 2463 3319 2736 3374; x_wconf 89' lang='lat' dir='ltr'><strong>Dominico</strong></span> <span class='ocrx_word' id='word_1_609' title='bbox 2764 3321 2941 3389; x_wconf 82' lang='lat' dir='ltr'><strong>pueris</strong></span> <span class='ocrx_word' id='word_1_610' title='bbox 2973 3321 3191 3386; x_wconf 88' lang='lat' dir='ltr'><strong>nostris,</strong></span> <span class='ocrx_word' id='word_1_611' title='bbox 3217 3330 3271 3373; x_wconf 88' lang='lat' dir='ltr'><strong>et</strong></span> <span class='ocrx_word' id='word_1_612' title='bbox 3297 3320 3475 3373; x_wconf 91' lang='lat' dir='ltr'><strong>omnia</strong></span> <span class='ocrx_word' id='word_1_613' title='bbox 3507 3320 3596 3373; x_wconf 85' lang='lat' dir='ltr'><strong>ad-</strong></span> 
     </span>
    </p>
   </div>
   <div class='ocr_carea' id='block_1_80' title="bbox 1999 3410 3598 3479">
    <p class='ocr_par' dir='ltr' id='par_1_80' title="bbox 1999 3410 3598 3479">
     <span class='ocr_line' id='line_1_80' title="bbox 1999 3410 3598 3479; baseline 0.001 -17"><span class='ocrx_word' id='word_1_614' title='bbox 1999 3410 2226 3479; x_wconf 88' lang='lat' dir='ltr'><strong>jacentia</strong></span> <span class='ocrx_word' id='word_1_615' title='bbox 2269 3410 2334 3464; x_wconf 89' lang='lat' dir='ltr'><strong>ad</strong></span> <span class='ocrx_word' id='word_1_616' title='bbox 2363 3410 2476 3479; x_wconf 88' lang='lat' dir='ltr'><strong>ipsa</strong></span> <span class='ocrx_word' id='word_1_617' title='bbox 2508 3425 2628 3464; x_wconf 88' lang='lat' dir='ltr'><strong>casa</strong></span> <span class='ocrx_word' id='word_1_618' title='bbox 2654 3411 2736 3464; x_wconf 89' lang='lat' dir='ltr'><strong>vel</strong></span> <span class='ocrx_word' id='word_1_619' title='bbox 2769 3410 2968 3464; x_wconf 89' lang='lat' dir='ltr'><strong>molino</strong></span> <span class='ocrx_word' id='word_1_620' title='bbox 2999 3419 3200 3478; x_wconf 86' lang='lat' dir='ltr'><strong>partem</strong></span> <span class='ocrx_word' id='word_1_621' title='bbox 3231 3425 3402 3463; x_wconf 90' lang='lat' dir='ltr'><strong>meam</strong></span> <span class='ocrx_word' id='word_1_622' title='bbox 3436 3412 3485 3463; x_wconf 91' lang='lat' dir='ltr'><strong>in</strong></span> <span class='ocrx_word' id='word_1_623' title='bbox 3516 3411 3598 3464; x_wconf 86' lang='lat' dir='ltr'><strong>in-</strong></span> 
     </span>
    </p>
   </div>
   <div class='ocr_carea' id='block_1_81' title="bbox 2006 3501 3598 3572">
    <p class='ocr_par' dir='ltr' id='par_1_81' title="bbox 2006 3501 3598 3572">
     <span class='ocr_line' id='line_1_81' title="bbox 2006 3501 3598 3572; baseline 0.001 -16"><span class='ocrx_word' id='word_1_624' title='bbox 2006 3515 2154 3572; x_wconf 82' lang='lat' dir='ltr'><strong>tegro</strong></span> <span class='ocrx_word' id='word_1_625' title='bbox 2187 3513 2549 3572; x_wconf 88' lang='lat' dir='ltr'><strong>pertenentes.</strong></span> <span class='ocrx_word' id='word_1_626' title='bbox 2586 3502 2755 3557; x_wconf 91' lang='lat' dir='ltr'><strong>Simili</strong></span> <span class='ocrx_word' id='word_1_627' title='bbox 2781 3502 2940 3556; x_wconf 85' lang='lat' dir='ltr'><strong>modo</strong></span> <span class='ocrx_word' id='word_1_628' title='bbox 2965 3512 3019 3556; x_wconf 87' lang='lat' dir='ltr'><strong>et</strong></span> <span class='ocrx_word' id='word_1_629' title='bbox 3053 3501 3246 3556; x_wconf 89' lang='lat' dir='ltr'><strong>habeat</strong></span> <span class='ocrx_word' id='word_1_630' title='bbox 3277 3503 3388 3570; x_wconf 88' lang='lat' dir='ltr'><strong>ipse</strong></span> <span class='ocrx_word' id='word_1_631' title='bbox 3421 3501 3598 3569; x_wconf 87' lang='lat' dir='ltr'><strong>prefa—</strong></span> 
     </span>
    </p>
   </div>
   <div class='ocr_carea' id='block_1_82' title="bbox 2008 3595 3596 3665">
    <p class='ocr_par' dir='ltr' id='par_1_82' title="bbox 2008 3595 3596 3665">
     <span class='ocr_line' id='line_1_82' title="bbox 2008 3595 3596 3665; baseline 0.002 -16"><span class='ocrx_word' id='word_1_632' title='bbox 2008 3608 2094 3650; x_wconf 92' lang='lat' dir='ltr'><strong>tus</strong></span> <span class='ocrx_word' id='word_1_633' title='bbox 2111 3596 2438 3651; x_wconf 88' lang='lat' dir='ltr'><strong>monasterio</strong></span> <span class='ocrx_word' id='word_1_634' title='bbox 2467 3597 2762 3665; x_wconf 89' lang='lat' dir='ltr'><strong>portionem</strong></span> <span class='ocrx_word' id='word_1_635' title='bbox 2786 3611 2956 3650; x_wconf 89' lang='lat' dir='ltr'><strong>meam</strong></span> <span class='ocrx_word' id='word_1_636' title='bbox 2977 3597 3044 3649; x_wconf 88' lang='lat' dir='ltr'><strong>de</strong></span> <span class='ocrx_word' id='word_1_637' title='bbox 3065 3605 3215 3650; x_wconf 91' lang='lat' dir='ltr'><strong>curte</strong></span> <span class='ocrx_word' id='word_1_638' title='bbox 3242 3595 3596 3665; x_wconf 88' lang='lat' dir='ltr'><strong>Sttpercornia</strong></span> 
     </span>
    </p>
   </div>
   <div class='ocr_carea' id='block_1_83' title="bbox 2005 3686 3596 3757">
    <p class='ocr_par' dir='ltr' id='par_1_83' title="bbox 2005 3686 3596 3757">
     <span class='ocr_line' id='line_1_83' title="bbox 2005 3686 3596 3757; baseline 0 -15"><span class='ocrx_word' id='word_1_639' title='bbox 2005 3702 2126 3742; x_wconf 93' lang='lat' dir='ltr'><strong>cum</strong></span> <span class='ocrx_word' id='word_1_640' title='bbox 2172 3686 2414 3744; x_wconf 84' lang='lat' dir='ltr'><strong>edificias</strong></span> <span class='ocrx_word' id='word_1_641' title='bbox 2461 3704 2609 3755; x_wconf 91' lang='lat' dir='ltr'><strong>snas,</strong></span> <span class='ocrx_word' id='word_1_642' title='bbox 2663 3689 2869 3757; x_wconf 89' lang='lat' dir='ltr'><strong>vineas,</strong></span> <span class='ocrx_word' id='word_1_643' title='bbox 2898 3688 3198 3743; x_wconf 89' lang='lat' dir='ltr'><strong>territurias</strong></span> <span class='ocrx_word' id='word_1_644' title='bbox 3240 3689 3410 3742; x_wconf 90' lang='lat' dir='ltr'><strong>cultas</strong></span> <span class='ocrx_word' id='word_1_645' title='bbox 3433 3700 3482 3742; x_wconf 90' lang='lat' dir='ltr'><strong>et</strong></span> <span class='ocrx_word' id='word_1_646' title='bbox 3514 3690 3596 3742; x_wconf 91' lang='lat' dir='ltr'><strong>in-</strong></span> 
     </span>
    </p>
   </div>
   <div class='ocr_carea' id='block_1_84' title="bbox 2003 3781 3596 3851">
    <p class='ocr_par' dir='ltr' id='par_1_84' title="bbox 2003 3781 3596 3851">
     <span class='ocr_line' id='line_1_84' title="bbox 2003 3781 3596 3851; baseline 0 -17"><span class='ocrx_word' id='word_1_647' title='bbox 2003 3781 2195 3850; x_wconf 86' lang='lat' dir='ltr'><strong>cultas,</strong></span> <span class='ocrx_word' id='word_1_648' title='bbox 2243 3783 2570 3848; x_wconf 68' lang='lat' dir='ltr'><strong>silvas,......</strong></span> <span class='ocrx_word' id='word_1_649' title='bbox 2628 3797 2874 3851; x_wconf 88' lang='lat' dir='ltr'><strong>pascuas,</strong></span> <span class='ocrx_word' id='word_1_650' title='bbox 2924 3797 3026 3835; x_wconf 90' lang='lat' dir='ltr'><strong>una</strong></span> <span class='ocrx_word' id='word_1_651' title='bbox 3076 3796 3196 3835; x_wconf 91' lang='lat' dir='ltr'><strong>cum</strong></span> <span class='ocrx_word' id='word_1_652' title='bbox 3249 3795 3400 3834; x_wconf 89' lang='lat' dir='ltr'><strong>casas</strong></span> <span class='ocrx_word' id='word_1_653' title='bbox 3451 3797 3596 3834; x_wconf 75' lang='grc' dir='ltr'>πηοε-</span> 
     </span>
    </p>
   </div>
   <div class='ocr_carea' id='block_1_85' title="bbox 2004 3871 3595 3939">
    <p class='ocr_par' dir='ltr' id='par_1_85' title="bbox 2004 3871 3595 3939">
     <span class='ocr_line' id='line_1_85' title="bbox 2004 3871 3595 3939; baseline 0.001 -14"><span class='ocrx_word' id='word_1_654' title='bbox 2004 3872 2246 3938; x_wconf 82' lang='lat' dir='ltr'><strong>saricias,</strong></span> <span class='ocrx_word' id='word_1_655' title='bbox 2279 3887 2400 3926; x_wconf 91' lang='lat' dir='ltr'><strong>cum</strong></span> <span class='ocrx_word' id='word_1_656' title='bbox 2441 3872 2670 3926; x_wconf 85' lang='lat' dir='ltr'><strong>familias</strong></span> <span class='ocrx_word' id='word_1_657' title='bbox 2699 3888 2845 3938; x_wconf 88' lang='lat' dir='ltr'><strong>suas,</strong></span> <span class='ocrx_word' id='word_1_658' title='bbox 2877 3881 2931 3925; x_wconf 88' lang='lat' dir='ltr'><strong>et</strong></span> <span class='ocrx_word' id='word_1_659' title='bbox 2979 3887 3140 3925; x_wconf 91' lang='lat' dir='ltr'><strong>omne</strong></span> <span class='ocrx_word' id='word_1_660' title='bbox 3189 3871 3484 3939; x_wconf 87' lang='lat' dir='ltr'><strong>adjacentia</strong></span> <span class='ocrx_word' id='word_1_661' title='bbox 3529 3875 3595 3926; x_wconf 89' lang='lat' dir='ltr'><strong>ad</strong></span> 
     </span>
    </p>
   </div>
   <div class='ocr_carea' id='block_1_86' title="bbox 2008 3963 3597 4033">
    <p class='ocr_par' dir='ltr' id='par_1_86' title="bbox 2008 3963 3597 4033">
     <span class='ocr_line' id='line_1_86' title="bbox 2008 3963 3597 4033; baseline 0.001 -17"><span class='ocrx_word' id='word_1_662' title='bbox 2008 3963 2145 4029; x_wconf 91' lang='lat' dir='ltr'><strong>ipse,</strong></span> <span class='ocrx_word' id='word_1_663' title='bbox 2173 3963 2253 4016; x_wconf 90' lang='lat' dir='ltr'><strong>vel</strong></span> <span class='ocrx_word' id='word_1_664' title='bbox 2277 3974 2430 4018; x_wconf 88' lang='lat' dir='ltr'><strong>curte</strong></span> <span class='ocrx_word' id='word_1_665' title='bbox 2461 3966 2762 4032; x_wconf 91' lang='lat' dir='ltr'><strong>pertinente</strong></span> <span class='ocrx_word' id='word_1_666' title='bbox 2789 3965 2841 4017; x_wconf 94' lang='lat' dir='ltr'><strong>in</strong></span> <span class='ocrx_word' id='word_1_667' title='bbox 2867 3965 3237 4033; x_wconf 84' lang='lat' dir='ltr'><strong>integro,ante</strong></span> <span class='ocrx_word' id='word_1_668' title='bbox 3273 3963 3444 4031; x_wconf 89' lang='lat' dir='ltr'><strong>posito</strong></span> <span class='ocrx_word' id='word_1_669' title='bbox 3475 3979 3597 4033; x_wconf 93' lang='lat' dir='ltr'><strong>por-</strong></span> 
     </span>
    </p>
   </div>
   <div class='ocr_carea' id='block_1_87' title="bbox 2008 4054 3596 4125">
    <p class='ocr_par' dir='ltr' id='par_1_87' title="bbox 2008 4054 3596 4125">
     <span class='ocr_line' id='line_1_87' title="bbox 2008 4054 3596 4125; baseline 0.002 -19"><span class='ocrx_word' id='word_1_670' title='bbox 2008 4055 2205 4107; x_wconf 90' lang='lat' dir='ltr'><strong>tionem</strong></span> <span class='ocrx_word' id='word_1_671' title='bbox 2247 4070 2416 4106; x_wconf 85' lang='lat' dir='ltr'><strong>meam</strong></span> <span class='ocrx_word' id='word_1_672' title='bbox 2472 4055 2538 4108; x_wconf 92' lang='lat' dir='ltr'><strong>de</strong></span> <span class='ocrx_word' id='word_1_673' title='bbox 2566 4054 2731 4125; x_wconf 86' lang='lat' dir='ltr'><strong>Gagio</strong></span> <span class='ocrx_word' id='word_1_674' title='bbox 2755 4055 2932 4109; x_wconf 89' lang='lat' dir='ltr'><strong>Gatoti</strong></span> <span class='ocrx_word' id='word_1_675' title='bbox 2962 4065 3014 4108; x_wconf 88' lang='lat' dir='ltr'><strong>et</strong></span> <span class='ocrx_word' id='word_1_676' title='bbox 3057 4055 3353 4123; x_wconf 89' lang='lat' dir='ltr'><strong>portionem</strong></span> <span class='ocrx_word' id='word_1_677' title='bbox 3398 4070 3596 4120; x_wconf 86' lang='lat' dir='ltr'><strong>meam,</strong></span> 
     </span>
    </p>
   </div>
   <div class='ocr_carea' id='block_1_88' title="bbox 2010 4146 3600 4202">
    <p class='ocr_par' dir='ltr' id='par_1_88' title="bbox 2010 4146 3600 4202">
     <span class='ocr_line' id='line_1_88' title="bbox 2010 4146 3600 4202; baseline 0.004 -6"><span class='ocrx_word' id='word_1_678' title='bbox 2010 4147 2108 4199; x_wconf 90' lang='lat' dir='ltr'><strong>hoc</strong></span> <span class='ocrx_word' id='word_1_679' title='bbox 2135 4156 2216 4200; x_wconf 89' lang='lat' dir='ltr'><strong>est</strong></span> <span class='ocrx_word' id='word_1_680' title='bbox 2238 4147 2578 4200; x_wconf 87' lang='lat' dir='ltr'><strong>medietatem</strong></span> <span class='ocrx_word' id='word_1_681' title='bbox 2603 4147 2669 4202; x_wconf 92' lang='lat' dir='ltr'><strong>de</strong></span> <span class='ocrx_word' id='word_1_682' title='bbox 2697 4161 2818 4201; x_wconf 81' lang='lat' dir='ltr'><strong>casa</strong></span> <span class='ocrx_word' id='word_1_683' title='bbox 2850 4147 3073 4201; x_wconf 80' lang='lat' dir='ltr'><strong>Candidi</strong></span> <span class='ocrx_word' id='word_1_684' title='bbox 3105 4147 3172 4202; x_wconf 91' lang='lat' dir='ltr'><strong>de</strong></span> <span class='ocrx_word' id='word_1_685' title='bbox 3196 4146 3329 4200; x_wconf 81' lang='lat' dir='ltr'><strong>Rivo</strong></span> <span class='ocrx_word' id='word_1_686' title='bbox 3349 4148 3600 4202; x_wconf 82' lang='lat' dir='ltr'><strong>Certurio</strong></span> 
     </span>
    </p>
   </div>
   <div class='ocr_carea' id='block_1_89' title="bbox 2007 4239 3600 4310">
    <p class='ocr_par' dir='ltr' id='par_1_89' title="bbox 2007 4239 3600 4310">
     <span class='ocr_line' id='line_1_89' title="bbox 2007 4239 3600 4310; baseline 0.002 -19"><span class='ocrx_word' id='word_1_687' title='bbox 2007 4254 2126 4292; x_wconf 89' lang='lat' dir='ltr'><strong>cum</strong></span> <span class='ocrx_word' id='word_1_688' title='bbox 2157 4239 2373 4302; x_wconf 87' lang='lat' dir='ltr'><strong>familia,</strong></span> <span class='ocrx_word' id='word_1_689' title='bbox 2425 4249 2477 4293; x_wconf 89' lang='lat' dir='ltr'><strong>et</strong></span> <span class='ocrx_word' id='word_1_690' title='bbox 2504 4254 2662 4293; x_wconf 90' lang='lat' dir='ltr'><strong>omne</strong></span> <span class='ocrx_word' id='word_1_691' title='bbox 2689 4239 3040 4306; x_wconf 84' lang='lat' dir='ltr'><strong>adjacentiam</strong></span> <span class='ocrx_word' id='word_1_692' title='bbox 3073 4239 3138 4292; x_wconf 90' lang='lat' dir='ltr'><strong>ad</strong></span> <span class='ocrx_word' id='word_1_693' title='bbox 3179 4241 3290 4307; x_wconf 91' lang='lat' dir='ltr'><strong>ipse</strong></span> <span class='ocrx_word' id='word_1_694' title='bbox 3321 4255 3444 4295; x_wconf 78' lang='lat' dir='ltr'><strong>case</strong></span> <span class='ocrx_word' id='word_1_695' title='bbox 3475 4256 3600 4310; x_wconf 86' lang='lat' dir='ltr'><strong>per-</strong></span> 
     </span>
    </p>
   </div>
   <div class='ocr_carea' id='block_1_90' title="bbox 2010 4329 3596 4399">
    <p class='ocr_par' dir='ltr' id='par_1_90' title="bbox 2010 4329 3596 4399">
     <span class='ocr_line' id='line_1_90' title="bbox 2010 4329 3596 4399; baseline 0.001 -15"><span class='ocrx_word' id='word_1_696' title='bbox 2010 4330 2257 4384; x_wconf 90' lang='lat' dir='ltr'><strong>tinentes.</strong></span> <span class='ocrx_word' id='word_1_697' title='bbox 2292 4329 2421 4383; x_wconf 88' lang='lat' dir='ltr'><strong>Item</strong></span> <span class='ocrx_word' id='word_1_698' title='bbox 2471 4329 2664 4384; x_wconf 86' lang='lat' dir='ltr'><strong>habeat</strong></span> <span class='ocrx_word' id='word_1_699' title='bbox 2713 4330 2827 4399; x_wconf 82' lang='lat' dir='ltr'><strong>ipse</strong></span> <span class='ocrx_word' id='word_1_700' title='bbox 2871 4331 3194 4385; x_wconf 90' lang='lat' dir='ltr'><strong>monasterio</strong></span> <span class='ocrx_word' id='word_1_701' title='bbox 3238 4332 3406 4386; x_wconf 79' lang='lat' dir='ltr'><strong>sancti</strong></span> <span class='ocrx_word' id='word_1_702' title='bbox 3455 4332 3596 4386; x_wconf 82' lang='lat' dir='ltr'><strong>Petri</strong></span> 
     </span>
    </p>
   </div>
   <div class='ocr_carea' id='block_1_91' title="bbox 2012 4421 3592 4488">
    <p class='ocr_par' dir='ltr' id='par_1_91' title="bbox 2012 4421 3592 4488">
     <span class='ocr_line' id='line_1_91' title="bbox 2012 4421 3592 4488; baseline 0.001 -13"><span class='ocrx_word' id='word_1_703' title='bbox 2012 4422 2309 4488; x_wconf 89' lang='lat' dir='ltr'><strong>portionem</strong></span> <span class='ocrx_word' id='word_1_704' title='bbox 2337 4435 2511 4474; x_wconf 89' lang='lat' dir='ltr'><strong>meam</strong></span> <span class='ocrx_word' id='word_1_705' title='bbox 2540 4421 2606 4476; x_wconf 93' lang='lat' dir='ltr'><strong>de</strong></span> <span class='ocrx_word' id='word_1_706' title='bbox 2634 4421 2823 4477; x_wconf 82' lang='lat' dir='ltr'><strong>Casale</strong></span> <span class='ocrx_word' id='word_1_707' title='bbox 2845 4421 2895 4476; x_wconf 89' lang='lat' dir='ltr'><strong>in</strong></span> <span class='ocrx_word' id='word_1_708' title='bbox 2931 4422 3205 4477; x_wconf 79' lang='lat' dir='ltr'><strong>Ruossano</strong></span> <span class='ocrx_word' id='word_1_709' title='bbox 3231 4439 3351 4478; x_wconf 91' lang='lat' dir='ltr'><strong>cum</strong></span> <span class='ocrx_word' id='word_1_710' title='bbox 3382 4426 3450 4480; x_wconf 91' lang='lat' dir='ltr'><strong>de</strong></span> <span class='ocrx_word' id='word_1_711' title='bbox 3479 4442 3592 4479; x_wconf 82' lang='lat' dir='ltr'><strong>mo-</strong></span> 
     </span>
    </p>
   </div>
   <div class='ocr_carea' id='block_1_92' title="bbox 325 4479 3596 4580">
    <p class='ocr_par' dir='ltr' id='par_1_92' title="bbox 325 4479 3596 4580">
     <span class='ocr_line' id='line_1_92' title="bbox 325 4479 3596 4580; baseline 0.005 -26"><span class='ocrx_word' id='word_1_712' title='bbox 325 4502 458 4554; x_wconf 84' lang='lat' dir='ltr'><strong>toris</strong></span> <span class='ocrx_word' id='word_1_713' title='bbox 507 4503 558 4554; x_wconf 94' lang='lat' dir='ltr'><strong>in</strong></span> <span class='ocrx_word' id='word_1_714' title='bbox 611 4504 728 4554; x_wconf 91' lang='lat' dir='ltr'><strong>loco</strong></span> <span class='ocrx_word' id='word_1_715' title='bbox 770 4502 1047 4569; x_wconf 84' lang='lat' dir='ltr'><strong>Pontiano,</strong></span> <span class='ocrx_word' id='word_1_716' title='bbox 1101 4504 1226 4558; x_wconf 89' lang='lat' dir='ltr'><strong>item</strong></span> <span class='ocrx_word' id='word_1_717' title='bbox 1276 4518 1328 4559; x_wconf 89' lang='lat' dir='ltr'><strong>et</strong></span> <span class='ocrx_word' id='word_1_718' title='bbox 1376 4507 1538 4561; x_wconf 89' lang='lat' dir='ltr'><strong>abbas</strong></span> <span class='ocrx_word' id='word_1_719' title='bbox 1571 4513 1904 4567; x_wconf 62' lang='lat' dir='ltr'><strong>-tnonasterii</strong></span> <span class='ocrx_word' id='word_1_720' title='bbox 1943 4479 1986 4535; x_wconf 82' lang='lat' dir='ltr'><strong>D</strong></span> <span class='ocrx_word' id='word_1_721' title='bbox 2015 4512 2271 4576; x_wconf 87' lang='lat' dir='ltr'><strong>nasterio,</strong></span> <span class='ocrx_word' id='word_1_722' title='bbox 2302 4513 2444 4580; x_wconf 82' lang='lat' dir='ltr'><strong>quod</strong></span> <span class='ocrx_word' id='word_1_723' title='bbox 2488 4512 2612 4567; x_wconf 92' lang='lat' dir='ltr'><strong>inibi</strong></span> <span class='ocrx_word' id='word_1_724' title='bbox 2643 4523 2724 4567; x_wconf 92' lang='lat' dir='ltr'><strong>est</strong></span> <span class='ocrx_word' id='word_1_725' title='bbox 2765 4515 2890 4579; x_wconf 91' lang='lat' dir='ltr'><strong>sito,</strong></span> <span class='ocrx_word' id='word_1_726' title='bbox 2919 4525 2973 4569; x_wconf 93' lang='lat' dir='ltr'><strong>et</strong></span> <span class='ocrx_word' id='word_1_727' title='bbox 2993 4505 3127 4570; x_wconf 51' lang='lat' dir='ltr'><strong>case&#39;</strong></span> <span class='ocrx_word' id='word_1_728' title='bbox 3147 4516 3448 4572; x_wconf 85' lang='lat' dir='ltr'><strong>Massaricie</strong></span> <span class='ocrx_word' id='word_1_729' title='bbox 3475 4534 3596 4572; x_wconf 90' lang='lat' dir='ltr'><strong>cum</strong></span> 
     </span>
    </p>
   </div>
   <div class='ocr_carea' id='block_1_93' title="bbox 319 4593 1904 4666">
    <p class='ocr_par' dir='ltr' id='par_1_93' title="bbox 319 4593 1904 4666">
     <span class='ocr_line' id='line_1_93' title="bbox 319 4593 1904 4666; baseline 0.009 -20"><span class='ocrx_word' id='word_1_730' title='bbox 319 4593 492 4646; x_wconf 83' lang='lat' dir='ltr'><strong>sancti</strong></span> <span class='ocrx_word' id='word_1_731' title='bbox 530 4593 795 4659; x_wconf 83' lang='lat' dir='ltr'><strong>Frediani,</strong></span> <span class='ocrx_word' id='word_1_732' title='bbox 825 4595 909 4647; x_wconf 91' lang='lat' dir='ltr'><strong>ubi</strong></span> <span class='ocrx_word' id='word_1_733' title='bbox 942 4605 996 4648; x_wconf 90' lang='lat' dir='ltr'><strong>et</strong></span> <span class='ocrx_word' id='word_1_734' title='bbox 1037 4594 1153 4662; x_wconf 89' lang='lat' dir='ltr'><strong>ejus</strong></span> <span class='ocrx_word' id='word_1_735' title='bbox 1183 4612 1375 4664; x_wconf 90' lang='lat' dir='ltr'><strong>corpus</strong></span> <span class='ocrx_word' id='word_1_736' title='bbox 1415 4600 1636 4666; x_wconf 88' lang='lat' dir='ltr'><strong>quiescit</strong></span> <span class='ocrx_word' id='word_1_737' title='bbox 1671 4615 1904 4660; x_wconf 80' lang='lat' dir='ltr'><strong>umatnm</strong></span> 
     </span>
    </p>
   </div>
   <div class='ocr_carea' id='block_1_94' title="bbox 317 4683 1907 4754">
    <p class='ocr_par' dir='ltr' id='par_1_94' title="bbox 317 4683 1907 4754">
     <span class='ocr_line' id='line_1_94' title="bbox 317 4683 1907 4754; baseline 0.007 -17"><span class='ocrx_word' id='word_1_738' title='bbox 317 4685 537 4737; x_wconf 87' lang='lat' dir='ltr'><strong>civitate</strong></span> <span class='ocrx_word' id='word_1_739' title='bbox 560 4683 814 4738; x_wconf 86' lang='lat' dir='ltr'><strong>Lucense.</strong></span> <span class='ocrx_word' id='word_1_740' title='bbox 855 4684 934 4737; x_wconf 90' lang='lat' dir='ltr'><strong>Ilii</strong></span> <span class='ocrx_word' id='word_1_741' title='bbox 966 4687 1285 4740; x_wconf 74' lang='lat' dir='ltr'><strong>sant-tissimi</strong></span> <span class='ocrx_word' id='word_1_742' title='bbox 1330 4700 1514 4754; x_wconf 89' lang='lat' dir='ltr'><strong>quattu</strong></span> <span class='ocrx_word' id='word_1_743' title='bbox 1540 4705 1578 4742; x_wconf 67' lang='lat' dir='ltr'><strong>vr</strong></span> <span class='ocrx_word' id='word_1_744' title='bbox 1624 4694 1720 4745; x_wconf 87' lang='lat' dir='ltr'><strong>hac</strong></span> <span class='ocrx_word' id='word_1_745' title='bbox 1750 4708 1907 4748; x_wconf 86' lang='lat' dir='ltr'><strong>vene-</strong></span> 
     </span>
    </p>
   </div>
   <div class='ocr_carea' id='block_1_95' title="bbox 316 4776 1910 4843">
    <p class='ocr_par' dir='ltr' id='par_1_95' title="bbox 316 4776 1910 4843">
     <span class='ocr_line' id='line_1_95' title="bbox 316 4776 1910 4843; baseline 0.008 -13"><span class='ocrx_word' id='word_1_746' title='bbox 316 4776 522 4831; x_wconf 86' lang='lat' dir='ltr'><strong>rabiles</strong></span> <span class='ocrx_word' id='word_1_747' title='bbox 553 4778 651 4831; x_wconf 89' lang='lat' dir='ltr'><strong>viri</strong></span> <span class='ocrx_word' id='word_1_748' title='bbox 679 4779 730 4830; x_wconf 88' lang='lat' dir='ltr'><strong>in</strong></span> <span class='ocrx_word' id='word_1_749' title='bbox 762 4779 1008 4835; x_wconf 80' lang='lat' dir='ltr'><strong>omnibus</strong></span> <span class='ocrx_word' id='word_1_750' title='bbox 1038 4783 1266 4836; x_wconf 88' lang='lat' dir='ltr'><strong>ltabeant</strong></span> <span class='ocrx_word' id='word_1_751' title='bbox 1292 4782 1558 4838; x_wconf 88' lang='lat' dir='ltr'><strong>licentiam</strong></span> <span class='ocrx_word' id='word_1_752' title='bbox 1589 4785 1784 4838; x_wconf 88' lang='lat' dir='ltr'><strong>malum</strong></span> <span class='ocrx_word' id='word_1_753' title='bbox 1817 4798 1910 4843; x_wconf 91' lang='lat' dir='ltr'><strong>aut</strong></span> 
     </span>
    </p>
   </div>
   <div class='ocr_carea' id='block_1_96' title="bbox 318 4870 1904 4944">
    <p class='ocr_par' dir='ltr' id='par_1_96' title="bbox 318 4870 1904 4944">
     <span class='ocr_line' id='line_1_96' title="bbox 318 4870 1904 4944; baseline 0.006 -21"><span class='ocrx_word' id='word_1_754' title='bbox 318 4884 545 4940; x_wconf 83' lang='lat' dir='ltr'><strong>pravam</strong></span> <span class='ocrx_word' id='word_1_755' title='bbox 574 4870 785 4936; x_wconf 88' lang='lat' dir='ltr'><strong>vitium,</strong></span> <span class='ocrx_word' id='word_1_756' title='bbox 819 4873 960 4941; x_wconf 91' lang='lat' dir='ltr'><strong>quod</strong></span> <span class='ocrx_word' id='word_1_757' title='bbox 989 4884 1140 4928; x_wconf 89' lang='lat' dir='ltr'><strong>ortus</strong></span> <span class='ocrx_word' id='word_1_758' title='bbox 1169 4875 1328 4929; x_wconf 85' lang='lat' dir='ltr'><strong>fuerit</strong></span> <span class='ocrx_word' id='word_1_759' title='bbox 1357 4875 1641 4944; x_wconf 85' lang='lat' dir='ltr'><strong>instigante</strong></span> <span class='ocrx_word' id='word_1_760' title='bbox 1673 4879 1904 4944; x_wconf 82' lang='lat' dir='ltr'><strong>diabolo,</strong></span> 
     </span>
    </p>
   </div>
   <div class='ocr_carea' id='block_1_97' title="bbox 316 4965 1928 5036">
    <p class='ocr_par' dir='ltr' id='par_1_97' title="bbox 316 4965 1928 5036">
     <span class='ocr_line' id='line_1_97' title="bbox 316 4965 1928 5036; baseline 0.004 -17"><span class='ocrx_word' id='word_1_761' title='bbox 316 4965 390 5019; x_wconf 87' lang='lat' dir='ltr'><strong>ad</strong></span> <span class='ocrx_word' id='word_1_762' title='bbox 426 4966 631 5019; x_wconf 91' lang='lat' dir='ltr'><strong>Domini</strong></span> <span class='ocrx_word' id='word_1_763' title='bbox 663 4981 916 5020; x_wconf 90' lang='lat' dir='ltr'><strong>revocare</strong></span> <span class='ocrx_word' id='word_1_764' title='bbox 949 4976 1218 5036; x_wconf 75' lang='lat' dir='ltr'><strong>precepts,</strong></span> <span class='ocrx_word' id='word_1_765' title='bbox 1244 4979 1297 5021; x_wconf 93' lang='lat' dir='ltr'><strong>ut</strong></span> <span class='ocrx_word' id='word_1_766' title='bbox 1323 4970 1520 5023; x_wconf 90' lang='lat' dir='ltr'><strong>malum</strong></span> <span class='ocrx_word' id='word_1_767' title='bbox 1549 4971 1734 5023; x_wconf 83' lang='lat' dir='ltr'><strong>vitium</strong></span> <span class='ocrx_word' id='word_1_768' title='bbox 1761 4987 1928 5026; x_wconf 78' lang='lat' dir='ltr'><strong>rese-&#39;</strong></span> 
     </span>
    </p>
   </div>
   <div class='ocr_carea' id='block_1_98' title="bbox 318 5055 1907 5126">
    <p class='ocr_par' dir='ltr' id='par_1_98' title="bbox 318 5055 1907 5126">
     <span class='ocr_line' id='line_1_98' title="bbox 318 5055 1907 5126; baseline 0.004 -16"><span class='ocrx_word' id='word_1_769' title='bbox 318 5064 499 5120; x_wconf 88' lang='lat' dir='ltr'><strong>cetur,</strong></span> <span class='ocrx_word' id='word_1_770' title='bbox 532 5063 586 5109; x_wconf 88' lang='lat' dir='ltr'><strong>et</strong></span> <span class='ocrx_word' id='word_1_771' title='bbox 611 5057 788 5110; x_wconf 87' lang='lat' dir='ltr'><strong>anime</strong></span> <span class='ocrx_word' id='word_1_772' title='bbox 819 5055 1040 5109; x_wconf 81' lang='lat' dir='ltr'><strong>fratrum</strong></span> <span class='ocrx_word' id='word_1_773' title='bbox 1077 5061 1307 5126; x_wconf 87' lang='lat' dir='ltr'><strong>corrigat</strong></span> <span class='ocrx_word' id='word_1_774' title='bbox 1337 5060 1401 5112; x_wconf 88' lang='lat' dir='ltr'><strong>ad</strong></span> <span class='ocrx_word' id='word_1_775' title='bbox 1433 5061 1622 5114; x_wconf 90' lang='lat' dir='ltr'><strong>salute.</strong></span> <span class='ocrx_word' id='word_1_776' title='bbox 1655 5061 1782 5116; x_wconf 81' lang='lat' dir='ltr'><strong>Etsi</strong></span> <span class='ocrx_word' id='word_1_777' title='bbox 1812 5063 1907 5116; x_wconf 79' lang='lat' dir='ltr'><strong>de—</strong></span> 
     </span>
    </p>
   </div>
   <div class='ocr_carea' id='block_1_99' title="bbox 318 5147 1905 5222">
    <p class='ocr_par' dir='ltr' id='par_1_99' title="bbox 318 5147 1905 5222">
     <span class='ocr_line' id='line_1_99' title="bbox 318 5147 1905 5222; baseline 0.003 -20"><span class='ocrx_word' id='word_1_778' title='bbox 318 5147 552 5202; x_wconf 88' lang='lat' dir='ltr'><strong>cedente</strong></span> <span class='ocrx_word' id='word_1_779' title='bbox 605 5149 819 5213; x_wconf 86' lang='lat' dir='ltr'><strong>abbate,</strong></span> <span class='ocrx_word' id='word_1_780' title='bbox 867 5149 919 5201; x_wconf 93' lang='lat' dir='ltr'><strong>in</strong></span> <span class='ocrx_word' id='word_1_781' title='bbox 968 5150 1231 5205; x_wconf 87' lang='lat' dir='ltr'><strong>electione</strong></span> <span class='ocrx_word' id='word_1_782' title='bbox 1275 5151 1481 5205; x_wconf 86' lang='lat' dir='ltr'><strong>abbatis</strong></span> <span class='ocrx_word' id='word_1_783' title='bbox 1530 5153 1709 5222; x_wconf 87' lang='lat' dir='ltr'><strong>aliquo</strong></span> <span class='ocrx_word' id='word_1_784' title='bbox 1756 5163 1905 5207; x_wconf 81' lang='lat' dir='ltr'><strong>ortus</strong></span> 
     </span>
    </p>
   </div>
   <div class='ocr_carea' id='block_1_100' title="bbox 321 5240 1906 5312">
    <p class='ocr_par' dir='ltr' id='par_1_100' title="bbox 321 5240 1906 5312">
     <span class='ocr_line' id='line_1_100' title="bbox 321 5240 1906 5312; baseline 0.004 -19"><span class='ocrx_word' id='word_1_785' title='bbox 321 5240 491 5293; x_wconf 87' lang='lat' dir='ltr'><strong>luerit</strong></span> <span class='ocrx_word' id='word_1_786' title='bbox 544 5242 821 5307; x_wconf 82' lang='lat' dir='ltr'><strong>scandolo,</strong></span> <span class='ocrx_word' id='word_1_787' title='bbox 887 5242 1024 5295; x_wconf 88' lang='lat' dir='ltr'><strong>sicut</strong></span> <span class='ocrx_word' id='word_1_788' title='bbox 1067 5244 1202 5296; x_wconf 91' lang='lat' dir='ltr'><strong>solet</strong></span> <span class='ocrx_word' id='word_1_789' title='bbox 1258 5243 1366 5297; x_wconf 88' lang='lat' dir='ltr'><strong>lieri</strong></span> <span class='ocrx_word' id='word_1_790' title='bbox 1415 5260 1508 5312; x_wconf 90' lang='lat' dir='ltr'><strong>per</strong></span> <span class='ocrx_word' id='word_1_791' title='bbox 1546 5245 1733 5300; x_wconf 75' lang='lat' dir='ltr'><strong>insidia</strong></span> <span class='ocrx_word' id='word_1_792' title='bbox 1773 5248 1906 5300; x_wconf 88' lang='lat' dir='ltr'><strong>ostis</strong></span> 
     </span>
    </p>
   </div>
   <div class='ocr_carea' id='block_1_101' title="bbox 322 5332 1904 5402">
    <p class='ocr_par' dir='ltr' id='par_1_101' title="bbox 322 5332 1904 5402">
     <span class='ocr_line' id='line_1_101' title="bbox 322 5332 1904 5402; baseline 0.003 -16"><span class='ocrx_word' id='word_1_793' title='bbox 322 5332 524 5396; x_wconf 71' lang='lat' dir='ltr'><strong>nostri,</strong></span> <span class='ocrx_word' id='word_1_794' title='bbox 578 5333 676 5400; x_wconf 89' lang='lat' dir='ltr'><strong>ipsi</strong></span> <span class='ocrx_word' id='word_1_795' title='bbox 725 5333 941 5400; x_wconf 87' lang='lat' dir='ltr'><strong>quidem</strong></span> <span class='ocrx_word' id='word_1_796' title='bbox 990 5348 1146 5402; x_wconf 85' lang='lat' dir='ltr'><strong>supra</strong></span> <span class='ocrx_word' id='word_1_797' title='bbox 1193 5336 1469 5388; x_wconf 89' lang='lat' dir='ltr'><strong>memorati</strong></span> <span class='ocrx_word' id='word_1_798' title='bbox 1514 5337 1679 5388; x_wconf 89' lang='lat' dir='ltr'><strong>saneti</strong></span> <span class='ocrx_word' id='word_1_799' title='bbox 1721 5336 1904 5390; x_wconf 84' lang='lat' dir='ltr'><strong>Patres</strong></span> 
     </span>
    </p>
   </div>
   <div class='ocr_carea' id='block_1_102' title="bbox 323 5422 1904 5495">
    <p class='ocr_par' dir='ltr' id='par_1_102' title="bbox 323 5422 1904 5495">
     <span class='ocr_line' id='line_1_102' title="bbox 323 5422 1904 5495; baseline 0.001 -16"><span class='ocrx_word' id='word_1_800' title='bbox 323 5442 429 5479; x_wconf 89' lang='lat' dir='ltr'><strong>una</strong></span> <span class='ocrx_word' id='word_1_801' title='bbox 473 5439 594 5478; x_wconf 91' lang='lat' dir='ltr'><strong>cum</strong></span> <span class='ocrx_word' id='word_1_802' title='bbox 627 5422 880 5478; x_wconf 77' lang='lat' dir='ltr'><strong>fratribus</strong></span> <span class='ocrx_word' id='word_1_803' title='bbox 911 5426 1075 5493; x_wconf 90' lang='lat' dir='ltr'><strong>ipsius</strong></span> <span class='ocrx_word' id='word_1_804' title='bbox 1125 5427 1426 5479; x_wconf 89' lang='lat' dir='ltr'><strong>monasterii</strong></span> <span class='ocrx_word' id='word_1_805' title='bbox 1459 5426 1786 5495; x_wconf 84' lang='lat' dir='ltr'><strong>prevideant,</strong></span> <span class='ocrx_word' id='word_1_806' title='bbox 1818 5430 1904 5495; x_wconf 86' lang='lat' dir='ltr'><strong>qui</strong></span> 
     </span>
    </p>
   </div>
   <div class='ocr_carea' id='block_1_103' title="bbox 321 5515 1906 5584">
    <p class='ocr_par' dir='ltr' id='par_1_103' title="bbox 321 5515 1906 5584">
     <span class='ocr_line' id='line_1_103' title="bbox 321 5515 1906 5584; baseline 0.002 -14"><span class='ocrx_word' id='word_1_807' title='bbox 321 5518 518 5583; x_wconf 83' lang='lat' dir='ltr'><strong>dignus</strong></span> <span class='ocrx_word' id='word_1_808' title='bbox 565 5515 722 5569; x_wconf 89' lang='lat' dir='ltr'><strong>fuerit</strong></span> <span class='ocrx_word' id='word_1_809' title='bbox 753 5531 988 5583; x_wconf 89' lang='lat' dir='ltr'><strong>preesse,</strong></span> <span class='ocrx_word' id='word_1_810' title='bbox 1043 5519 1112 5569; x_wconf 89' lang='lat' dir='ltr'><strong>ita</strong></span> <span class='ocrx_word' id='word_1_811' title='bbox 1142 5519 1339 5584; x_wconf 84' lang='lat' dir='ltr'><strong>eligant</strong></span> <span class='ocrx_word' id='word_1_812' title='bbox 1368 5527 1420 5571; x_wconf 92' lang='lat' dir='ltr'><strong>et</strong></span> <span class='ocrx_word' id='word_1_813' title='bbox 1449 5519 1765 5571; x_wconf 85' lang='lat' dir='ltr'><strong>conlirtnent</strong></span> <span class='ocrx_word' id='word_1_814' title='bbox 1791 5522 1906 5573; x_wconf 90' lang='lat' dir='ltr'><strong>sine</strong></span> 
     </span>
    </p>
   </div>
   <div class='ocr_carea' id='block_1_104' title="bbox 325 5608 1906 5678">
    <p class='ocr_par' dir='ltr' id='par_1_104' title="bbox 325 5608 1906 5678">
     <span class='ocr_line' id='line_1_104' title="bbox 325 5608 1906 5678; baseline 0.004 -19"><span class='ocrx_word' id='word_1_815' title='bbox 325 5608 436 5659; x_wconf 91' lang='lat' dir='ltr'><strong>ullo</strong></span> <span class='ocrx_word' id='word_1_816' title='bbox 461 5622 702 5672; x_wconf 89' lang='lat' dir='ltr'><strong>munere,</strong></span> <span class='ocrx_word' id='word_1_817' title='bbox 737 5618 829 5661; x_wconf 91' lang='lat' dir='ltr'><strong>aut</strong></span> <span class='ocrx_word' id='word_1_818' title='bbox 871 5609 1049 5677; x_wconf 89' lang='lat' dir='ltr'><strong>aliquo</strong></span> <span class='ocrx_word' id='word_1_819' title='bbox 1077 5611 1179 5662; x_wconf 88' lang='lat' dir='ltr'><strong>alio</strong></span> <span class='ocrx_word' id='word_1_820' title='bbox 1215 5611 1456 5678; x_wconf 89' lang='lat' dir='ltr'><strong>imperio,</strong></span> <span class='ocrx_word' id='word_1_821' title='bbox 1490 5612 1590 5664; x_wconf 90' lang='lat' dir='ltr'><strong>nisi</strong></span> <span class='ocrx_word' id='word_1_822' title='bbox 1621 5622 1823 5666; x_wconf 87' lang='lat' dir='ltr'><strong>tantum</strong></span> <span class='ocrx_word' id='word_1_823' title='bbox 1853 5625 1906 5666; x_wconf 91' lang='lat' dir='ltr'><strong>ttt</strong></span> 
     </span>
    </p>
   </div>
   <div class='ocr_carea' id='block_1_105' title="bbox 325 5700 1906 5775">
    <p class='ocr_par' dir='ltr' id='par_1_105' title="bbox 325 5700 1906 5775">
     <span class='ocr_line' id='line_1_105' title="bbox 325 5700 1906 5775; baseline 0.003 -19"><span class='ocrx_word' id='word_1_824' title='bbox 325 5701 414 5756; x_wconf 81' lang='lat' dir='ltr'><strong>Itis</strong></span> <span class='ocrx_word' id='word_1_825' title='bbox 441 5714 636 5770; x_wconf 80' lang='lat' dir='ltr'><strong>pravus</strong></span> <span class='ocrx_word' id='word_1_826' title='bbox 675 5700 832 5753; x_wconf 88' lang='lat' dir='ltr'><strong>vitius</strong></span> <span class='ocrx_word' id='word_1_827' title='bbox 855 5715 911 5756; x_wconf 86' lang='lat' dir='ltr'><strong>se</strong></span> <span class='ocrx_word' id='word_1_828' title='bbox 939 5703 1304 5771; x_wconf 80' lang='lat' dir='ltr'><strong>corrigendos,</strong></span> <span class='ocrx_word' id='word_1_829' title='bbox 1326 5714 1381 5759; x_wconf 86' lang='lat' dir='ltr'><strong>ut</strong></span> <span class='ocrx_word' id='word_1_830' title='bbox 1410 5715 1592 5760; x_wconf 81' lang='lat' dir='ltr'><strong>sancte</strong></span> <span class='ocrx_word' id='word_1_831' title='bbox 1621 5716 1674 5760; x_wconf 85' lang='lat' dir='ltr'><strong>et</strong></span> <span class='ocrx_word' id='word_1_832' title='bbox 1703 5708 1906 5775; x_wconf 74' lang='lat' dir='ltr'><strong>regula-</strong></span> 
     </span>
    </p>
   </div>
   <div class='ocr_carea' id='block_1_106' title="bbox 614 5794 1312 5859">
    <p class='ocr_par' dir='ltr' id='par_1_106' title="bbox 614 5794 1312 5859">
     <span class='ocr_line' id='line_1_106' title="bbox 614 5794 1312 5859; baseline 0.007 -5"><span class='ocrx_word' id='word_1_833' title='bbox 614 5794 886 5856; x_wconf 68' lang='lat' dir='ltr'><strong>Pnuos.</strong></span> <span class='ocrx_word' id='word_1_834' title='bbox 934 5797 1312 5859; x_wconf 76' lang='lat' dir='ltr'><strong>LXXXVII.</strong></span> 
     </span>
    </p>
   </div>
   <div class='ocr_carea' id='block_1_107' title="bbox 2015 4603 3596 4675">
    <p class='ocr_par' dir='ltr' id='par_1_107' title="bbox 2015 4603 3596 4675">
     <span class='ocr_line' id='line_1_107' title="bbox 2015 4603 3596 4675; baseline 0.007 -21"><span class='ocrx_word' id='word_1_835' title='bbox 2015 4603 2308 4673; x_wconf 85' lang='lat' dir='ltr'><strong>adjacentia</strong></span> <span class='ocrx_word' id='word_1_836' title='bbox 2333 4603 2398 4656; x_wconf 89' lang='lat' dir='ltr'><strong>ad</strong></span> <span class='ocrx_word' id='word_1_837' title='bbox 2429 4605 2536 4672; x_wconf 88' lang='lat' dir='ltr'><strong>ipsa</strong></span> <span class='ocrx_word' id='word_1_838' title='bbox 2569 4619 2690 4659; x_wconf 88' lang='lat' dir='ltr'><strong>case</strong></span> <span class='ocrx_word' id='word_1_839' title='bbox 2739 4605 3062 4674; x_wconf 88' lang='lat' dir='ltr'><strong>pertinentes</strong></span> <span class='ocrx_word' id='word_1_840' title='bbox 3093 4608 3388 4675; x_wconf 90' lang='lat' dir='ltr'><strong>portionem</strong></span> <span class='ocrx_word' id='word_1_841' title='bbox 3423 4625 3596 4666; x_wconf 86' lang='lat' dir='ltr'><strong>meam</strong></span> 
     </span>
    </p>
   </div>
   <div class='ocr_carea' id='block_1_108' title="bbox 2016 4694 3596 4767">
    <p class='ocr_par' dir='ltr' id='par_1_108' title="bbox 2016 4694 3596 4767">
     <span class='ocr_line' id='line_1_108' title="bbox 2016 4694 3596 4767; baseline 0.006 -20"><span class='ocrx_word' id='word_1_842' title='bbox 2016 4695 2067 4747; x_wconf 91' lang='lat' dir='ltr'><strong>in</strong></span> <span class='ocrx_word' id='word_1_843' title='bbox 2102 4695 2327 4764; x_wconf 87' lang='lat' dir='ltr'><strong>integro.</strong></span> <span class='ocrx_word' id='word_1_844' title='bbox 2361 4694 2490 4749; x_wconf 91' lang='lat' dir='ltr'><strong>Item</strong></span> <span class='ocrx_word' id='word_1_845' title='bbox 2521 4695 2641 4749; x_wconf 83' lang='lat' dir='ltr'><strong>volo</strong></span> <span class='ocrx_word' id='word_1_846' title='bbox 2670 4705 2724 4748; x_wconf 89' lang='lat' dir='ltr'><strong>ut</strong></span> <span class='ocrx_word' id='word_1_847' title='bbox 2753 4697 2946 4751; x_wconf 80' lang='lat' dir='ltr'><strong>haheat</strong></span> <span class='ocrx_word' id='word_1_848' title='bbox 2988 4699 3099 4767; x_wconf 89' lang='lat' dir='ltr'><strong>ipse</strong></span> <span class='ocrx_word' id='word_1_849' title='bbox 3127 4703 3450 4755; x_wconf 87' lang='lat' dir='ltr'><strong>monasterio</strong></span> <span class='ocrx_word' id='word_1_850' title='bbox 3481 4719 3596 4757; x_wconf 87' lang='lat' dir='ltr'><strong>me-</strong></span> 
     </span>
    </p>
   </div>
   <div class='ocr_carea' id='block_1_109' title="bbox 2014 4784 3596 4862">
    <p class='ocr_par' dir='ltr' id='par_1_109' title="bbox 2014 4784 3596 4862">
     <span class='ocr_line' id='line_1_109' title="bbox 2014 4784 3596 4862; baseline 0.006 -24"><span class='ocrx_word' id='word_1_851' title='bbox 2014 4786 2268 4838; x_wconf 89' lang='lat' dir='ltr'><strong>dietatem</strong></span> <span class='ocrx_word' id='word_1_852' title='bbox 2301 4784 2511 4840; x_wconf 87' lang='lat' dir='ltr'><strong>Salinas</strong></span> <span class='ocrx_word' id='word_1_853' title='bbox 2557 4787 2607 4841; x_wconf 94' lang='lat' dir='ltr'><strong>in</strong></span> <span class='ocrx_word' id='word_1_854' title='bbox 2655 4788 2771 4843; x_wconf 90' lang='lat' dir='ltr'><strong>loco</strong></span> <span class='ocrx_word' id='word_1_855' title='bbox 2811 4789 2969 4856; x_wconf 83' lang='lat' dir='ltr'><strong>\‘ada,</strong></span> <span class='ocrx_word' id='word_1_856' title='bbox 3001 4801 3054 4844; x_wconf 90' lang='lat' dir='ltr'><strong>et</strong></span> <span class='ocrx_word' id='word_1_857' title='bbox 3084 4790 3136 4845; x_wconf 91' lang='lat' dir='ltr'><strong>in</strong></span> <span class='ocrx_word' id='word_1_858' title='bbox 3185 4790 3403 4862; x_wconf 80' lang='lat' dir='ltr'><strong>P0,;iolo</strong></span> <span class='ocrx_word' id='word_1_859' title='bbox 3440 4804 3596 4848; x_wconf 87' lang='lat' dir='ltr'><strong>antea</strong></span> 
     </span>
    </p>
   </div>
   <div class='ocr_carea' id='block_1_110' title="bbox 2018 4876 3594 4952">
    <p class='ocr_par' dir='ltr' id='par_1_110' title="bbox 2018 4876 3594 4952">
     <span class='ocr_line' id='line_1_110' title="bbox 2018 4876 3594 4952; baseline 0.006 -24"><span class='ocrx_word' id='word_1_860' title='bbox 2018 4876 2157 4945; x_wconf 88' lang='lat' dir='ltr'><strong>quod</strong></span> <span class='ocrx_word' id='word_1_861' title='bbox 2188 4878 2318 4930; x_wconf 87' lang='lat' dir='ltr'><strong>emit</strong></span> <span class='ocrx_word' id='word_1_862' title='bbox 2345 4891 2372 4929; x_wconf 90' lang='lat' dir='ltr'><strong>a</strong></span> <span class='ocrx_word' id='word_1_863' title='bbox 2402 4879 2668 4947; x_wconf 89' lang='lat' dir='ltr'><strong>quondam</strong></span> <span class='ocrx_word' id='word_1_864' title='bbox 2700 4879 2912 4936; x_wconf 91' lang='lat' dir='ltr'><strong>Infredo</strong></span> <span class='ocrx_word' id='word_1_865' title='bbox 2959 4897 3074 4937; x_wconf 91' lang='lat' dir='ltr'><strong>mea</strong></span> <span class='ocrx_word' id='word_1_866' title='bbox 3131 4883 3389 4952; x_wconf 80' lang='lat' dir='ltr'><strong>portione.</strong></span> <span class='ocrx_word' id='word_1_867' title='bbox 3422 4882 3594 4939; x_wconf 90' lang='lat' dir='ltr'><strong>Simili</strong></span> 
     </span>
    </p>
   </div>
   <div class='ocr_carea' id='block_1_111' title="bbox 2014 4967 3595 5041">
    <p class='ocr_par' dir='ltr' id='par_1_111' title="bbox 2014 4967 3595 5041">
     <span class='ocr_line' id='line_1_111' title="bbox 2014 4967 3595 5041; baseline 0.007 -22"><span class='ocrx_word' id='word_1_868' title='bbox 2014 4967 2174 5020; x_wconf 87' lang='lat' dir='ltr'><strong>tnodo</strong></span> <span class='ocrx_word' id='word_1_869' title='bbox 2222 4976 2277 5021; x_wconf 87' lang='lat' dir='ltr'><strong>et</strong></span> <span class='ocrx_word' id='word_1_870' title='bbox 2301 4969 2470 5022; x_wconf 80' lang='lat' dir='ltr'><strong>offero</strong></span> <span class='ocrx_word' id='word_1_871' title='bbox 2502 4970 2550 5022; x_wconf 93' lang='lat' dir='ltr'><strong>in</strong></span> <span class='ocrx_word' id='word_1_872' title='bbox 2585 4972 2892 5039; x_wconf 88' lang='lat' dir='ltr'><strong>supradicto</strong></span> <span class='ocrx_word' id='word_1_873' title='bbox 2930 4975 3253 5028; x_wconf 78' lang='lat' dir='ltr'><strong>mouaSIerio</strong></span> <span class='ocrx_word' id='word_1_874' title='bbox 3296 4972 3595 5041; x_wconf 83' lang='lat' dir='ltr'><strong>portionem</strong></span> 
     </span>
    </p>
   </div>
   <div class='ocr_carea' id='block_1_112' title="bbox 2012 5061 3592 5134">
    <p class='ocr_par' dir='ltr' id='par_1_112' title="bbox 2012 5061 3592 5134">
     <span class='ocr_line' id='line_1_112' title="bbox 2012 5061 3592 5134; baseline 0.005 -24"><span class='ocrx_word' id='word_1_875' title='bbox 2012 5074 2182 5112; x_wconf 90' lang='lat' dir='ltr'><strong>meam</strong></span> <span class='ocrx_word' id='word_1_876' title='bbox 2211 5061 2278 5112; x_wconf 90' lang='lat' dir='ltr'><strong>de</strong></span> <span class='ocrx_word' id='word_1_877' title='bbox 2300 5061 2463 5114; x_wconf 87' lang='lat' dir='ltr'><strong>curtis</strong></span> <span class='ocrx_word' id='word_1_878' title='bbox 2483 5061 2619 5128; x_wconf 78' lang='lat' dir='ltr'><strong>juris</strong></span> <span class='ocrx_word' id='word_1_879' title='bbox 2644 5065 2744 5117; x_wconf 92' lang='lat' dir='ltr'><strong>mei</strong></span> <span class='ocrx_word' id='word_1_880' title='bbox 2780 5066 2831 5117; x_wconf 92' lang='lat' dir='ltr'><strong>in</strong></span> <span class='ocrx_word' id='word_1_881' title='bbox 2865 5065 2981 5119; x_wconf 78' lang='lat' dir='ltr'><strong>loco</strong></span> <span class='ocrx_word' id='word_1_882' title='bbox 2997 5067 3082 5134; x_wconf 89' lang='lat' dir='ltr'><strong>qui</strong></span> <span class='ocrx_word' id='word_1_883' title='bbox 3102 5074 3316 5118; x_wconf 88' lang='lat' dir='ltr'><strong>vocatur</strong></span> <span class='ocrx_word' id='word_1_884' title='bbox 3332 5064 3592 5131; x_wconf 82' lang='lat' dir='ltr'><strong>Septaris,</strong></span> 
     </span>
    </p>
   </div>
   <div class='ocr_carea' id='block_1_113' title="bbox 2009 5142 3592 5225">
    <p class='ocr_par' dir='ltr' id='par_1_113' title="bbox 2009 5142 3592 5225">
     <span class='ocr_line' id='line_1_113' title="bbox 2009 5142 3592 5225; baseline 0.003 -17"><span class='ocrx_word' id='word_1_885' title='bbox 2009 5169 2132 5208; x_wconf 89' lang='lat' dir='ltr'><strong>cum</strong></span> <span class='ocrx_word' id='word_1_886' title='bbox 2179 5142 2453 5223; x_wconf 67' lang='lat' dir='ltr'><strong>editicias,</strong></span> <span class='ocrx_word' id='word_1_887' title='bbox 2505 5158 2689 5213; x_wconf 89' lang='lat' dir='ltr'><strong>vineas</strong></span> <span class='ocrx_word' id='word_1_888' title='bbox 2736 5160 2988 5225; x_wconf 88' lang='lat' dir='ltr'><strong>olivetas,</strong></span> <span class='ocrx_word' id='word_1_889' title='bbox 3041 5159 3199 5213; x_wconf 88' lang='lat' dir='ltr'><strong>silvas</strong></span> <span class='ocrx_word' id='word_1_890' title='bbox 3229 5199 3243 5222; x_wconf 93' lang='lat'><strong>,</strong></span> <span class='ocrx_word' id='word_1_891' title='bbox 3296 5160 3592 5213; x_wconf 88' lang='lat' dir='ltr'><strong>territurias</strong></span> 
     </span>
    </p>
   </div>
   <div class='ocr_carea' id='block_1_114' title="bbox 2008 5247 3593 5306">
    <p class='ocr_par' dir='ltr' id='par_1_114' title="bbox 2008 5247 3593 5306">
     <span class='ocr_line' id='line_1_114' title="bbox 2008 5247 3593 5306; baseline 0.003 -6"><span class='ocrx_word' id='word_1_892' title='bbox 2008 5247 2175 5300; x_wconf 84' lang='lat' dir='ltr'><strong>Cultas</strong></span> <span class='ocrx_word' id='word_1_893' title='bbox 2224 5258 2276 5301; x_wconf 92' lang='lat' dir='ltr'><strong>et</strong></span> <span class='ocrx_word' id='word_1_894' title='bbox 2327 5248 2551 5304; x_wconf 89' lang='lat' dir='ltr'><strong>incultas</strong></span> <span class='ocrx_word' id='word_1_895' title='bbox 2604 5267 2704 5305; x_wconf 82' lang='lat' dir='ltr'><strong>una</strong></span> <span class='ocrx_word' id='word_1_896' title='bbox 2761 5267 2882 5306; x_wconf 92' lang='lat' dir='ltr'><strong>cum</strong></span> <span class='ocrx_word' id='word_1_897' title='bbox 2932 5265 3082 5304; x_wconf 89' lang='lat' dir='ltr'><strong>casas</strong></span> <span class='ocrx_word' id='word_1_898' title='bbox 3119 5251 3458 5304; x_wconf 88' lang='lat' dir='ltr'><strong>massaricias</strong></span> <span class='ocrx_word' id='word_1_899' title='bbox 3505 5250 3593 5304; x_wconf 89' lang='lat' dir='ltr'><strong>vel</strong></span> 
     </span>
    </p>
   </div>
   <div class='ocr_carea' id='block_1_115' title="bbox 2008 5339 3584 5410">
    <p class='ocr_par' dir='ltr' id='par_1_115' title="bbox 2008 5339 3584 5410">
     <span class='ocr_line' id='line_1_115' title="bbox 2008 5339 3584 5410; baseline 0.004 -20"><span class='ocrx_word' id='word_1_900' title='bbox 2008 5354 2168 5392; x_wconf 91' lang='lat' dir='ltr'><strong>omne</strong></span> <span class='ocrx_word' id='word_1_901' title='bbox 2215 5339 2508 5406; x_wconf 88' lang='lat' dir='ltr'><strong>adjacentia</strong></span> <span class='ocrx_word' id='word_1_902' title='bbox 2537 5342 2603 5395; x_wconf 89' lang='lat' dir='ltr'><strong>ad</strong></span> <span class='ocrx_word' id='word_1_903' title='bbox 2636 5343 2748 5410; x_wconf 88' lang='lat' dir='ltr'><strong>ipse</strong></span> <span class='ocrx_word' id='word_1_904' title='bbox 2778 5357 2900 5396; x_wconf 75' lang='lat' dir='ltr'><strong>t-ase</strong></span> <span class='ocrx_word' id='word_1_905' title='bbox 2948 5343 3029 5392; x_wconf 92' lang='lat' dir='ltr'><strong>vel</strong></span> <span class='ocrx_word' id='word_1_906' title='bbox 3060 5340 3219 5394; x_wconf 82' lang='lat' dir='ltr'><strong>Curte</strong></span> <span class='ocrx_word' id='word_1_907' title='bbox 3267 5341 3584 5409; x_wconf 88' lang='lat' dir='ltr'><strong>pertinente.</strong></span> 
     </span>
    </p>
   </div>
   <div class='ocr_carea' id='block_1_116' title="bbox 2013 5430 3584 5499">
    <p class='ocr_par' dir='ltr' id='par_1_116' title="bbox 2013 5430 3584 5499">
     <span class='ocr_line' id='line_1_116' title="bbox 2013 5430 3584 5499; baseline 0.001 -17"><span class='ocrx_word' id='word_1_908' title='bbox 2013 5430 2074 5482; x_wconf 88' lang='lat' dir='ltr'><strong>Et</strong></span> <span class='ocrx_word' id='word_1_909' title='bbox 2101 5431 2256 5485; x_wconf 91' lang='lat' dir='ltr'><strong>abeat</strong></span> <span class='ocrx_word' id='word_1_910' title='bbox 2285 5432 2492 5485; x_wconf 90' lang='lat' dir='ltr'><strong>insimul</strong></span> <span class='ocrx_word' id='word_1_911' title='bbox 2538 5449 2659 5486; x_wconf 88' lang='lat' dir='ltr'><strong>casa</strong></span> <span class='ocrx_word' id='word_1_912' title='bbox 2717 5431 3073 5499; x_wconf 82' lang='lat' dir='ltr'><strong>Mugniacioli,</strong></span> <span class='ocrx_word' id='word_1_913' title='bbox 3115 5443 3167 5485; x_wconf 88' lang='lat' dir='ltr'><strong>et</strong></span> <span class='ocrx_word' id='word_1_914' title='bbox 3214 5446 3336 5484; x_wconf 85' lang='lat' dir='ltr'><strong>casa</strong></span> <span class='ocrx_word' id='word_1_915' title='bbox 3391 5432 3584 5484; x_wconf 84' lang='lat' dir='ltr'><strong>Tendi-</strong></span> 
     </span>
    </p>
   </div>
   <div class='ocr_carea' id='block_1_117' title="bbox 2012 5522 3585 5592">
    <p class='ocr_par' dir='ltr' id='par_1_117' title="bbox 2012 5522 3585 5592">
     <span class='ocr_line' id='line_1_117' title="bbox 2012 5522 3585 5592; baseline 0.003 -20"><span class='ocrx_word' id='word_1_916' title='bbox 2012 5523 2165 5588; x_wconf 83' lang='lat' dir='ltr'><strong>perti,</strong></span> <span class='ocrx_word' id='word_1_917' title='bbox 2205 5532 2258 5576; x_wconf 91' lang='lat' dir='ltr'><strong>et</strong></span> <span class='ocrx_word' id='word_1_918' title='bbox 2286 5538 2405 5576; x_wconf 87' lang='lat' dir='ltr'><strong>casa</strong></span> <span class='ocrx_word' id='word_1_919' title='bbox 2439 5522 2743 5591; x_wconf 82' lang='lat' dir='ltr'><strong>Wipet&#39;tuli.</strong></span> <span class='ocrx_word' id='word_1_920' title='bbox 2775 5533 2829 5575; x_wconf 93' lang='lat' dir='ltr'><strong>et</strong></span> <span class='ocrx_word' id='word_1_921' title='bbox 2853 5537 2995 5587; x_wconf 80' lang='lat' dir='ltr'><strong>casa,</strong></span> <span class='ocrx_word' id='word_1_922' title='bbox 3022 5523 3109 5590; x_wconf 90' lang='lat' dir='ltr'><strong>qui</strong></span> <span class='ocrx_word' id='word_1_923' title='bbox 3142 5522 3240 5577; x_wconf 80' lang='lat' dir='ltr'><strong>fuit</strong></span> <span class='ocrx_word' id='word_1_924' title='bbox 3274 5524 3512 5592; x_wconf 71' lang='lat' dir='ltr'><strong>l‘asquaii</strong></span> <span class='ocrx_word' id='word_1_925' title='bbox 3535 5523 3585 5577; x_wconf 88' lang='lat' dir='ltr'><strong>in</strong></span> 
     </span>
    </p>
   </div>
   <div class='ocr_carea' id='block_1_118' title="bbox 2013 5612 3591 5684">
    <p class='ocr_par' dir='ltr' id='par_1_118' title="bbox 2013 5612 3591 5684">
     <span class='ocr_line' id='line_1_118' title="bbox 2013 5612 3591 5684; baseline 0.001 -18"><span class='ocrx_word' id='word_1_926' title='bbox 2013 5613 2176 5666; x_wconf 88' lang='lat' dir='ltr'><strong>I&#39;uudo</strong></span> <span class='ocrx_word' id='word_1_927' title='bbox 2198 5613 2405 5682; x_wconf 86' lang='lat' dir='ltr'><strong>Magno,</strong></span> <span class='ocrx_word' id='word_1_928' title='bbox 2435 5629 2555 5668; x_wconf 91' lang='lat' dir='ltr'><strong>cum</strong></span> <span class='ocrx_word' id='word_1_929' title='bbox 2596 5628 2755 5666; x_wconf 93' lang='lat' dir='ltr'><strong>omne</strong></span> <span class='ocrx_word' id='word_1_930' title='bbox 2780 5612 3069 5681; x_wconf 86' lang='lat' dir='ltr'><strong>atljacentia</strong></span> <span class='ocrx_word' id='word_1_931' title='bbox 3092 5614 3157 5667; x_wconf 89' lang='lat' dir='ltr'><strong>ad</strong></span> <span class='ocrx_word' id='word_1_932' title='bbox 3188 5614 3300 5684; x_wconf 86' lang='lat' dir='ltr'><strong>ipse</strong></span> <span class='ocrx_word' id='word_1_933' title='bbox 3320 5630 3442 5668; x_wconf 87' lang='lat' dir='ltr'><strong>case</strong></span> <span class='ocrx_word' id='word_1_934' title='bbox 3467 5631 3591 5684; x_wconf 88' lang='lat' dir='ltr'><strong>per-</strong></span> 
     </span>
    </p>
   </div>
   <div class='ocr_carea' id='block_1_119' title="bbox 2012 5703 3590 5814">
    <p class='ocr_par' dir='ltr' id='par_1_119' title="bbox 2012 5703 3590 5814">
     <span class='ocr_line' id='line_1_119' title="bbox 2012 5703 3590 5814; baseline 0.001 -54"><span class='ocrx_word' id='word_1_935' title='bbox 2012 5705 2232 5762; x_wconf 85' lang='lat' dir='ltr'><strong>tinente.</strong></span> <span class='ocrx_word' id='word_1_936' title='bbox 2267 5705 2501 5775; x_wconf 83' lang='lat' dir='ltr'><strong>Itemque</strong></span> <span class='ocrx_word' id='word_1_937' title='bbox 2528 5706 2595 5761; x_wconf 88' lang='lat' dir='ltr'><strong>do</strong></span> <span class='ocrx_word' id='word_1_938' title='bbox 2622 5719 2674 5760; x_wconf 89' lang='lat' dir='ltr'><strong>et</strong></span> <span class='ocrx_word' id='word_1_939' title='bbox 2697 5703 2869 5814; x_wconf 45' lang='lat' dir='ltr'><strong>olfer;</strong></span> <span class='ocrx_word' id='word_1_940' title='bbox 2896 5705 2959 5760; x_wconf 90' lang='lat' dir='ltr'><strong>ad</strong></span> <span class='ocrx_word' id='word_1_941' title='bbox 2985 5707 3153 5775; x_wconf 83' lang='lat' dir='ltr'><strong>ipsum</strong></span> <span class='ocrx_word' id='word_1_942' title='bbox 3193 5709 3446 5775; x_wconf 79' lang='lat' dir='ltr'><strong>pt&#39;elalutn</strong></span> <span class='ocrx_word' id='word_1_943' title='bbox 3481 5723 3590 5761; x_wconf 85' lang='lat' dir='ltr'><strong>IltO-~</strong></span> 
     </span>
    </p>
   </div>
   <div class='ocr_carea' id='block_1_120' title="bbox 3118 5797 3194 5856">
    <p class='ocr_par' dir='ltr' id='par_1_120' title="bbox 3118 5797 3194 5856">
     <span class='ocr_line' id='line_1_120' title="bbox 3118 5797 3194 5856; baseline 0.013 -1"><span class='ocrx_word' id='word_1_944' title='bbox 3118 5797 3194 5856; x_wconf 60' lang='lat' dir='ltr'><strong>li’s</strong></span> 
     </span>
    </p>
   </div>
  </div>
