3976 6186
475 288 607 343 1337

1628 264 2233 329 LANGOBARDORUH
2275 264 2317 319 Β
2328 264 2411 319 Et}
2424 261 2466 318 U
2476 262 2518 317 ll

3589 256 3730 310 £338

471 404 758 461 nasterium
811 399 1103 468 portionem
1154 409 1327 448 meam
1378 392 1445 446 de
1470 400 1620 445 curte
1662 403 1778 442 mea
1807 383 2037 440 Castello
2066 385 2115 441 Α
2143 380 2451 448 demptione
2480 376 2657 431 anime
2683 390 2803 430 mee
2832 375 2885 429 in
2918 374 3153 444 predicto
3194 373 3527 428 monasterio
3558 377 3729 428 sancti

474 498 663 560 Funlti,
710 507 829 545 cum
888 492 1089 551 vineas,
1155 487 1395 548 ulivetas,
1442 480 1717 543 edilicias,-
1756 476 2046 532 territurias

470 592 639 645 cultas
686 598 737 640 et
781 584 1025 644 incultas,
1082 595 1177 633 sco
1225 588 1280 632 et
1327 591 1450 630 case
1505 571 1808 628 massaricie
1836 569 1900 622 ad
1933 568 2045 635 ipsa

469 689 619 735 cutte
667 676 964 745 pertinente
1018 686 1137 725 cum
1189 668 1331 723 omni
1377 662 1669 735 adjacenlia
1713 668 1770 716 et
1823 658 2042 721 familie,

471 777 665 835 quanto
707 765 903 819 exinde
957 762 1120 815 libere
1163 773 1267 812 non
1306 755 1686 817 dimiserimus,
1731 750 1886 804 abeat
1931 746 2044 815 ipse

472 856 794 913 monasterio
840 851 1009 906 sancti
1055 849 1215 905 Petri.
1249 846 1421 901 Simili
1452 842 1612 898 modo
1640 839 1805 895 oll'cro
1833 837 1886 891 in
1918 850 2041 904 pre-

470 954 614 1006 dicto
643 946 964 1003 monasterio
996 942 1290 1012 portionem
1322 950 1491 992 meam
1516 937 1584 989 de
1607 932 1774 1002 Gagio
1802 931 1856 984 in
1899 926 2042 981 Lati-

472 1042 633 1094 niano
664 1040 714 1091 in
738 1037 967 1103 integro,
999 1044 1051 1087 et
1078 1046 1229 1086 casas
1249 1028 1491 1083 Teodure
1518 1026 1585 1079 de
1611 1024 1812 1092 Agello,
1840 1028 1894 1075 et
1916 1033 2040 1072 casa

474 1130 634 1185 Biueli
661 1132 724 1182 de
754 1128 987 1189 Lisiano,
1017 1138 1139 1178 cum
1172 1135 1329 1175 omne
1358 1116 1650 1186 adjacentia
1690 1114 1754 1167 ad
1783 1113 1897 1181 ipse
1920 1124 2042 1164 case

472 1222 815 1291 pertinentes,
847 1226 901 1272 et
931 1215 1126 1268 familie
1155 1225 1358 1266 eorum.
1405 1210 1532 1263 ltem
1567 1205 1758 1259 habeat
1785 1202 1897 1270 ipse
1926 1215 2043 1253 mo-

471 1312 700 1364 nasterio
723 1308 891 1362 sancti
919 1305 1060 1359 Petri
1100 1318 1223 1358 casa
1253 1298 1543 1367 GuiSpendi
1568 1297 1635 1349 de
1674 1294 1959 1356 Massiano,
1986 1300 2041 1345 et

472 1402 737 1456 mediante
781 1398 921 1467 quod
967 1396 1317 1451 Maurus......
1352 1406 1458 1445 uno
1500 1398 1553 1443 et
1596 1388 1663 1441 de
1708 1384 1829 1439 ﬁliis
1855 1385 1956 1448 eis,
1986 1392 2041 1437 et

474 1495 665 1548 habeat
711 1507 837 1545 casa
886 1488 1113 1544 Glteduli
1159 1486 1225 1540 de
1266 1485 1399 1539 llivo
1418 1482 1595 1547 Cairo,
1624 1489 1679 1534 et
1702 1491 1824 1531 casa
1854 1475 1924 1530 de
1951 1474 2041 1529 lilii

471 1588 733 1656 quondam
787 1583 1005 1638 l‘incioli
1060 1583 1111 1635 in
1166 1580 1453 1642 Pisimano,
1506 1586 1560 1630 et
1595 1587 1717 1628 casa
1749 1568 2041 1626 Prunoliiu

474 1681 693 1735 Pistule.
722 1679 847 1733 ltcm
868 1677 923 1732 in
944 1675 1156 1729 civitate
1183 1687 1307 1727 casa
1338 1668 1609 1732 Cunundi,
1633 1673 1687 1721 et
1714 1678 1835 1720 casa
1862 1661 2039 1715 Gridi-

2150 470 2313 537 Petri,
2337 479 2392 524 et
2422 469 2587 524 abbas
2607 482 2730 522 cum
2753 468 3003 521 fratribus
3028 466 3153 519 inibi
3186 468 3526 535 congregatis
3575 466 3727 532 Peto,

2147 571 2204 615 ut
2228 576 2323 629 pro
2346 559 2476 614 meis
2499 559 2745 627 peccatis,
2773 558 2887 612 suis
2918 557 3248 611 orationibus
3269 566 3323 610 et
3342 556 3545 625 vigiliis
3568 558 3729 611 inter-

2143 650 2357 714 cedere,
2380 658 2437 704 ut
2464 649 2597 702 milii
2628 648 2884 702 Dominus
2925 649 3188 718 ignoscat,
3224 646 3365 715 quod
3392 648 3729 716 negligenter

2143 740 2302 810 gessi,
2336 748 2389 793 et
2417 754 2513 791 oro
2544 751 2643 807 pro
2676 752 2761 792 me
2803 745 3085 806 peccatore
3128 737 3389 792 Dominus
3433 738 3733 791 retribuere

2143 829 2465 884 mercedem.
2517 829 2654 883 Ecce
2702 844 2853 883 meus
2896 827 3125 897 qualiter
3147 829 3477 897 complacuit
3498 829 3729 890 animus,

2151 927 2244 983 per
2273 912 2429 982 hujus
2457 913 2741 967 voluminis
2786 913 2988 967 cartule
3034 919 3292 968 continuo
3339 916 3444 979 sic,
3493 917 3567 967 ita
3600 929 3656 967 ut
3692 918 3735 969 al

2150 1006 2339 1075 aliquis
2378 1005 2444 1060 de
2490 1005 2609 1060 filiis
2648 1006 2952 1061 auteredes
3003 1007 3290 1073 proeredes
3342 1020 3495 1061 meos
3544 1018 3731 1062 contra

2150 1099 2288 1153 dolis
2327 1097 2458 1153 meis
2487 1097 2669 1167 pagina
2716 1097 2795 1151 ire
2839 1096 3159 1166 quandoque
3205 1103 3618 1167 presumpserit,
3646 1114 3735 1154 aut

2149 1188 2345 1259 aliquid
2373 1188 2685 1242 subtrahere
2722 1197 2813 1241 aut
2840 1188 3121 1243 molestare
3153 1203 3249 1257 per
3275 1204 3356 1255 se,
3388 1201 3484 1244 aut
3519 1204 3727 1259 suppo-

2148 1280 2247 1334 sita
2279 1292 2499 1348 persona
2529 1277 2596 1331 de
2620 1278 2819 1341 omnia,
2857 1294 2959 1347 que
2985 1294 3146 1347 supra
3187 1281 3402 1349 legitur,
3437 1290 3493 1335 et
3522 1283 3731 1349 adpro-

2150 1370 2329 1424 batum
2378 1369 2555 1435 fuerit,
2601 1380 2883 1437 componat
2912 1370 2977 1422 ad
3031 1385 3153 1439 pars
3206 1372 3376 1438 ipsius
3418 1375 3731 1427 monasterii

2147 1462 2314 1518 sancti
2364 1461 2541 1528 Petri,
2573 1461 2654 1516 vel
2691 1462 2769 1516 eis
2799 1464 3222 1532 congregationis
3265 1480 3458 1519 aurum
3506 1468 3733 1521 solidum

2147 1555 2434 1626 quingenti,
2463 1563 2519 1609 et
2540 1567 2758 1622 presens
2785 1554 2983 1608 cartula
3021 1554 3160 1608 dotis
3186 1570 3305 1610 mee
3331 1557 3387 1610 in
3434 1572 3537 1611 sue
3566 1558 3728 1612 ﬁrmi-

2148 1652 2255 1698 tate
2278 1656 2335 1698 et
2359 1643 2571 1698 robore.
2607 1643 2757 1700 Unde
2778 1652 2887 1697 tres
2906 1644 3109 1697 cartule
3136 1644 3248 1709 pari
3282 1652 3473 1699 tenore
3506 1644 3737 1715 Asperto

474 1770 640 1840 perdi,
681 1783 802 1823 casa
854 1765 1157 1835 Epdicausi,
1204 1775 1327 1816 casa
1379 1756 1653 1827 Cunperti,
1701 1769 1823 1809 casa
1872 1752 2045 1807 Sicbi-
2074 1725 2117 1783 Β
2148 1733 2354 1840 “milin
2372 1735 2624 1840 εεΐίξῇτθ·

474 1861 678 1915 mundi.
731 1859 839 1913 Hec
866 1868 1042 1911 autem
1074 1868 1197 1909 case
1218 1867 1337 1906 cum
1365 1865 1522 1905 omne
1547 1845 1839 1917 adiacentia
1864 1845 1929 1899 ad
1958 1858 2049 1896 eas

473 1952 767 2020 pertinente
796 1958 852 2003 et
876 1945 1069 2000 familie
1096 1958 1285 1999 eorum
1310 1942 1499 1995 habeat
1526 1939 1699 2007 ipsum
1726 1945 1965 1990 sanctum
1994 1940 2047 1985 et

470 2042 774 2099 venerabile
805 2042 999 2094 locum.
1054 2037 1315 2091 Similiter
1345 2034 1485 2096 volo,
1543 2041 1599 2084 ut
1630 2028 1821 2083 habeat
1848 2027 1901 2079 in
1934 2026 2049 2079 loco

468 2135 691 2191 Cotiano
720 2148 841 2188 casa
864 2130 1100 2193 Barduli,
1131 2137 1185 2184 et
1212 2142 1334 2181 casa
1360 2123 1587 2180 Mincioli
1610 2135 1729 2176 cum
1750 2115 2045 2188 adiacentia

468 2240 563 2281 sua
591 2236 643 2280 et
687 2224 885 2280 familia
928 2237 1137 2286 eorum,
1166 2227 1364 2289 qnante
1388 2214 1589 2271 exinde
1621 2212 1787 2267 libere
1823 2224 1926 2263 non
1956 2208 2050 2259 ad-

468 2319 790 2373 miserimns.
816 2317 984 2371 Simul
1015 2316 1175 2368 etiam
1203 2310 1360 2366 abeat
1398 2310 1513 2377 ipse
1562 2303 1887 2360 monasterio
1932 2316 2045 2354 me-

467 2407 666 2464 dietate
687 2407 752 2461 de
776 2419 889 2459 mea
921 2402 1163 2473 portione
1183 2400 1250 2455 de
1276 2413 1421 2461 casa,
1446 2411 1548 2465 que
1570 2394 1825 2447 habemus
1853 2390 1905 2443 in
1932 2388 2047 2442 loco

469 2502 558 2570 qui
611 2508 828 2551 vocatur
882 2492 1249 2562 Burgltermio,
1317 2488 1622 2556 Lupiuaria,
1677 2481 2044 2547 Glucentiano,

469 2604 589 2643 cum
619 2584 818 2640 famiiie
842 2598 937 2638 sue
966 2594 1020 2636 et
1047 2578 1345 2649 adjacentia
1374 2591 1489 2630 sua.
1528 2575 1594 2628 Et
1629 2573 1822 2627 habeat
1848 2584 1970 2625 casa
1994 2570 2046 2623 in

471 2680 591 2733 loco
618 2676 708 2745 qui
736 2680 954 2729 vocatur
982 2672 1401 2731 Saracltamano,
1422 2681 1577 2735 quem
1605 2664 1833 2719 emimus
1853 2660 1923 2716 de
1946 2659 2041 2716 Ju-

470 2767 698 2836 niperto,
725 2780 845 2819 cum
873 2761 1169 2831 adiacentia
1198 2774 1312 2813 sua.
1350 2760 1404 2812 In
1428 2760 1532 2811 tale
1556 2754 1699 2811 enint
1729 2754 1900 2808 tinore
1927 2751 2047 2807 volo

467 2872 589 2927 ego,
641 2855 729 2925 qui
777 2868 935 2923 supra
990 2849 1264 2915 Walfredi,
1314 2863 1400 2903 res
1435 2847 1682 2916 superius
1708 2858 2045 2912 compren~a,

470 2951 646 3005 omnia
688 2948 885 3001 habere
934 2942 1256 2999 monasterio
1317 2955 1475 3009 supra
1541 2937 1819 2993 memorati
1875 2934 2044 2989 sancti

474 3042 635 3106 Petri,
684 3040 768 3094 vel
796 3052 861 3091 ea
904 3051 1000 3104 per
1039 3035 1249 3089 solvant
1296 3032 1363 3085 ad
1404 3035 1518 3100 ipso
1563 3027 1886 3083 monasterio
1939 3038 2041 3078 tam

2237 1826 2426 1879 Actum
2493 1825 2610 1878 Pisa
2673 1839 2766 1893 per
2827 1824 3117 1879 indictione
3174 1827 3551 1895 suprascripta
3624 1826 3739 1880 feli-

2146 1924 2300 1968 Cllel'.

2222 2004 2336 2061 Una
2369 2006 2470 2059 ista
2490 2005 2697 2061 curtule
2725 2020 3059 2061 reservamus
3087 2007 3140 2062 in
3168 2006 3381 2076 prefato
3411 2009 3744 2061 monasterio

2148 2101 2321 2152 sancti
2380 2098 2546 2153 Petri.
2592 2098 2710 2153 Alia
2764 2114 2890 2153 vero
2935 2099 3001 2154 de
3032 2101 3129 2153 iste
3156 2101 3363 2153 cartule
3394 2100 3648 2154 dedimus
3678 2100 3741 2154 ad

2147 2189 2573 2243 conservandum
2604 2191 2655 2244 in
2704 2190 2867 2244 domo
2919 2201 3103 2245 sancte
3143 2191 3372 2245 eet-lesic
3403 2190 3628 2255 Pisane,
3657 2193 3743 2246 ubi

2148 2281 2377 2334 domnus
2423 2281 2663 2336 Andreas
2702 2282 2985 2351 episcOpus
3016 2297 3137 2337 esse
3166 2283 3401 2336 videtur.
3430 2283 3619 2338 Tertia
3646 2287 3742 2340 de-

2148 2371 2321 2425 dimus
2364 2370 2429 2424 ad
2481 2371 2906 2427 conservandum
2938 2376 3261 2429 monaSIerio
3292 2375 3510 2431 Domini
3562 2378 3744 2431 Salva-

2149 2463 2300 2527 toris,
2326 2463 2413 2515 ubi
2446 2463 2609 2516 abbas
2640 2463 2893 2519 Gadisteo
2919 2450 3038 2520 esse
3068 2465 3301 2520 videtur.

2221 2554 2329 2622 Ego
2389 2552 2638 2610 Wulftcdi
2696 2553 2803 2609 filio
2851 2556 3117 2624 quondam
3168 2556 3461 2611 Ratebausi
3504 2558 3562 2612 in
3606 2559 3741 2611 hanc

2149 2647 2355 2701 cartnle
2402 2648 2541 2702 dotis
2589 2662 2706 2701 mec
2736 2664 2895 2702 manu
2930 2664 3043 2702 mea
3069 2652 3281 2717 propria
3312 2651 3641 2718 subscripsi,
3690 2663 3743 2703 et

2149 2737 2371 2791 teatibns
2396 2737 2559 2791 ubtuli
2584 2754 2609 2792 r
2646 2739 2954 2791 borantlatn.

2217 2828 2436 2896 Signum
2474 2827 2512 2897 -ι-
2565 2844 2751 2882 manus
2790 2829 3050 2898 Antipei-ti
3095 2829 3203 2881 lilio
3254 2831 3534 2898 quondam
3580 2832 3744 2885 Arieti

2147 2930 2304 2974 teste.

2215 3011 2432 3080 Sguum
2478 3012 2517 3081 -ι-
2559 3027 2717 3066 manu
2762 3011 3033 3067 Pertnaldi
3080 3013 3191 3069 ﬁlio
3228 3014 3507 3082 quondam
3544 3016 3746 3069 Arioldt

474 3085 635 3188 liberi
648 3144 803 3200 quam
825 3137 879 3182 et
903 3085 1041 3180 servi
1068 3125 1153 3179 vel
1195 3085 1441 3185 Aldioni:
1456 3120 1547 3190 qui
1575 3120 1627 3173 in
1667 3119 1781 3189 ipse
1807 3131 1930 3172 case
1957 3132 2041 3170 re-
2071 3085 2118 3147 ε
2148 3110 2301 3200 les"?-

471 3223 742 3279 sederunt.
774 3219 1009 3286 Itemque
1039 3216 1111 3271 do
1148 3225 1202 3270 et
1229 3212 1398 3268 olIero
1426 3227 1457 3266 a
1482 3212 1840 3280 suprascripto
1863 3223 2046 3263 mona-

476 3312 640 3369 sterio
696 3311 993 3380 poniuuem
1045 3319 1215 3360 meam
1241 3305 1307 3358 de
1332 3303 1556 3372 pecunia
1586 3311 1767 3355 nostra
1795 3300 1849 3353 in
1880 3299 2047 3352 insula

472 3403 709 3465 Corsica,
765 3414 887 3455 cum
925 3411 1098 3460 casas,
1149 3394 1396 3458 familias,
1450 3392 1766 3455 territurias,
1811 3398 1866 3445 et
1890 3404 2049 3444 omne

478 3491 774 3561 adjacentia
819 3488 883 3543 ad
914 3489 1025 3555 ipse
1054 3499 1180 3541 case
1227 3486 1573 3553 pertinentes,
1604 3491 1659 3538 et
1688 3497 1774 3536 res
1805 3482 2046 3535 douicata

476 3584 688 3641 movilia
740 3592 793 3637 et
857 3579 1179 3645 immovilia,
1232 3588 1286 3631 ut
1338 3576 1483 3641 disi,
1532 3589 1647 3629 mea
1698 3575 1939 3643 pettione
1984 3572 2051 3627 de

475 3682 728 3744 quantum
760 3672 812 3725 in
845 3670 958 3737 ipsa
989 3668 1158 3722 insula
1190 3666 1401 3721 Corsica
1424 3674 1478 3719 et
1498 3663 1742 3718 omniain
1762 3664 2047 3731 integrum.

476 3761 645 3820 Simul
672 3770 728 3816 et
752 3760 907 3813 abeat
941 3758 1056 3825 ipse
1104 3752 1427 3811 monasterio
1458 3755 1753 3822 portionem
1784 3768 1955 3807 meam
1987 3752 2053 3807 de

478 3864 629 3923 prato
666 3851 731 3906 ad
780 3848 977 3904 Padule
1014 3845 1223 3910 Actoni,
1265 3852 1322 3901 et
1365 3844 1520 3899 abeat
1571 3843 1812 3913 portione
1840 3857 1954 3897 mea
1985 3842 2051 3896 ad

481 3943 696 4010 Ursula,
742 3951 797 3998 et
817 3951 956 4007 orto,
999 3953 1102 4006 que
1142 3945 1359 3992 vocatur
1400 3936 1469 3991 ad
1497 3936 1653 3990 l’rato
1677 3938 1826 4004 juxta
1852 3934 2053 3991 Padule

480 4035 728 4100 Auctoni,
778 4043 834 4089 et
875 4016 1117 4101 portione
1150 4044 1266 4085 mea
1308 4029 1374 4084 de
1400 4036 1542 4083 terra
1573 4028 1626 4082 in
1657 4029 1818 4093 Arna,
1853 4027 2056 4082 medie-

481 4139 589 4184 tate
616 4128 684 4183 de
706 4140 818 4181 mea
846 4126 1106 4193 portione.
1136 4122 1305 4180 Simul
1327 4132 1381 4177 et
1409 4122 1566 4178 abeat
1587 4122 1831 4190 portione
1850 4134 1963 4175 mea
1989 4120 2058 4175 de

480 4220 624 4273 dicto
653 4217 707 4272 in
740 4214 1017 4279 Verriana,
1048 4222 1102 4268 et
1131 4213 1375 4282 portione
1423 4226 1540 4266 mea
1578 4209 1647 4265 de
1682 4223 1804 4265 casa
1836 4209 2056 4265 Brunuli

482 4310 534 4364 in
572 4309 687 4378 ipso
728 4307 844 4361 loco
877 4304 1150 4369 Verriana,
1179 4318 1303 4358 cum
1350 4302 1569 4367 familia,
1601 4302 1684 4357 vel
1718 4315 1877 4357 omne
1903 4302 2054 4370 adja—

482 4401 656 4456 centia
682 4398 748 4453 ad
774 4398 889 4467 ipse
926 4412 1047 4452 case
1070 4396 1367 4467 pertinente
1394 4410 1509 4449 mea
1539 4394 1798 4463 portione.
1822 4393 2058 4462 Itemque

2220 3196 2440 3264 Signum
2472 3211 2630 3248 manu
2660 3196 2698 3264 -ξη
2731 3195 2879 3249 Bcuti
2906 3196 3189 3250 Alescarco
3214 3206 3373 3251 teste.

2218 3287 2435 3355 Signum
2466 3286 2505 3356 ἰ-
2538 3304 2694 3341 manu
2727 3287 3009 3341 Cudualdi.

2225 3378 2334 3446 Ego
2390 3378 2588 3431 Marcio
2635 3379 2873 3432 notarius
2904 3387 3121 3447 rogatus
3146 3395 3176 3433 a
3200 3379 3465 3433 Walfredi
3498 3381 3559 3436 in
3608 3380 3747 3435 hanc

2149 3470 2355 3523 cartule
2384 3484 2468 3523 me
2492 3480 2651 3522 teSies
2683 3469 2995 3537 SHbaCI‘ipSi.

2225 3558 2332 3625 Ego
2362 3556 2692 3625 Gundipcrto
2751 3558 2862 3611 lilio
2910 3556 3174 3626 quondam
3209 3557 3494 3613 Burbcnsii
3531 3576 3572 3614 r-
3595 3572 3743 3629 gatu;

2151 3645 2217 3700 ad
2243 3645 2502 3699 Walfredi
2536 3646 2589 3699 in
2624 3648 2758 3699 lianc
2788 3649 2992 3702 Carlulc
3013 3662 3098 3701 me
3131 3658 3295 3701 testes
3316 3650 3639 3718 subscripsi.

2224 3736 2443 3806 Signqu
2471 3736 2510 3808 ᾗ·
2544 3753 2702 3791 manu
2731 3736 2986 3807 Guliperti
3018 3738 3128 3793 lilio
3174 3738 3447 3807 quondam
3495 3740 3740 3794 Vitalaai

2154 3836 2337 3884 testes.

2226 3918 2336 3990 Ego
2362 3917 2629 3986 Auspcrto
2653 3920 2893 3974 notarius
2922 3929 3140 3989 rogatus
3163 3935 3189 3972 a
3222 3919 3485 3977 Walfredi
3512 3923 3612 3979 hac
3631 3942 3742 3977 car-

2156 4009 2264 4064 tule
2287 4008 2575 4075 subscripsi
2598 4010 2859 4076 supplevi.

2234 4098 2343 4168 ligo
2387 4096 2711 4157 Benedctus
2764 4099 3006 4152 notarius
3058 4098 3331 4153 autentico
3372 4099 3527 4154 illum
3560 4103 3664 4154 vidi
3694 4114 3745 4155 et

2156 4188 2255 4258 legi
2266 4230 2279 4244 .

2235 4277 2349 4347 Ego
2378 4270 2669 4347 Gospertus
2694 4278 2932 4332 notarius
2955 4278 3222 4333 autentico
3249 4279 3355 4333 vidi
3387 4290 3441 4337 et
3465 4282 3594 4353 legi,
3611 4283 3747 4337 unde

2158 4385 2265 4425 uno
2290 4372 2563 4440 exemplar
2588 4370 2727 4424 factu
2758 4377 2861 4433 est,
2889 4382 2943 4426 et
2973 4372 3056 4424 hic
3081 4372 3393 4439 subscripsi.

482 4455 626 4545 dono
652 4498 708 4544 et
734 4455 901 4546 offero
924 4488 989 4544 ad
1035 4455 1292 4558 p-rcfatum
1336 4494 1391 4541 et
1438 4455 1601 4556 ipsius
1630 4484 1902 4540 nominato
1943 4455 2056 4540 ino-
2086 4455 2171 4558 D_
2204 4465 2351 4558 νεεηί
2380 4463 2517 4558 illo.
2570 4464 2829 4558 εδοξοπίυε-
2855 4463 3034 4558 filiiﬁlii
3084 4464 3747 4558 ἱωρετξιιοίτίεριιιειιιίω

484 4579 718 4636 nasterio
744 4578 1037 4634 beatissimi
1068 4577 1237 4632 sancti
1270 4576 1411 4632 Petri
1439 4575 1493 4631 in
1526 4576 1757 4631 Ecclesia
1796 4587 1853 4630 et
1874 4589 2057 4630 mona-

484 4674 647 4731 sterio
691 4672 861 4727 sancti
909 4671 1052 4726 Petri
1098 4674 1149 4726 in
1201 4670 1385 4737 Accio,
1433 4686 1537 4740 que
1574 4681 1657 4725 est
1701 4668 1974 4723 fundatum
2003 4676 2059 4723 et

484 4771 789 4823 constructo
809 4760 989 4830 iniam
1014 4763 1247 4831 predicta
1277 4761 1448 4816 insula
1473 4761 1712 4825 Corsica,
1737 4776 1858 4815 cum
1879 4763 2056 4814 omnia

485 4856 804 4930 adiacentia,
848 4866 953 4923 que
996 4854 1063 4905 ad
1105 4856 1217 4922 ipsa
1250 4854 1477 4908 ecclesia
1518 4864 1574 4909 et
1603 4855 1927 4909 monasterio
1970 4863 2062 4908 est

491 4948 789 5020 pertinente
834 4946 887 5000 in
930 4943 1153 5011 integro.
1185 4945 1355 4999 Abeat
1394 4956 1449 5000 et
1498 4947 1767 5015 possideat
1789 4945 1902 5015 ipse
1929 4960 2058 5000 san-

488 5042 730 5099 ctissimo
748 5050 801 5097 et
825 5037 1129 5094 venerabile
1157 5036 1278 5091 locu
1304 5036 1401 5091 hec
1431 5040 1607 5092 omnia
1634 5039 1879 5107 superius
1905 5053 2058 5093 com—

493 5148 710 5204 prensa,
732 5132 802 5188 do
829 5142 882 5187 et
911 5128 1076 5185 odero
1101 5145 1219 5200 ego,
1254 5129 1342 5198 qui
1370 5144 1528 5197 supra
1560 5130 1815 5189 Wallredi
1842 5147 1938 5202 pro
1967 5148 2055 5188 rc-

564 5276 591 5304 ι
621 5267 683 5345 Ni
712 5266 814 5321 mei
838 5280 923 5321 me
952 5263 1430 5345 fefellerunt-oculi,
1453 5279 1570 5345 quae
1600 5266 1795 5344 littera
1829 5270 1890 5345 in_
1912 5270 2059 5324 calce

490 5340 813 5394 membranae
828 5348 1132 5406 supersunt,
1164 5336 1546 5406 indicaremihi
1570 5337 1696 5390 visat
1720 5351 1842 5392 sunt
1866 5340 2063 5394 Janua-

490 5411 625 5464 rium
671 5405 932 5469 mensem,
983 5417 1038 5461 et
1082 5422 1274 5461 annum
1303 5407 1339 5459 δὲ
1391 5405 1650 5459 Desiderii
1680 5408 1842 5475 regis,
1885 5413 2063 5464 etin-

488 5479 719 5532 dictione
768 5476 872 5541 η,
928 5492 1045 5545 qua:
1102 5477 1315 5531 indictio
1359 5490 1556 5530 annum
1619 5480 1867 5544 proderet
1931 5480 2053 5534 759.

495 5549 691 5602 Verum
710 5560 829 5600 cum
857 5546 1155 5599 Desiderius
1178 5561 1396 5615 regnum
1421 5548 1597 5602 inierit
1624 5560 1767 5600 anno
1794 5548 1915 5611 736,
1950 5551 2061 5605 veri

492 5618 700 5687 videtur
726 5616 953 5687 simjlius
983 5616 1053 5668 ibi
1080 5617 1185 5687 legi
1217 5617 1555 5673 indictionem
1598 5618 1657 5671 ll
1716 5626 1873 5687 atque
1924 5621 2061 5674 adeo

489 5685 561 5741 ad
588 5699 784 5739 annum
808 5684 913 5739 758
959 5684 1201 5741 mutilam
1242 5688 1379 5745 hanc
1410 5692 1646 5746 chartam
1675 5684 1801 5747 esse
1821 5690 2058 5747 referen-

2162 4556 2253 4610 illo
2308 4555 2413 4608 vidi
2469 4564 2524 4609 et
2569 4554 2690 4623 legi,
2720 4567 2772 4608 et
2803 4554 3029 4608 fideliter
3056 4556 3377 4623 exemplari,
3428 4559 3603 4613 literis
3634 4561 3749 4627 plus

2160 4662 2356 4701 minus.

2849 4714 3061 4771 XXVII.

2166 4808 2451 4862 Desideria:
2494 4806 2947 4889 Langobardontnt
2968 4824 3106 4889 leaf,
3156 4820 3201 4889 et
3255 4812 3393 4863 Ausa
3420 4814 3608 4889 regina
3637 4816 3748 4884 ejus

2232 4896 2382 4942 uxor,
2426 4880 2728 4933 monasterio
2752 4880 2914 4932 sancti
2958 4878 3222 4932 Michaelis
3247 4891 3293 4932 et
3318 4878 3491 4934 sancti
3520 4878 3673 4936 Petri
3695 4888 3746 4936 in

2234 4950 2433 5004 civitate
2452 4949 2704 5003 Brisiana
2732 4951 2892 5002 multa
2921 4950 3078 5002 donat
3107 4954 3264 5017 (anno
3299 4950 3432 5018 753)
3466 4955 3517 5004 ⁸.

2412 5042 2543 5107 Rex,
2596 5054 2652 5097 et
2696 5041 2931 5111 gloriosa
2975 5053 3136 5109 atque
3185 5045 3422 5110 precelsa
3457 5048 3746 5101 Λυδίη...

2164 5135 2440 5192 Michaelis
2455 5145 2612 5200 atque
2631 5133 2992 5202 apostolorum
3012 5132 3262 5202 principis
3283 5132 3454 5202 Petri,

2168 5272 2310 5326 dam.
2352 5269 2456 5324 Sed
2486 5269 2758 5337 quidnam,
2790 5281 2994 5336 quaeso,
3022 5268 3193 5332 priora
3226 5268 3384 5322 verba
3417 5271 3747 5340 signiﬁcant,

2168 5356 2359 5406 nempe
2382 5340 2672 5404 Michaelis,
2702 5351 2859 5405 atque
2889 5342 3249 5406 apostolorum
3282 5341 3544 5407 principis
3572 5342 3752 5396 Petri?

2168 5413 2335 5467 Nemo
2359 5428 2463 5465 non
2492 5410 2634 5463 dicat
2660 5411 3011 5478 supplendum
3058 5409 3141 5461 bic
3166 5424 3285 5463 esse
3326 5415 3749 5477 monasterium;

2168 5484 2216 5536 ei
2243 5492 2418 5537 autem
2448 5480 2695 5534 cmnobio
2731 5481 2918 5533 eadem
2965 5479 3272 5550 {insrlfierga
3314 5480 3581 5536 abbatissa
3622 5499 3752 5550 μκ-

2168 5565 2302 5615 erat,
2338 5566 2453 5620 quae
2487 5551 2741 5603 Desiderii
2771 5551 2935 5616 ipsius
2963 5548 2995 5601 fi
3020 5548 3065 5601 ia
3120 5549 3235 5613 fuit,
3278 5560 3445 5615 atque
3490 5548 3749 5606 abbatissa

2167 5623 2463 5673 monasterii
2519 5621 2723 5675 Domini
2769 5620 3085 5681 Saluatoris,
3127 5621 3265 5683 quod
3310 5635 3494 5687 posma
3554 5634 3751 5677 sancte

2170 5691 2323 5748 Julia:
2348 5693 2665 5761 appellatum
2696 5700 2797 5747 est.
2826 5690 3068 5759 Nunquid
3120 5704 3251 5761 ergo
3291 5706 3461 5745 unum
3503 5695 3748 5759 ideonec
