4056 6178
354 287 486 343 1389

1422 279 1812 334 ὓΙΙἚΟΜᾹΤΑ
1862 279 2140 333 IilltILES.
2181 279 2511 335 SLLECTA.

3471 287 3605 342 1390

347 401 480 455 intra
530 397 796 453 civttatem
841 403 1074 448 nostram
1127 393 1454 458 Brixianam,
1498 403 1547 445 et
1597 391 1704 446 Deo
1755 393 1928 444 dicata
1961 397 2002 448 Α
2037 393 2263 457 lttntato,
2315 395 2545 445 scrivere
2600 395 2927 458 providimus
2983 397 3322 453 beatitudinis
3374 411 3496 466 ttte,
3542 419 3608 458 ex

346 490 659 556 Ansilperga
701 485 1108 538 abbatissa......
1148 481 1528 536 monacbarum
1572 483 1764 534 ibidem
1825 481 1926 534 Do-

343 585 488 636 tnino
546 578 820 633 servienti.
877 575 1138 644 PrOphete
1186 574 1392 637 electi,
1455 581 1509 627 et
1567 573 1706 640 regis
1762 574 1924 627 David

344 677 645 728 vatici......
706 681 938 724 mentum
988 680 1068 723 est
1114 668 1372 721 Dominus
1415 670 1716 721 timentium
1777 684 1920 722 eum.

345 771 406 823 lit
433 769 557 835 quia
605 767 920 820 confidimus
965 778 1124 818 omne
1163 763 1417 815 Dominus
1471 772 1706 814 nostrum
1745 763 1925 814 Iit-nta-

342 869 580 914 mentum
615 868 851 910 nostrum
901 855 1147 923 dignatus
1198 864 1375 907 est....
1410 855 1562 920 huius
1594 854 1761 907 seculi
1798 870 1922 921 pos-

340 949 581 1002 sessione
611 946 775 1016 gloria
822 943 1022 997 nomini
1057 943 1176 1012 ejus
1201 945 1362 1010 ipsius
1392 945 1588 997 sanctis
1619 944 1746 996 locis
1782 945 1920 996 dona

344 1037 627 1092 tribuendo
666 1030 1000 1089 decoram...
1055 1036 1216 1103 ip.-ius
1247 1035 1510 1100 I’ropbete
1555 1036 1921 1088 testimonium

341 1129 594 1184 dicentis:
657 1124 869 1179 Domine
901 1165 916 1188 ,
971 1125 1129 1177 dilexi
1183 1127 1414 1178 decorem
1459 1126 1639 1180 domus
1694 1137 1775 1178 tua
1809 1166 1822 1190 ,
1877 1136 1923 1176 et

341 1220 510 1272 locum
565 1217 1038 1270 habitationis......
1095 1225 1147 1268 ut
1216 1231 1243 1267 a
1305 1225 1640 1278 peettatorunt
1697 1215 1923 1270 nexibus

341 1325 644 1364 mereamur
695 1307 918 1371 absolvi,
973 1318 1026 1360 et
1077 1317 1260 1360 etcrne
1312 1309 1418 1361 vite
1449 1307 1698 1375 gaudium
1725 1321 1919 1361 conse-

347 1417 593 1470 quatitur,
639 1415 732 1468 per
762 1408 1060 1453 nostre.....
1092 1407 1392 1466 preceptum
1424 1400 1694 1453 offerimus
1727 1399 1775 1452 itt
1803 1399 1924 1467 jure

341 1491 509 1560 ipsius
537 1488 842 1543 monasterii
868 1504 930 1543 ex
960 1487 1166 1557 propria
1197 1487 1443 1542 facultate
1468 1500 1668 1543 nostra.
1687 1486 1920 1542 Primum

341 1583 695 1638 ontttium.....
748 1581 1055 1636 monasterii
1106 1593 1225 1634 cum
1267 1580 1542 1645 ecclesiis,
1601 1590 1654 1633 et
1708 1579 1922 1646 reliquis

341 1674 563 1732 ediliciis
591 1690 618 1727 a
652 1674 804 1728 nobis
853 1672 1050 1730 ibidem
1083 1683 1442 1726 constructum
1487 1681 1645 1740 atque
1683 1687 1804 1725 area
1837 1675 1918 1725 Vel

2031 484 2195 534 nostri
2227 483 2372 536 dttno
2405 481 2496 536 tibi
2529 485 2824 541 concedere
2852 488 2947 540 νὲθὶ
2989 505 3171 542 sumus
3201 489 3423 557 piscarie
3446 497 3607 551 sortis

2031 585 2262 636 nostras,
2295 590 2398 642 que
2429 590 2490 626 ex
2546 575 2753 644 integro
2782 580 2831 630 itt
2868 579 2983 633 loCo
3026 582 3112 634 ubi
3144 597 3476 650 unocupatur
3509 587 3606 639 ﬂio

2031 666 2214 729 Torto,
2243 665 2531 719 terreturio
2559 666 2960 734 Feroniancttsi,
2996 687 3086 738 per
3112 675 3412 741 designatas
3436 675 3602 742 locas,

2031 755 2168 808 idem
2202 757 2268 811 de
2301 775 2406 812 uno
2431 761 2673 826 Ianterio,
2708 762 2845 829 quod
2878 772 3018 816 tenet
3061 762 3165 817 ﬁne
3191 765 3325 818 inter
3354 766 3481 834 ipsis
3504 769 3603 819 do-

2029 845 2176 898 nauti
2208 856 2264 898 et
2293 848 2521 903 Martino
2543 850 2867 914 Gastaldius,
2898 863 2944 904 et
2975 853 3040 905 de
3064 853 3168 905 alio
3194 855 3439 920 Ianttrrin,
3463 857 3601 924 quod

2027 935 2193 987 currit
2224 937 2388 990 CIttza
2420 956 2524 993 uno
2556 957 2688 1010 capo
2723 952 2934 997 tenente
2983 944 3033 996 itt
3095 947 3204 1012 ipsa
3242 947 3423 1012 Cluza,
3456 958 3509 1002 et
3536 949 3604 1002 de

2025 1023 2132 1077 alio
2154 1041 2287 1093 capo
2312 1028 2584 1085 Joltannes
2613 1033 2750 1087 filius
2781 1033 3066 1087 Domineco
3101 1036 3345 1100 habente,
3389 1050 3442 1092 et
3468 1042 3602 1092 infra

2027 1113 2330 1181 designatas
2365 1120 2509 1174 locas
2533 1123 2683 1175 nobis
2715 1137 2855 1176 nunc
2887 1139 3218 1179 reservamus
3249 1128 3332 1180 lini
3370 1138 3476 1190 tua,
3501 1146 3603 1193 que

2027 1219 2183 1271 supra
2235 1209 2560 1278 Anselperge
2610 1212 2876 1266 abbatisse
2931 1213 3308 1270 confirmamus
3339 1227 3601 1284 potestate

2029 1308 2198 1352 vestra
2253 1301 2523 1356 habendas
2578 1313 2631 1358 et
2683 1306 3044 1373 possidendas,
3075 1320 3127 1362 et
3172 1309 3388 1363 tuis.....
3418 1311 3600 1363 defen-

2025 1390 2249 1456 dendas,
2278 1405 2366 1448 aut
2395 1395 2640 1465 quicquid
2667 1399 2859 1453 exinde
2892 1399 3064 1454 facere
3108 1411 3195 1454 aut
3245 1403 3482 1470 judicare
3513 1421 3602 1454 γυ-

2025 1482 2209 1546 lueris,
2243 1489 2294 1538 itt
2330 1498 2506 1540 vestra
2544 1489 2826 1543 tribuimus
2883 1501 3161 1559 potestate.
3224 1494 3286 1548 Et
3333 1512 3597 1564 nunquam

2025 1574 2179 1628 nobis
2207 1575 2360 1631 liceat
2392 1579 2530 1630 nolle
2555 1581 2694 1648 qttud
2745 1583 3009 1636 voluitnus
3055 1585 3182 1639 dare
3240 1589 3401 1642 semel
3449 1588 3600 1640 vobis

2023 1678 2295 1731 concessa,
2327 1669 2422 1722 sed
2450 1671 2648 1735 omnia,
2683 1673 2821 1726 sicut
2869 1675 3113 1743 superius
3144 1678 3470 1746 μεθείω-..ην
3503 1697 3597 1733 nos

340 1769 519 1822 omnia
567 1768 871 1821 colterentia
918 1765 1114 1820 ibidem
1169 1766 1511 1832 pertinentia,
1555 1766 1781 1834 qualiter
1806 1763 1914 1834 jam
1957 1759 1996 1815 Β
2025 1757 2404 1815 imiolabiliter
2434 1778 2752 1819 conservare
2785 1769 3156 1832 promittimus,

340 1860 536 1914 dudum
565 1873 594 1910 a
628 1858 1002 1925 predecessorc
1045 1865 1228 1910 nostro
1269 1856 1464 1910 domno
1517 1855 1748 1910 ΑἰθιυέῙο
1791 1872 1917 1926 rege

346 1955 498 2007 nobis
552 1965 800 2004 concessa
855 1950 970 2013 fuit,
1019 1961 1111 2004 aut
1165 1965 1361 2017 qua....
1411 1949 1608 2004 ibidem
1659 1961 1915 2017 post......

345 2053 437 2098 aut
475 2042 708 2112 quolibet
755 2042 964 2109 ingenio
993 2040 1222 2104 advenit,
1253 2041 1388 2094 sicut
1420 2042 1612 2109 p0sita,
1644 2051 1697 2094 et
1719 2043 1915 2107 clausa,

341 2144 617 2201 atque.....
649 2133 840 2187 ibidem
869 2147 898 2184 a
930 2131 1081 2185 nobis
1111 2133 1417 2199 largito.....
1449 2135 1704 2187 etionem.
1740 2134 1918 2202 Itaque

344 2224 764 2292 supradicta.....
802 2222 1048 2291 Iargintus
1079 2232 1281 2276 curtcm
1318 2232 1552 2276 nostram
1585 2225 1632 2276 in
1666 2225 1802 2289 loco,
1835 2227 1916 2278 cui

348 2319 662 2374 Vocabulum
692 2330 772 2372 est
801 2318 1044 2371 Cerr.....
1079 2318 1130 2368 itt
1163 2316 1425 2384 integrum
1475 2318 1538 2368 ad
1585 2317 1748 2384 ipsa!"
1794 2333 1916 2370 cur-

345 2421 450 2466 tem
476 2410 882 2479 pertinentibus,
911 2409 1136 2476 qualiter
1159 2409 1310 2462 nobis
1341 2409 1407 2461 ab
1429 2409 1754 2463 eodem......
1785 2425 1916 2464 con-

341 2518 492 2556 cessa
527 2501 647 2565 fuit,
678 2504 816 2570 quod
848 2509 1027 2568 postea
1059 2500 1254 2554 ibident
1301 2515 1392 2568 per
1441 2503 1915 2567 comparationem,

340 2589 732 2652 donationem,
789 2599 880 2642 aut
945 2604 1399 2657 quocumque.....
1468 2590 1687 2643 decimis
1752 2593 1919 2644 tocius

342 2694 505 2747 terre,
539 2698 694 2751 quam
724 2696 904 2735 eat-um
935 2696 1218 2747 operarum
1274 2680 1462 2735 alicubi
1519 2681 1914 2747 laboraverunt,

337 2773 404 2824 ad
437 2771 646 2826 illarum
676 2784 1001 2823 cotttmu.....
1045 2768 1290 2837 superius
1335 2769 1627 2836 nominata,
1655 2785 1774 2822 cum
1806 2771 1918 2823 edi-

343 2866 476 2916 Iictis
524 2877 644 2916 cum
691 2862 913 2916 bovtbus
969 2871 1211 2915 et........
1264 2860 1533 2927 utriusque
1561 2877 1718 2915 sexus
1761 2863 1918 2915 simul

341 2970 461 3008 cum
517 2953 748 3020 familiis,
797 2955 1082 3011 servis.....
1131 2955 1349 3022 liberos,
1390 2955 1591 3020 liberis,
1620 2969 1743 3008 cum
1775 2956 1918 3009 omni

338 3057 390 3100 et
432 3050 482 3098 itt
508 3045 754 3100 omnibus
786 3047 1068 3100 mobilibus
1096 3057 1149 3101 et
1193 3045 1550 3101 immobilibus
1577 3048 1733 3101 rebus
1757 3049 1807 3100 in
1838 3048 1915 3101 in.

2093 1851 2226 1902 Acto
2260 1852 2310 1905 in
2337 1853 2451 1905 viCo
2478 1854 2744 1910 Disbetont
2773 1857 3016 1911 feliciter.

2093 1943 2203 2011 Fgo
2230 1944 2491 2001 Jobianus
2521 1947 2880 2004 subdiacttnus
2905 1952 2956 2003 iit
2983 1952 3119 2006 hanc
3146 1954 3401 2007 cartalam
3433 1956 3596 2007 dona-

2023 2035 2182 2088 tionis
2211 2051 2239 2088 a
2268 2052 2352 2090 me
2385 2036 2522 2090 facta
2557 2055 2712 2093 manu
2736 2042 3046 2112 subscripsi.

2091 2125 2131 2194 -ι-
2161 2127 2320 2197 Signa
2353 2145 2542 2185 manus
2571 2133 2784 2187 Antanti
2819 2135 2958 2189 filius
3000 2137 3223 2190 condam
3271 2137 3464 2203 Liveri,
3505 2139 3592 2206 qui

2022 2216 2158 2270 lianc
2186 2218 2381 2271 cartola
2407 2220 2710 2276 donationis
2735 2225 2846 2277 fieri
2884 2225 3105 2293 rogavit.

2095 2309 2130 2375 -ι-
2159 2306 2322 2377 Signa
2358 2325 2547 2364 manus
2577 2311 2782 2366 Martini
2818 2313 3054 2379 Feliculi,
3087 2317 3176 2385 qui
3219 2317 3352 2371 banc
3395 2320 3594 2373 cartula

2020 2395 2324 2461 donationis
2356 2403 2469 2455 fieri
2495 2406 2718 2472 rogavit.

2091 2491 2126 2559 1'
2160 2490 2344 2546 Manus
2394 2494 2652 2562 Stephani
2715 2497 2852 2548 Illius
2899 2502 3174 2553 memorati
3234 2501 3446 2567 Albino,
3505 2504 3594 2571 qui

2022 2579 2156 2636 Itattc
2185 2585 2384 2636 eartula
2416 2583 2717 2638 donationis
2753 2587 2866 2639 ficri
2894 2590 3117 2656 rogavit.

2093 2670 2130 2739 -ι-
2151 2672 2310 2739 Signa
2346 2689 2533 2728 manus
2565 2675 2731 2744 Beati,
2767 2678 2853 2744 qui
2898 2676 3031 2732 banc
3060 2681 3258 2734 cartola
3290 2681 3596 2738 donationis

2021 2760 2132 2815 ﬁeri
2167 2765 2390 2830 rogavit.

2093 2853 2132 2922 ’ί-
2165 2855 2324 2922 Signa
2359 2871 2546 2909 manus
2571 2855 2825 2912 Benenati
2871 2859 3008 2913 filius
3032 2862 3308 2927 Stephani,
3342 2865 3426 2930 qui
3461 2867 3596 2920 bane

2023 2946 2226 2998 cartola
2255 2945 2564 3001 donationis
2598 2947 2706 3002 fieri
2742 2952 2969 3018 rogavit,
3003 2953 3089 3020 qui
3141 2953 3288 3021 juxta
3345 2956 3459 3024 lege
3501 2973 3594 3010 sua

2027 3037 2492 3107 Langobardorum
2563 3041 2764 3109 recepit
2832 3040 3122 3098 Launecltit
3191 3058 3438 3102 manente
3503 3063 3594 3116 par

340 3150 570 3208 tegrmn,
625 3137 764 3192 sicut
816 3146 1000 3192 nostre
1031 3138 1284 3205 pertinuit
1309 3137 1556 3206 potestati
1587 3141 1637 3192 in
1661 3138 1778 3206 jura
1805 3140 1912 3202 jam
1943 3107 1990 3171 ο
2023 3146 2150 3184 uno.

341 3234 432 3286 tati
499 3230 808 3286 monasterii
873 3229 1212 3284 concedimus
1245 3268 1262 3294 ,
1327 3241 1379 3284 et
1441 3245 1536 3299 per
1612 3242 1912 3299 presetttem

341 3336 588 3378 nostrum
618 3322 1043 3378 eonlirmationis
1073 3333 1497 3391 preceptum.....
1527 3324 1594 3377 ab
1635 3325 1730 3378 Itae
1758 3323 1910 3378 die...

339 3417 650 3479 comitibus,
675 3415 969 3484 gastaldiis,
990 3423 1043 3468 et
1073 3415 1315 3484 gentibus
1347 3417 1631 3470 nostris....
1657 3417 1707 3470 in
1740 3421 1915 3486 atiquo

338 3509 534 3560 audeat
566 3507 915 3561 molestare...
954 3505 1018 3560 Et
1045 3515 1100 3560 ut
1137 3507 1422 3561 ltec........
1453 3509 1608 3562 dottle
1645 3523 1912 3562 notar.....

340 3603 540 3654 mensis
591 3599 994 3654 Januarii.......
1061 3599 1225 3652 nostri
1290 3601 1342 3654 in
1404 3600 1494 3654 Dci
1562 3604 1774 3656 nomine
1831 3618 1915 3658 se-

338 3693 723 3746 cuttdo.........
755 3705 818 3744 ne
850 3705 1109 3744 xn........

1019 3781 1250 3836 XXVIII.

336 3878 545 3950 Litterw
571 3874 776 3928 Jobiam’
809 3875 1104 3928 subdiaconi
1126 3885 1171 3928 et
1199 3877 1419 3950 aliorum
1448 3880 1514 3930 ad
1547 3880 1914 3950 Attselpergam

407 3949 712 3999 abbatissam
741 3950 1031 3998 monasterii
1053 3951 1212 3998 sancti
1247 3949 1534 4001 Saluatoris
1577 3948 1834 4014 Brixiani,
1864 3955 1916 4004 in

408 4020 588 4085 quibus
619 4021 776 4069 eidem
808 4017 1010 4087 donant
1030 4026 1051 4049 ιι
1077 4018 1330 4087 piscaria:
1351 4022 1546 4087 positas
1579 4021 1632 4072 in
1657 4023 1915 4075 territorio

415 4088 782 4140 Feronianemt'
813 4089 971 4156 (anno
1001 4086 1151 4154 767).

410 4179 687 4246 Ilegnante
709 4178 888 4231 dotnni
917 4177 1085 4230 nostri
1115 4177 1353 4232 Desideri
1385 4187 1438 4234 et
1468 4180 1714 4237 Adelcltis
1739 4197 1910 4252 reges,

335 4270 487 4338 regni
518 4283 700 4322 eorum
725 4267 1007 4320 undecimo
1036 4275 1089 4320 et
1119 4283 1282 4330 nono,
1308 4269 1393 4322 die
1422 4285 1470 4322 vt
1512 4272 1578 4324 de
1608 4275 1776 4327 mensi
1812 4274 1913 4328 De-

337 4359 597 4426 ctzntbris,
619 4377 711 4427 per
728 4357 1016 4413 indictione
1038 4375 1086 4411 vt
1113 4361 1354 4416 feliciter.
1383 4361 1737 4419 Dilectiss‘ma
1762 4368 1915 4422 nobis

335 4467 555 4517 semper
602 4451 778 4504 donua
827 4450 1156 4520 Anselperga
1209 4467 1238 4506 a
1285 4452 1390 4507 Deo
1425 4455 1617 4510 dilecta
1645 4456 1908 4513 abbatissa
1944 4460 1994 4521 D

339 4543 651 4602 minasterii
685 4543 889 4596 Domini
917 4543 1205 4607 Salvaturi,
1225 4547 1354 4599 scita
1377 4548 1426 4599 in
1457 4549 1673 4604 civitate
1700 4551 1909 4616 [tt-exin,

337 4649 500 4700 quam
525 4635 754 4688 domnus
781 4634 1085 4690 Desiderius
1111 4652 1208 4691 rex
1239 4655 1268 4692 a
1310 4640 1666 4696 fundamentis
1701 4643 1912 4696 edifiea-

327 4735 449 4778 vet.
500 4725 726 4791 Ideoque
774 4741 874 4778 nus
921 4727 1179 4784 Jobianus
1227 4730 1613 4800 subdiaconus,
1667 4737 1914 4789 Amantio

338 4814 483 4868 ﬁlius
506 4813 702 4880 Liberi,
759 4816 1127 4882 Martinorum,
1179 4815 1454 4886 Stephano
1506 4824 1648 4876 filius
1698 4825 1910 4888 Albino,

342 4905 559 4968 Beatus,
608 4904 928 4972 Lopicenus,
980 4921 1042 4960 ac
1088 4909 1334 4964 Martino.
1389 4911 1654 4982 Cogitanti
1707 4915 1913 4971 .lobiani

342 4995 614 5049 Benenato
647 5001 933 5051 donatores
961 5015 1060 5051 nus
1092 5013 1363 5070 presentes
1403 5007 1733 5071 presentibtts
1757 5009 1865 5062 dixi
1899 5029 1911 5062 :

339 5085 460 5139 Illas
486 5087 601 5155 jura
628 5087 956 5158 firmissima,
983 5109 1086 5162 que
1112 5105 1162 5148 et
1191 5107 1480 5164 spontanea
1503 5101 1792 5155 conteritur
1824 5118 1916 5156 vo-

341 5223 720 5275 momtSterium
752 5224 850 5277 sub
871 5225 1035 5278 variis
1066 5227 1208 5282 Itisce
1231 5229 1393 5283 titulis
1415 5243 1649 5286 erectum
1683 5234 1778 5288 fttit
1796 5236 1817 5287 ?
1837 5239 1914 5290 Att

339 5300 492 5343 antea
546 5301 840 5345 sanctorum
887 5293 1154 5350 Michaelis
1203 5311 1246 5350 et
1314 5299 1453 5354 Petri
1505 5307 1714 5359 nemine
1767 5307 1915 5360 dedi—

339 5374 538 5424 catum,
561 5374 765 5427 postea,
789 5365 1006 5427 lubente
1027 5382 1170 5434 rege,
1194 5370 1392 5423 Domini
1413 5373 1694 5426 Salvatoris
1723 5392 1913 5430 nomen

338 5437 663 5507 assurnpstt?
695 5438 793 5507 _Au
856 5437 1030 5504 potius
1073 5453 1246 5507 agitur
1285 5444 1366 5493 ltic
1403 5448 1468 5495 de
1511 5447 1678 5497 altero
1731 5463 1915 5499 mona-

337 5501 524 5562 sterio,
569 5503 715 5578 quod,
765 5501 1067 5578 Destderius
1109 5501 1488 5578 construxerit,
1544 5524 1598 5566 et
1636 5517 1914 5570 celebriori

341 5584 665 5649 tttottasterto
687 5577 976 5649 Salvatoris
992 5583 1361 5646 supposuerit?
1394 5577 1502 5649 ligo
1534 5586 1582 5636 itt
1617 5601 1671 5637 re
1693 5588 1914 5641 obScura

339 5642 658 5721 Setttcntiattt
685 5647 1031 5721 suspendere,
1057 5642 1277 5721 eantque
1301 5642 1506 5721 pt'ritiot
1524 5655 1637 5710 ibus
1660 5656 1915 5712 Brixianu:

341 5711 489 5765 utbts
517 5728 788 5769 reservare
819 5719 986 5772 ratius
1016 5720 1158 5773 duxi.

2088 3222 2126 3290 -ι-
2156 3221 2314 3291 Signa
2348 3238 2532 3277 manus
2563 3224 2846 3292 Lupiceno,
2878 3226 2965 3296 qui
3000 3226 3137 3281 hanc
3168 3230 3366 3284 cartola
3421 3231 3590 3284 dotta-

2019 3314 2174 3366 tionis
2198 3315 2309 3366 fieri
2335 3317 2557 3380 rogavit.

2089 3405 2128 3475 1‘
2157 3405 2320 3474 Signa
2356 3421 2542 3461 manus
2573 3408 2822 3473 Martino,
2846 3411 2933 3479 qui
2982 3411 3116 3466 lianc
3145 3412 3399 3468 cartttlarn
3427 3414 3592 3470 dona-

2019 3503 2174 3555 tionis
2197 3502 2310 3556 fleri
2344 3505 2565 3572 rogavit.

2089 3593 2128 3663 ’ξ-
2158 3594 2314 3663 Signa
2340 3611 2526 3651 manus
2552 3597 2810 3653 Johannis
2857 3598 2992 3652 filius
3043 3600 3180 3655 bone
3209 3605 3466 3657 ntetnorie
3493 3604 3594 3654 lto-

2019 3690 2124 3740 nati
2149 3693 2318 3742 testis.

2089 3780 2125 3850 -ξ-
2159 3779 2251 3834 Vel
2283 3781 2599 3850 Lampertus
2622 3785 2861 3838 notarius
2889 3793 3102 3855 rogatus
3128 3788 3192 3842 ad
3217 3791 3592 3857 suprascriptis

2016 3871 2264 3925 donantis
2321 3875 2372 3926 itt
2437 3875 2574 3928 Itane
2621 3876 2824 3930 eartula
2872 3892 3028 3932 manu
3079 3893 3195 3938 mea
3251 3882 3401 3934 testis
3458 3884 3584 3933 sub-

2017 3963 2229 4029 seripsi.

2092 4057 2201 4125 Ego
2252 4057 2510 4112 Gaidoald
2559 4069 2774 4126 rogatus
2818 4059 2883 4112 ad
2931 4061 3301 4130 suprascriptis
3347 4061 3594 4114 donantis

2020 4146 2072 4199 in
2107 4148 2243 4200 banc
2288 4149 2490 4202 cartula
2536 4148 2841 4203 donationis
2899 4165 3056 4204 manu
3104 4165 3217 4205 mea
3261 4153 3413 4206 testis
3459 4153 3589 4206 sub-

2016 4237 2226 4304 scripsi.

2089 4328 2313 4395 Scripsit
2340 4343 2438 4397 ego
2468 4328 2758 4385 Godstalco
2789 4329 2998 4385 notario
3047 4333 3364 4402 prostradita
3402 4347 3582 4388 coram

2020 4421 2240 4474 testibus
2271 4420 2454 4490 relegi,
2488 4421 2750 4491 complevi
2776 4431 2829 4475 et
2849 4423 3012 4477 dedit.

2711 4533 2901 4588 XXIX.

2019 4622 2045 4660 δ
2083 4622 2345 4676 Valeriani
2373 4634 2418 4676 et
2451 4624 2722 4678 Lt'odoaldi
2773 4625 2968 4688 charta,
3010 4632 3389 4684 concedrttlttim
3421 4633 3590 4687 Aurel-

2087 4711 2252 4763 pergit:
2275 4696 2538 4746 abbatissa:
2564 4698 2853 4747 monasterii
2908 4695 3137 4750 Brit-iani
3182 4706 3346 4754 saluii
3398 4704 3588 4757 Salva-

2088 4767 2212 4816 toris
2257 4775 2306 4817 et
2354 4774 2544 4836 sancta:
2595 4764 2754 4836 Julia:
2795 4771 2886 4836 jus
2922 4771 3114 4821 canalis
3142 4773 3208 4821 ad
3235 4773 3586 4826 deducendam

2088 4850 2275 4900 aquam
2301 4836 2349 4886 in
2372 4835 2503 4887 idem
2532 4835 2810 4888 canobitmi
2840 4837 2994 4905 (anno
3024 4840 3171 4909 76f).

2088 4923 2366 4993 Regnante
2387 4925 2586 4978 domno
2611 4925 2884 4981 Desiderio
2905 4937 2957 4982 et
2976 4929 3214 4999 Adelgis,
3241 4934 3379 4985 viros
3399 4933 3581 4986 excel-

2019 5014 2347 5068 lentissimos
2371 5030 2544 5082 reges,
2571 5032 2712 5070 anno
2743 5019 2890 5086 regni
2920 5035 3104 5073 eorum
3125 5023 3308 5086 quinto
3329 5032 3378 5074 et
3399 5037 3590 5076 secun-

2017 5107 2108 5170 do,
2137 5107 2234 5159 sub
2258 5107 2344 5160 die
2374 5121 2464 5159 vin
2510 5107 2776 5163 Kalendas
2827 5111 3044 5178 Aprilis,
3077 5111 3336 5164 indicione
3382 5127 3486 5165 xiv.
3534 5111 3590 5166 In

2092 5250 2117 5278 ει
2153 5242 2293 5294 Dona
2327 5241 2414 5294 illa
2455 5245 2554 5294 sita
2604 5241 2764 5296 fuisse
2814 5243 3061 5295 dicuntur
3102 5243 3367 5294 lerreturio
3427 5241 3589 5297 Fera-

2023 5312 2248 5364 niattettsi
2281 5326 2300 5365 :
2339 5327 2454 5379 quae
2484 5313 2690 5365 diettttdi
2724 5313 2947 5364 formula
2986 5315 3291 5379 plerumque
3321 5315 3458 5378 apud
3490 5333 3584 5368 an-

2021 5384 2195 5446 tiquos
2223 5383 2356 5435 idem
2386 5383 2645 5448 significat
2690 5392 2849 5447 atque
2889 5383 3175 5442 comitatus,
3210 5392 3261 5433 et
3293 5388 3583 5447 praesertim

2018 5468 2137 5505 cum
2172 5454 2309 5504 nulla
2341 5453 2658 5505 Mutinensis
2681 5453 2826 5503 urbis
2855 5452 3052 5503 mentio
3077 5451 3319 5503 addatur.

2093 5523 2116 5559 ι’
2145 5524 2306 5574 Erant
2347 5523 2431 5574 illa
2478 5523 2686 5575 nomina
2746 5521 2902 5572 veluti
2944 5521 3047 5571 duo
3105 5523 3313 5573 nomina
3360 5539 3582 5588 quorum

2020 5595 2242 5645 alterum
2265 5595 2314 5644 in
2341 5594 2620 5659 baptismo,
2646 5591 2864 5641 alterum
2889 5601 3010 5642 ante
3031 5591 3108 5643 vel
3129 5605 3236 5659 post
3267 5593 3583 5660 baptismum

2025 5663 2207 5728 (idque
2240 5662 2584 5728 Irequtrntins)
2613 5676 2640 5711 a
2670 5660 2970 5725 parentibus
3001 5670 3091 5712 aut
3126 5679 3151 5713 a
3187 5665 3378 5729 populo
3419 5665 3587 5731 impo-

2025 5736 2264 5788 nebatur.
2300 5731 2391 5786 Diu
2420 5732 2562 5784 enim
2593 5747 2706 5784 mos
2733 5731 2871 5800 apud
2901 5732 3231 5787 Christianos
3255 5735 3501 5799 obtinuit,
3535 5747 3589 5788 ut
