4056 6178
545 276 674 334 1391

1700 270 2314 329 LANGOBARDORUM
2358 268 2593 325 REGUM

3614 279 3717 333 1393

538 388 740 444 ωινίςιῖ
801 385 1034 446 nomine,
1078 381 1438 452 promittimus
1495 392 1656 452 alque
1688 386 2001 452 spnndimus
2026 400 2122 439 nos
2160 387 2205 445 Λ
2304 382 2342 451 -ι-
2393 382 2501 437 Leo
2553 391 2768 451 rogatus
2815 378 2869 435 a'
2905 381 3184 437 Valeriano
3231 392 3283 438 et
3330 384 3581 443 Lindnaldo
3624 407 3718 458 ger.

545 481 858 535 Valetianus
882 488 935 531 et
959 476 1279 530 Liodoaldus
1304 476 1564 544 germani,
1593 477 1683 530 lilii
1703 478 1967 545 quondant
1993 478 2122 532 Leo-

544 574 649 636 nis,
674 573 1003 624 habitatores
1034 569 1167 636 intra
1203 584 1383 622 muros
1429 568 1662 623 civitatis
1718 569 2003 636 Brixiana},
2033 570 2125 623 tibi

546 664 885 730 Auselperga:
915 661 1100 715 dicata:
1132 660 1243 715 Deo
1268 658 1554 713 abbatissa:
1584 661 1895 715 monasterii
1919 661 2125 716 Domini

543 750 835 805 Salvatoris
871 751 1008 803 intra
1039 750 1309 804 civitatem
1365 749 1672 823 Brixianam
1735 751 2031 818 fundatum,
2061 753 2130 808 de

544 842 812 897 curriculo
847 841 956 905 illo,
988 856 1081 910 per
1110 856 1267 910 quem
1299 840 1538 910 graditur
1570 856 1704 911 aqua
1746 843 1812 897 ad
1860 854 2133 899 monaste-

549 937 684 988 rium
721 918 981 999 vestrum,
1012 945 1066 988 et
1095 944 1231 987 estat
1286 949 1356 989 ex
1402 944 1553 1002 parte
1596 937 1944 990 constitutum
1993 938 2131 992 intra

551 1042 733 1079 casaut
764 1027 845 1081 vel
878 1036 1084 1080 curtem
1112 1027 1457 1083 habitationis
1499 1041 1718 1094 nostrae,
1752 1045 1917 1097 usque
1943 1030 2007 1084 ad
2037 1047 2131 1099 pe—

548 1118 646 1172 des
668 1118 1046 1187 quinquaginta
1079 1133 1171 1171 sex
1204 1117 1378 1187 juxta,
1412 1126 1467 1172 ut
1489 1118 1742 1186 deinceps
1776 1130 1828 1172 et
1856 1120 1908 1173 in
1941 1135 2132 1189 perpe-

551 1220 699 1263 tuum
729 1210 851 1264 sine
878 1220 1063 1264 nostra
1090 1209 1456 1277 lteredumque
1479 1221 1779 1265 nostrorum
1802 1212 2134 1266 interdictio-

557 1319 624 1357 ne
656 1313 972 1370 permaneat
1004 1317 1216 1370 semper
1236 1304 1380 1356 omni
1414 1314 1673 1372 tempore,
1700 1305 1837 1363 inter
1866 1319 1924 1358 se
1949 1307 2136 1374 quale-

556 1394 631 1447 bit
652 1393 1140 1459 conturbationem,
1174 1394 1255 1447 vel
1288 1404 1585 1463 rupturam,
1617 1404 1708 1449 aut
1740 1395 1994 1450 lesionem
2034 1396 2137 1448 alia

559 1486 877 1551 accesserit,
913 1484 1131 1539 liberam
1166 1484 1430 1538 licentiam
1456 1484 1647 1539 haheat
1678 1500 1800 1553 pars
1828 1486 2139 1540 monasterii

560 1577 723 1631 vestri
756 1578 898 1630 omni
932 1586 1171 1643 tempore
1230 1575 1410 1630 fodere
1463 1586 1516 1630 et
1542 1578 1750 1644 aperire
1790 1585 2012 1642 terram,
2039 1594 2144 1647 que

560 1684 683 1736 erga
708 1667 883 1737 ipsum
915 1676 1074 1730 estat,
1104 1667 1167 1719 ad
1199 1667 1677 1734 rvcooperaudum,
1712 1669 1763 1722 in
1795 1684 1900 1738 quo
1929 1679 2146 1723 contur—

2232 474 2401 527 manis
2441 474 2492 527 in
2547 473 2645 528 hac
2706 473 2893 543 pagina
2949 475 3306 542 promissionis
3354 486 3405 530 ct
3449 479 3721 549 obligatinnis

2232 564 2384 618 testis
2435 564 2747 635 subscripsi,
2804 573 2857 619 et
2905 567 3292 634 suprascriptas
3342 582 3425 622 res
3472 569 3721 628 Lauuicltiltl

2233 655 2364 709 dare
2388 654 2520 710 vidi.

2306 746 2570 803 Pollecius
2602 758 2817 818 rogatus
2844 763 2873 802 a
2898 747 3183 804 Valeriano
3221 758 3274 805 et
3302 751 3533 808 Liodoald
3558 771 3721 824 germa-

2235 839 2337 898 nis.
2366 850 2466 895 etc.
2480 883 2495 909 ,
2520 853 2572 895 ut
2592 860 2770 910 supra.

2304 932 2339 1003 τ
2376 933 2482 1002 Ego
2502 936 2864 1002 suprascripto
2920 935 3222 991 Tanoaldus
3268 938 3385 993 huic
3431 942 3592 1011 pagine
3632 961 3724 1013 pro-

2235 1024 2507 1079 missionis
2534 1024 2723 1091 scripsi
2773 1034 2827 1080 et
2855 1026 3171 1097 subscripsi,
3204 1044 3355 1098 quam
3398 1045 3503 1100 post
3538 1037 3725 1090 traditam

2236 1114 2520 1183 complevi.
2544 1140 2547 1141 ν

2937 1209 3105 1265 XXX.

2241 1293 2461 1351 Donatio
2521 1295 2705 1369 Gisul/i
2761 1301 2894 1431 regis
2918 1339 2935 1367 ,
3001 1303 3439 1443 przoﬁsfassinenst'
3493 1314 3726 1365 monasterio

2869 1386 3004 1425 arma
3182 1412 3196 1428 .

2869 1386 3004 1425 anno
3051 1386 3196 1428 Δϋδ).

2426 1456 2515 1520 (Ex
2543 1458 2697 1522 Tosti,
2722 1458 3034 1511 Storia‘della
3061 1464 3202 1513 badia
3226 1464 3274 1515 di
3300 1466 3600 1533 MonL-Cass.)

2482 1564 2589 1619 Nos
2637 1567 2716 1620 vir
2758 1567 3180 1637 gloriosissimus
3217 1572 3440 1629 Gisollus
3483 1577 3561 1632 Dei
3603 1583 3734 1648 prori-

2250 1655 2427 1719 dentia
2469 1672 2705 1713 summus
2745 1659 2850 1713 dux
2903 1659 3373 1729 Lougobardorum
3408 1668 3574 1734 gentis,
3610 1682 3737 1724 motus

565 1758 740 1810 butum
770 1757 946 1810 fuerit.
976 1756 1041 1809 Et
1071 1758 1114 1810 si
1141 1757 1258 1825 quis
1280 1772 1345 1810 ex
1379 1758 1552 1823 nobis,
1586 1758 1674 1828 qui
1721 1775 1878 1829 supra
1914 1761 2149 1816 Valeria-

2209 1734 2226 1789 ἶ
2256 1748 2351 1805 Dei
2382 1749 2765 1815 omnipotentis
2794 1721 3188 1820 misericordia,
3222 1764 3274 1806 et
3302 1755 3368 1808 ob
3409 1721 3574 1811 animae
3596 1721 3739 1816 nostra:

562 1862 661 1901 nus
684 1856 738 1901 et
766 1845 1091 1900 Liodoaldus
1125 1846 1353 1902 heredes
1392 1849 1443 1900 itt
1495 1850 1674 1919 aliquo
1701 1849 2149 1907 disturbationem

565 1938 849 1992 fecerimus
881 1953 948 1992 ex
980 1938 1095 2006 ipso
1124 1936 1413 2000 cutriculo,
1459 1949 1550 1992 aut
1602 1940 1745 2008 quali
1805 1940 1856 1995 in
1910 1951 2151 2012 tempore

565 2030 866 2099 oportuerit
916 2029 982 2083 ad
1040 2029 1496 2099 recooperaudum
1545 2046 1667 2084 eum
1696 2031 2149 2099 interdixetimus,

564 2125 617 2177 in
647 2137 755 2191 quo
783 2122 1035 2192 superius
1060 2120 1272 2190 legitur,
1304 2130 1358 2175 et
1377 2130 1564 2177 contra
1598 2122 1732 2175 hanc
1755 2124 2007 2177 cartulam
2030 2140 2153 2191 pro-

574 2217 858 2271 missionis
890 2216 968 2271 ire
994 2215 1313 2285 quandoque
1339 2216 1780 2286 temptaverimus
1821 2230 1915 2285 per
1942 2229 2040 2268 nos
2065 2223 2155 2267 aut

567 2308 994 2377 qualencumque
1022 2320 1329 2375 personam,
1391 2305 1615 2376 principi
1662 2316 1755 2360 aut
1795 2305 1958 2376 judici
1991 2306 2156 2373 supli—

572 2400 824 2466 candum,
861 2414 959 2467 pro
988 2413 1094 2467 quo
1145 2397 1487 2451 manifestum
1547 2397 1726 2466 fuerit,
1775 2380 2157 2464 componamus

569 2493 635 2546 ad
665 2499 869 2558 partem
897 2489 1261 2557 suprascripto
1316 2487 1646 2541 monasterio
1694 2486 1787 2541 tibi
1817 2487 2157 2555 Anselpcrgaa

572 2582 883 2644 abbatissae,
935 2588 990 2633 et
1035 2577 1439 2633 successoribus
1472 2577 1596 2639 tuis,
1630 2576 1745 2630 auri
1776 2577 1977 2630 solidos
2007 2576 2159 2645 quin-

573 2674 849 2743 quaginta,
881 2678 1081 2743 etpost
1138 2684 1276 2739 pene
1324 2668 1645 2722 solutionem
1700 2682 1922 2737 presens
1970 2671 2160 2739 pagina

574 2762 815 2815 obtineat
838 2760 1087 2814 ruborem
1116 2777 1127 2813 :
1154 2759 1231 2821 sic
1253 2757 1324 2813 i'ta
1350 2769 1405 2812 ut
1430 2759 1475 2813 si
1509 2774 1641 2826 aqua
1660 2775 1724 2813 ex
1760 2758 1876 2828 ipso
1899 2760 2163 2814 curriculo

575 2853 722 2908 foras
754 2852 982 2922 ruperit,
1016 2866 1120 2905 non
1155 2852 1225 2905 sit
1247 2849 1564 2921 negligentia
1584 2850 1693 2920 jam
1724 2850 1850 2904 dicti
1887 2860 2162 2906 monaste-

578 2943 641 2998 rii
673 2944 834 2998 vestri
867 2941 931 2996 ad
985 2942 1472 3010 recoopcrandum,
1518 2955 1584 2995 ne
1612 2939 1766 2995 vobis
1794 2956 1958 3010 grave
1985 2949 2041 2996 et
2067 2942 2165 2995 im-

2256 1843 2527 1912 totiusque
2550 1856 2745 1899 nostra:
2774 1848 2949 1917 gentis
2973 1847 3226 1911 salutem,
3256 1864 3406 1919 quam
3432 1859 3481 1905 et
3507 1867 3583 1920 per
3604 1868 3740 1920 rogum

2256 1930 2479 1999 Majonis
2527 1934 2737 1989 comitis
2780 1936 2949 1990 nostri
2991 1940 3357 1993 concessimus
3394 1941 3440 1993 in
3493 1944 3744 1997 monasterio

2255 2019 2426 2076 beata:
2454 2034 2507 2077 et
2549 2024 2798 2095 gloriosae
2838 2026 2930 2081 Dei
2958 2028 3235 2095 genitricis
3274 2044 3563 2101 semperque
3584 2032 3745 2102 virginis

2258 2112 2459 2181 Mariae,
2490 2116 2632 2184 quod
2664 2116 2731 2169 ab
2748 2117 2876 2170 olim
2922 2128 3291 2173 constructum
3320 2127 3400 2174 est
3427 2122 3472 2174 in
3500 2122 3657 2186 locum,
3680 2122 3745 2191 qni

2258 2203 2559 2257 nominatur
2583 2202 2790 2274 Ciugla,
2824 2207 2875 2259 in
2905 2222 3012 2276 quo
3040 2209 3311 2263 Acetrutla
3349 2209 3450 2264 Deo
3474 2210 3604 2279 digna
3626 2212 3746 2265 abba-

2257 2296 2384 2348 tissa
2432 2309 2663 2363 ρτειξεεεθ
2704 2296 2936 2365 videtur,
2976 2298 3190 2355 inclitas
3229 2302 3358 2355 duas
3397 2311 3551 2357 curtes
3576 2313 3747 2371 nostras,

2257 2401 2390 2458 quas
2434 2387 2691 2444 habemus
2746 2390 2801 2446 in
2841 2391 3036 2448 liuibus
3079 2392 3266 2449 Teano
3297 2395 3407 2448 loco
3438 2394 3684 2461 Baianum,
3713 2407 3750 2450 ιιι

2262 2485 2386 2531 sunt
2440 2478 2602 2532 ambo
2651 2479 2978 2550 conjuttctm,
3030 2497 3259 2552 quarum
3304 2501 3399 2539 una
3440 2487 3749 2541 uomiuaturad

2262 2570 2507 2625 Gruttule
2555 2581 2608 2624 et
2651 2572 2819 2627 altera
2860 2574 2927 2628 ad
2957 2574 3118 2639 Tura,
3167 2576 3389 2631 habente
3417 2578 3521 2633 linis
3544 2580 3753 2648 praedictas

2260 2675 2470 2726 curtes,
2520 2664 2588 2718 ab
2630 2679 2735 2719 una
2775 2679 2930 2735 parte
2972 2670 3205 2737 qualiter
3239 2672 3377 2726 vadit
3414 2688 3497 2741 per
3536 2674 3682 2740 pedem
3708 2678 3754 2725 de

2264 2767 2446 2813 monte
2494 2759 2667 2814 sancti
2699 2760 3027 2828 Leuttlterii;
3075 2775 3132 2817 et
3182 2764 3251 2819 ab
3290 2765 3407 2820 inde
3442 2763 3755 2833 qualiterjuxta

2264 2850 2493 2903 eundem
2548 2860 2781 2906 montem
2830 2853 3107 2909 descendit
3154 2856 3205 2910 itt
3247 2856 3402 2910 ﬂuvio
3446 2856 3678 2917 Bnlturnn.
3710 2857 3757 2905 ab

2265 2939 2368 2994 alia
2424 2952 2576 3010 parte
2627 2942 2858 3010 qualiter
2925 2946 3168 2999 ascendit
3214 2960 3308 3014 per
3353 2946 3560 3000 medium
3604 2944 3755 2997 atticum

579 3036 727 3099 pium
757 3035 951 3089 inferat
981 3037 1257 3097 damnum,
1281 3033 1421 3102 quod
1456 3032 1707 3102 possibile
1760 3033 2003 3087 videatur
2042 3047 2165 3087 esse
2191 3079 2240 3144 ϐ
2272 3034 2506 3101 praedicti
2560 3033 2795 3090 ﬂuminis
2847 3051 3014 3105 usque
3050 3038 3100 3091 in
3160 3039 3281 3093 ribo
3322 3040 3404 3108 qui
3448 3034 3759 3092 nomittalurde

585 3140 676 3182 aut
699 3128 1080 3195 intollerabile,
1114 3127 1520 3196 prolongaveral
1540 3125 1872 3179 dilationem.
1904 3125 2057 3182 Unde
2078 3140 2164 3180 ac-

584 3222 826 3290 cepimus
852 3234 950 3273 nos
982 3218 1301 3273 Valerianus
1344 3227 1399 3272 et
1440 3216 1764 3271 Liodoaldus
1798 3218 2166 3286 promissionis

591 3308 927 3371 Launicbild,
960 3308 1252 3363 secundum
1288 3307 1457 3375 legem
1491 3317 1745 3371 nostram,
1798 3321 1827 3359 a
1878 3315 1931 3361 te
1983 3307 2169 3361 Ansel-

589 3418 749 3472 pet-gn
802 3401 1073 3456 abbatissa
1118 3414 1181 3454 ex
1233 3399 1467 3461 sacculo,
1520 3407 1577 3452 ut
1624 3413 1805 3467 supra,
1864 3399 2169 3454 monasterii

589 3494 774 3558 vestri,
805 3495 917 3547 auri
950 3492 1149 3546 solidos
1175 3505 1400 3546 numero
1432 3505 1554 3559 sex,
1583 3501 1637 3545 et
1683 3490 1791 3546 duo
1812 3492 2083 3559 tremisse,
2117 3501 2175 3546 ut

593 3584 800 3639 stabilis
835 3593 1167 3652 permaneat.
1196 3583 1362 3649 Quam
1386 3598 1511 3638 vero
1533 3581 1773 3652 paginam
1799 3582 2175 3651 promissionis

590 3679 704 3732 Ton
721 3676 863 3730 oaldi
893 3676 1231 3731 scribendum
1263 3677 1585 3745 rogavimus,
1603 3676 1690 3744 qui
1708 3682 1763 3729 et
1783 3689 1881 3745 ego
1896 3690 1959 3729 ex
1978 3675 2176 3729 dictato

596 3769 884 3823 Laurentio
907 3767 1113 3821 notario
1138 3768 1346 3836 scripsi.

664 3861 858 3915 Actum
885 3857 1061 3914 Brixia
1092 3858 1341 3913 feliciter.

675 3951 897 4020 Signum
932 3949 973 4021 -ι-
1006 3965 1196 4005 manus
1221 3948 1493 4004 Liodoaldi
1524 3952 1957 4020 recognoscentis
1982 3951 2047 4006 ad
2066 3966 2181 4006 om-

604 4044 688 4099 nia
718 4043 1104 4110 suprascripta.

674 4133 715 4204 -ι-
751 4133 1061 4187 Valerianus
1088 4134 1223 4193 hanc
1254 4133 1497 4203 paginam
1527 4134 1895 4205 promissionis
1922 4137 2183 4194 cautionis

609 4241 636 4278 a
664 4226 818 4279 nobis
848 4226 1039 4279 tactam
1068 4225 1504 4293 subscripsimus,
1529 4225 1741 4280 relectae
1763 4228 1998 4282 scribere
2028 4227 2184 4283 obtu-

612 4321 670 4385 li,
698 4319 942 4373 roboravi
971 4328 1023 4374 et
1045 4317 1361 4386 subscripsi,
1387 4320 1501 4374 auri
1525 4318 1725 4374 solidos
1747 4334 1841 4375 sex
1863 4330 1917 4376 et
1945 4321 2052 4376 duo
2076 4333 2184 4378 tre-

606 4410 768 4462 misse
799 4409 1001 4476 accepi.

609 4522 675 4597 ad
676 4521 898 4597 _aliquot
915 4538 1107 4597 annos,
1128 4538 1327 4593 eosque
1356 4522 1618 4597 interdum
1642 4524 1861 4589 multos,
1882 4526 2183 4597 baptismus

612 4592 937 4664 dill‘erretur,
972 4596 1124 4664 isque
1152 4592 1377 4649 solemni
1402 4597 1503 4648 ritu
1555 4593 1605 4648 itt
1655 4596 1928 4664 pervigilio
1959 4592 2181 4652 'tautum

612 4662 885 4737 Paschalis
913 4675 966 4718 et
996 4663 1339 4737 Pentecostes
1391 4662 1776 4737 celebraretur,
1808 4662 1941 4723 misi
1975 4668 2185 4737 pericu-

613 4736 723 4789 lum
778 4735 899 4786 vita:
948 4736 1232 4789 imminens
1273 4736 1683 4790 ministrandum
1743 4747 1866 4792 ante
1916 4735 2185 4794 suaderet.

615 4804 767 4858 'l‘uuc
795 4817 922 4869 ergo
951 4813 1072 4857 autc
1102 4807 1422 4873 baptismum
1474 4806 1761 4861 infantibus
1805 4825 1997 4863 nomen
2023 4811 2188 4863 daha-

618 4884 728 4929 tur.
762 4873 890 4926 Vide
924 4874 1205 4929 Beroldum
1240 4878 1289 4929 in
1320 4877 1698 4930 dissertatione
1748 4894 1847 4931 LVII
1890 4881 1955 4932 de
1986 4880 2192 4935 Bitibus

622 4946 1013 5019 Amhrosianis.
1045 4944 1211 5019 Porro
1237 4946 1553 5019 adeoiusita
1581 4957 1664 5000 est
1702 4947 1753 5000 in
1786 4950 1989 5019 populis
2031 4951 2194 5006 libido

622 5025 679 5090 et
719 5017 1049 5090 consuetudo
1107 5016 1408 5090 hujusmcdi
1438 5020 1800 5072 vetustissima
1850 5016 2192 5090 agitantinum

624 5085 1108 5159 imponendnrttm,_
1143 5098 1199 5159 ut
1246 5086 1435 5159 adhuc
1469 5085 1908 5144 coustautissinta
1948 5091 2198 5159 perduret.

627 5157 766 5230 inter
795 5159 1051 5225 plurimos
1089 5156 1250 5211 [taliae
1282 5157 1527 5230 populos.
1574 5161 1613 5211 A
1666 5156 1959 5217 Mutinensi
1985 5164 2196 5230 quidem

626 5227 768 5299 urbe
796 5241 929 5296 pene
960 5242 1178 5295 prorsus
1208 5228 1458 5299 excessit,
1491 5240 1545 5282 ut
1587 5244 1700 5299 rem
1732 5227 2027 5287 domestico
2055 5238 2202 5287 testi-

628 5297 809 5371 monio
830 5299 1161 5371 conﬁrmem.
1198 5298 1393 5352 Verqu
1425 5299 1476 5352 in
1510 5297 1767 5366 castellis,
1796 5312 1851 5356 et
1891 5305 1997 5357 ruri
2038 5306 2201 5371 potis-

627 5368 847 5440 simum,
881 5370 1075 5422 multus
1104 5378 1186 5423 est
1234 5386 1358 5423 usus
1408 5372 1769 5438 agnominum,
1830 5368 2202 5440 vixque'ullus

627 5438 894 5513 interdum
945 5448 1026 5491 est
1069 5456 1098 5492 e
1144 5439 1354 5513 rusticis
1384 5442 1432 5492 in
1457 5442 1630 5513 aliquo
1656 5444 1792 5508 vico,
1818 5446 1905 5512 qui
1936 5438 1999 5498 ex
2042 5461 2203 5513 agno-

631 5510 796 5576 miue,
826 5522 983 5576 quam
1032 5523 1097 5563 ex
1141 5512 1378 5572 nomine,
1408 5525 1514 5563 non
1544 5512 1612 5565 sit
1642 5514 1818 5565 notior
1838 5510 2046 5567 ‘vicinis
2070 5510 2198 5569 suis.

630 5575 774 5630 Idem
802 5575 1025 5631 a’GaIIis
1057 5580 1108 5632 in
1133 5581 1320 5633 militia
1349 5581 1541 5634 factum
1567 5583 1938 5637 animadverti.
1962 5586 2086 5639 Haec
2109 5600 2203 5638 au-

636 5649 1074 5722 temagnontina.
1108 5665 1407 5717 quanquam
1459 5652 1755 5706 necessitas
1804 5654 2089 5722 aliquando
2125 5657 2205 5709 in-

638 5716 859 5772 vexisse
888 5716 1150 5785 videntur,
1184 5716 1416 5777 attamen
1459 5716 1917 5791 progredientibus
1968 5727 2203 5795 saeculis,

2273 3125 2502 3195 Bagnula
2530 3124 2598 3180 de
2642 3127 2796 3181 tertia
2829 3139 2981 3194 parte
3012 3128 3278 3196 praedicto
3308 3129 3440 3195 ribo,
3468 3130 3546 3196 qui
3584 3124 3759 3180 decentit

2269 3217 2408 3272 inter
2459 3216 2554 3272 ltas
2596 3226 2774 3273 curtes
2834 3228 2887 3272 et
2935 3227 3072 3274 terra
3122 3219 3332 3289 prolati
3382 3218 3681 3280 monasterii,
3713 3216 3759 3265 de

2268 3318 2456 3378 quarta
2486 3317 2635 3379 parte
2658 3309 2764 3363 line
2794 3310 3014 3375 ribulus,
3040 3310 3135 3379 qui
3154 3312 3328 3365 intrat
3353 3311 3402 3365 in
3429 3311 3640 3379 praedicto
3662 3306 3760 3367 ribo,

2270 3410 2328 3455 et
2347 3400 2575 3469 qualiter
2603 3400 2843 3455 ascendit
2867 3401 3120 3469 praedicto
3148 3403 3352 3457 ribulus
3365 3415 3515 3470 usque
3532 3401 3574 3454 in
3599 3397 3761 3455 eoloco.

2274 3491 2412 3547 unde
2463 3493 2774 3561 egreditur,
2829 3495 2984 3548 etab
3022 3494 3151 3549 inde
3192 3495 3244 3547 in
3300 3495 3408 3565 ipsa
3448 3504 3683 3562 surgen'e,
3717 3502 3761 3539 ex

2274 3582 2469 3653 quibus
2491 3599 2626 3654 aqua
2654 3585 2770 3638 viva
2799 3584 3089 3655 egreditur,
3119 3593 3180 3639 et
3206 3584 3276 3638 ab
3302 3584 3421 3639 inde
3460 3585 3505 3637 iu
3531 3580 3761 3651 przrdivtuut

2280 3682 2463 3750 pedem
2517 3683 2585 3737 de
2620 3691 2804 3737 monte
2849 3682 3019 3736 sancti
3068 3679 3395 3745 Leuttlterii,
3448 3679 3528 3748 qui
3570 3675 3759 3737 eslv'i‘"

2281 3774 2423 3827 linis.
2454 3772 2561 3827 Bas
2590 3781 2765 3826 autem
2800 3772 3084 3841 praedictas
3117 3780 3303 3825 curtes
3328 3769 3533 3838 qua'iter
3552 3767 3604 3819 de
3629 3764 3704 3816 ﬁne
3726 3762 3760 3812 in

2281 3864 2388 3919 line
2435 3864 2849 3933 pratnotabimus
2896 3878 3016 3916 cum
3071 3862 3303 3916 diversis
3329 3859 3588 3928 cespitibus
3610 3855 3767 3915 sitis,el

2281 3970 2402 4009 cum
2434 3954 2532 4009 biis
2561 3961 2617 4008 et
2660 3953 2836 4022 aquis,
2869 3967 2990 4007 cum
3022 3953 3273 4007 omnibus
3298 3948 3599 4022 pertinentiis
3620 3957 3765 3999 earum.

2285 4045 2503 4111 lusimul
2558 4061 2680 4100 cum
2723 4047 2835 4112 ipsa
2889 4044 3120 4101 ecclesia
3151 4046 3324 4099 sancti
3351 4043 3517 4097 Cecilii
3544 4039 3649 4094 intra
3674 4050 3767 4102 prat-

2284 4139 2453 4193 dictas
2500 4137 2634 4193 lines
2673 4136 2954 4200 aediﬁcata,
2985 4145 3190 4191 etcum
3240 4146 3433 4204 septem
3474 4132 3707 4186 condomas
3724 4124 3771 4175 de

2288 4231 2482 4285 nostris
2510 4228 2680 4285 serbis
2710 4227 2761 4283 in
2784 4226 3053 4297 praedictis
3098 4228 3340 4282 curtibus
3382 4220 3711 4279 habitantibus:
3735 4213 3770 4265 id

2288 4326 2371 4374 est
2409 4318 2505 4373 lilii
2542 4327 2597 4373 et
2641 4327 2861 4387 nepotes
2903 4315 3196 4373 Gaidosolii
3243 4332 3363 4371 cum
3409 4314 3519 4367 liliis
3550 4320 3594 4365 et
3626 4306 3774 4360 ﬁliabus

2209 4446 2263 4506 Β
2289 4428 2474 4469 eorum
2494 4419 2553 4467 'et
2582 4409 2672 4465 lilii
2701 4422 2757 4466 et
2786 4418 3010 4480 nepotes
3035 4408 3315 4476 Siuoaddi,
3361 4388 3415 4462 et
3440 4406 3520 4459 lilii
3544 4414 3588 4457 et
3614 4405 3777 4465 nepotes

2290 4541 2346 4584 et
2388 4539 2571 4583 u05tro
2599 4527 2919 4594 pnesertim,
2950 4525 3267 4595 improbitas
3310 4522 3581 4577 hominum.
3619 4523 3663 4568 et
3692 4523 3777 4595 (11η-

2292 4601 2414 4654 dam
2441 4601 2580 4653 male
2602 4587 2825 4652 'leriatus
2841 4587 3233 4661 artium-eadem
3262 4595 3526 4649 instituere
3548 4587 3776 4661 ruttsttcVIlo

2293 4671 2496 4737 Nempe
2527 4667 2578 4722 in
2607 4682 2762 4723 sacro
2792 4660 3016 4722 lavacro,
3051 4682 3207 4721 suum
3239 4667 3426 4737 cuique
3454 4673 3622 4715 nomen
3658 4660 3780 4737 imi}?—

2296 4732 2563 4795 nebatur:
2616 4739 2711 4793 sed
2763 4739 2958 4807 saepius
3003 4732 3577 4807 pramdebat‘alterum
3608 4732 3777 4807 .njtlttﬂgv

2296 4811 2436 4882 quod
2465 4820 2558 4864 aut
2585 4821 2711 4864 ante
2735 4801 3087 4882 baptismum,
3096 4816 3186 4882 aut
3210 4818 3389 4882 postea
3417 4801 3780 4882 domestici,

2300 4860 2441 4946 Bi’v'e',
2466 4860 2927 4936 Εἶειῖᾗῖτῖἇέῆῷ
2954 4860 3162 4951 invitis
3210 4860 3780 4951 plerumqueu'mmf'fi'i‘ff

2299 4940 2656 5024 apponebant.
2692 4954 2944 5024 Honesta,
2977 4940 3237 5024 lateor,e't
3260 4957 3404 5017 grata
3427 4940 3485 5024 ex
3515 4940 3573 5020 iis

2300 5011 2466 5078 multa
2504 5022 2685 5085 fuere;
2733 5022 2826 5075 sed
2858 5011 2963 5075 non
2996 5011 3165 5089 pauca
3189 5011 3572 5089 vituperatiottis
3593 5014 3638 5060 el

2302 5067 2466 5147 ἦἰῖιίἷέ
2504 5067 3466 5163 sissis.n"ra;;;n;.‘;i;';s"antiqui
3504 5067 3781 5163 tangam

2302 5142 2475 5218 Eois;
2507 5142 3249 5229 e3;.;i.'.';eg.‘.i;m‘;¢’usus.
3282 5159 3332 5212 in
3365 5142 3664 5229 Italiastetll.
3684 5142 3785 5229 [ngf

2304 5210 3017 5297 uani-ia;Egregia-siin};
3046 5210 3295 5304 signa
3345 5210 3785 5304 depgely9_nd_i;,{'j§fff

2305 5280 2468 5359 {an
2485 5280 2978 5374 ’ίιύδῖἲῖἑέὰῖιῖιῖ
2996 5280 3295 5370 animi“
3307 5280 3575 5351 nobilitatis
3613 5280 3785 5374 €919ij

2306 5356 2527 5430 laedere‘
2558 5382 2785 5447 poterat,
2812 5356 2912 5427 illi
2950 5356 3373 5447 iaversarilalmr.‘
3423 5356 3786 5447 ¹¹θ⁸ἔ¹¹ξῗμῳίεξῆῗιῗ

2306 5428 2585 5515 quisquam
2616 5428 2892 5499 tolerasset
2921 5445 3182 5514 ejusmodi
3225 5428 3512 5517 nomi’uansi
3532 5429 3701 5511 dicunt}
3722 5428 3768 5466 ιό

2308 5528 2408 5538 .____
2448 5519 2823 5538 :A--A-_.----_.
2877 5513 3070 5538 11.._--_-
3109 5514 3202 5538 -..t.
3244 5510 3491 5538 ranula“:
3537 5490 3770 5538 [φαεινήνηέ

2308 5502 2413 5570 {aut
2447 5502 2846 5585 importassent.
2877 5502 3073 5569 Vc'rum
3107 5514 3204 5569 sub
3244 5506 3494 5564 Caroliuis
3537 5502 3784 5578 casarum.

2309 5602 2368 5610 “
2401 5589 2588 5610 ”³“²”“·¹⁸
2612 5586 2943 5610 ¹-’-··’-“²··-
2975 5588 3071 5610 --ιι-
3102 5584 3304 5610 “unum
3349 5580 3629 5610 .ntmommg,
3654 5561 3786 5610 eadem

2308 5602 2369 5641 ac
2397 5574 2589 5641 deinde
2612 5586 2945 5656 trequentius
2974 5588 3075 5642 sub
3102 5574 3633 5656 regibus__subsecutis,
3654 5574 3762 5618 eadm

2308 5658 2593 5729 agnomina
2626 5660 2679 5714 in
2711 5653 2809 5716 itsu
2838 5656 3005 5715 fuisse
3020 5653 3361 5727 deprehendi.
