4056 6178
356 359 486 414 1393

1418 357 1812 413 DIPLOMATA
1856 357 2133 413 ECCLES.
2179 356 2518 414 SELEC’I‘A.

3512 356 3615 409 ὅθι

347 472 680 536 Matzuccoli,
720 482 774 526 et
825 472 918 526 lilii
965 481 1020 527 et
1050 481 1267 540 nepotes
1313 471 1527 539 Lupicis
1554 485 1674 526 cum
1720 469 1847 525 ﬁliis
1873 478 1927 523 et
1958 474 2005 530 Λ
2033 470 2193 524 dente
2249 484 2343 537 per
2392 470 2506 537 ipso
2548 468 2708 523 ﬂuvio
2754 482 2922 536 usque
2966 469 3036 521 ad
3061 482 3249 532 aquam
3289 484 3391 536 que
3421 446 3617 520 dicitur.

345 568 552 621 ltliabus
572 583 781 630 eorum.
814 579 866 620 et
898 566 989 620 filii
1017 575 1070 620 ct
1100 576 1321 634 nepotes
1346 564 1641 631 Luperissi,
1674 573 1728 619 et
1755 565 1845 618 lilii
1868 573 1922 617 ct

342 671 564 727 tit-potes
616 662 853 725 Sanduli,
900 671 954 714 et
996 660 1087 713 lilii
1127 669 1182 714 et
1226 670 1448 727 nepotes
1496 659 1769 725 Donusoli,
1801 674 1919 713 cum

343 751 464 803 filiis
505 760 559 803 et
587 750 795 803 liliabus
823 765 1029 804 eorum.
1073 749 1197 805 llaec
1225 752 1402 805 omnia
1426 768 1545 820 qua:
1578 751 1922 818 praediximus

342 851 521 895 nostra
562 842 1013 896 excellentissima
1058 853 1290 911 potestas
1348 845 1400 898 in
1453 845 1711 913 prmdicto
1738 854 1925 898 sancto

340 932 587 986 emnobio
643 934 883 986 concessi
936 935 1000 988 ad
1050 937 1427 1003 perpetualiter
1482 935 1822 1001 habendum,
1870 945 1925 988 et

342 1023 743 1092 possidendum.
797 1022 1012 1093 Scripta
1067 1036 1334 1095 praecepto
1390 1027 1506 1095 ipse
1560 1041 1655 1096 per
1721 1025 1925 1079 Bertari

341 1114 571 1167 notario.

414 1208 598 1259 Actum
625 1207 676 1260 in
702 1206 841 1259 hunc
867 1220 1073 1261 sacrum
1101 1207 1529 1262 Benebcntanum
1564 1216 1802 1261 nostrum
1834 1221 1926 1276 pa-

340 1297 545 1365 latium,
570 1313 754 1354 mense
769 1298 1125 1369 Septembrio,
1144 1300 1433 1357 indictione
1447 1311 1629 1370 quarta
1647 1299 1922 1354 decima...

1016 1410 1209 1464 XXXI.

339 1498 657 1575 Prrrrrplum
696 1503 943 1557 Desidert't'
988 1506 1118 1575 rugis
1168 1504 1613 1574 Langobardorum
1640 1521 1729 1568 pro
1757 1504 1923 1557 Theo-

408 1572 636 1627 demario
662 1576 841 1627 abbate
870 1572 1186 1629 Cassittensis
1204 1572 1494 1630 monasterii
1520 1576 1677 1646 (anno
1697 1575 1850 1644 768).

900 1689 917 1746 (
942 1686 1013 1736 Ex
1038 1686 1197 1749 Tosti,
1222 1689 1364 1748 ibid.)

414 1768 469 1822 ln
500 1770 715 1823 nomine
742 1787 966 1825 summa:
993 1783 1045 1826 et
1079 1772 1360 1826 individute
1389 1773 1696 1838 Trinitatis,
1728 1773 1917 1836 Patris,

335 1870 391 1913 et
441 1860 581 1926 Filii,
610 1871 665 1916 et
708 1862 936 1931 Spiritus
965 1866 1157 1919 sancti.
1206 1864 1510 1920 Desidorins
1546 1866 1732 1920 aeterni
1780 1868 1920 1933 regis

336 1951 661 2020 suffragante
728 1953 961 2021 potentia
1040 1956 1507 2025 Langobardorum
1569 1972 1687 2011 rex.
1755 1955 1919 2019 Regni

339 2045 507 2097 nostri
535 2053 752 2107 statum.
785 2055 839 2100 et
867 2048 990 2100 vita:
1018 2058 1359 2115 augmentum
1415 2047 1478 2101 ad
1530 2047 1629 2102 hoc
1659 2048 1921 2116 prolicere

337 2136 631 2201 credimus,
677 2137 722 2189 si
770 2136 1114 2192 ecclesiarum
1147 2136 1239 2190 Dei
1268 2152 1450 2191 curam
1503 2147 1745 2207 gerentes
1791 2153 1918 2192 con-

339 2222 501 2275 tinuis
552 2238 696 2287 eam,
754 2239 983 2293 suosque
1030 2228 1323 2279 scrvitores
1367 2225 1598 2279 ditemus
1650 2227 1919 2283 beneficiis

338 2323 497 2379 atque
518 2317 849 2371 muneribus.
879 2317 1135 2384 Quocirca
1170 2327 1471 2393 nostrorum
1516 2318 1744 2373 fidelium
1769 2322 1921 2389 saga-

341 2403 476 2455 citas
521 2406 746 2469 noverit,
802 2406 1032 2475 qualiter
1066 2411 1129 2462 ad
1160 2408 1471 2475 petitionem
1529 2424 1625 2463 nos
1676 2410 1920 2479 religioso

340 2495 458 2547 viro
484 2495 849 2551 Tbeuttutnari
877 2499 1052 2553 abbati
1075 2515 1135 2551 ex
1162 2490 1484 2553 ntonasterio
1509 2500 1675 2553 sancti
1707 2501 1918 2554 confes-

344 2588 482 2640 soris
503 2586 699 2641 Christi
743 2588 1033 2653 Benedicti,
1063 2589 1203 2658 quod
1230 2599 1310 2643 est
1331 2598 1696 2643 constructum
1724 2588 1775 2643 in
1804 2589 1922 2643 loco

338 2678 427 2744 qui
488 2677 682 2731 dicitur
729 2678 981 2733 Casinum
1026 2679 1271 2734 Castrum
1303 2720 1316 2743 ,
1364 2680 1451 2735 ubi
1504 2682 1920 2735 sacratissimum

341 2784 533 2838 corpus
556 2768 671 2839 ejus
699 2772 971 2824 humatum
1013 2781 1117 2839 est,
1148 2773 1253 2828 tale
1278 2773 1593 2827 beneficium
1638 2774 1774 2828 circa
1806 2789 1921 2828 mo-

344 2863 636 2917 nasterium
682 2863 852 2933 ipsum
895 2865 990 2919 visi
1036 2864 1232 2919 fuimus
1261 2865 1611 2929 concessisse,
1643 2867 1784 2920 unde
1812 2882 1925 2920 uto-

344 2953 495 3006 nucbi
522 2953 631 3008 [eo
657 2953 964 3020 servientes,
994 2964 1049 3010 et
1080 2971 1173 3023 pro
1214 2956 1389 3021 nobis,
1413 2965 1467 3010 et
1492 2965 1684 3010 cuncto
1732 2958 1926 3024 populo

339 3042 642 3098 librisliano
666 3054 972 3111 exorantes,
1001 3046 1185 3100 vivere
1215 3045 1443 3100 valeant.
1478 3045 1533 3099 Id
1557 3055 1639 3099 est
1668 3056 1930 3110 terras,et

341 3134 506 3189 silvas
534 3135 672 3189 sacri
701 3136 869 3189 nostri
927 3136 1105 3205 palatii
1151 3138 1476 3203 pertinentes
1520 3152 1613 3205 per
1642 3137 1735 3191 bas
1768 3140 1919 3194 lines.

341 3229 381 3279 Α
420 3224 586 3291 prima
621 3227 727 3280 line
754 3226 822 3281 de
845 3227 959 3296 ipsu
1001 3228 1271 3293 Carnelltt,
1301 3237 1352 3281 et
1377 3228 1643 3297 quomodo
1667 3230 1790 3283 salit
1830 3246 1922 3299 per

343 3317 456 3384 ipsa
485 3317 701 3383 Bantra,
732 3334 896 3387 usque
925 3320 978 3372 in
1008 3320 1121 3373 rivo
1145 3320 1311 3387 sicco,
1335 3330 1387 3373 et
1411 3320 1632 3373 saliente
1662 3336 1827 3387 usque
1856 3323 1920 3375 ad

337 3410 618 3465 ecclesiam
651 3412 819 3465 sancti
867 3413 1096 3475 Martini,
1124 3422 1175 3465 et
1201 3411 1467 3479 quomodo
1489 3412 1653 3481 pergit
1672 3428 1775 3482 per
1806 3413 1921 3481 ipse

335 3503 504 3558 criste
549 3503 616 3557 de
658 3514 840 3560 monte
862 3507 1033 3559 sant-ti
1085 3505 1245 3560 Petri.
1282 3504 1356 3559 De
1384 3504 1613 3558 secunda
1635 3516 1784 3573 parte
1817 3508 1921 3561 liiie

339 3610 487 3650 serra
511 3597 579 3651 de
608 3609 790 3653 monte
820 3599 908 3666 qui
932 3600 1126 3661 dicitur
1150 3600 1354 3663 Cismo,
1380 3609 1430 3652 et
1453 3598 1722 3667 quomodo
1752 3598 1921 3668 pergit

338 3702 435 3753 per
456 3703 602 3749 serra
629 3688 695 3743 de
726 3699 905 3744 monte
948 3690 1037 3759 qtti
1068 3689 1260 3744 dicitur
1288 3689 1569 3757 Aquilone,
1600 3697 1654 3743 et
1684 3689 1825 3743 vadit
1853 3689 1918 3742 ad

337 3776 515 3831 locum
545 3778 633 3847 qui
687 3779 880 3833 dicitur
908 3780 971 3834 de
1000 3780 1223 3848 Pupplo,
1264 3791 1317 3833 et
1363 3779 1628 3847 quomodo
1658 3780 1827 3849 pergit
1856 3779 1919 3833 ad

336 3867 511 3921 locum
572 3869 867 3924 Viticusum
900 3914 912 3935 ,
968 3879 1024 3923 ct
1076 3871 1220 3925 vadit
1271 3870 1532 3924 directum
1586 3870 1651 3923 ad
1716 3871 1918 3939 Aquam

337 3958 631 4025 fundatam,
687 3971 740 4015 et
783 3962 1050 4030 quomodo
1097 3961 1337 4016 ascendit
1362 3977 1453 4031 per
1478 3961 1648 4027 ipsum
1684 3972 1919 4015 montem

334 4051 423 4117 qui
454 4063 536 4105 est
564 4068 728 4121 super
758 4053 970 4118 Casale,
1000 4063 1055 4109 et
1096 4056 1338 4123 pervenit
1372 4056 1437 4109 ad
1469 4054 1660 4109 bztdum
1692 4055 1923 4110 ﬂuminis

338 4140 429 4208 qui
460 4140 656 4196 dicitur
687 4141 896 4211 Rapidi,
927 4154 979 4198 et
1011 4146 1253 4212 pervenit
1275 4145 1324 4199 in
1352 4160 1541 4214 aquam
1569 4145 1827 4211 Melarini,
1867 4155 1921 4200 et

334 4232 609 4298 quomodo
659 4234 830 4302 pergit
874 4250 967 4301 per
1015 4235 1153 4303 ipsas
1184 4236 1374 4290 cristas
1414 4238 1695 4299 montium,
1719 4246 1771 4289 et
1794 4250 1918 4303 per-

335 4323 485 4374 venit
511 4322 574 4375 ad
606 4332 800 4376 terram
831 4324 1005 4378 albam
1033 4341 1047 4387 ;
1078 4324 1203 4379 inde
1234 4325 1379 4380 venit
1406 4325 1469 4379 ad
1525 4326 1724 4379 furcam
1751 4326 1918 4380 sancti

334 4407 629 4475 Valentini.
664 4417 719 4465 et
757 4413 1024 4481 quomodo
1053 4414 1292 4467 ascendit
1330 4429 1423 4481 per
1450 4413 1636 4467 cristas
1663 4415 1919 4467 montium

2022 560 2179 627 Cosa,
2200 571 2252 615 et
2272 560 2393 615 salit
2412 574 2501 628 per
2525 560 2694 628 ipsum
2714 570 2947 614 montem
2972 560 3059 629 qui
3083 559 3281 612 dicitur
3304 563 3472 613 sancti
3504 560 3610 612 Do-

2026 651 2154 703 nati.
2182 649 2257 704 De
2274 659 2459 718 quarta
2479 659 2628 720 parte
2651 650 2755 704 line
2784 651 2955 704 media
2974 664 3125 703 serra
3149 648 3212 703 de
3230 659 3411 703 monte
3437 651 3609 702 sancti

2026 740 2240 804 Donati,
2292 755 2344 795 et
2372 741 2639 811 quomodo
2668 743 2949 797 descendit
2976 757 3137 809 super
3169 740 3267 810 ipsi
3318 742 3609 795 ntonticelli

2024 832 2092 886 de
2121 833 2304 901 Marri,
2336 844 2390 889 et
2410 835 2555 888 vadit
2576 835 2639 888 ad
2671 835 2769 902 ipsi
2800 835 2962 903 pescli
3003 834 3091 903 qui
3132 844 3253 887 sunt
3284 833 3350 886 ad
3383 833 3515 901 pcde
3544 834 3612 888 de

2026 935 2207 980 monte
2254 926 2346 993 qui
2400 927 2595 981 dicitur
2652 928 2811 981 Balba
2840 972 2855 995 ,
2899 935 2954 981 et
2992 929 3263 995 quomodo
3299 928 3441 981 vadit
3486 927 3612 980 inde

2027 1032 2186 1084 super
2214 1019 2349 1071 duos
2377 1017 2581 1081 leones,
2636 1029 2690 1073 et
2735 1015 3026 1073 inde'salit‘
3058 1034 3217 1085 super
3240 1019 3350 1087 ipse
3375 1033 3523 1072 serre
3545 1021 3612 1079 de
3646 1031 3648 1033 ‘

2027 1108 2237 1175 Casale,
2272 1119 2324 1164 et
2356 1111 2476 1165 inde
2504 1111 2777 1165 descendit
2797 1125 2955 1179 super
2986 1112 3157 1177 ipsum
3189 1122 3422 1165 montem
3446 1126 3612 1180 super

2028 1200 2140 1268 ipsa
2183 1201 2304 1255 villa
2355 1202 2422 1258 de
2467 1202 2773 1267 Gareliann.
2802 1212 2856 1256 et
2887 1204 3009 1258 inde
3048 1203 3190 1257 vadit
3237 1219 3395 1271 super
3438 1204 3612 1271 ipsum

2032 1295 2269 1362 pesclum
2301 1295 2390 1364 qui
2425 1296 2732 1350 nominatur
2757 1296 2935 1363 Cripta
2967 1294 3327 1364 imperatoris.
3364 1311 3528 1365 usque
3559 1298 3612 1348 in

2027 1385 2189 1439 ﬂuvio
2234 1389 2323 1455 qtti
2364 1388 2670 1442 nominatur
2713 1387 3022 1453 Garcliano,
3053 1397 3105 1441 et
3136 1387 3459 1441 ascendente
3515 1402 3611 1454 per

2028 1479 2142 1547 ipso
2166 1477 2323 1534 ﬂuvio
2346 1494 2513 1548 usque
2537 1479 2601 1532 ad
2628 1481 2831 1549 priores
2859 1478 3012 1532 lines.
3043 1476 3433 1532 Conlirmamus
3448 1477 3610 1530 etiam

2029 1572 2081 1625 in
2123 1580 2438 1639 perpetuum
2484 1559 2661 1625 eidem
2702 1569 2993 1624 venerabili
3041 1569 3156 1623 loco
3186 1567 3442 1623 ecclesias
3476 1568 3612 1623 bas:

2026 1664 2201 1718 sancti
2242 1662 2422 1718 Jacobi
2458 1663 2510 1717 itt
2556 1662 2799 1729 'l'remiti,
2845 1663 3015 1717 sancti
3041 1661 3263 1717 Joannis
3293 1662 3344 1714 itt
3383 1662 3639 1728 Venere,

2028 1764 2225 1809 sancta:
2244 1756 2420 1809 Mariae
2448 1754 2722 1825 inCingla,
2740 1766 2936 1810 sancta:
2968 1755 3145 1809 Maria:
3170 1754 3219 1808 itt
3250 1754 3609 1818 Plumbarola,

1957 1830 2000 1888 Β
2027 1846 2195 1901 sancti
2232 1845 2408 1900 Focati
2434 1847 2484 1899 in
2512 1846 2705 1900 Lesina
2732 1862 2853 1900 cum
2885 1848 3104 1912 piscaria
3127 1862 3243 1901 sua.
3272 1847 3326 1900 ltt
3351 1847 3613 1901 comitatu

2030 1952 2157 1992 vero
2212 1938 2506 1992 Marsorum
2570 1938 2700 1992 cella
2756 1939 2923 1993 sancti
2990 1938 3256 1992 Benedicti
3324 1939 3375 1991 in
3436 1938 3610 2002 Tilia,

2026 2042 2246 2085 sanctus
2271 2031 2569 2085 Victorinus
2593 2031 2884 2086 ittCelano.
2920 2032 2972 2085 In
3006 2032 3169 2086 Teate
3198 2043 3415 2085 Sanetus
3446 2030 3608 2085 Libe-

2024 2130 2168 2175 rator
2196 2137 2356 2191 super
2386 2122 2604 2176 ﬂuvium
2631 2122 2913 2188 Laentum,
2934 2124 3102 2176 sancti
3131 2123 3312 2191 Angeli
3344 2123 3395 2175 in
3428 2130 3612 2175 monte

2024 2212 2186 2266 Plano
2214 2252 2232 2279 ,
2275 2213 2553 2268 castellum
2582 2196 2780 2267 sancti
2830 2214 3018 2284 Angeli
3045 2254 3060 2279 ,
3105 2214 3384 2268 castellum
3436 2217 3609 2266 sancti

2023 2306 2186 2371 Petri,
2243 2314 2451 2360 curtem
2483 2308 2651 2361 sancti
2682 2306 2918 2362 Januarii
2964 2322 3083 2360 cum
3116 2305 3450 2375 pertinentiis
3493 2305 3608 2359 suis

2024 2400 2162 2454 inter
2216 2400 2311 2453 bas
2358 2400 2525 2463 lines;
2570 2403 2636 2454 ab
2683 2415 2788 2454 uno
2824 2401 2995 2455 latere
3026 2400 3129 2454 line
3168 2400 3337 2468 cripta
3364 2397 3607 2453 Latronis

2022 2509 2140 2562 quin
2166 2502 2249 2547 est
2278 2494 2376 2547 sub
2399 2494 2707 2548 montlcrllo
2736 2495 3107 2559 Sarraccnico,
3140 2503 3195 2549 et
3216 2494 3339 2550 inde
3368 2494 3609 2548 ascendit

2025 2583 2077 2638 in
2129 2585 2369 2639 Statilum
2421 2585 2489 2639 de
2538 2587 2793 2656 Magella;
2850 2585 2915 2639 de
2967 2587 3073 2640 alio
3120 2586 3286 2639 latere
3341 2585 3609 2654 quomodo

2026 2674 2302 2729 descendit
2340 2675 2391 2728 in
2445 2690 2637 2743 aquam
2668 2675 3083 2744 Frassiningam,
3106 2675 3173 2729 ed
3205 2674 3326 2729 inde
3352 2674 3513 2729 mittit
3552 2675 3608 2729 in

2028 2768 2199 2822 rivum
2252 2768 2542 2821 Bacinnum
2583 2776 2638 2821 et
2675 2767 2816 2821 vadit
2854 2768 2909 2821 in
2947 2777 3159 2835 puteum
3197 2767 3265 2822 de
3317 2764 3610 2835 Capetano.

2029 2857 2156 2912 inde
2178 2858 2229 2911 in
2263 2857 2517 2911 fossatum
2540 2858 2709 2911 sancti
2733 2858 2993 2925 Januarii,
3034 2867 3087 2912 et
3118 2860 3170 2911 in
3204 2858 3520 2923 Rosentem;
3543 2858 3613 2913 de

2031 2947 2138 3001 alio
2168 2948 2333 3001 latere
2366 2947 2486 3001 linis
2518 2947 2697 3001 Bisara
2728 2948 2779 3001 in
2810 2948 2949 3001 viam
2977 2962 3080 3017 que
3109 2947 3252 3001 vadit
3282 2948 3335 3001 in
3365 2947 3606 3001 lacunam

2031 3055 2193 3109 supra
2233 3047 2471 3093 sanctum
2498 3039 2800 3106 Donatum;
2833 3039 2956 3094 ltinc
2998 3040 3053 3093 in
3098 3040 3365 3109 Figarum,
3410 3040 3533 3093 inde
3555 3040 3609 3093 in

2036 3133 2288 3186 fossatum
2319 3137 2389 3187 de
2408 3142 2591 3187 sancta
2622 3131 2802 3197 Lucia,
2841 3141 2895 3186 et
2921 3132 3161 3187 ascendit
3189 3148 3283 3200 per
3303 3147 3492 3201 aquam
3518 3135 3614 3186 fri-

2029 3225 2206 3293 gidam
2253 3223 2305 3278 in
2357 3224 2525 3279 limite
2553 3226 2621 3280 de
2650 3238 2829 3280 monte
2861 3226 3049 3291 Plano,
3079 3235 3134 3280 et
3161 3225 3298 3281 sicut
3328 3226 3473 3280 vadit
3512 3228 3614 3281 sub

2027 3317 2155 3384 ipsis
2210 3316 2464 3371 limitibus
2514 3319 2567 3371 in
2604 3318 2803 3372 fossatu
2851 3316 3108 3381 Gariluli,
3156 3325 3212 3372 et
3250 3317 3322 3371 ita
3363 3318 3506 3372 vadit
3558 3318 3609 3372 iu

2025 3408 2240 3462 Alento.
2274 3408 2417 3462 Inter
2443 3422 2576 3475 quos
2607 3409 2736 3462 lines
2764 3408 2890 3462 nulli
2916 3407 3324 3474 hominialiquid
3342 3408 3609 3472 dedimus,

2024 3499 2117 3553 sed
2170 3499 2308 3553 sicut
2347 3498 2475 3553 fisco
2521 3500 2686 3568 regali
2738 3500 3037 3568 pertinebat
3083 3500 3259 3553 omnia
3319 3501 3369 3553 in
3422 3499 3611 3554 eodem

2022 3589 2273 3645 ('(Bltobio
2328 3589 2639 3645 obtulimus.
2688 3589 2892 3643 Dehinc
2944 3590 3168 3645 ecclesia
3205 3600 3403 3645 sanctae
3430 3590 3610 3646 Marite

2024 3684 2077 3737 in
2120 3683 2383 3748 Baeinno;
2417 3685 2586 3738 sancti
2619 3682 2808 3737 Felicis
2834 3682 2887 3736 in
2930 3682 3257 3747 Pastoricio;
3306 3686 3477 3736 sancti
3516 3683 3612 3738 lle-

2025 3776 2219 3830 nedicti
2248 3776 2298 3829 in
2323 3776 2473 3831 Terri
2498 3793 2511 3841 ;
2561 3776 2730 3830 sancti
2763 3773 2865 3829 Viti
2892 3789 3051 3843 supra
3080 3776 3276 3830 ﬂumen
3316 3775 3605 3831 Lavinum:

2023 3866 2192 3920 sancti
2243 3866 2405 3922 Helia:
2452 3868 2502 3921 in
2555 3867 2899 3936 Selangario;
2964 3868 3133 3921 Sancti
3187 3865 3399 3920 Comitii
3456 3866 3608 3934 juxta

2023 3960 2193 4013 rivum
2220 3958 2477 4023 Trulttm;
2510 3957 2678 4012 sancti
2707 3958 2871 4012 Felici
2902 3959 2954 4012 in
2985 3958 3259 4019 Polverio;
3290 3960 3457 4012 sancti
3499 3959 3605 4011 Ca-

2024 4048 2129 4103 liSIi
2181 4050 2233 4102 in
2292 4048 2491 4114 lllano;
2556 4048 2722 4102 sancti
2785 4048 3081 4102 Mamtnetis
3140 4048 3366 4113 ibidem;
3414 4057 3612 4102 sancta:

2022 4136 2202 4190 Mariae
2255 4136 2309 4190 in
2362 4136 2683 4201 Ponetiano;
2726 4138 2894 4190 sancti
2946 4136 3103 4190 Marci
3155 4137 3381 4201 ibidem;
3439 4138 3612 4193 sancti

2026 4227 2319 4283 Eleutherii
2370 4228 2422 4282 itt
2473 4226 2639 4296 Rupi;
2696 4228 2868 4282 sancti
2925 4226 3035 4282 Pali
3095 4226 3290 4281 ibidem
3334 4242 3435 4281 una
3482 4242 3608 4283 cum

2024 4315 2214 4372 Castro
2257 4317 2534 4383 Calcaria;
2588 4316 2759 4371 sancti
2814 4317 3025 4371 Erasmi
3070 4318 3123 4371 in
3157 4316 3364 4372 Cerritu
3414 4318 3610 4387 plana;

2026 4409 2195 4463 sancti
2220 4408 2477 4464 Salvatori
2506 4418 2562 4464 et
2590 4408 2759 4463 sancti
2787 4408 2998 4463 Martini
3029 4409 3257 4475 ibidem;
3308 4411 3474 4464 sancti
3509 4411 3607 4464 lle-

331 4504 422 4566 qui
467 4512 591 4554 sunt
634 4501 773 4557 inter
798 4503 953 4557 Atina
984 4512 1038 4556 et
1085 4502 1387 4569 Vallelucis,
1444 4515 1498 4558 et
1528 4514 1676 4557 recto
1702 4502 1916 4557 tramite
1951 4540 1999 4599 ο
2027 4498 2244 4566 nedicti,
2294 4507 2495 4553 sanctae
2545 4497 2742 4560 Mariae,
2788 4507 2843 4553 et
2880 4500 3048 4553 sancti
3101 4497 3323 4553 Comitii
3345 4501 3396 4554 in
3427 4499 3610 4566 Orno;

332 4593 579 4658 pervenit
630 4592 693 4646 ad
736 4606 935 4662 pretam
984 4595 1258 4662 scriptam,
1289 4604 1342 4649 et
1363 4595 1605 4649 ascendit
1629 4594 1695 4647 ad
1715 4610 1915 4649 serram

331 4682 529 4734 niontis
579 4684 668 4752 qui
709 4684 903 4738 dicitur
955 4686 1230 4753 Urdicosa,
1280 4697 1332 4739 et
1376 4689 1546 4754 pergit
1597 4701 1757 4750 super
1806 4687 1919 4752 ipse

331 4774 603 4840 pesclora,
654 4775 743 4843 qui
793 4776 989 4830 dicitur
1039 4777 1338 4840 Faleonari,
1368 4786 1420 4831 et
1445 4778 1685 4845 pervenit
1713 4776 1777 4830 ad
1803 4778 1920 4845 ipse

332 4862 456 4914 linis
510 4864 597 4930 qui
646 4872 773 4917 sunt
817 4864 956 4919 inter
1000 4876 1232 4929 montes,
1263 4881 1293 4919 e
1317 4865 1511 4934 quibus
1542 4881 1677 4920 unus
1702 4876 1918 4920 vocatur

331 4953 636 5020 Spioacius,
692 4963 748 5009 et
804 4954 937 5009 alter
988 4955 1294 5021 Porcacius,
1326 4964 1382 5011 et
1432 4955 1557 5010 inde
1585 4956 1821 5010 ascendit
1851 4955 1918 5009 ad

328 5043 526 5096 cristas
550 5046 747 5098 montis
778 5046 867 5114 qui
890 5056 1107 5100 vocatur
1132 5046 1307 5111 Caira,
1338 5049 1660 5115 etpervenit
1699 5048 1766 5101 ad
1808 5049 1921 5115 ipse

336 5142 488 5202 petra
539 5151 700 5202 super
724 5151 857 5207 aqua
890 5137 1079 5203 vivola,
1127 5148 1181 5192 et
1209 5139 1450 5193 ascendit
1493 5141 1557 5192 ad
1610 5142 1801 5194 collem
1831 5139 1923 5207 qui

333 5235 557 5279 vocatur
577 5228 883 5284 Gimbiruti.
905 5231 977 5285 De
999 5231 1153 5285 tertia
1189 5245 1334 5301 parte
1358 5234 1627 5301 quomodo
1648 5232 1925 5288 descendit

333 5332 430 5384 per
462 5320 633 5388 ipsum
665 5323 1058 5389 querquitulum
1089 5333 1142 5376 et
1171 5323 1317 5376 vadit
1363 5324 1623 5379 directum
1654 5325 1705 5379 in
1752 5325 1923 5393 ipsum

333 5420 590 5470 fossatum
633 5417 779 5485 juxta
833 5418 1118 5472 ecclesiam
1169 5419 1339 5471 sancti
1394 5419 1624 5484 Damasi,
1670 5429 1724 5473 et
1758 5419 1926 5488 pergit

329 5507 593 5561 directum
642 5510 691 5563 iu
740 5510 891 5564 silice
942 5509 1007 5563 ad
1055 5510 1229 5564 locum
1283 5509 1371 5579 qui
1426 5510 1616 5564 dicitur
1672 5515 1809 5564 Arcu
1860 5511 1926 5565 de

329 5595 565 5664 Gixzuli,
596 5610 649 5653 et
677 5600 943 5669 quomodo
968 5592 1114 5654 vadit
1139 5602 1202 5654 ait
1253 5601 1423 5655 lacum
1469 5601 1825 5669 Radepraiidi,
1869 5614 1923 5657 et

330 5688 460 5742 inde
492 5691 660 5757 pergit
684 5694 747 5744 ad
780 5694 953 5745 rit-um
986 5692 1075 5761 qui
1106 5705 1321 5747 vocatur
1352 5693 1920 5763 Marozze,ctqualiler

329 5782 611 5836 descendit
638 5783 689 5837 in
715 5784 937 5840 ﬂuvium
967 5784 1057 5856 qui
1086 5793 1304 5841 vocatur
1331 5785 1604 5856 Cattiellu,
1633 5794 1687 5842 et
1727 5801 1912 5842 ascen-

2026 4589 2195 4645 sancti
2240 4588 2447 4654 Calisti,
2488 4590 2659 4645 sancti
2717 4590 2858 4645 Petri
2901 4591 2954 4645 itt
3019 4591 3370 4658 Mallianella;
3438 4595 3613 4649 sancti

2027 4682 2214 4747 Mauri,
2244 4692 2299 4737 et
2321 4685 2488 4736 sancti
2520 4682 2708 4737 Renati
2731 4685 2783 4736 in
2802 4685 3181 4751 Taratonlano,
3208 4697 3260 4740 et
3293 4686 3443 4755 piczu
3469 4688 3610 4742 Cor-

2025 4775 2265 4839 varium;
2330 4774 2501 4828 sancti
2568 4774 2750 4829 Calisti
2809 4773 2861 4827 in
2919 4775 3067 4829 valle
3108 4791 3266 4844 supra
3315 4778 3609 4842 Laentnm;

2025 4875 2224 4919 sanctze
2248 4865 2428 4919 Maria:
2469 4880 2628 4933 supra
2674 4866 2846 4918 lavam
2871 4866 2935 4920 de
2962 4866 3197 4933 Laento;
3226 4870 3393 4922 sancti
3428 4867 3611 4922 Savini

2027 4958 2078 5011 in
2109 4957 2430 5023 Trevattieo,
2477 4958 2646 5011 sancti
2689 4958 2951 5012 Clementi
3000 4961 3050 5012 in
3085 4960 3378 5023 Plombata,
3410 4969 3611 5012 sanctte
3700 5013 3709 5019 ,

2029 5050 2207 5104 Maria:
2239 5052 2288 5104 in
2318 5051 2478 5104 ﬂuvio
2525 5050 2686 5116 Foro,
2735 5052 2904 5106 sancti
2956 5052 3095 5106 Petri
3128 5052 3177 5103 itt
3209 5051 3463 5117 Lolliano,
3497 5066 3608 5101 tno—

2031 5143 2322 5196 nasterium
2354 5141 2523 5195 sancti
2551 5142 2828 5208 Severini;
2862 5153 3061 5195 sancta:
3111 5140 3286 5194 Mariae
3332 5140 3382 5194 in
3436 5140 3608 5209 Ripa;

2031 5234 2201 5288 sancti
2230 5233 2458 5288 Andreae
2506 5234 2558 5287 itt
2599 5232 2736 5288 colle
2764 5234 2829 5287 de
2855 5234 3006 5296 Albe,
3034 5232 3202 5286 sancti
3230 5232 3369 5285 Petri
3399 5233 3449 5285 in
3492 5231 3607 5297 Ari,

2030 5325 2202 5380 Sancti
2234 5325 2416 5394 Angeli
2448 5336 2571 5379 ante
2615 5326 2880 5379 civitatem
2922 5326 3195 5377 Ortonam.
3231 5320 3515 5379 Castellum
3544 5324 3613 5380 de

2035 5416 2207 5485 Ungo,
2233 5416 2506 5470 castellum
2536 5417 2603 5470 de
2632 5414 2808 5475 Plato,
2861 5422 3058 5467 sanetae
3097 5410 3282 5467 Crucis
3323 5415 3374 5466 in
3425 5414 3613 5469 Castro

2029 5509 2241 5573 Casale,
2272 5509 2655 5561 monasterium
2682 5505 2850 5559 sancti
2886 5505 3166 5570 l‘ancratii,
3199 5506 3367 5558 sancti
3399 5506 3537 5559 Petri
3559 5507 3609 5561 in
3652 5500 3665 5511 “

2027 5599 2241 5653 civitate
2267 5598 2482 5651 'l'eatina
2516 5608 2714 5660 vetere,
2749 5594 2915 5648 salteti
2946 5594 3093 5648 Pauli
3147 5594 3364 5658 ibidem,
3411 5606 3609 5649 sancta:

2025 5688 2196 5744 Tecla:
2241 5690 2291 5743 in
2327 5690 2540 5743 civitate
2568 5688 2787 5742 'l‘eatina
2818 5702 2975 5750 nova,
3026 5686 3197 5742 sancti
3239 5687 3524 5754 Theodori,
3557 5698 3612 5743 et

2020 5786 2192 5840 sancti
2219 5784 2513 5840 Salvatoris
2540 5783 2592 5838 in
2637 5784 2839 5838 Aternu
2865 5797 2984 5837 cum
3010 5791 3163 5851 portu
3190 5795 3310 5836 suo.
3353 5782 3406 5837 ln
3450 5782 3614 5838 comi-
