4056 6178
566 339 699 395 1395

1703 331 2014 389 LANGOBA
2027 328 2312 383 iiDOi‘iUil
2359 330 2397 381 li
2409 329 2491 382 Eli
2505 326 2594 381 UM

3619 336 3721 392 1396

559 462 668 507 tatu
721 451 982 507 Pennensi
1038 449 1264 503 ecclesia
1326 448 1495 502 sancti
1555 446 1748 500 Felicis
1792 444 1842 498 in
1893 441 2133 504 Stabulo,
2166 442 2214 498 Α
2242 440 2549 505 comitibus,
2591 439 2877 508 episcopis,
2906 438 3201 505 castahieis,
3226 440 3564 511 judicibus;ut
3582 464 3723 518 quem.

562 545 732 597 sancti
761 541 1029 596 Benedicti
1055 540 1105 594 in
1134 539 1642 601 Lauriano,sanctai
1672 536 1976 592 Scuta-ncte
1993 532 2143 603 juxta

561 633 776 685 fluvium
808 631 973 694 Tabe,
1006 631 1172 684 sancti
1200 628 1383 698 Angeli
1411 629 1463 683 in
1501 626 1806 687 Galbanice.
1843 623 2011 680 sancti
2044 624 2145 677 Fe-

559 722 672 773 licis
703 720 753 774 in
787 719 1050 782 Rosiecle,
1079 727 1278 772 sancta:
1312 718 1490 772 Mariae
1519 718 1582 771 ad
1617 718 1925 781 Paternum,
1975 713 2143 768 sancti

562 812 775 867 Martini
807 812 858 865 in
892 810 1229 874 Genestrula,
1265 810 1433 864 sancti
1465 810 1627 874 Petri,
1660 817 1713 863 et
1735 809 1903 862 sancti
1933 806 2147 861 Ceciliae

557 905 610 958 in
652 905 1020 966 Castronlano,
1070 913 1285 958 sanctus
1327 903 1518 957 Petrus
1564 902 1615 955 in
1655 901 1927 964 Terutule,
1976 900 2143 954 sancti

563 994 858 1060 Benedicti,
905 1005 957 1050 et
998 1004 1196 1048 sanctm
1230 992 1398 1049 Marie
1452 995 1502 1046 in
1550 992 1782 1046 Maurina
1840 1007 1959 1044 cum
1991 998 2144 1057 portu

559 1098 695 1151 suo;
723 1087 889 1140 sancti
934 1084 1161 1140 Victoris
1206 1086 1255 1138 in
1280 1085 1421 1139 Silva
1454 1083 1628 1150 plana,
1655 1084 1822 1136 sancti
1851 1081 2143 1145 Benedicti,

556 1188 612 1232 et
666 1188 865 1234 sancta:
913 1178 1205 1232 Scnlastice
1256 1178 1308 1231 in
1363 1176 1548 1243 Pinne,
1594 1184 1794 1230 sancta:
1845 1173 2045 1240 Mariae,
2094 1184 2147 1228 et

553 1268 728 1324 sancti
777 1268 1082 1331 Benedicti,
1135 1278 1188 1322 et
1241 1274 1439 1322 sanctae
1476 1265 1731 1320 Columba
1794 1266 1845 1319 in
1892 1264 2142 1328 Alarino,

559 1369 758 1413 sancta!
787 1357 951 1412 Marie
984 1358 1036 1411 itt
1061 1356 1347 1423 Cosentia;
1381 1358 1552 1411 sancti
1597 1356 1863 1413 Benedicti
1897 1357 1951 1410 in
1983 1356 2143 1421 Bari;

560 1450 731 1503 sancti
755 1448 937 1503 Set-eti
969 1450 1019 1502 in
1048 1448 1336 1513 Sorrentu;
1365 1450 1534 1504 sancti
1579 1447 1868 1510 Benedicri,
1894 1459 1946 1501 et
1975 1448 2144 1503 sancti

562 1541 759 1594 Andrze
811 1541 863 1595 in
918 1540 1120 1606 Caudi;
1173 1550 1373 1595 sanctae
1421 1540 1633 1611 Sophia:
1694 1541 1748 1595 in
1811 1541 2145 1608 Benevento;

559 1642 759 1688 sanctae
805 1632 1021 1688 Cecilize
1083 1634 1135 1687 in
1199 1632 1455 1702 Neapoli;
1522 1635 1690 1688 sancti
1757 1633 2025 1689 Benedicti
2094 1635 2145 1689 in

564 1728 816 1792 Salerno;
850 1729 1016 1783 sancti
1052 1728 1320 1783 Benedicti
1374 1729 1423 1782 in
1482 1728 1732 1797 Gagieta;
1758 1729 1930 1781 sancti
1961 1729 2146 1783 Salva-

562 1825 698 1879 toris
744 1824 972 1890 ibidem;
1025 1824 1195 1879 sancti
1248 1823 1515 1879 Laurentii
1565 1824 1616 1877 in
1671 1822 1931 1892 Majolisi:
1978 1822 2143 1877 sancti

560 1915 724 1970 Mauri
757 1916 807 1970 in
842 1915 1087 1971 Meranisi
1112 1934 1147 1980 ;κ
1184 1926 1382 1969 sancta:
1436 1914 1611 1968 Mariae
1662 1914 1712 1966 in
1760 1913 2145 1977 Maritendulo;

560 2006 733 2059 sancti
782 2005 1008 2076 Agapiti,
1055 2014 1254 2060 sancta:
1296 2006 1601 2061 Scolasticze
1645 2005 1696 2058 in
1728 2004 1946 2069 Tt-ano;
1974 2004 2145 2057 sancti

561 2094 783 2148 Joannis
811 2097 862 2149 in
911 2095 1153 2164 lrpinisi;
1180 2104 1378 2149 sanctae
1409 2095 1705 2162 Reparatat,
1734 2095 1903 2147 sancti
1934 2093 2145 2147 Maximi

556 2186 608 2239 in
646 2187 768 2240 rivo
819 2187 1050 2252 Bulann;
1098 2184 1536 2254 tCampufriddu;
1602 2185 1771 2239 sancti
1824 2184 2031 2237 Martini
2096 2184 2146 2235 itt

562 2276 824 2330 antnrnu
855 2292 976 2330 cum
1007 2286 1160 2343 portu
1204 2290 1337 2342 suo;
1371 2286 1569 2330 sanctas
1594 2275 1771 2329 Maria!
1802 2275 1854 2328 in
1881 2272 2146 2337 Turcinu;

562 2368 729 2420 sancti
749 2366 1019 2421 Benedicti
1040 2366 1089 2420 in
1106 2366 1431 2432 Benevento;
1450 2364 1619 2419 sancti
1638 2363 1822 2433 Angeli
1842 2365 1891 2419 in
1911 2362 2107 2417 Alefrid
2134 2380 2147 2425 ;

563 2462 616 2513 in
646 2461 859 2514 cominu
886 2461 1054 2513 sancti
1091 2458 1386 2523 Victorini;
1433 2458 1603 2512 sancti
1661 2457 1905 2520 Erasini;
1950 2466 2149 2509 saneta:

563 2550 767 2615 Marim,
808 2560 860 2605 et
890 2550 1058 2603 sancti
1100 2550 1299 2615 Quirici
1332 2551 1385 2603 in
1416 2550 1577 2615 Arci;
1622 2549 1792 2603 sancti
1839 2546 2048 2602 Comitii
2094 2547 2146 2600 in

564 2641 833 2704 Piscaria;
866 2639 1033 2694 sancti
1064 2639 1204 2693 Petri
1232 2642 1283 2692 in
1312 2637 1573 2694 Ceccaum
1594 2654 1608 2703 ;
1629 2637 1796 2716 sancti
1826 2636 2149 2692 Liberatoris

564 2734 618 2787 in
678 2731 956 2797 Puscolle;
1009 2733 1178 2786 sancti
1233 2731 1460 2801 Lopardi
1496 2776 1510 2797 ,
1554 2740 1609 2785 et
1661 2730 1829 2785 sancti
1888 2728 2028 2783 Petri
2096 2728 2147 2781 in

562 2826 894 2889 Tczzanico;
925 2826 1095 2879 sancti
1124 2823 1312 2893 Angeli
1334 2826 1385 2879 in
1419 2824 1651 2887 Laiann;
1684 2822 1852 2878 sancti
1877 2820 2145 2878 Benedicti

566 2915 621 2970 in
685 2918 1099 2987 Casageuzana;
1157 2917 1327 2972 sancti
1396 2915 1666 2970 Benedicti
1735 2914 1786 2968 in
1848 2913 2145 2977 Lauriana;

562 3010 731 3063 sancti
793 3007 1063 3064 Benedicti
1118 3007 1170 3061 in
1220 3005 1403 3062 Cilicia
1429 3049 1442 3073 ,
1473 3005 1642 3060 sancti
1674 3005 1815 3060 Petri
1845 3006 1897 3059 in
1939 3004 2146 3068 Coraca;

560 3100 729 3153 sancti
766 3098 1031 3153 Benedicti
1064 3099 1115 3152 in
1145 3097 1413 3153 Pantanu:
1448 3096 1615 3151 sancti
1651 3096 1820 3167 V'igilii
1852 3097 1902 3149 in
1936 3105 2137 3161 monte,

564 3189 733 3243 sancti
766 3188 988 3257 Angeli;
1021 3199 1217 3241 sancta:
1246 3185 1424 3239 Mariae
1455 3186 1508 3239 in
1532 3185 1727 3250 Calvo;
1772 3184 1942 3239 sancti
1973 3183 2141 3239 Mauri

568 3285 618 3337 in
662 3281 858 3351 gualdo
907 3280 1159 3341 Liburie;
1208 3289 1406 3334 sancta:
1448 3278 1750 3333 Scolastica:
1799 3279 1848 3330 in
1908 3275 2143 3343 Padule;

565 3375 735 3428 sancti
787 3373 994 3428 Martini
1048 3373 1100 3426 in
1131 3371 1355 3440 Cupuli;
1384 3372 1551 3426 sancti
1586 3371 1856 3426 Benedicti
1888 3371 1938 3424 in
1969 3371 2141 3425 Atina.

572 3467 626 3517 lo
651 3465 905 3519 comitatu
936 3462 1221 3519 Mutinensi
1253 3464 1632 3519 monasterium
1676 3462 1844 3517 sancti
1876 3460 2146 3516 Benedicti

570 3555 623 3607 iu
673 3553 852 3618 Adili;
887 3553 1268 3608 monasterium
1298 3554 1465 3608 sancti
1496 3553 1702 3607 Martini
1731 3552 1875 3622 jnsta
1924 3557 2146 3605 stratam

572 3645 878 3708 i‘etrosam;
940 3642 1319 3697 monasterium
1386 3644 1554 3697 sancti
1604 3640 1825 3697 Joannis
1885 3640 1937 3693 in
1992 3646 2149 3694 curte

572 3733 978 3797 Frassenetnla;
1022 3733 1399 3787 monasterium
1442 3733 1614 3787 sancti
1650 3732 1892 3786 Domnini
1920 3731 1971 3784 in
2001 3741 2150 3785 curte

572 3823 803 3891 Argele;
865 3822 1248 3876 monasterium
1278 3823 1442 3876 sancti
1490 3820 1674 3875 Vitalis
1706 3823 1757 3874 in
1785 3828 1935 3875 curte
1958 3818 2149 3874 Caldo-

569 3914 740 3976 raria;
783 3914 1159 3967 monasterium
1203 3921 1400 3967 sancta:
1432 3912 1612 3966 Marice
1656 3910 1706 3965 in
1759 3911 2150 3966 Laurentiatico

565 4017 686 4056 eum
736 4004 981 4059 omnibus
1010 4003 1344 4074 pcrtinentiis
1376 4017 1582 4068 eorum,
1629 4004 1678 4057 in
1735 4002 2153 4072 quibuscumque

570 4096 701 4151 locis
730 4096 937 4165 pOsiliS,
968 4110 1061 4150 seu
1091 4095 1376 4162 casalibus,
1423 4104 1514 4149 aut
1543 4095 1787 4149 fundoris
1816 4104 1916 4147 tam
1946 4092 2150 4147 domui-

570 4196 776 4252 catum,
807 4186 944 4241 villis
972 4201 1092 4241 cum
1124 4186 1336 4240 ruSticis
1366 4195 1420 4241 et
1440 4185 1667 4250 colonis,
1700 4193 1756 4239 et
1782 4199 1901 4237 cum
1926 4182 2150 4245 colonis,

571 4288 627 4332 et
657 4278 866 4333 famulis
888 4277 1163 4349 utriusque
1191 4292 1352 4333 sexus
1376 4292 1468 4345 per
1490 4276 1725 4346 singulas
1750 4284 1948 4338 curtes,
1985 4282 2039 4327 et
2061 4286 2155 4342 per

571 4370 782 4440 singula
814 4371 1138 4427 monasteria
1168 4386 1273 4439 que
1302 4369 1546 4440 superius
1592 4370 1855 4438 leguntur,
1905 4381 2005 4420 una
2032 4380 2154 4421 cum

573 4461 757 4527 terris,
814 4459 1008 4526 vineis,
1034 4462 1221 4529 pratis,
1255 4461 1483 4529 pascuis,
1512 4459 1689 4521 silvis,
1741 4456 2151 4527 pescationibus,

573 4549 982 4612 venationibus,
1038 4548 1513 4617 occupationibus,
1567 4549 1804 4612 cultum,
1854 4546 2149 4611 incultum,

575 4641 833 4703 divisum,
893 4648 947 4695 et
1001 4639 1329 4704 indivisum,
1380 4638 1654 4693 arboribus
1713 4636 2045 4702 fructiferis,
2101 4644 2155 4692 et

569 4730 939 4795 iufructileris,
987 4739 1042 4785 et
1096 4731 1368 4801 pomiferis
1414 4729 1607 4785 diversi
1656 4730 1885 4798 generis,
1932 4738 1986 4784 et
2032 4743 2153 4783 cum

570 4822 824 4877 omnibus
851 4834 1011 4890 snper
1032 4836 1110 4885 se,
1137 4830 1192 4876 et
1220 4821 1351 4875 infra
1375 4836 1434 4876 se
1465 4820 1783 4876 habentibus
1812 4820 1864 4872 in
1897 4821 2155 4889 integrum

575 4918 626 4970 in
656 4915 845 4971 eodem
878 4913 1198 4968 monasterio
1226 4914 1503 4968 Casiueusi
1549 4912 1913 4969 concessimus
1942 4912 1993 4966 iu
2034 4929 2156 4979 per-

573 5019 789 5076 petuum
835 5023 1048 5075 semper
1077 5008 1398 5062 habendum.
1429 5008 1637 5063 Pariter
1665 5007 1826 5063 etiam
1869 5008 1919 5069 in
1964 5006 2151 5060 eodem

575 5101 695 5154 ineo
741 5099 1086 5155 concedimus
1133 5107 1356 5153 cunctas
1403 5113 1489 5153 res
1542 5112 1646 5167 que
1704 5099 1757 5152 in
1797 5095 1985 5152 eodem
2039 5095 2159 5148 loco

575 5190 751 5243 oblata
779 5200 904 5244 sunt
934 5205 1028 5258 per
1049 5202 1235 5243 omnes
1278 5187 1426 5255 regni
1458 5188 1625 5241 nostri
1666 5187 1821 5252 fines,
1864 5200 1957 5241 seu
1987 5195 2163 5254 etque

573 5281 767 5335 amodo
814 5280 865 5335 in
915 5292 1067 5336 antea
1125 5279 1529 5350 qualiscumque
1584 5277 1743 5332 immo
1811 5278 2011 5334 donare
2078 5275 2164 5331 vel

574 5374 770 5428 offerre
823 5388 886 5429 ex
936 5374 1093 5427 rebus
1140 5373 1273 5427 suis.
1309 5370 1435 5426 Item
1463 5370 1529 5425 de
1557 5372 1733 5435 terris,
1761 5373 1918 5431 casis.
1966 5371 2153 5430 vineis,

584 5462 903 5519 inolendinis
952 5463 1003 5517 in
1063 5463 1318 5532 praedicto
1375 5470 1563 5514 sancto
1603 5471 1651 5514 et
1700 5459 1983 5514 venerabili
2042 5458 2160 5511 loco

584 5554 853 5609 voluerint
883 5554 1148 5609 licentiam
1182 5564 1238 5608 et
1268 5562 1582 5622 potestatem
1617 5551 1842 5605 habeant
1880 5548 2079 5602 donare
2107 5556 2162 5603 et

583 5645 799 5699 oi‘ferire
846 5660 967 5699 cum
1016 5645 1157 5714 quali
1208 5646 1413 5699 ratione
1468 5640 1737 5699 voluerint
1791 5656 2006 5695 suorum
2056 5640 2163 5693 sint

584 5740 847 5792 licentiam
875 5739 987 5794 sine
1019 5738 1395 5794 contrarietate
1414 5738 1689 5808 principis,
1720 5734 2159 5803 arcltiepisCopis,

2190 4508 2237 4568 D

2244 530 2527 585 admodum
2599 530 2664 584 ad
2719 530 2964 585 eumdem
3013 533 3352 587 venerabilem
3419 544 3724 599 monasterium

2245 622 2416 675 sancti
2458 621 2727 675 Bent-dicti
2758 636 3019 690 possessas
3058 622 3284 689 fuerunt,
3310 642 3396 697 per
3421 628 3539 685 hanc
3578 646 3725 690 nostra:

2245 713 2669 769 continuationis
2698 715 3068 770 auctoritatem
3122 718 3310 771 nostris
3356 719 3607 791 futurisque
3624 737 3725 781 ιειη.

2248 805 2461 874 poribus
2508 806 2703 860 abbas
2735 807 2901 876 ipsius
2954 806 3055 861 loci
3095 809 3261 861 sancti
3312 809 3547 866 Benedicti
3593 814 3727 870 tinni-

2247 906 2432 959 terqne
2481 896 2961 967 inviolabiliterque
3010 908 3209 965 teneat,
3240 907 3293 953 et
3338 902 3584 970 possideat,
3612 918 3727 969 pretii

2247 986 2469 1042 facultas
2519 989 2599 1042 vel
2637 989 2838 1042 utilitas
2866 987 3031 1055 ipsius
3061 990 3372 1044 venerabilis
3407 992 3493 1046 loci
3536 996 3725 1064 exigerit.

2248 1076 2319 1131 Ita
2352 1088 2407 1131 ttt
2439 1077 2616 1133 nullus
2641 1077 2807 1148 judex
2859 1079 3117 1147 publicus,
3172 1079 3412 1148 quilehet
3446 1096 3501 1136 ex
3527 1083 3726 1149 iudicialis

2246 1177 2511 1237 potestate
2540 1170 2590 1223 in
2618 1170 2782 1225 cellas
2811 1181 2864 1224 et
2906 1170 3078 1233 villas,
3104 1177 3194 1223 aut
3216 1185 3388 1241 agros,
3414 1187 3498 1226 seu
3521 1173 3727 1238 lota,sive

2246 1259 2478 1329 reliquas
2510 1260 2876 1328 possessiones
2893 1260 3061 1315 nostri
3082 1261 3307 1315 cmuohii
3333 1267 3483 1315 sancti
3506 1263 3726 1331 Benedicti,

2246 1365 2377 1420 quas
2417 1351 2675 1405 ntoderno
2705 1361 2942 1419 tempore
2973 1352 3023 1404 in
3067 1351 3468 1421 qtnbuscumque
3495 1355 3669 1422 paginis,
3689 1365 3727 1409 et

2249 1441 2520 1496 territorio
2552 1441 2685 1496 infra
2718 1440 2866 1507 regni
2897 1442 3061 1495 nostri
3090 1440 3295 1495 dicione
3333 1441 3460 1509 juste
3479 1450 3526 1496 et
3549 1442 3727 1511 lcgaliter

2250 1531 2509 1600 possidet,
2560 1532 2641 1587 vel
2699 1531 2951 1600 quidquid
2998 1531 3251 1601 deinceps
3292 1530 3455 1585 divina
3498 1532 3729 1600 pietasipso

2250 1625 2370 1680 loco
2396 1622 2623 1677 voluerit
2648 1637 2843 1692 augere
2869 1622 2935 1677 ad
2967 1637 3155 1676 causas
3184 1621 3474 1687 audiendas,
3527 1625 3591 1676 vel
3636 1621 3730 1677 fredi

2249 1727 2341 1770 aut
2390 1715 2582 1770 tributa
2620 1713 2877 1784 exigenda
2907 1754 2924 1780 ,
2984 1718 3063 1768 vel
3115 1714 3408 1768 mansiones
3455 1722 3532 1768 aut
3576 1724 3734 1781 paratas

2180 1789 2219 1847 Β
2251 1807 2538 1871 faciendas,
2599 1808 2680 1861 vel
2728 1804 3067 1874 fideiussores
3108 1805 3385 1868 tollendos,
3428 1815 3509 1858 aut
3554 1802 3736 1859 homines

2253 1899 2419 1967 ipsius
2445 1898 2750 1952 monasterii
2783 1906 2885 1950 tam
2920 1897 3115 1951 liberos
3140 1912 3293 1966 quam
3332 1911 3516 1960 servos,
3559 1912 3632 1951 seu
3648 1911 3736 1950 car-

2253 1991 2447 2045 tnlatos
2479 1992 2557 2045 vel
2584 1989 2826 2055 oﬂ'ertos,
2869 1997 2922 2042 ct
2947 1990 3035 2057 qui
3066 2003 3230 2057 super
3280 1997 3409 2041 terra
3438 1986 3574 2055 ipsius
3598 2003 3737 2039 tnnna-

2251 2082 2397 2136 ειυήί
2452 2079 2705 2148 resident,
2754 2080 3053 2133 nullatenus
3093 2079 3489 2147 distringendos,
3527 2090 3605 2131 nec
3638 2078 3736 2129 ullas

2257 2171 2608 2226 redivitiones
2676 2177 2767 2225 aut
2828 2170 3038 2225 illicitas
3101 2171 3403 2224 occasiones
3473 2168 3741 2236 requirenda

2252 2263 2450 2318 nostris
2480 2263 2667 2316 futuris
2719 2261 2955 2330 utrisque
3008 2261 3329 2330 temporibus
3377 2260 3553 2325 ingredi
3581 2260 3739 2325 audeat,
3770 2248 3771 2251 “

2252 2343 2350 2409 nec
2375 2368 2437 2408 ea
2469 2368 2588 2423 qua:
2614 2352 2857 2422 superius
2910 2362 3206 2406 memorata
3234 2366 3348 2405 sunt
3378 2351 3559 2419 penitus
3582 2349 3739 2414 exigere

2251 2456 2560 2509 praesumat,
2613 2444 2705 2498 sed
2748 2443 2904 2497 liceat
2944 2451 3209 2511 praesente
3237 2440 3549 2495 'l'heotlimari
3577 2454 3741 2493 venera—

2250 2538 2411 2594 bilem
2459 2539 2691 2600 ahatem,
2720 2535 2941 2605 ejusque
2968 2547 3308 2589 successores
3333 2547 3429 2587 una
3456 2548 3557 2587 cum
3580 2543 3742 2599 congre-

2251 2633 2462 2697 gatione
2492 2630 2683 2684 ibidem
2726 2629 2834 2684 Deo
2875 2627 3167 2683 famulante
3195 2628 3291 2681 sub
3331 2636 3508 2680 nostrze
3534 2623 3742 2678 mnoitatit

2249 2725 2559 2779 defensione
2612 2724 2789 2791 quieto
2845 2721 3032 2777 ordine
3107 2721 3289 2775 vivere
3335 2732 3394 2772 ac
3442 2718 3665 2777 residere,
3705 2720 3744 2768 et

2254 2814 2535 2869 Dominum
2579 2828 2674 2882 pro
2703 2823 2884 2867 nostra
2912 2812 3087 2866 anima
3134 2810 3444 2879 supplicare.
3474 2807 3529 2861 Et
3559 2803 3743 2874 quicquid

2253 2905 2440 2972 fiscus,
2476 2914 2527 2959 et
2550 2904 2670 2973 jure
2689 2905 2797 2971 jam
2835 2902 3078 2972 prepltati
3111 2902 3412 2957 monasterii
3452 2914 3556 2969 pars
3593 2896 3742 2963 publica

2252 3010 2479 3066 sperare
2517 3003 2728 3065 poterat
2751 3009 2847 3061 pro
2871 2994 3064 3048 anima:
3093 3002 3295 3047 nostra:
3334 2989 3555 3045 mercede
3581 2987 3744 3041 Iuntina-

2255 3091 2406 3146 ribus
2461 3091 2626 3159 ipsius
2675 3086 2996 3143 venerabilis
3043 3086 3353 3141 monasterii
3407 3091 3563 3157 nostra
3594 3085 3746 3133 maneat

2250 3181 2565 3237 auctoritate
2585 3193 2922 3234 concessum.
2950 3177 3058 3232 Nec
3088 3192 3198 3232 non
3225 3180 3380 3232 etiam
3426 3190 3452 3226 a
3494 3171 3620 3229 nobis
3658 3166 3744 3222 addi

2246 3284 2402 3343 atque
2451 3270 2757 3326 confirmari
2809 3269 3033 3338 placeat,
3065 3279 3123 3322 ut
3152 3283 3219 3323 ex
3249 3265 3480 3321 omnibus
3530 3263 3657 3317 rebus
3688 3256 3746 3311 vel

2248 3366 2526 3433 mancipiis
2548 3379 2614 3419 ex
2645 3365 2762 3433 ipso
2793 3362 3119 3417 monasterio
3151 3359 3521 3430 pertinentibus
3541 3349 3748 3409 carminis

2253 3458 2337 3513 vel
2363 3456 2588 3520 oﬂ‘ertis,
2620 3455 2817 3510 liberos
2847 3464 3007 3522 atque
3038 3465 3228 3506 servos
3267 3451 3351 3504 ubi
3382 3463 3493 3518 pars
3517 3444 3748 3513 ipsiusius-

2250 3548 2470 3606 nasterii
2501 3544 2768 3617 eiigerint,
2800 3552 2957 3612 atque
3011 3538 3429 3595 adclatnaverint
3477 3530 3660 3589 ministri
3691 3526 3747 3579 vel

2248 3641 2584 3700 exactoribus
2643 3636 2886 3708 publicus
2946 3649 3040 3704 per
3091 3642 3205 3688 tres
3258 3638 3350 3686 aut
3385 3630 3506 3682 duos
3530 3626 3726 3679 circsma

2250 3745 2439 3791 nentes
2454 3742 2615 3801 atque
2628 3730 2985 3785 consistentes
3008 3739 3234 3781 veraces
3252 3723 3479 3776 homines
3497 3730 3609 3788 quos
3632 3710 3748 3781 ipsius

2250 3823 2558 3882 monasterii
2613 3818 2860 3875 monachi
2910 3815 3346 3880 acclamaverint,
3398 3805 3630 3880 inquisitio
3660 3802 3752 3854 ﬁant

2250 3920 2479 3989 qualiter
2521 3923 2573 3970 et
2621 3913 2696 3968 rei
2738 3911 2933 3966 veritas
2973 3909 3182 3963 facilius
3215 3906 3554 3970 investigetur,
3592 3905 3633 3951 et
3670 3905 3751 3944 m0-

2253 4008 2407 4065 nachi
2457 4007 2623 4073 ipsius
2652 4000 2961 4059 monasterii
3005 4013 3154 4055 suam
3182 3999 3392 4053 valeant
3413 3990 3631 4064 justitiam
3664 3994 3753 4036 cott-

2252 4100 2428 4169 seqni.
2462 4096 2534 4151 Ita
2581 4106 2636 4151 ut
2676 4101 2797 4164 post
2838 4090 2974 4145 faeta
3022 4089 3365 4159 inquisitione
3402 4098 3502 4138 rcta
3530 4073 3753 4169 quamn?

2255 4167 2517 4248 madverint
2565 4185 2803 4258 praedicti
2860 4199 3080 4240 veraces
3138 4181 3381 4237 homines
3421 4179 3521 4247 jam
3567 4167 3756 4241 pudicis

2256 4286 2522 4356 pertinere
2542 4278 2867 4337 monasterio
2886 4279 3045 4334 liceat
3066 4274 3317 4334 monachi
3337 4274 3503 4343 quiete
3526 4261 3755 4356 possideri}.

2257 4349 2315 4433 ut
2370 4375 2500 4430 nulli
2550 4374 2708 4429 liceat
2741 4370 2989 4427 monachi
3039 4368 3108 4424 de
3155 4365 3400 4437 praedicta
3431 4349 3758 4417 monaSIerioill

2263 4470 2462 4539 palatio
2489 4478 2949 4538 quorumcumque
2977 4463 3154 4517 taliter
3186 4455 3500 4528 respondere
3522 4454 3758 4539 autsscrl:

2262 4525 2876 4625 mentum-compellere.
2906 4554 2963 4610 Si
2996 4568 3123 4607 vero
3150 4552 3217 4607 de
3238 4549 3404 4605 servis
3422 4552 3504 4599 ant
3521 4525 3761 4594 ancillisvel

2256 4659 2324 4712 de
2354 4651 2675 4723 quibuslibet
2704 4650 2863 4704 rebus
2888 4648 3039 4700 horta
3066 4644 3221 4699 fuerit
3264 4638 3494 4698 intentio.
3534 4633 3763 4723 liceatmo;

2258 4720 2412 4803 nachi
2441 4743 2683 4814 ejusdem
2714 4738 3096 4794 monasterium
3122 4735 3269 4802 ipsos
3289 4731 3528 4790 retinere,
3546 4720 3764 4814 quam“?

2260 4840 2313 4905 in.
2341 4813 2520 4891 nostra
2569 4830 2836 4901 presentia
2878 4842 2975 4882 seu
3026 4826 3094 4880 de
3121 4823 3370 4879 eumdem
3401 4813 3763 4905 predecessontts

2262 4898 2566 4984 nostrorum
2611 4919 2890 4989 prmsentia
2919 4918 3117 4976 veniat.
3150 4924 3202 4970 et
3235 4912 3425 4967 ibidem
3463 4915 3620 4961 coram
3652 4894 3765 4989 nobis

2260 4985 2649 5079 deliberentur.
2707 5012 3041 5081 Quicumque
3107 5008 3246 5061 hanc
3310 5010 3531 5058 nostrain
3588 4985 3764 5057 τευθίδα

2263 5114 2522 5167 adversus
2573 5102 2960 5160 institutionem
3000 5099 3080 5154 ire
3134 5092 3518 5163 temptaverint,
3566 5083 3766 5142 avehit“

2264 5215 2424 5268 supra
2451 5205 2740 5253 memorata
2768 5191 2852 5247 vel
2873 5189 3254 5259 comprehensa
3272 5191 3394 5239 sunt
3409 5178 3607 5234 minime
3629 5169 3766 5221 obser-

2269 5265 2397 5347 vare
2425 5292 2551 5361 quia
2600 5289 2826 5343 fortasse
2872 5286 3072 5339 violare
3122 5291 3211 5335 aut
3255 5277 3570 5341 dirrumpere
3596 5265 3765 5361 templa:

2267 5354 2464 5449 verint,
2522 5381 2655 5435 sciat
2687 5393 2749 5434 se
2782 5391 2911 5446 pena
2952 5373 3359 5443 persolviturum
3390 5362 3609 5419 abatibus

2265 5472 2613 5535 monasterii,
2660 5478 2715 5524 et
2760 5467 3019 5520 munitate
3061 5475 3237 5518 nostra
3278 5474 3426 5529 quain
3478 5455 3525 5509 in
3575 5439 3765 5537 onng

2262 5564 2633 5623 constituimus
2686 5556 2967 5623 ecclesiis,
3010 5556 3213 5609 scilicet
3266 5557 3470 5604 centum
3513 5540 3764 5623 libras‘allfl

2263 5658 2468 5729 Optimi.
2500 5650 2826 5720 Precipimus
2854 5649 3016 5703 etiam
3048 5646 3364 5709 ubicumque
3413 5639 3627 5699 τοροτίυδ
3648 5619 3766 5729 mnf

2266 5770 2330 5807 ex
2361 5750 2515 5805 rebus
2550 5748 2714 5819 ipsius
2745 5743 3055 5801 monasterii
3085 5741 3164 5797 tcl
3206 5733 3391 5792 Ceteris
3423 5728 3611 5785 illicitas
3647 5723 3763 5780 ειςυο
