4056 6178
370 329 499 383 1597

1433 332 1817 389 Dll’LOlIATA
1865 330 2144 390 ECCLES.
2187 335 2521 392 SELEC'I‘Q.

3498 344 3634 397 1398

362 447 649 496 datnnosas
672 457 762 495 seu
788 442 1001 497 inutiles
1031 458 1162 512 quos
1190 446 1512 514 scriptiones
1539 448 1617 501 vel
1644 460 1945 502 comntuta-
1976 454 2022 509 Α
2054 450 2285 506 lanensis
2315 453 2559 507 ecclesiae
2594 471 2605 507 :
2657 462 2711 508 et
2736 454 2779 509 si
2809 455 2986 508 datum
3034 454 3088 509 in
3127 455 3256 525 ipsa:
3294 468 3495 510 sancta}
3529 459 3631 510 Me-

368 532 537 583 tiones
574 542 932 599 evaciri-utor,
978 541 1031 585 et
1070 532 1134 592 ad
1177 534 1293 605 ejus
1342 536 1425 588 vel
1480 544 1741 604 potestate
1791 537 1957 605 ipsius

368 624 670 675 lttullztSlCI'iI
720 623 1046 677 restituatur.
1104 625 1168 679 Ut
1212 642 1331 680 cum
1371 628 1483 683 lttec
1528 639 1706 683 nostra
1762 630 1958 698 regalis

370 718 638 784 perceptio
670 732 760 784 per
783 715 953 769 futura
982 727 1216 786 tempora
1250 719 1537 775 lirmiorem
1559 721 1797 775 obtineat
1819 722 1959 793 vigo-

370 823 501 872 rem,
543 807 702 859 anulo
741 815 922 859 ltuser
960 809 1465 881 subter.insiguirii.
1504 811 1854 880 precepimus.

444 900 633 952 Paulus
682 899 943 953 Diaeouus
971 910 1026 955 et
1061 902 1298 956 notarius
1326 917 1419 958 sex
1460 903 1701 971 jussinne
1744 903 1951 960 domini

371 990 538 1041 nostri
571 989 825 1043 Desiderii
848 992 1174 1044 serenissimi
1208 994 1344 1062 regis
1369 994 1582 1063 scripsi.

443 1082 632 1135 Actum
701 1083 918 1137 civitate
978 1083 1158 1154 Papia.
1221 1085 1348 1140 Data
1411 1102 1539 1141 vero
1595 1102 1738 1142 anno
1802 1087 1956 1157 regni

370 1170 610 1239 ejusdem
655 1173 1023 1243 glmiosissimi
1065 1176 1205 1247 regis
1242 1179 1464 1245 quinto,
1508 1194 1692 1233 mense
1733 1180 1956 1234 Decem-

372 1260 489 1313 brio
520 1302 537 1325 ,
599 1277 693 1329 per
747 1263 1089 1318 indictionem
1151 1264 1520 1322 duodecimam
1548 1268 1955 1326 —Desiderius
1996 1276 1999 1281 ’

376 1353 548 1422 gratia
582 1353 669 1408 Dei
698 1370 789 1409 rex
823 1354 1321 1425 Langobardorum.

1057 1471 1274 1527 XXXII.

377 1556 712 1633 Manigandis
755 1560 1107 1633 Langobardw
1153 1572 1511 1619 testamentum
1554 1584 1647 1633 pro
1698 1566 1952 1620 creatione

575 1630 819 1700 puellaris
846 1630 1143 1686 monasterii
1175 1632 1371 1687 Cairati
1400 1630 1561 1704 (anno
1591 1635 1747 1707 768).

723 1722 815 1784 (Ex
842 1724 1044 1787 Mabill.,
1070 1724 1199 1775 Ann.
1222 1728 1327 1776 0rd.
1353 1728 1402 1776 S.
1432 1729 1644 1789 Bened.)

447 1807 503 1861 In
552 1806 676 1863 Jesn
717 1808 912 1865 Christi
958 1810 1209 1876 nomine,
1261 1821 1516 1879 regnante
1543 1812 1739 1865 domno
1771 1822 1955 1868 nostro
1985 1796 2033 1856 B

376 1899 701 1964 Luitprando
740 1908 789 1953 et
832 1899 1203 1966 Ileldeprando
1257 1903 1453 1956 nostris
1494 1904 1958 1959 excellentissimis

377 1990 592 2056 regibus
612 2031 628 2054 ,
678 2005 818 2045 anno
860 2006 1044 2045 eorum
1093 1991 1345 2060 vigesimo
1378 1995 1534 2047 tertio
1554 2034 1569 2060 ,
1599 2010 1781 2049 mense
1812 1995 1956 2060 Julii,

380 2082 670 2137 indictione
700 2083 881 2149 quinta
913 2083 1157 2139 feliciter.
1198 2084 1307 2153 Ego
1339 2083 1685 2156 Manignndu,
1739 2102 1834 2155 per
1863 2086 1955 2142 Dei

384 2172 801 2227 misericordiam
830 2173 922 2228 Dei
948 2174 1161 2241 ancilla,
1190 2186 1242 2230 et
1267 2182 1415 2231 veste
1438 2176 1747 2232 monialium
1772 2177 1957 2231 induta

379 2279 541 2331 sum,
587 2278 706 2333 qua!
752 2264 861 2318 visa
907 2279 1024 2319 sum
1074 2265 1261 2321 vivens
1308 2267 1422 2337 lege
1463 2266 1955 2337 Langobardorum,

390 2352 742 2422 praesentibus
771 2354 921 2410 dixi:
959 2355 1211 2410 Dominus
1258 2356 1594 2423 omnipotens
1640 2373 1704 2412 ac
1753 2358 1961 2412 redem-

387 2454 509 2513 ptor
538 2455 722 2499 noster
751 2446 975 2511 animas,
1007 2461 1137 2516 quas
1169 2448 1427 2513 condidit,
1459 2449 1523 2503 ad
1551 2449 1785 2504 studium
1820 2449 1961 2503 salu-

387 2539 455 2589 tis
486 2550 699 2604 semper
727 2537 936 2591 invitat.
982 2539 1045 2592 Et
1072 2540 1191 2594 ideo
1218 2555 1315 2610 ego
1344 2557 1462 2611 quae
1490 2557 1649 2610 supra
1682 2542 1961 2613 Maniguu—

384 2628 451 2681 da
484 2629 606 2682 volo
634 2638 687 2684 et
711 2629 891 2699 judico
920 2646 1016 2699 pro
1045 2647 1226 2688 amore
1250 2634 1457 2689 Domini
1482 2637 1582 2691 mei
1599 2636 1723 2692 .Iesu
1741 2637 1961 2706 Christi,

385 2731 434 2771 et
463 2720 581 2787 ejus
604 2720 877 2789 genitricis
908 2721 1129 2790 virginis
1150 2723 1346 2788 Mariae,
1374 2724 1547 2780 facere
1579 2728 1961 2781 monasterium

388 2813 439 2863 in
464 2812 575 2865 suis
605 2810 1039 2880 proprietatibus,
1074 2812 1126 2867 in
1157 2813 1275 2868 loco
1302 2813 1564 2878 Cariadte,
1590 2815 1738 2886 juxta
1765 2816 1964 2872 ﬂumen

386 2902 581 2967 Olona,
608 2903 860 2956 comitatu
887 2890 1209 2971 Sepriense;
1253 2913 1307 2959 et
1338 2905 1410 2961 ibi
1448 2907 1514 2960 ab
1547 2906 1661 2977 ipso
1692 2917 1963 2963 monaste-

392 2993 476 3048 rio
505 2994 628 3048 volo
661 2993 838 3050 facere
857 3011 951 3063 pro
979 3011 1162 3052 amore
1199 2997 1406 3053 Domini
1447 3000 1551 3054 mei
1591 3001 1713 3055 Jesu
1741 3001 1962 3069 Christi,

390 3094 445 3138 et
476 3084 715 3152 ejusdem
767 3085 989 3153 virginis
1038 3086 1213 3143 Maria:
1241 3129 1256 3155 ,
1302 3097 1355 3145 ct
1397 3092 1585 3144 animae
1617 3107 1778 3157 mem,
1807 3102 1968 3162 atque

393 3179 655 3245 genitoris
685 3186 739 3233 et
766 3178 1037 3248 genitricis
1069 3196 1224 3249 mea},
1254 3191 1409 3249 atque
1439 3182 1663 3237 aliorum
1688 3194 1966 3250 parentum

390 3281 634 3320 meorum
664 3268 961 3323 remedium
1001 3268 1067 3321 ab
1099 3270 1215 3338 ipso
1247 3271 1603 3337 monasterio;
1649 3274 1817 3339 casis,
1850 3287 1967 3327 cur-

390 3361 484 3427 tis,
514 3361 805 3415 sediminas
826 3402 841 3427 ,
872 3372 925 3417 et
965 3364 1211 3418 omnibus
1242 3364 1400 3418 rebus
1426 3405 1441 3428 ,
1488 3365 1772 3419 territoriis
1802 3374 1856 3420 et
1898 3366 1973 3418 la-

392 3452 555 3505 tniliis
588 3451 727 3522 juris
769 3453 903 3517 mei,
944 3454 1137 3521 quibus
1184 3454 1381 3509 habere
1414 3457 1522 3510 visa
1549 3472 1665 3511 sum
1700 3458 1751 3511 in
1776 3458 1967 3513 eodem

393 3543 512 3593 vico
542 3552 596 3594 et
627 3541 791 3596 fundo
818 3542 1058 3597 Cariadtn
1087 3553 1142 3599 et
1168 3544 1220 3599 iu
1254 3543 1369 3614 ejus
1404 3546 1731 3611 territoreas,
1762 3557 1855 3601 aut
1882 3547 1968 3601 ubi

391 3644 490 3699 per
520 3631 651 3686 alias
688 3634 819 3686 locis
866 3634 999 3687 intra
1039 3634 1210 3702 ipsum
1260 3652 1477 3703 regnum
1508 3636 1741 3689 Italicum
1770 3635 1972 3691 habere

395 3724 505 3775 visa
536 3738 680 3777 sum.
731 3724 795 3777 Et
823 3724 1013 3779 iterum
1046 3727 1165 3779 Volo
1205 3737 1257 3780 et
1290 3726 1471 3795 judico
1502 3727 1618 3781 illas
1660 3729 1967 3794 monacltas,

396 3828 516 3880 «jure
550 3813 601 3865 iu
656 3814 772 3882 ipso
828 3817 1152 3869 monasterio
1200 3816 1587 3886 prmordinatas
1631 3829 1840 3884 essent,
1874 3818 1969 3871 ha-

398 3905 563 3958 beant
592 3904 659 3959 de
696 3907 962 3975 pradictis
994 3908 1134 3961 casis
1172 3917 1225 3961 et
1261 3908 1541 3963 territoriis
1571 3909 1766 3962 victum
1798 3917 1850 3962 ct
1883 3926 1971 3963 ve-

395 3995 601 4059 stitum,
634 3997 882 4065 quicquid
914 4013 1089 4052 annue
1134 3998 1389 4053 Dominus
1432 3998 1661 4063 dederit,
1699 4001 1970 4068 perpetuis

395 4088 727 4153 temporibus
746 4091 810 4143 ad
842 4096 1057 4143 suorum
1087 4104 1239 4144 nsum
1274 4100 1327 4144 et
1376 4090 1799 4145 benedictionem
1830 4092 1968 4161 quod

394 4182 714 4245 voluerunt,
749 4197 844 4250 pro
879 4174 1230 4237 animafmea:
1262 4192 1315 4237 et
1360 4194 1698 4252 parentornm
1730 4199 1968 4238 meorum

393 4273 656 4326 remedio.
702 4273 765 4327 Et
793 4274 913 4327 volo
944 4282 998 4328 et
1037 4273 1249 4341 judico,
1285 4288 1376 4327 seu
1408 4289 1503 4342 pro
1530 4290 1669 4328 nunc
1692 4290 1866 4329 meum
1886 4274 1960 4343 jn-

396 4367 633 4421 dicatum
656 4368 934 4431 conﬁrmo,
969 4378 1023 4420 ut
1054 4367 1170 4432 ipso
1202 4368 1524 4420 monasterio
1552 4367 1619 4421 sit
1650 4367 1700 4421 in
1727 4367 1816 4420 tali
1844 4381 1973 4421 vero

2055 541 2379 598 diolanensis
2400 543 2660 611 ecclesiaz,
2678 545 2815 599 sicut
2837 561 3000 614 supra
3027 546 3303 615 judicavit,
3333 549 3473 617 quod
3505 549 3635 604 dare

2054 632 2217 689 debet
2240 636 2407 703 dapar
2428 646 2629 691 sanctas
2658 636 2964 692 Ticinensis
2994 638 3247 693 ecclesia:
3266 678 3281 702 ,
3313 647 3367 692 et
3396 639 3555 692 debet
3582 651 3635 692 et

2057 724 2232 779 Iacere
2260 725 2389 780 dare
2436 736 2490 781 et
2516 728 2835 796 consignare
2874 728 3179 792 abbatissa,
3228 745 3346 795 quae
3372 745 3469 796 pro
3497 740 3633 782 tent-

2059 830 2186 882 pore
2233 816 2589 884 praeordinata
2640 826 2797 882 erat,
2846 818 2913 871 ad
2959 817 3176 873 domum
3224 818 3391 886 ipsius
3438 830 3636 871 sanctae

2057 906 2466 961 Mediolanensis
2512 907 2757 964 ecclesia;
2804 908 3059 963 antistitis
3087 949 3106 976 ,
3157 924 3251 976 per
3299 918 3427 964 ante
3466 909 3637 964 dictas

2058 997 2216 1052 ferias
2238 997 2306 1052 de
2333 998 2542 1054 Domini
2562 1054 2565 1055 ,
2588 1000 2886 1054 nativitate.
2942 1000 3008 1055 Et
3038 1000 3085 1055 si
3110 1001 3277 1070 dapar
3308 1002 3472 1068 ipsius
3502 1015 3637 1054 san-

2055 1097 2154 1142 ctae
2195 1088 2606 1143 Mediolanensis
2653 1090 2897 1147 ecclesia:
2947 1090 3202 1145 antistitis
3232 1092 3334 1144 alia
3370 1091 3635 1159 superim-

2058 1180 2229 1246 posita
2257 1177 2395 1233 facta
2423 1179 2607 1245 fuerit,
2632 1196 2796 1250 quam
2827 1194 2987 1249 supra
3014 1181 3270 1249 judicavit
3296 1192 3475 1237 :-tune
3513 1182 3634 1235 volo

2057 1280 2112 1326 ct
2135 1271 2346 1339 judico,
2373 1281 2428 1324 ut
2457 1271 2650 1326 habeat
2675 1280 2999 1343 potestatem
3030 1272 3553 1326 commendationem
3583 1283 3642 1327 ct

2056 1365 2517 1418 consecrationem
2556 1363 2606 1417 in
2634 1363 2846 1432 qualem
2877 1362 3186 1431 episcopum
3222 1362 3289 1415 ivi
3330 1363 3444 1431 ipsa
3474 1362 3630 1416 abba-

2060 1455 2209 1515 tissa.
2243 1467 2361 1520 qua:
2394 1467 2489 1521 pro
2521 1460 2764 1521 tempore
2799 1452 3148 1518 prteordiuata
3176 1460 3324 1515 erat,
3372 1466 3490 1505 cum
3525 1466 3634 1517 ipsa

2060 1556 2301 1607 munera,
2351 1542 2581 1609 qualiter
2622 1540 2864 1609 superius
2905 1540 3200 1611 judicavit,
3233 1541 3337 1594 alia
3365 1542 3634 1608 snperim—

2061 1634 2227 1704 posita
2255 1634 2332 1687 eis
2357 1633 2421 1686 da
2456 1633 2599 1686 nulla
2632 1647 2725 1702 par
2749 1648 2853 1686 non
2885 1631 2996 1687 liat.
3038 1629 3107 1685 Et
3135 1633 3178 1684 si
3218 1633 3337 1700 quis
3375 1631 3510 1685 alios
3543 1631 3640 1684 bo-

2063 1741 2150 1781 mo
2178 1736 2268 1779 ant
2292 1724 2551 1795 pontifex,
2582 1734 2671 1777 aut
2694 1725 2978 1793 episcopus
3006 1765 3022 1790 ,
3051 1724 3515 1791 archiepiscopus,
3546 1732 3639 1777 aut

2063 1815 2294 1885 qualibet
2324 1825 2562 1884 potestas
2588 1815 2665 1869 eis
2690 1815 2934 1879 fecerint,
2966 1814 3247 1868 Dominum
3279 1816 3490 1869 Patrem
3518 1830 3636 1870 om-

2063 1905 2390 1973 nipotentem
2432 1905 2624 1961 habeat
2669 1903 3112 1968 retributionem,
3182 1916 3231 1959 et
3277 1921 3395 1960 cum
3444 1905 3635 1960 .ludam

2062 2000 2370 2054 traditorem
2422 2009 2547 2052 ante
2606 1998 2838 2051 tribunal
2884 1997 3081 2051 Christi
3137 1997 3330 2050 haheat
3373 1998 3636 2051 rationem

2064 2102 2188 2144 ante
2218 2091 2336 2159 ejus
2368 2090 2702 2157 majesmtem
2733 2089 2799 2143 ad
2827 2090 3002 2144 omnia
3024 2129 3039 2154 ,
3070 2090 3208 2143 sicut
3249 2105 3409 2157 supra
3429 2090 3639 2159 judica-

2062 2180 2160 2247 vit,
2189 2182 2333 2234 omni
2362 2191 2605 2249 tempore
2638 2181 2805 2235 ﬁrmis
2835 2190 2889 2234 et
2918 2180 3122 2234 stabilis
3154 2191 3483 2247 permaneat,
3512 2183 3638 2250 quia

2062 2270 2140 2325 sic
2167 2270 2406 2325 decrevit
2432 2285 2547 2323 mea
2581 2271 2717 2323 bona
2747 2269 2993 2323 voluntas
3026 2269 3234 2322 ﬁrmum
3266 2281 3409 2323 stare
3432 2269 3640 2337 judica-

2066 2372 2174 2417 tum
2222 2364 2272 2417 in
2312 2363 2618 2431 supradicto
2676 2362 2793 2417 loco
2833 2361 3090 2417 Cariadm.
3150 2361 3256 2431 Ego
3298 2361 3637 2431 Manigunda,

2065 2454 2174 2508 Deo
2204 2453 2401 2515 dicata,
2432 2463 2578 2508 veste
2608 2453 2856 2506 monialis
2901 2453 3081 2507 induta
3109 2470 3252 2520 sum,
3296 2454 3346 2505 iu
3378 2456 3477 2506 hoc
3499 2454 3642 2519 judi-

2064 2556 2183 2599 cato
2212 2560 2242 2597 a
2273 2559 2358 2598 me
2389 2544 2532 2596 facto
2563 2544 2877 2609 subscripsi.
2913 2543 3132 2612 Signum
3173 2543 3416 2596 manibus
3462 2544 3639 2595 Valle-

2066 2635 2197 2688 rami
2229 2634 2296 2688 de
2326 2633 2553 2687 Abbiate
2575 2675 2589 2699 ,
2632 2646 2684 2688 et
2716 2633 3071 2703 Heldeprandi
3108 2634 3176 2687 de
3204 2633 3508 2702 Venegonn.
3550 2633 3641 2686 lsti

2068 2734 2229 2780 testes
2260 2723 2581 2794 Rimegasus
2608 2723 2660 2778 in
2690 2722 2790 2775 hoe
2815 2724 3054 2791 judicato
3083 2734 3295 2792 rogatus
3324 2725 3472 2776 subs.
3532 2723 3643 2779 Ur-

2067 2830 2157 2869 sus
2193 2814 2400 2882 judices
2442 2813 2511 2868 de
2561 2816 2721 2867 domo
2765 2815 2906 2881 regis
2950 2827 3164 2882 rogatus
3196 2816 3378 2868 subsc.
3421 2816 3640 2881 Signum

2069 2908 2313 2961 manibus
2340 2905 2666 2960 Gundelredi
2697 2906 2765 2959 de
2802 2910 2919 2959 vico
2950 2905 3188 2959 Cariadee
3208 2948 3220 2969 ,
3264 2918 3315 2958 et
3345 2906 3549 2973 Agnelli
3575 2908 3643 2960 de

2068 3000 2183 3066 ipso
2226 2996 2342 3049 vico
2388 3005 2569 3049 testes.
2632 2994 2853 3062 Signum
2906 2996 3149 3049 manibus
3203 2996 3559 3063 Drunengoni,
3590 3006 3647 3048 et

2072 3086 2359 3141 Mambritii
2390 3085 2457 3141 de
2506 3085 2624 3140 vico
2664 3084 2878 3151 Seprio,
2927 3095 3111 3140 testes.
3182 3086 3291 3155 Ego
3340 3085 3646 3138 Dutninicus

2073 3177 2356 3246 presbyter
2405 3184 2459 3229 et
2501 3176 2742 3229 notarius
2784 3175 2923 3228 hunc
2969 3174 3203 3243 judicato
3246 3175 3310 3227 ad
3346 3176 3455 3243 jam
3504 3175 3649 3230 dicta

2070 3268 2387 3338 lllanigunda
2414 3276 2628 3337 rogatus
2653 3268 2878 3336 scripsi,
2910 3277 3027 3336 post
3068 3269 3255 3319 tradita
3305 3266 3567 3335 complevi
3592 3277 3649 3323 et

2069 3360 2214 3414 dedi.
2258 3360 2647 3429 Theuprandus
2688 3359 2851 3429 judex
2896 3360 3047 3413 retuli
3085 3360 3328 3428 exempla
3369 3375 3430 3411 ex
3463 3368 3647 3413 auten-

2072 3455 2177 3508 tico
2220 3453 2365 3508 edita
2410 3453 2743 3526 subscripsi,
2792 3463 2847 3509 et
2896 3456 3164 3509 autentico
3206 3454 3365 3523 hujus
3406 3456 3647 3523 exempla

2069 3545 2203 3609 vidi,
2234 3554 2288 3599 et
2316 3544 2416 3614 legi
2444 3562 2456 3597 :
2492 3556 2544 3598 et
2573 3545 2651 3599 sic
2679 3553 2823 3598 tenet
2855 3544 2905 3598 in
2941 3545 3053 3611 ἰμευ
3083 3546 3355 3601 autentico
3382 3589 3397 3612 ,
3430 3545 3567 3598 sient
3596 3547 3649 3601 in

2072 3635 2169 3688 ista
2206 3634 2396 3704 legitur
2422 3633 2700 3701 exempla,
2736 3644 2884 3686 extra
2925 3634 3128 3686 litteras
3159 3634 3272 3701 plus
3302 3634 3494 3687 minus.
3545 3632 3649 3689 Ar-

2073 3725 2298 3789 naldus,
2354 3723 2445 3794 qui
2498 3731 2554 3778 et
2606 3724 2767 3790 Bezo,
2813 3723 2973 3792 judex
3020 3724 3161 3778 sacri
3200 3727 3409 3792 palatii,
3462 3726 3512 3778 in
3548 3724 3649 3779 hoc

2071 3814 2320 3880 exemplo
2345 3830 2410 3868 ex
2442 3816 2709 3868 autentico
2736 3813 2881 3877 suhs,
2908 3822 2962 3867 et
2986 3814 3257 3867 autentico
3284 3813 3440 3882 hujus
3463 3831 3648 3868 exetn-

2074 3908 2144 3975 pli
2169 3906 2298 3971 vidi,
2331 3916 2385 3960 et
2432 3906 2511 3959 sic
2560 3913 2707 3959 tenet
2747 3906 2798 3957 in
2830 3906 2945 3974 ipso
2974 3907 3268 3970 autentico,
3301 3905 3440 3959 sicut
3469 3905 3519 3958 in
3552 3905 3651 3961 ista

2075 4002 2269 4071 legitur
2300 3999 2548 4068 exempla
2573 4010 2724 4052 extra
2755 3999 2958 4052 litteras
2984 3999 3103 4067 plus
3136 3999 3332 4051 minus.
3369 3997 3653 4062 Nazarius,

2074 4096 2163 4162 qui
2195 4102 2251 4147 et
2276 4091 2484 4154 Amizo,
2513 4091 2671 4159 judex
2702 4131 2719 4157 ,
2764 4089 3033 4144 autentico
3085 4089 3242 4158 hujus
3270 4092 3510 4156 exempla
3545 4088 3657 4144 vidi

2073 4194 2128 4240 et
2156 4185 2283 4254 legi,
2315 4193 2370 4238 et
2398 4184 2537 4237 sicut
2584 4183 2658 4236 ibi
2705 4182 3098 4245 continebatur,
3149 4182 3227 4235 sic
3254 4182 3307 4235 in
3333 4182 3429 4234 ista
3460 4181 3652 4250 legitur

2073 4277 2316 4343 exempla
2361 4285 2510 4328 extra
2557 4274 2760 4326 litteras
2804 4273 2923 4341 plus
2965 4274 3160 4326 minus.
3202 4273 3312 4340 Ego
3341 4272 3531 4337 Adam,
3559 4272 3660 4343 qui-

2074 4376 2128 4421 et
2175 4366 2465 4421 llosbertus
2488 4405 2504 4431 ,
2554 4366 2793 4419 notarius
2817 4405 2831 4428 ,
2867 4365 2978 4417 hazc
3014 4363 3254 4431 exetnpla
3285 4379 3347 4417 ex
3383 4363 3655 4419 autentico

398 4457 591 4513 ordine
661 4458 714 4512 in
783 4466 1041 4526 potestate
1105 4465 1159 4511 et
1200 4457 1605 4512 consecratione
1652 4455 1968 4512 Annextasii
1998 4473 2052 4533 Β
2078 4457 2398 4527 exemplari,
2430 4465 2482 4511 et
2508 4456 2777 4509 autentico
2806 4453 2965 4524 hujus
2994 4456 3237 4523 exempla
3270 4457 3399 4525 vidi,
3423 4468 3476 4510 et
3504 4456 3608 4527 legi
3637 4476 3649 4512 :

402 4555 638 4622 episcopi
671 4564 869 4606 sanetae
898 4551 1182 4606 Ticinense
1210 4550 1452 4605 ecclesia:
1481 4561 1530 4606 et
1556 4549 1724 4620 ipsius
1744 4566 1969 4604 venera-

402 4646 527 4698 bilis
559 4646 713 4708 locis,
738 4654 792 4699 et
812 4645 929 4713 ejus
955 4642 1357 4699 successerihns
1380 4685 1394 4708 ,
1450 4652 1506 4694 ut
1540 4658 1635 4711 pro
1666 4643 1809 4697 omni
1834 4657 1975 4697 anno

402 4751 497 4803 per
546 4736 703 4789 ferias
748 4736 812 4789 de
860 4734 1069 4790 Domini
1118 4735 1391 4789 nativitate
1434 4733 1665 4787 debeant
1708 4733 1837 4787 dare
1886 4733 1973 4786 illa

400 4824 694 4890 abbatissa,
723 4826 810 4892 qui
851 4840 946 4895 pro
977 4836 1211 4892 tempore
1246 4825 1297 4879 iu
1345 4825 1460 4893 ipso
1492 4826 1813 4879 monasterio
1840 4840 1970 4893 pne-

402 4916 647 4969 ordinata
694 4925 804 4970 erat
831 4958 845 4979 ,
893 4915 1161 4983 perpetuis
1195 4916 1523 4983 temporibus
1569 4929 1736 4983 usque
1771 4915 1823 4967 in
1858 4930 1977 4983 per-

402 5014 624 5074 petuum
669 5006 919 5059 candelas
966 5005 1134 5068 duas,
1170 5006 1377 5060 valente
1422 5007 1674 5060 denarios
1723 5016 1973 5075 quatuor,

402 5096 637 5151 canadas
667 5097 797 5150 duas
828 5098 892 5149 de
926 5096 1102 5151 viuum
1132 5115 1144 5150 :
1181 5111 1271 5151 seu
1303 5110 1351 5150 ct
1380 5098 1586 5151 oblatas
1612 5097 1744 5150 duas
1773 5098 1862 5152 de.
1887 5137 1901 5151 .
1924 5140 1935 5150 .
1961 5135 1976 5150 .

404 5188 469 5238 ad
508 5188 677 5253 ipsum
713 5188 1017 5257 episcopum
1056 5198 1253 5241 sancta:
1284 5188 1585 5243 Ticinensis
1617 5188 1856 5243 ecclesiae
1880 5231 1894 5253 ,
1925 5189 1977 5244 in

402 5274 566 5328 domo
597 5276 765 5342 ipsius
794 5287 992 5330 sanctre
1039 5276 1334 5331 Ticineusis
1374 5278 1614 5333 ecclesia:
1644 5297 1655 5332 :
1691 5286 1748 5332 ut
1772 5280 1837 5333 de
1870 5279 1977 5333 illis

402 5366 690 5435 episcopis,
722 5369 810 5437 qui
845 5383 940 5436 pro
974 5354 1212 5436 tempore
1238 5369 1289 5422 in
1314 5369 1486 5437 ipsum
1517 5368 1820 5425 venerabile
1860 5371 1980 5425 loco

404 5459 749 5527 praeordinati
780 5469 953 5524 erant,
984 5461 1081 5513 alia
1114 5477 1271 5528 super
1305 5462 1548 5528 imposita
1580 5462 1799 5516 fecerint
1825 5464 1980 5531 plus-

405 5566 563 5620 quam
591 5553 1004 5621 sicutjudicavit
1031 5570 1044 5606 ε
1080 5563 1202 5608 tunc
1242 5556 1365 5609 volo
1396 5571 1494 5623 ego
1525 5570 1644 5623 qua:
1676 5570 1835 5625 supra
1874 5558 1981 5612 Ma-

408 5644 639 5713 nigunda
665 5684 681 5709 ,
735 5658 792 5697 ιιι
824 5648 937 5713 ipso
985 5649 1310 5701 monasterio
1339 5646 1530 5701 habeat
1559 5650 1978 5703 commendatio-

408 5752 528 5789 ncm
559 5744 611 5791 et
639 5739 1091 5792 consecrationem
1119 5739 1168 5791 in
1195 5745 1510 5807 potestatem
1540 5750 1735 5795 sauch
1770 5741 1970 5796 Medio-

2077 4558 2132 4602 et
2156 4552 2299 4601 sicut
2324 4546 2398 4602 ibi
2426 4546 2799 4601 continebatur
2818 4589 2833 4614 ,
2868 4557 3017 4599 extra
3046 4544 3250 4601 litteras
3281 4548 3397 4616 plus
3419 4552 3614 4607 minus.

2746 4659 2985 4715 XXXIII.

2084 4752 2429 4824 Hildeprandi
2466 4752 2597 4822 regis
2632 4761 3063 4890 ρνῗιοεριιιέηϐἕῖο
3091 4751 3300 4806 ecclesia
3330 4708 3651 4807 Placentina.

2721 4838 2855 4873 anno
3025 4859 3038 4873 .

2721 4838 2855 4873 anno
2897 4838 3038 4873 ΙυδΙ.

2644 4912 2736 4974 (Ex
2766 4910 2971 4975 Mablll.,
2994 4913 3134 4974 ibid.)

2150 4999 2366 5054 Flavius
2412 4996 2737 5065 llilpraudus
2784 5012 2877 5050 rex
2930 4997 3168 5052 ecclesiae
3196 4995 3487 5049 beatissimi
3515 5010 3657 5049 mar-

2080 5090 2211 5161 tyris
2240 5100 2295 5144 et
2319 5090 2649 5144 confessoris
2671 5087 2870 5143 Christi
2900 5088 3151 5142 Antonini
3181 5096 3233 5141 et
3263 5087 3490 5141 Victoris
3511 5127 3525 5151 ,
3555 5089 3659 5142 sita
3704 5150 3711 5156 _

2081 5179 2211 5233 loris
2258 5178 2425 5232 muris
2475 5178 2712 5233 civitatis
2744 5177 3063 5231 Placentinae
3085 5218 3098 5242 ,
3131 5176 3218 5229 ubi
3249 5191 3433 5229 eorum
3469 5185 3655 5230 sancta

2080 5285 2304 5339 corpora
2352 5271 2696 5340 requiescunt
2746 5270 2959 5323 humata
2988 5309 3001 5329 ,
3055 5276 3108 5319 ct
3155 5266 3461 5319 beatissimo
3512 5278 3663 5335 patre

2083 5372 2266 5418 nostro
2308 5363 2528 5417 'I'homa:
2574 5362 2835 5431 episcopo
2885 5358 3088 5412 custodi
3134 5357 3269 5426 ejus.
3314 5358 3567 5413 Dominus
3595 5375 3659 5412 ac

2082 5457 2390 5527 redemptor
2414 5468 2597 5511 noster
2626 5456 2784 5510 Iesus
2813 5452 3053 5505 Christus
3080 5491 3092 5513 ,
3127 5452 3312 5505 volens
3353 5467 3538 5506 omnes
3568 5468 3661 5521 per

2082 5552 2395 5619 sanguinem
2456 5562 2608 5600 suum
2678 5541 2971 5611 pretiosum
3022 5542 3324 5609 redemptos
3383 5542 3661 5597 beatorum

2084 5644 2186 5695 vita
2211 5653 2525 5710 aggregare,
2557 5646 2658 5691 ctc.
2688 5634 2892 5687 Idcirco
2916 5631 3253 5686 manifestum
3278 5642 3357 5686 est
3390 5632 3658 5697 omnibus,

2084 5740 2223 5805 quod
2273 5751 2377 5791 non
2424 5744 2546 5789 ante
2594 5731 2812 5787 multum
2845 5740 3057 5797 tempus
3078 5772 3091 5795 ,
3123 5725 3450 5781 merentibus
3482 5727 3656 5787 malis.
