4056 6178
542 347 673 404 1390

1660 316 2279 393 LANGosanoonuu
2322 330 2560 389 nucum

3611 330 3716 386 “00

542 463 844 517 Placentina
896 466 979 514 est
1021 457 1148 512 urbs
1196 456 1333 527 ignis
1372 451 1624 508 inccndio
1675 456 2042 509 concremata,
2074 454 2128 500 ct
2153 446 2203 502 Δ
2234 448 2585 516 Lupertianus
2635 446 2921 516 episcopus
2964 446 3193 502 dicens:
3230 447 3361 517 quod
3408 447 3716 514 baptisterium

541 548 728 607 omnes
776 550 1065 605 munimina
1097 546 1342 602 ecclesia:
1365 555 1559 599 vestrae
1581 584 1596 607 ,
1624 556 1745 611 qua:
1776 543 1841 597 ab
1869 548 2119 593 anteces-

543 658 724 696 sorum
750 651 1052 695 nostrorum
1082 644 1327 706 tempore
1350 650 1489 689 nunc
1512 647 1682 702 usque
1713 631 1925 685 fuerant
1943 628 2120 691 facta»,

542 733 611 786 ab
639 731 826 786 eodem
859 727 1107 783 incendio
1151 735 1275 780 sunt
1320 727 1614 780 combusta!
1638 764 1653 786 ,
1705 735 1802 791 per
1833 718 2023 788 quibus
2053 716 2122 771 ibi

542 823 770 894 singulis
821 822 969 875 fuere
1018 820 1177 874 rebus
1220 815 1448 872 collatis.
1512 814 1664 869 Unde
1700 824 1875 866 vestra
1909 809 2125 863 almitas

542 916 834 986 postulavit
882 912 1252 969 excellentiam
1305 920 1583 974 nostram,
1632 917 1689 961 ut
1721 920 1814 973 per
1843 901 2127 958 serenissi-

544 1024 687 1063 mum
748 1016 988 1059 nostrum
1047 1013 1373 1072 praeceptum
1439 1001 1617 1056 omnia
1669 996 1924 1069 quidquid
1985 1010 2128 1048 nunc

547 1116 715 1170 nsque
749 1100 1028 1162 habuistis,
1062 1096 1414 1166 praescribere
1441 1094 1684 1149 ecclesiae
1706 1102 1897 1146 vestra:
1922 1088 2005 1144 vel
2038 1104 2130 1141 vn-

543 1193 629 1250 bis
653 1192 971 1247 deberemus
998 1190 1233 1249 firmare.
1263 1195 1391 1253 etc.,
1424 1197 1477 1241 et
1510 1186 1786 1241 firmantes
1814 1186 1863 1238 in
1899 1198 1996 1236 vos
2024 1182 2129 1251 pri-
2164 1246 2171 1256 '

555 1298 699 1337 mum
728 1281 908 1335 omnia
958 1277 1208 1348 quidquid
1255 1278 1321 1332 ab
1363 1277 1594 1345 antiquis
1627 1275 1961 1345 temporibus
1992 1287 2131 1327 nunc

554 1387 723 1444 usque
750 1372 979 1427 ecclesia
1008 1369 1122 1439 ipsa
1155 1368 1384 1436 possedit
1412 1369 1462 1422 in
1489 1367 1649 1432 casis,
1686 1367 1907 1438 peculiis
1930 1406 1945 1430 ,
1972 1374 2133 1434 atque

550 1463 768 1518 familiis
797 1462 1071 1529 utriusque
1102 1474 1263 1514 sexus
1310 1461 1393 1514 vel
1443 1460 1614 1514 (etatis
1637 1500 1654 1527 ,
1696 1459 1852 1513 simul
1884 1458 2047 1513 etiam
2079 1468 2135 1512 et

554 1552 872 1609 monasteria
903 1591 919 1614 ,
969 1550 1018 1605 id
1050 1560 1131 1605 est
1166 1549 1456 1605 beatissimi
1490 1550 1540 1603 in
1583 1548 1798 1604 Cbri~to
1829 1548 2053 1617 apostoli
2082 1557 2136 1602 et

554 1646 807 1716 martyris
839 1643 1061 1701 Thomzc
1089 1653 1250 1712 atque
1284 1640 1404 1712 Syri
1448 1642 1776 1697 confessoris
1807 1656 1971 1710 prope
1999 1639 2131 1695 civi-

550 1746 713 1791 tatem
765 1746 1002 1790 nostram
1052 1733 1454 1798 Placentinam,
1505 1745 1600 1787 seu
1648 1729 1969 1786 monasteria
2014 1730 2135 1785 Flo-

2223 542 2391 593 sancti
2419 539 2641 604 Felicis;
2674 538 3043 607 baptisterium
3073 545 3267 593 sauciat
3293 536 3461 592 Maria:
3475 539 3521 591 in
3545 538 3715 601 Pacius,

2225 632 2594 701 baptisterium
2623 633 2792 687 sancti
2825 632 2927 686 Viti
2951 632 3102 702 juxta
3132 631 3388 697 Vescona,
3417 631 3717 699 baptisterium

2225 725 2391 777 sancti
2422 723 2679 789 Joannis;
2725 723 3093 791 baptisterium
3126 735 3316 777 sancta:
3346 724 3510 776 matris
3533 722 3720 777 ecclesia

2227 815 2281 869 in
2310 814 2603 880 Sesciano;
2636 816 3013 884 baptisterium
3060 816 3228 869 sancti
3266 815 3475 869 Andreze
3510 816 3554 868 in
3573 815 3721 870 Mali-e-

2230 921 2329 971 no;
2381 906 2749 975 baptisterium
2795 908 2967 962 sancti
3002 907 3227 963 Andrea:
3265 909 3476 961 Asciano
3520 905 3613 978 ζΑΙ.
3641 910 3720 961 Ac-

2230 998 2445 1072 ciano];
2475 1002 2843 1068 baptisterium
2876 1010 3074 1079 sanctae
3112 1002 3294 1055 matris
3324 1000 3552 1055 Ecclesizc
3579 1001 3622 1055 in
3646 1004 3721 1056 Co.

2231 1107 2396 1158 Sona;
2431 1094 2802 1163 baptisterium
2852 1093 3022 1148 sancti
3074 1093 3333 1147 Valentini
3382 1090 3429 1146 in
3467 1092 3719 1169 Urimo[Al.

2236 1182 2460 1249 Urcino;
2512 1183 2882 1251 baptisterium
2940 1197 3160 1252 ,sanctte
3217 1186 3397 1240 matris
3444 1187 3641 1241 erciesize
3682 1188 3721 1244 in

2234 1278 2466 1333 Castello
2498 1278 2784 1344 Politiano,
2828 1279 3204 1348 baptisterium
3237 1278 3398 1331 sancti
3432 1279 3519 1332 \‘iti
3545 1279 3587 1332 in
3612 1279 3722 1335 Ruti-

2236 1370 2413 1437 Iiano;
2447 1371 2820 1440 baptisterium
2850 1372 3018 1426 sancti
3054 1372 3253 1438 Qnirici
3285 1373 3333 1425 in
3359 1372 3576 1436 Osenna;
3600 1372 3724 1442 bapti-

2235 1463 2451 1517 sterium
2497 1472 2695 1516 sancta:
2744 1463 2930 1518 matris
2970 1463 3219 1521 ecclesiae
3244 1463 3295 1517 in
3328 1463 3488 1528 Pava;
3531 1463 3725 1532 baptiste-

2237 1554 2372 1607 rium
2398 1562 2597 1608 sancts:
2628 1553 2934 1620 Restitutm,
2969 1553 3338 1622 baptisterium
3373 1565 3553 1607 Sancta!
3588 1558 3727 1609 matris

2237 1646 2478 1700 ecclesiae
2522 1646 2574 1700 in
2623 1644 2807 1700 Misula
2834 1688 2849 1710 ,
2896 1659 2995 1700 nec
3043 1660 3150 1699 non
3198 1646 3555 1700 monasterium
3598 1647 3727 1700 sancti

2240 1734 2426 1808 Angeli
2457 1737 2508 1791 in
2540 1735 2719 1803 Luco;
2764 1736 3151 1791 monasterium
3179 1736 3345 1791 sancti
3388 1736 3514 1791 Petri
3555 1738 3597 1789 in
3630 1737 3732 1797 Am,

550 1828 778 1884 rcntiola
824 1837 880 1882 et
922 1826 1071 1881 Tolla
1093 1866 1109 1891 ,
1150 1834 1311 1893 atque
1353 1823 1646 1891 Graviaco,
1677 1834 1783 1879 etc.
1825 1823 2125 1879 Firmemus
2156 1818 2201 1879 Β
2231 1843 2331 1881 una
2362 1843 2480 1882 cum
2524 1828 2776 1881 omnibus
2804 1826 3083 1893 ecclesiis,
3123 1836 3178 1881 et
3202 1827 3516 1897 pertinentiis
3540 1828 3659 1881 suis:
3685 1826 3733 1879 ad

555 1920 715 1975 etiam
747 1919 897 1974 Vobis
924 1961 939 1987 ,
995 1925 1050 1969 ut
1098 1930 1287 1971 omnes
1332 1917 1581 1970 mulieres
1612 1915 1730 1970 illas
1765 1914 1982 1981 liberas,
2014 1931 2133 1986 qua:

554 2028 723 2082 usque
775 2029 955 2081 nunc,
1008 2013 1135 2068 dum
1185 2012 1365 2066 liberm
1410 2018 1628 2076 essent,
1679 2010 1849 2064 servis
1891 2009 2133 2064 ecclesiae

556 2114 750 2159 vestra:
783 2105 834 2157 in
866 2105 1209 2159 matrimonio
1244 2102 1617 2166 tradiderunt,
1649 2102 1736 2157 vel
1765 2101 1885 2155 ﬁliis
1914 2110 1968 2155 et
2001 2100 2135 2154 ﬁlia-

558 2198 650 2253 bus
679 2199 767 2268 qui
798 2213 867 2252 ex
914 2200 992 2252 eis
1034 2198 1141 2251 nati
1189 2206 1332 2250 sumt.
1376 2195 1447 2249 Ita
1479 2209 1609 2249 sane
1640 2203 1696 2247 ut
1724 2196 1831 2248 sint
1862 2193 2132 2263 proaldio-

555 2305 686 2353 nes,
738 2300 791 2344 et
838 2290 1073 2345 habeant
1118 2304 1208 2358 per
1257 2297 1417 2357 caput
1447 2286 1811 2355 unusquisque
1862 2284 2132 2339 mundinm

552 2381 753 2435 solidos
778 2396 960 2448 senos,
986 2381 1123 2435 sicut
1148 2378 1296 2435 vobis
1319 2386 1472 2433 antea
1504 2395 1532 2431 a
1565 2378 1719 2432 bona:
1747 2377 2137 2434 recordationis

556 2469 775 2523 domino
816 2482 869 2523 et
911 2480 1063 2538 patre
1112 2478 1296 2523 nostro
1342 2483 1598 2524 concessa
1649 2478 1795 2523 sunt.
1854 2469 2135 2536 Similique

560 2562 719 2614 modo
769 2560 1043 2615 firmamus
1092 2561 1245 2616 vobis
1297 2562 1607 2629 pensionem
1642 2560 1786 2614 illam
1815 2559 1883 2615 de
1906 2575 2133 2627 sapone,

561 2653 662 2706 hoc
710 2664 796 2708 est
846 2654 1006 2708 labras
1058 2670 1160 2708 xxx
1210 2669 1328 2723 quae
1370 2653 1565 2722 palatio
1615 2662 1800 2717 nostro
1829 2669 1897 2707 ex
1922 2654 2137 2708 civitate

562 2744 865 2799 Placentina
914 2744 1300 2811 inferebantur,
1350 2756 1403 2799 et
1440 2746 1507 2798 ab
1549 2743 1779 2815 ipsumet
1817 2754 2005 2813 patruo
2037 2760 2135 2799 no-

554 2846 668 2889 stro
692 2836 757 2889 ad
802 2850 1061 2905 pauperes
1107 2836 1391 2890 lavandum
1438 2849 1692 2890 concessa
1719 2845 1865 2891 sunt.
1915 2835 2136 2903 Verum,

556 2927 677 2994 quia
723 2936 776 2982 et
805 2926 1113 2997 suggessisti
1159 2927 1313 2981 nobis
1338 2972 1353 2996 ,
1392 2927 1534 2996 quod
1577 2942 1606 2980 a
1634 2930 1786 2982 bona:
1815 2926 2141 2983 recordatio-

560 3021 642 3076 nis
691 3019 910 3074 domino
962 3028 1148 3074 nostro
1193 3033 1448 3075 concessa
1495 3018 1661 3073 fuisse
1699 3033 1763 3072 ex
1800 3028 1987 3087 portu,
2020 3032 2140 3088 qua:

562 3111 759 3166 dicitur
781 3110 1063 3173 Codaleto,
1093 3113 1309 3179 quando
1338 3112 1407 3165 ibi
1441 3125 1605 3166 naves
1647 3109 1939 3163 militorutn
1969 3109 2140 3177 appli-

2239 1919 2616 1987 prmnominata
2665 1919 3014 1991 baptisteria,
3082 1937 3116 1974 a
3162 1928 3396 1986 tempore
3441 1919 3733 1974 Romanorum

2239 2012 2621 2080 imperatorum
2653 2028 2869 2082 semper
2896 2013 3052 2068 sedes
3072 2016 3246 2068 sancti
3277 2015 3448 2067 Donati
3470 2014 3590 2082 ipsas
3606 2012 3739 2067 eccle-

2236 2103 2343 2157 sias
2394 2104 2807 2171 prmnominatas
2854 2105 3152 2168 ordinavit;
3225 2114 3277 2159 et
3322 2114 3658 2160 sacramentum
3697 2104 3771 2178 ia_

2239 2194 2581 2265 presbyteros
2611 2194 2759 2259 fecit,
2790 2206 2844 2251 et
2873 2196 3109 2249 cbrisma
3144 2211 3355 2265 semper
3384 2194 3444 2249 de
3468 2194 3623 2248 eadem
3644 2194 3739 2247 sedo

2238 2286 2550 2354 petierunt,
2584 2296 2640 2339 et
2686 2286 3025 2356 presbyteros
3053 2326 3069 2352 ,
3122 2287 3214 2356 qui
3258 2286 3411 2339 modo
3440 2284 3737 2352 pmentesia

2239 2377 2354 2431 istis
2383 2378 2627 2433 ecclesiis
2670 2393 2791 2434 esse
2838 2390 3158 2445 noscuntur,
3209 2389 3550 2435 antecessores
3594 2377 3736 2437 nostri,

2237 2477 2292 2523 et
2340 2484 2436 2523 nos
2479 2470 2675 2525 ibidem
2721 2470 3111 2525 ordinavimus.
3188 2472 3267 2525 Ad
3314 2471 3421 2525 haec
3456 2468 3737 2537 respondebat

2240 2563 2656 2629 praenominatus
2701 2562 2965 2617 Deodatus
3010 2563 3301 2633 episcopus
3342 2560 3573 2619 Senensis
3597 2560 3740 2614 civita-

2239 2652 2306 2705 tis
2333 2668 2347 2717 ;
2377 2653 2519 2721 quod
2548 2652 2787 2708 ecclesia:
2813 2654 2929 2707 istze
2960 2654 3041 2707 vel
3066 2653 3253 2708 'l'iocia
3278 2652 3404 2724 [Al.,
3429 2649 3618 2720 Diocia},
3639 2647 3740 2701 unde

2241 2744 2454 2814 agimus
2486 2743 2536 2797 in
2568 2745 2840 2800 territorio
2870 2743 3095 2801 Senensi
3151 2745 3332 2812 posita:
3360 2752 3503 2806 sunt,
3528 2752 3572 2795 et
3594 2738 3647 2792 ad
3668 2738 3739 2794 Se-

2241 2851 2462 2890 nensem
2487 2836 2773 2891 ecclesiam
2797 2835 2993 2890 debent
3026 2836 3321 2904 pertinere,
3358 2832 3470 2903 quia
3491 2832 3597 2886 dum
3629 2828 3741 2885 Lon-

2243 2925 2465 2996 gobardi
2498 2925 2746 2980 Tusciam
2795 2936 3192 2995 occupassent,
3238 2926 3288 2980 in
3329 2925 3548 2981 Senense
3579 2920 3743 2975 civitate

2242 3016 2462 3072 minime
2490 3017 2775 3087 episcopus
2806 3018 2992 3074 fuisset
3020 3019 3302 3073 ordinatus
3338 3036 3349 3072 :
3397 3017 3638 3086 episcopus
3661 3011 3740 3075 ille.

2242 3108 2329 3177 qui
2371 3108 2423 3162 in
2473 3109 2694 3164 Aretino
2727 3120 2852 3165 tunc
2899 3110 3158 3176 temporis
3211 3118 3363 3175 erat,
3412 3105 3629 3163 ecclesias
3651 3103 3745 3155 istas

558 3201 804 3257 caverint
834 3204 899 3257 ad
931 3203 1307 3272 negotiandum
1332 3244 1350 3270 ,
1392 3217 1580 3256 navem
1613 3215 1771 3255 unam
1816 3199 2042 3255 tuleritis
2071 3199 2137 3253 ad
2166 3190 2213 3250 C
2247 3200 2569 3268 possidebat,
2619 3210 2675 3257 et
2702 3203 2886 3267 etiam,
2918 3202 3061 3272 quod
3098 3212 3309 3258 certum
3348 3211 3443 3268 est,
3471 3197 3741 3269 presbyteros

561 3310 717 3349 usum
747 3309 1138 3365 pauperorum;
1188 3308 1286 3347 nos
1333 3307 1459 3345 vero
1490 3292 1641 3361 juxta
1686 3291 1915 3362 qualiter
1952 3291 2044 3345 tibi
2074 3290 2140 3345 ab

564 3388 679 3454 ipso
709 3400 966 3441 concessa
994 3394 1098 3449 est,
1122 3392 1177 3439 et
1206 3397 1375 3453 usque
1404 3398 1545 3437 nunc
1576 3383 1793 3446 tulistis,
1824 3382 1895 3437 ita
1926 3381 2017 3436 tibi
2053 3381 2141 3435 fir-

561 3492 788 3541 mamus,
820 3487 875 3529 ut
901 3475 1076 3529 taliter
1107 3474 1260 3529 tollas
1282 3476 1333 3529 in
1349 3486 1473 3529 ante
1492 3476 1629 3530 sicut
1656 3475 1772 3544 ipso
1788 3474 2139 3543 vivente,etc.

569 3570 645 3620 Ex
681 3567 825 3621 dicto
848 3566 1050 3620 domini
1082 3567 1244 3636 regis.
1278 3576 1329 3620 et
1357 3581 1422 3621 ex
1452 3565 1649 3621 dictato
1679 3566 1919 3635 magistri
1954 3566 2142 3620 notarii

560 3659 749 3726 scripsi
781 3674 882 3729 ego
918 3659 1180 3713 Andreas.
1223 3662 1359 3714 Acto
1385 3658 1572 3714 Ticino
1615 3661 1665 3714 in
1700 3660 1901 3728 palatio
1927 3660 2026 3713 sub
2053 3658 2142 3713 die

564 3766 596 3801 ιι
624 3747 731 3802 kal.
765 3750 1024 3817 Aprilium
1046 3789 1062 3815 ,
1114 3765 1255 3803 antro
1302 3750 1594 3805 felicissimi
1623 3749 1771 3821 regni
1803 3750 1970 3805 nostri
2001 3765 2143 3805 nono

561 3857 655 3910 per
689 3842 977 3896 indictione
1008 3858 1081 3895 ιιι
1109 3841 1353 3898 feliciter.

1214 3960 1451 4017 XXXIV.

559 4061 584 4086 ε·
608 4050 941 4122 Privilegium
961 4050 1218 4176 Ambrosii
1236 4051 1648 4176 majo;i|.v5()lomu8
1675 4052 1809 4124 regis
1832 4050 2143 4120 Luitprandi

1211 4138 1346 4175 anno
1505 4160 1520 4176 .

1211 4138 1346 4175 anno
1370 4138 1396 4176 Vl
1415 4138 1520 4176 10).

1187 4126 1346 4191 (anno
1369 4123 1520 4192 7l5).
1736 4123 1742 4124 ⁷

636 4208 768 4262 Dum
794 4209 849 4265 in
875 4208 971 4265 Dei
1001 4211 1219 4265 nomine
1249 4226 1313 4265 ex
1341 4209 1583 4280 iussione
1617 4212 1838 4282 piissimi
1878 4221 1933 4268 et
1971 4228 1999 4267 a
2033 4213 2143 4269 Deo

523 4288 543 4307 '
566 4303 869 4356 conservati
894 4302 1096 4356 domini
1131 4302 1437 4371 Luitprandi
1466 4306 1606 4373 regis
1633 4305 1865 4360 directus
1898 4304 2137 4361 fuissem.

561 4395 876 4449 Ambrosius
901 4394 1125 4450 illustris
1158 4395 1331 4465 major
1357 4396 1547 4451 domus
1571 4396 1811 4465 partibus
1838 4396 2140 4452 Tusciae...

565 4486 617 4538 in
648 4487 861 4540 civitate
894 4487 1145 4555 Aretina,
1198 4489 1379 4558 ibique
1412 4487 1631 4543 veniens
1673 4488 1739 4543 ad
1771 4503 1868 4542 nos
1900 4488 2143 4543 beatissi-

2241 3293 2532 3359 ordinavit,
2561 3304 2616 3348 et
2637 3294 2993 3349 sacrationem
3025 3295 3075 3348 in
3108 3294 3256 3363 ipsas
3283 3294 3397 3348 fecit
3417 3333 3433 3356 ,
3472 3290 3553 3345 sed
3576 3298 3739 3356 perno-

2242 3396 2408 3441 stram
2456 3386 2808 3453 petitionem;
2855 3401 2921 3442 eo
2969 3385 3109 3452 quod
3164 3386 3305 3442 Sena
3346 3385 3545 3441 minime
3577 3379 3745 3433 haberet

2243 3474 2593 3544 episcOpum;
2639 3485 2691 3530 et
2742 3488 3020 3546 postquam
3060 3475 3396 3546 Langobardi
3424 3475 3471 3529 in
3498 3467 3745 3526 Italiamin-

2242 3567 2412 3635 gressi
2441 3576 2599 3632 sunt,
2642 3566 2870 3636 primum
2899 3567 3111 3636 quidem
3155 3578 3395 3636 tempore
3424 3561 3598 3619 notarii
3624 3556 3744 3625 regii.

2245 3657 2526 3712 ordinatus
2574 3667 2659 3712 est
2698 3658 2748 3712 in
2796 3659 3011 3713 civitate
3034 3659 3266 3715 Senensi
3297 3660 3557 3728 episcopus
3584 3650 3745 3705 nomine

2246 3749 2485 3812 Maurus,
2510 3761 2565 3806 et
2599 3751 2644 3805 si
2675 3767 2770 3819 per
2800 3761 3032 3805 vestram
3063 3752 3375 3820 petitionem
3406 3748 3532 3814 ipsas
3555 3739 3748 3800 eccleSiIS

2244 3840 2549 3895 ordinasset
2573 3882 2589 3907 ,
2639 3841 2723 3895 cui
2755 3855 2848 3894 eas
2892 3841 3047 3896 nobis
3093 3841 3163 3895 ab
3198 3842 3311 3908 ipso
3352 3839 3596 3906 episcOpo,
3620 3828 3749 3884 velalt

2245 3933 2363 4001 ejus
2391 3934 2622 4002 posteris
2652 3933 2895 3988 dimissae
2923 3944 3082 4000 sunt,
3114 3933 3257 3989 sicut
3281 3947 3371 3987 eas
3405 3940 3542 3984 antea
3571 3933 3751 3992 tempme

2253 4024 2621 4080 Romanorum
2658 4025 2998 4094 possedimus
3023 4027 3155 4079 sicut
3194 4022 3631 4093 Langobardorum
3655 4025 3752 4068 tem-

2248 4132 2401 4186 pore,
2430 4118 2548 4172 sine
2576 4119 2753 4186 aliqua
2798 4117 3016 4185 querela
3049 4131 3077 4169 a
3111 4117 3238 4186 jnre
3268 4114 3431 4169 sancti
3461 4108 3638 4169 Donati,
3659 4119 3750 4173 per.

2248 4209 2523 4264 tinuerunt
2563 4225 2799 4278 semper,
2852 4219 2907 4265 et
2935 4218 2994 4262 ut
3028 4209 3354 4277 completum
3393 4208 3756 4272 cognoscasesse

2247 4303 2666 4372 manuscriptum
2701 4303 3136 4373 presbyterorum
3161 4344 3177 4365 ,
3228 4302 3316 4371 qni
3357 4302 3574 4355 fecerunt
3603 4293 3656 4348 ad
3688 4303 3754 4341 sc-

2246 4393 2367 4447 dem
2396 4393 2567 4447 sancti
2610 4393 2801 4447 Donati
2828 4433 2846 4459 ,
2888 4392 3103 4461 quando
3151 4393 3203 4447 in
3238 4392 3435 4446 honore
3460 4405 3566 4452 suo,
3594 4401 3617 4437 a
3640 4376 3757 4435 nobis

2247 4484 2478 4539 ordinati
2509 4494 2655 4547 sunt,
2707 4491 2761 4536 et
2790 4524 2804 4538 .
2832 4522 2847 4537 .
2872 4521 2889 4537 .
2914 4522 2929 4537 .
2962 4523 2978 4547 ,
3027 4483 3354 4537 sacramenti
3385 4480 3467 4534 ubi
3499 4474 3757 4546 juraverunt

558 4591 677 4629 mus
717 4576 801 4630 vir
846 4576 1199 4645 Lupertianus
1228 4580 1511 4649 episcOpus
1558 4577 1718 4647 hujus
1752 4582 1987 4635 Aretinaa
2011 4581 2142 4635 civi-
2177 4576 2229 4637 D
2253 4580 2319 4632 ad
2346 4579 2656 4647 prdeclam
2689 4577 2893 4640 sedem,
2924 4575 3218 4629 secundum
3248 4572 3469 4640 qualiter
3493 4560 3761 4624 consuetudo

560 4668 686 4721 tatis
729 4669 1014 4737 ecclesias,
1071 4673 1334 4741 suggessit
1385 4674 1562 4738 nobis,
1626 4688 1692 4727 eo
1745 4674 1886 4743 quod
1942 4674 2143 4729 multas

562 4758 845 4814 violentias
895 4762 1214 4815 sustinuerit
1257 4764 1326 4816 ab
1372 4762 1628 4831 episcopo
1672 4762 1894 4817 Senensi
1928 4764 2143 4819 nomine

562 4850 800 4907 Deodato
850 4852 918 4907 de
965 4853 1229 4919 ecclesiis,
1259 4854 1342 4908 vel
1385 4854 1628 4923 plebibus
1651 4894 1666 4917 ,
1692 4869 1826 4922 quas
1846 4869 1874 4907 a
1905 4864 2145 4922 tempore

559 4941 922 4998 Romanorum
972 4944 1129 4999 sedes
1189 4946 1357 5001 sanati
1409 4945 1596 4999 Donati
1641 4946 1972 5015 possidebat.
2032 4945 2145 5000 Hoc

560 5034 744 5089 audito
775 5036 998 5091 fecimus
1043 5038 1466 5106 suprascriptum
1518 5037 1849 5093 Adeodatum
1882 5052 1984 5091 una
2019 5051 2140 5092 cum

561 5124 816 5194 Taiperto
856 5128 1115 5181 cas‘taldio
1145 5129 1399 5182 Senensis
1428 5128 1722 5183 civitatis..
1742 5168 1754 5181 .
1776 5167 1790 5182 .
1822 5131 1871 5183 in
1906 5140 2142 5183 nostram

562 5219 746 5270 venire
782 5217 1157 5284 praesentiam;
1200 5230 1497 5287 quatenus,
1527 5234 1648 5273 cum
1693 5219 1804 5289 jam
1835 5219 2010 5273 dictus
2044 5219 2149 5273 Lu-

563 5308 840 5373 pcrtianus
890 5309 1175 5378 episcopus
1217 5312 1449 5365 Aretina:
1478 5312 1743 5377 civitatis,
1774 5313 1841 5367 de
1870 5314 2143 5381 prtrdictis

563 5398 810 5452 ecclesiis
840 5415 1056 5454 causam
1087 5403 1268 5457 dicere
1292 5402 1515 5457 deberet
1542 5420 1555 5456 :
1595 5404 1686 5457 sed
1719 5418 1839 5458 cum
1869 5419 1928 5458 se
1966 5404 2141 5457 ambae

566 5503 745 5558 partes
776 5493 824 5545 in
873 5495 1076 5547 nostris
1117 5494 1511 5564 conjunxerunt
1559 5496 1857 5565 praesentiis
1897 5494 1949 5548 in
1992 5506 2143 5549 curte

563 5582 702 5655 [Αι.,
748 5582 916 5655 curia]
966 5584 1173 5639 Domini
1218 5588 1392 5656 regis,
1438 5587 1490 5641 in
1549 5588 1667 5642 loco
1711 5588 1798 5657 qui
1848 5585 2041 5640 dicitur
2078 5585 2142 5639 ad

564 5687 806 5730 Sanctum
853 5676 1167 5742 Martinam;
1216 5681 1528 5734 asserebat.
1558 5719 1574 5735 .
1604 5716 1619 5733 .
1649 5720 1665 5735 .
1729 5680 2144 5747 prtenominatus

2252 4678 2355 4723 est.
2399 4668 2549 4722 Nunc
2592 4682 2689 4720 nos
2737 4667 2825 4735 qui
2875 4681 3037 4734 supra
3068 4665 3405 4728 Ambrosius,
3438 4659 3589 4726 major
3614 4655 3761 4707 domu!

2250 4762 2493 4823 illustris,
2524 4760 2647 4812 dum
2680 4758 2744 4812 ad
2787 4769 3053 4811 tantorum
3096 4772 3357 4812 annorum
3398 4750 3633 4809 curricula
3657 4758 3763 4814 pos-

2250 4858 2547 4913 seSs‘ionem
2590 4855 2767 4910 sancti
2829 4854 3017 4909 Donati
3060 4854 3112 4907 in
3164 4850 3429 4921 prmdictis
3475 4834 3761 4910 baptisteri'L‘.

2252 4951 2333 5005 vel
2365 4949 2561 5004 Tiociis
2582 4947 2718 5021 [Al.,
2748 4945 2961 5018 Doceis]
2994 4960 3115 5000 esse
3140 4944 3581 5013 cognovissemus,
3602 4932 3761 5000 jule

2253 5043 2407 5096 nobis
2438 5042 2647 5109 paruit,
2689 5049 2743 5093 nt
2770 5040 3028 5109 qualiter,
3069 5054 3173 5108 quo
3197 5048 3454 5102 tempore,
3481 5044 3576 5098 quo
3600 5025 3764 5082 Lolltw'

2252 5133 2405 5189 bardi
2437 5133 2643 5187 italiam
2674 5130 2899 5200 ingressi
2930 5139 3055 5184 sunt
3079 5167 3094 5193 ,
3140 5142 3309 5197 usque
3336 5127 3387 5180 in
3418 5118 3638 5194 prasenti
3665 5123 3764 5165 teta-

2255 5242 2401 5295 pore,
2437 5226 2593 5279 sedes
2620 5224 2789 5278 sancti
2823 5223 3012 5276 Donati
3044 5221 3242 5288 saepius
3287 5217 3530 5285 repetitas
3559 5200 3763 5263 ecclesia

2253 5294 2531 5387 possedit;
2576 5313 2755 5377 modo,
2800 5322 2856 5367 et
2902 5313 3157 5379 deinceps
3196 5311 3315 5363 sine
3342 5307 3505 5373 aliqua
3531 5294 3761 5355 taxatione.

2251 5421 2344 5462 eas
2377 5407 2532 5460 liceat
2558 5404 2818 5461 canonico
2863 5404 3052 5457 ordine
3102 5401 3355 5463 iudicare,
3388 5406 3440 5451 et
3468 5391 3703 5447 ordinare.
3725 5391 3764 5433 οι

2257 5500 2448 5555 nullam
2502 5496 2803 5549 facundiam
2849 5493 2980 5566 [.4!.,
3040 5486 3372 5558 facultatem]
3405 5484 3599 5543 habeat,
3632 5481 3764 5540 nell“

2255 5590 2563 5645 Adeodatus
2610 5590 2894 5655 episcopos
2928 5583 3216 5649 Senensis,
3252 5595 3350 5635 nec
3391 5575 3570 5648 posteri
3596 5575 3762 5622 succes-

2255 5696 2404 5734 sores
2457 5679 2610 5744 ejus,
2664 5684 2853 5729 contra
2912 5674 3336 5745 Lupcrtianum,
3390 5678 3440 5724 ct
3485 5661 3765 5719 successores

640 5797 666 5825 σι
706 5789 813 5842 lloc
842 5792 1169 5862 privilegium
1201 5804 1256 5850 et
1292 5795 1572 5866 sequentia
1607 5809 1672 5852 ex
1704 5792 1866 5848 Italia
1898 5812 2047 5849 sacra
2081 5797 2146 5850 ab
2190 5793 2436 5864 ligbcllio
2466 5802 2590 5848 sunt
2617 5800 2890 5861 excerpta.
