4056 6178
425 344 556 402 H01

1506 342 1903 402 DlPLOllATA
1946 337 2231 397 ECCLES.
2275 342 2607 400 δεποτις.

3547 339 3569 393 1
3580 335 3690 396 309.

419 463 535 516 eius
564 499 578 511 .
610 498 624 512 .
651 497 667 514 .
695 498 709 511 .
752 457 1022 527 loquendi.
1049 458 1129 514 vel
1155 459 1405 513 causandi
1432 474 1446 513 :
1484 460 1575 514 sed
1606 459 1657 513 in
1687 458 1832 512 omni
1864 469 2001 512 Iem~
2029 455 2081 511 Α
2107 452 2231 510 745.
2292 455 2404 525 Ego
2461 455 2818 522 Luitprandus
2860 456 2953 509 res
3016 454 3165 523 regni
3193 496 3208 519 ,
3255 465 3308 510 et
3337 454 3390 509 in
3434 453 3687 506 omnibus

425 569 553 621 pore
582 551 636 605 in
658 551 845 605 eadem
879 549 1264 605 deliberatione
1292 590 1307 615 ,
1356 553 1527 604 amba:
1575 561 1752 617 partes
1774 548 2008 603 debeant

425 656 758 714 permanere.

499 732 651 791 Unde
684 733 818 785 hanc
859 732 1098 786 notitiam
1145 747 1240 800 pro
1280 740 1535 801 perpetua
1576 732 1825 787 ﬁrmitate
1868 730 2006 801 Sigio

412 825 633 879 frenum
680 824 941 877 notarium
997 824 1137 890 regis
1180 826 1418 879 scribere
1440 825 1832 887 admonuiums,
1866 824 2007 879 facta

425 917 609 973 notitia
671 930 854 970 mense
908 916 1175 991 Augusti,
1229 926 1491 986 regnante
1545 915 2007 972 excellentissimo

424 1013 622 1067 domno
650 1010 977 1078 Luitprando
1009 1025 1134 1081 rege
1163 1027 1302 1065 anno
1334 1026 1414 1077 tu,
1443 1011 1734 1065 indictione
1763 1009 1821 1063 2.

496 1107 697 1159 Actum
720 1104 771 1157 in
798 1114 949 1159 curte
979 1103 1180 1162 domini
1213 1105 1353 1172 regis
1387 1106 1441 1159 in
1471 1105 1688 1159 civitate
1714 1105 1891 1160 Senis.

1103 1217 1319 1271 XXXV.

426 1307 756 1377 Con/irritatio
785 1309 1359 1452 .~lmbrosii(donati7o;t;s)
1410 1326 1443 1363 α
1488 1325 1605 1381 rege
1650 1307 2001 1380 Luitprando.

1068 1397 1205 1435 anno
1366 1421 1381 1435 .

1068 1397 1205 1435 anno
1232 1397 1258 1435 Ἰ
1274 1397 1381 1435 ιω.

497 1470 713 1526 Flavius
741 1471 1105 1540 Luitprandus
1145 1474 1511 1542 perexcellens
1555 1488 1649 1529 rex
1690 1473 1806 1528 viro
1844 1488 2011 1528 vene-

426 1562 580 1617 rabili
611 1564 745 1630 patri
779 1572 967 1618 nostro
1000 1565 1325 1633 Lupertiano
1355 1566 1631 1635 episcopo.
1672 1565 1922 1621 Obtuliin
1953 1565 2006 1618 in

430 1656 712 1725 prmsentia
748 1655 893 1725 regni
929 1658 1099 1712 nostri
1142 1656 1433 1726 judicatum
1468 1656 1688 1711 illustris
1735 1656 2002 1724 majordo-

430 1750 499 1802 mi
531 1750 699 1803 nostri
734 1750 1044 1816 Ambrosii,
1096 1752 1147 1805 in
1195 1766 1302 1821 quo
1341 1751 1738 1815 continebatur,
1768 1765 1835 1805 eo
1863 1748 2004 1818 quod

2110 548 2422 615 apostolica:
2450 548 2617 615 sedis,
2649 557 2702 602 et
2729 555 2929 601 sanctae
2954 545 3209 602 Ecclesia:
3239 545 3511 623 defensor,
3536 543 3607 598 do
3634 552 3691 597 et

2109 640 2346 694 concedo
2376 654 2470 708 per
2513 642 2651 694 hanc
2699 650 2937 694 nostram
2985 639 3411 694 conﬁrmationis
3456 637 3689 691 tabulam

2110 729 2269 785 beato
2303 730 2530 797 Evasio,
2576 739 2633 785 et
2679 729 3085 785 successoribus
3113 731 3225 784 suis
3269 729 3322 782 in
3353 738 3688 797 perpetuum,

2111 821 2367 889 quidquid
2397 820 2568 876 habeo
2591 823 2755 876 modo
2779 821 2832 874 in
2856 835 2977 875 meo
3002 820 3240 874 dominio
3267 819 3318 872 in
3349 820 3450 871 hac
3474 817 3692 872 civitate

2113 911 2324 968 Sedulus
2351 953 2366 977 ,
2414 914 2551 967 sicut
2585 928 2614 966 a
2647 913 3129 983 praedecessoribus
3162 912 3296 966 meis
3338 924 3507 977 usque
3550 921 3692 962 nunc

2112 1005 2165 1059 in
2192 1018 2310 1058 mea
2341 1013 2602 1073 potestate
2632 1016 2790 1061 teneo
2814 1043 2833 1071 ,
2882 1005 3153 1060 civitatem
3184 1020 3305 1058 cum
3351 1003 3487 1056 vicis
3509 999 3689 1054 omni-

2113 1094 2212 1150 bus
2237 1140 2251 1162 ,
2285 1102 2343 1150 et
2391 1095 2679 1150 territoriis
2715 1094 2834 1161 ejus
2875 1094 3142 1148 montanis
3167 1133 3184 1158 ,
3230 1103 3286 1147 et
3317 1091 3564 1146 litoribus
3585 1129 3603 1155 ,
3635 1100 3690 1141 et

2115 1191 2354 1258 portibus
2375 1230 2389 1255 ,
2424 1188 2493 1242 ita
2527 1188 2701 1243 tribuo
2724 1196 2916 1244 sancto
2943 1186 3141 1240 Evasio
3167 1200 3288 1240 cum
3330 1184 3545 1239 cunctis
3593 1181 3690 1235 ho-

2113 1283 2371 1337 minibus.
2411 1284 2512 1347 Qui
2558 1282 2661 1336 hoc
2707 1280 3005 1349 infringere
3052 1279 3370 1341 tenuaverit,
3410 1278 3523 1331 sive
3560 1274 3688 1336 dux,

2112 1376 2232 1430 sive
2262 1375 2524 1439 marchio,
2553 1375 2667 1429 sive
2695 1373 2795 1428 alia
2822 1382 3086 1441 potestas,
3112 1371 3247 1425 sciat
3271 1383 3330 1423 se
3366 1365 3691 1436 compositu.

2115 1482 2232 1522 rum
2257 1476 2475 1521 centum
2501 1467 2883 1535 quinquaginta
2906 1464 3162 1518 librarum
3190 1461 3327 1525 auri,
3351 1458 3690 1513 medietatem

2113 1571 2365 1622 camerze,
2389 1566 2443 1611 et
2466 1557 2810 1611 medietatem
2839 1554 3083 1611 ecclesiae
3114 1554 3367 1621 praelatae.
3398 1549 3506 1617 Ego
3528 1547 3693 1603 Joan-

2115 1663 2233 1712 nes,
2262 1648 2426 1715 judex
2455 1648 2594 1703 sacri
2625 1646 2806 1716 palatii
2832 1687 2848 1712 ,
2889 1645 3082 1713 scripsi
3123 1644 3354 1698 tabulam
3388 1639 3689 1708 plumbeam

2116 1739 2168 1792 in
2195 1738 2580 1793 testimonium.
2643 1735 2922 1791 Amantius
2966 1739 3036 1791 de
3073 1733 3359 1789 Valdebrat
3393 1744 3607 1795 comes,
3639 1735 3696 1780 et

427 1851 610 1902 causa,
644 1854 760 1908 quae
793 1842 1100 1895 vertebatur
1130 1810 1265 1895 inter
1302 1853 1354 1895 Ie
1387 1851 1441 1896 et
1473 1841 1770 1896 Deodatum
1799 1841 2003 1905 episco-
2039 1810 2090 1872 Β
2118 1830 2449 1887 Flondonius
2474 1831 2640 1900 θρὶεο.
2667 1838 2853 1885 testes-

433 1944 555 1998 pnm
583 1929 811 1982 civitatis
854 1929 1142 1996 Senensis,
1175 1930 1241 1986 de
1282 1930 1528 1986 ecclesiis
1574 1940 1880 1985 sanctorum
1916 1928 2008 1983 Dei

432 2036 482 2073 .n
515 2020 704 2088 quibus
731 2019 989 2089 baptisma
1019 2021 1345 2077 consuetudo
1367 2030 1450 2078 est
1474 2021 1723 2089 faciendi,
1745 2022 2011 2087 audierat,

432 2111 497 2163 de
528 2127 629 2181 qua
659 2113 935 2179 respirasti
977 2112 1041 2166 ad
1082 2122 1319 2168 nostram
1363 2114 1748 2182 praeescelsatn
1783 2123 2015 2181 potesta-

434 2213 562 2270 tem,
594 2220 687 2274 per
708 2206 899 2261 Aldinn
930 2207 1063 2279 [AL,
1095 2206 1368 2278 Alcinum]
1412 2207 1623 2262 ﬁdelem
1657 2218 1928 2273 nostrum,
1957 2216 2014 2261 ut

434 2292 607 2362 ipsum
631 2295 927 2364 judicatum
978 2292 1219 2367 qualiter
1251 2313 1281 2353 a
1330 2300 1695 2367 suprascripto
1727 2298 2010 2353 Ambrosio

436 2384 646 2440 ﬁnitum
676 2396 797 2454 est,
844 2403 938 2457 per
976 2400 1214 2444 nosnum
1256 2399 1580 2458 praceptum
1610 2391 1822 2444 ﬁrmare
1848 2389 2013 2444 debe-

435 2492 640 2533 remus.
680 2479 790 2534 Nos
818 2481 1026 2549 quidem
1057 2480 1222 2549 ipsius
1251 2480 1532 2536 audientes
1557 2520 1569 2534 .
1598 2520 1613 2535 .
1646 2520 1663 2536 .
1691 2517 1707 2534 .
1738 2491 1791 2536 et
1817 2494 2016 2550 cogno-

434 2580 646 2624 scentes
674 2585 765 2639 per
792 2571 963 2640 ipsum
998 2572 1291 2641 judicatum
1314 2615 1330 2637 ,
1359 2587 1454 2627 seu
1486 2579 1540 2628 et
1567 2587 1662 2641 per
1705 2572 2012 2640 Taipertum

437 2663 747 2717 castaldimn
772 2682 787 2730 ;
818 2665 940 2732 quia
970 2673 1055 2719 tua
1082 2665 1192 2735 jam
1223 2666 1380 2721 dicta:
1404 2665 1645 2722 ecclesia:
1674 2666 2015 2735 Lupertinnm

440 2754 596 2824 longa
619 2765 703 2810 est
726 2758 1028 2826 possessio;
1056 2770 1271 2827 propter
1293 2759 1594 2815 mercedem
1614 2760 1804 2813 animae
1821 2770 2017 2813 nostrae

445 2868 683 2923 praesens
710 2854 978 2910 ﬁrmitatis
1003 2864 1199 2932 nostra!
1224 2866 1547 2925 praeceptum
1575 2866 1679 2911 tua:
1703 2856 2015 2911 beatitudini

438 2943 612 2997 emitti
647 2945 1033 3015 praecepimus;
1082 2945 1151 2998 ita
1187 2957 1243 2999 ut
1272 2947 1501 3001 admodo
1530 2962 1625 3002 eas
1656 2948 1821 3003 dictas
1846 2949 2019 3003 eccle-

436 3036 543 3087 sias
563 3075 579 3101 ,
604 3051 722 3103 qua:
753 3037 804 3090 in
845 3036 1082 3104 iudicatu
1118 3038 1385 3106 leguntur,
1432 3037 1695 3093 universa:
1729 3039 1779 3092 in
1808 3048 1893 3092 tua
1920 3055 2018 3109 p0-

437 3136 655 3193 testate,
684 3128 1041 3197 ordinatione,
1073 3141 1229 3198 atque
1257 3128 1621 3185 dominatione
1648 3139 2013 3199 permaneant,
2046 3164 2090 3227 ο

436 3220 579 3275 sicut
620 3236 648 3275 a
698 3221 858 3291 longo
906 3233 1145 3288 tempore
1194 3237 1362 3291 usque
1408 3222 1666 3279 hactenus
1706 3238 2014 3291 permanse-

444 3321 570 3366 runt
594 3352 609 3366 .
634 3349 650 3366 .
674 3352 689 3366 .
716 3351 732 3366 .
763 3314 841 3367 Ad
874 3321 928 3369 te
955 3315 1037 3369 vel
1071 3324 1193 3368 tuos
1222 3329 1565 3370 successores
1598 3315 1789 3370 futuris
1819 3325 2019 3383 tempo-

440 3404 589 3460 ribus
632 3416 1042 3477 conserventur,
1095 3417 1148 3461 et
1195 3408 1448 3462 custodes
1488 3408 1541 3461 in
1586 3423 1678 3463 eas
1702 3407 2019 3463 ordinentur

444 3512 539 3554 seu
572 3508 625 3553 et
654 3500 976 3570 presbyteri,
1008 3500 1090 3555 vel
1122 3501 1298 3555 omnis
1326 3500 1595 3555 ordinatio
1617 3516 1647 3555 ιι
1680 3500 1829 3555 vobis
1859 3514 2019 3555 cano-

447 3595 568 3649 nice
594 3603 644 3649 et
675 3594 989 3663 regulariter
1019 3595 1144 3660 ﬁat,
1190 3603 1351 3664 atque
1381 3594 1749 3661 baptisterium
1768 3638 1783 3663 ,
1816 3602 1870 3647 et
1900 3594 2019 3647 nul-

442 3686 545 3739 lam
581 3684 877 3739 facundiam
903 3684 1011 3757 jam
1039 3686 1215 3740 dictus
1242 3686 1551 3739 Adeodatus
1581 3687 1865 3755 episcopus
1892 3699 2023 3738 eon-

443 3789 522 3832 tra
558 3788 608 3832 te
633 3776 715 3831 vel
745 3787 863 3832 tuos
890 3791 1231 3833 successores
1263 3777 1477 3846 habeat,
1503 3776 1715 3845 aliquod
1740 3777 1805 3831 de
1827 3790 2020 3843 supra-

443 3869 662 3935 scriptis
686 3868 925 3922 ecclesiis
951 3868 1205 3936 loquendi
1232 3885 1245 3923 :
1278 3868 1371 3922 sed
1402 3883 1499 3922 nec
1524 3867 1590 3922 de
1619 3868 2022 3921 consecratione

443 3974 654 4021 earum,
679 3967 770 4012 aut
803 3958 1258 4029 presbyterorum,
1290 3968 1379 4012 aut
1409 3960 1851 4028 qualemcumque
1879 3957 2022 4011 ordi-

444 4050 715 4103 nationem
740 4090 757 4115 ,
785 4059 876 4102 aut
905 4050 1307 4118 dispositionem
1335 4067 1348 4103 :
1381 4051 1474 4104 sed
1509 4058 1566 4103 ut
1605 4064 1766 4117 supra
1816 4050 2020 4118 praefati

442 4155 628 4195 sumus
656 4156 749 4209 per
777 4152 918 4195 tuam
959 4141 1261 4195 instantiam
1284 4181 1301 4207 ,
1332 4150 1492 4211 atque
1523 4156 1619 4210 per
1647 4156 2021 4197 successorum

448 4234 716 4302 praedictae
744 4234 984 4289 ecclesiae
1008 4235 1343 4301 ordinentur,
1375 4245 1535 4303 atque
1556 4274 1569 4288 .
1594 4275 1610 4292 .
1636 4274 1651 4290 .
1683 4236 1819 4290 sicut
1852 4244 2026 4290 textus

400 4398 409 4402 _
442 4327 668 4395 iudicati
696 4326 936 4380 noscitur
962 4327 1263 4392 enntineri;
1294 4326 1375 4380 vel
1400 4341 1429 4379 a
1460 4327 1768 4394 supradicto
1794 4327 2023 4381 Ambro-

447 4418 530 4470 sio
582 4414 880 4470 delﬁnitnm
934 4427 1097 4485 atque
1145 4418 1406 4471 sancitum
1464 4426 1566 4472 est.
1642 4418 1914 4485 Quatenus
1959 4417 2027 4471 ab

2774 1915 3036 1970 XXXVII.

2186 2008 2413 2064 Donalio
2439 2009 2669 2076 Speciost'
2696 2009 2920 2076 episcopi
2949 2006 3241 2060 Florentini
3281 2003 3442 2075 (anno
3469 1998 3619 2069 724).

2184 2104 2241 2158 In
2274 2105 2485 2158 nomine
2513 2101 2717 2156 Domini
2753 2111 2806 2155 et
2852 2100 3142 2156 Salvatoris
3168 2098 3336 2152 nostri
3380 2096 3507 2151 .iesu
3533 2091 3694 2148 Chri-

2114 2196 2207 2259 sti,
2261 2205 2514 2264 regnaute
2546 2193 2805 2262 piissimo,
2861 2203 3019 2260 atque
3052 2199 3309 2259 perpetuo
3337 2203 3367 2241 a
3427 2188 3535 2240 Deo
3562 2200 3696 2240 con-

2115 2288 2383 2343 scrvando
2426 2285 2644 2340 domino
2705 2284 3034 2353 Luitprando
3089 2280 3540 2337 eccellentissimo
3570 2292 3696 2347 rege

2115 2380 2288 2449 gentis
2338 2378 2836 2448 Lungubardorum,
2869 2391 3010 2430 anno
3038 2375 3346 2429 felicissimo
3395 2372 3543 2440 regni
3577 2372 3695 2439 ejus

2116 2471 2454 2538 duodecimo,
2479 2470 2767 2524 indictione
2793 2469 3017 2536 septima
3036 2468 3277 2521 feliciter.
3309 2465 3370 2518 Et
3400 2464 3520 2517 ideo
3543 2464 3696 2517 Chri-

2118 2574 2205 2619 sto
2227 2564 2450 2618 ductore
2476 2578 2574 2630 ego
2599 2561 2889 2629 Speciosus
2916 2560 3199 2629 episcopus
3232 2557 3387 2611 nimis-
3423 2564 3696 2624 peccator,

2116 2665 2170 2709 et
2199 2653 2444 2721 indignus
2476 2667 2569 2719 per
2594 2660 2913 2720 prmsentem
2944 2649 3197 2714 salutem,
3229 2656 3286 2701 et
3311 2657 3590 2708 aeternam,
3619 2647 3699 2698 sic

2122 2746 2243 2800 νυΙο
2271 2756 2428 2814 atque
2477 2743 2725 2812 dispono,
2781 2742 3011 2812 qualiter
3053 2741 3275 2794 Domino
3318 2739 3604 2793 adiuvante
3629 2738 3698 2790 de

2119 2849 2291 2902 curte,
2320 2848 2375 2893 et
2414 2840 2570 2892 rebus
2603 2839 2653 2891 in
2678 2837 2777 2900 eis,
2809 2852 2929 2905 qua:
2974 2846 3098 2890 sunt
3150 2835 3336 2905 positae
3367 2834 3420 2888 in
3446 2835 3564 2887 loco
3586 2833 3691 2886 flu-

2122 2933 2209 2986 vio
2238 2932 2434 2996 Greve,
2465 2931 2552 2985 ubi
2572 2933 2731 2983 etiam
2760 2930 2993 2984 Cintoria
3022 2930 3347 2995 nominatur,
3368 2929 3504 2982 infra
3523 2929 3699 2997 plebe,

2092 3034 2169 3080 ‘et
2198 3026 2465 3093 episcopio
2495 3022 2632 3078 beati
2664 3021 2905 3077 Joannis
2954 3021 3220 3090 Baptistm,
3282 3021 3361 3074 vel
3414 3018 3694 3084 Reparatae

2123 3118 2395 3187 martyris,
2428 3115 2570 3171 unde
2602 3130 2701 3184 ego
2754 3115 3038 3183 episcopus
3069 3128 3188 3168 esse
3208 3111 3414 3175 videor,
3443 3126 3536 3165 seu
3567 3112 3698 3165 infra

2127 3210 2280 3278 plebe
2310 3249 2324 3272 ,
2355 3216 2409 3262 et
2457 3208 2727 3261 territorio
2776 3207 2947 3259 sancti
2996 3204 3217 3270 Juliani,
3244 3203 3388 3258 dicto
3442 3202 3695 3271 septimo,

2118 3300 2206 3369 qui
2242 3300 2453 3353 fuerunt
2481 3298 2738 3368 genitoris
2765 3304 2819 3352 et
2844 3296 3122 3367 genitricis
3171 3310 3329 3363 mere,
3358 3294 3558 3349 exinde
3581 3293 3696 3348 ﬁeri

2119 3389 2337 3443 debeat.

2193 3479 2315 3534 Ideo
2340 3479 2623 3545 conﬁrmo,
2644 3485 2699 3533 et
2717 3486 2914 3543 statuo,
2943 3486 3101 3545 atque
3140 3476 3443 3532 oﬁ'ersionis
3480 3478 3697 3532 nomine

2121 3571 2309 3639 oﬁero,
2344 3580 2396 3625 et
2445 3570 2596 3624 trado
2640 3578 2746 3623 tam
2776 3569 3138 3637 supradictam
3189 3580 3415 3633 cortem,
3447 3583 3603 3636 quam
3643 3578 3701 3623 et

2122 3680 2243 3719 cum
2273 3662 2522 3717 omnibus
2566 3661 2727 3717 rebus
2756 3661 2822 3715 ad
2857 3660 3025 3730 ipsam
3077 3659 3557 3729 pertinentibus....
3602 3674 3699 3712 an-

2123 3754 2433 3826 garialibus,
2468 3753 2661 3819 vineis,
2693 3752 2861 3819 silvis,
2890 3754 3072 3821 pratis,
3104 3752 3334 3820 pascuis,
3378 3750 3509 3806 locis
3535 3766 3700 3817 aqua-

2124 3851 2238 3917 riis,
2297 3850 2379 3903 vel
2437 3849 2754 3918 ubicumque
2784 3847 2848 3901 ad
2888 3846 3192 3915 praedictam
3222 3857 3426 3900 cortem
3475 3845 3698 3898 inveniri

2125 3953 2298 4012 potest
2352 3943 2740 4011 pertinentibus
2793 3942 2846 3994 in
2894 3939 3144 4004 ecclesia,
3176 3947 3231 3992 et
3257 3936 3511 3991 canonica
3560 3934 3698 3988 beati

2126 4036 2346 4093 Joannis
2378 4035 2647 4104 Baptisms,
2678 4040 2782 4087 tam
2813 4032 2878 4085 ad
2907 4032 3050 4100 ipsos
3090 4030 3401 4094 canonicos,
3428 4027 3516 4098 qni
3545 4027 3705 4079 modo

2130 4143 2224 4195 pro
2258 4137 2497 4194 tempore
2526 4132 2670 4189 sunt,
2707 4136 2867 4191 quam
2916 4122 3005 4189 qui
3037 4129 3161 4173 tunc
3212 4118 3375 4172 futuri
3430 4124 3622 4179 erunt,
3653 4124 3709 4168 ut

2129 4223 2362 4277 habeant
2419 4216 2745 4284 ﬁrmiterque
2791 4221 3026 4277 teneant,
3090 4210 3418 4279 possideant,
3464 4208 3707 4261 laborare

2130 4311 2346 4375 faciant,
2372 4316 2424 4361 et
2460 4321 2524 4361 ex
2550 4305 2677 4374 ipsis
2707 4303 2947 4372 frugibus
2974 4301 3329 4356 communiter
3360 4314 3419 4353 se
3441 4298 3706 4365 reﬁciant,

2129 4409 2184 4456 et
2216 4402 2330 4455 haec
2364 4399 2605 4455 chartula
2636 4393 2941 4450 offersionis
2971 4393 3189 4446 nomine
3218 4392 3368 4444 ﬁrma
3415 4399 3469 4444 et
3500 4387 3709 4443 stabilis

451 4509 709 4564 hodierna
740 4511 826 4563 die
849 4508 1023 4562 nullus
1046 4509 1180 4573 dux,
1206 4522 1405 4573 comes,
1431 4507 1723 4571 castaldus,
1752 4509 1837 4563 vel
1864 4509 2018 4563 actio-

2135 4500 2444 4564 permaneat
2477 4503 2710 4556 semper.
2740 4485 2887 4542 Unde
2921 4499 3202 4555 precamur
3230 4481 3516 4551 praedictos
3546 4496 3711 4536 canor

452 4602 635 4656 narius
666 4611 849 4653 noster
878 4610 1061 4654 contra
1097 4613 1332 4665 praesens
1365 4608 1561 4653 nostra:
1588 4597 1857 4653 ﬁrmitatis
1883 4613 2021 4668 pra:-

451 4702 664 4756 eeptum
691 4692 767 4747 ire
788 4691 1208 4760 qoandocunque
1237 4698 1541 4760 przesumat,
1571 4687 1665 4743 sed
1695 4696 1753 4742 ut
1776 4687 2023 4756 supradi-

447 4794 593 4837 ctnm
618 4792 729 4849 est,
759 4783 866 4851 jam
894 4783 1125 4851 pra-fatae
1156 4784 1396 4836 ecclesiae
1427 4782 1479 4835 in
1513 4791 1601 4834 tua
1629 4790 1787 4849 atque
1813 4793 2026 4834 succes-

448 4890 631 4927 sorum
701 4882 913 4927 tuorum
964 4883 1313 4940 permaneant
1357 4883 1662 4940 potestate,
1731 4871 2025 4926 secundum

453 4966 728 5033 antiquam
760 4966 1206 5019 consuetudinem
1237 4980 1302 5018 ex
1341 4964 1520 5018 edicto
1547 4962 1727 5017 domoi
1758 4962 1901 5031 regis
1934 4978 2029 5031 per

454 5057 715 5111 Posonem
745 5058 1032 5120 notarium,
1062 5066 1113 5111 et
1143 5071 1207 5110 ex
1239 5056 1417 5109 edicto
1445 5054 1694 5125 Sigil'redi
1720 5054 1938 5109 notarii.

530 5147 718 5200 Datum
749 5147 914 5201 Ticini
948 5148 997 5199 in
1032 5148 1224 5212 palatio
1250 5146 1399 5215 regio
1428 5146 1459 5201 ϐ
1504 5147 1592 5200 die
1646 5148 1845 5201 mensis
1887 5148 2029 5201 Mar-

458 5242 513 5293 tii
544 5257 633 5293 an.
665 5239 956 5294 felicissimi
988 5240 1134 5307 regni
1179 5238 1348 5291 nostri
1395 5252 1486 5301 ιιι,
1521 5237 1710 5292 indict.
1742 5236 1837 5303 l3,
1864 5238 2033 5292 felici-

459 5344 560 5395 ter,
594 5346 642 5386 et
678 5340 736 5385 ut
783 5333 964 5386 verius
1005 5329 1255 5384 credatur
1303 5327 1369 5383 de
1400 5327 1597 5382 annulo
1628 5338 1817 5382 nostro
1845 5328 2034 5383 subtus

456 5424 824 5492 sigillavimus.

1130 5510 1361 5567 XXXVI.

545 5627 766 5681 Dunntio
801 5627 1106 5766 Luitpraudz
1132 5641 1223 5691 pro
1246 5623 1552 5762 ιςςῃῗειετὶο
1578 5621 1743 5676 sancti
1773 5619 1949 5677 Evasit"

1103 5714 1235 5748 unua
1299 5712 1363 5746 -ιο
1395 5731 1410 5746 .

1103 5714 1235 5748 anno
1270 5712 1288 5748 Ι
1299 5712 1410 5748 ~10).

534 5793 686 5847 Anno
715 5792 782 5847 ab
810 5792 1173 5847 incarnatione
1221 5787 1428 5844 Domini
1470 5788 1638 5843 nostri
1674 5786 1798 5843 Jcsu
1828 5784 2028 5839 Christi

2128 4586 2299 4653 uicos,
2329 4582 2417 4651 qui
2443 4581 2603 4635 modo
2622 4588 2767 4645 sunt,
2799 4587 2888 4631 aut
2916 4577 2970 4631 in
2999 4585 3156 4629 antea
3186 4575 3394 4629 venturi
3417 4583 3578 4628 erunt
3615 4589 3709 4642 per

2128 4678 2374 4730 timorem
2405 4672 2640 4738 Domini,
2663 4680 3080 4738 sanctorumque
3096 4667 3358 4735 onmium,
3389 4675 3443 4721 ut
3472 4682 3566 4734 pro
3595 4681 3702 4730 me,

2127 4768 2369 4834 meisque
2417 4763 2744 4835 genitoribus
2801 4760 3083 4815 Dominum
3125 4759 3402 4829 deprecari
3457 4774 3559 4811 non
3586 4772 3706 4810 ces-

2128 4867 2268 4922 sent,
2301 4863 2568 4925 quatenus
2596 4863 2777 4906 nostra
2811 4852 3153 4905 remittantur
3177 4850 3392 4914 delicta,
3423 4856 3475 4901 et
3513 4859 3705 4898 conse-

2128 4964 2355 5018 quamur
2382 4946 2618 5014 requiem
2647 4943 3048 5012 sempiternam.
3084 4942 3207 4995 Ideo
3236 4954 3333 4995 nec
3358 4952 3455 5006 ego
3485 4936 3699 5003 quidem

2130 5039 2418 5109 Speciesus
2448 5038 2750 5106 episcopus,
2805 5051 2977 5106 neque
3006 5033 3095 5087 ulli
3126 5030 3388 5101 episcopi,
3441 5027 3527 5096 qui
3587 5038 3708 5097 post

2134 5147 2309 5187 meum
2337 5132 2615 5186 decessum
2643 5129 2824 5184 sedem
2851 5124 3118 5195 accepturi
3149 5134 3271 5177 sunt
3321 5130 3521 5175 sanctae
3579 5120 3703 5176 Flo-

2134 5226 2357 5282 rentinis
2387 5224 2628 5280 ecclesiae
2661 5224 2950 5278 habeamus
2980 5218 3270 5280 licentiam,
3302 5225 3356 5269 et
3386 5222 3705 5281 potestatem

2136 5317 2407 5387 praefatam
2462 5328 2690 5379 curtem,
2742 5327 2862 5367 cum
2914 5308 3147 5378 praefatis
3199 5306 3359 5360 rebus
3402 5305 3469 5358 ab
3499 5304 3709 5357 illorum

2135 5410 2563 5477 supradictorum
2607 5403 2985 5460 canonicorum
3043 5406 3327 5467 potestate,
3362 5397 3446 5451 vel
3471 5395 3709 5449 dominio

2138 5500 2403 5565 retollere,
2458 5507 2512 5553 et
2543 5498 2766 5551 aliorum
2798 5492 3075 5547 hominum
3133 5487 3375 5549 manibus
3427 5486 3708 5553 deputare,

2139 5610 2238 5649 nec
2262 5608 2353 5662 per
2378 5590 2674 5646 chartulam
2726 5584 3199 5639 concambiationis
3221 5622 3235 5647 ,
3265 5596 3438 5651 neque
3460 5595 3556 5650 per
3580 5595 3711 5633 cnn-

2141 5684 2460 5741 vcnieutiam
2498 5678 2683 5743 libelli,
2718 5692 2891 5747 neque
2925 5691 3018 5743 per
3068 5677 3213 5730 illum
3247 5674 3557 5739 ineienium,
3610 5672 3715 5727 nisi

2144 5782 2283 5839 sicut
2325 5789 2483 5843 supra
2533 5770 2787 5841 diximus,
2828 5769 2892 5825 ad
2926 5768 3141 5825 illorum
3172 5767 3574 5831 cauouicorum,
3627 5762 3718 5833 qui
