4056 6178
498 319 522 371 3
545 319 640 370 505

1596 352 1599 355 λ
1668 298 2273 361 LANGOBHlDOIlUM
2319 298 2554 355 REGUM

3559 302 3670 359 HM

490 432 659 485 modo
685 439 830 490 snnt,
861 438 949 480 aut
996 427 1048 478 in
1079 432 1229 476 antea
1256 420 1424 474 ‘I'uturi
1453 428 1577 474 sunt
1608 432 1775 485 usque
1804 416 1868 469 ad
1904 416 2059 468 linem
2091 414 2139 471 ,ιι
2165 406 2279 477 ejus
2329 424 2442 473 xu,
2471 408 2558 462 dic
2600 405 2812 462 kalend.
2866 404 3254 472 Decembrium,
3292 405 3459 459 indict.
3512 424 3586 464 ιη
3612 414 3669 465 [ε.

492 523 699 584 ετεοηῑί,
732 530 971 574 maneant
995 524 1308 584 potestatem
1331 532 1343 566 :
1371 524 1424 567 et
1446 511 1586 579 quod
1609 509 1723 564 ﬁeri
1751 524 1857 562 non
1882 506 2067 570 credo,

490 613 779 669 siforsiun
806 608 1054 679 quislibet
1076 622 1144 661 ex
1173 603 1575 659 successoribus
1599 601 1732 655 meis
1755 598 2070 667 episcOpus,

496 707 578 759 vel
610 720 820 772 magna,
855 716 1116 770 parvaque
1145 712 1366 767 persona
1398 695 1819 763 suprascriptam
1861 702 2071 746 curtem

491 813 615 852 'cuin
645 796 754 866 jam
777 795 933 849 dictis
963 796 1122 846 rebus
1148 792 1214 846 de
1243 798 1503 856 potestate
1524 786 1950 855 supradictorum
1973 798 2070 838 ca-

499 889 807 942 nonicorom
885 884 1164 948 retollere,
1218 884 1480 943 minuere,
1539 876 1915 939 intentionare,
1964 874 2076 927 litis

495 981 857 1034 causationem
910 978 1197 1032 immittere
1253 973 1720 1042 praesuinpseriut,
1773 979 1865 1024 aut.
1936 968 2075 1023 sicut

497 1069 909 1138 Sttpt'adi\itttus,
938 1084 1033 1136 per
1068 1066 1362 1125 chartulam
1410 1062 1802 1125 cambiationis,
1850 1060 1931 1114 vel
1979 1073 2075 1126 per

497 1162 927 1217 Convenientiatn
968 1160 1125 1214 libelli
1157 1160 1223 1211 ah
1262 1157 1472 1209 illortnn
1500 1153 1739 1207 dominio
1779 1152 2064 1218 surripue-

499 1257 622 1315 rint,
648 1265 770 1307 tunc
793 1249 1144 1315 componituri
1160 1262 1279 1302 esse
1298 1246 1524 1299 debeant
1549 1258 1700 1309 pretia
1720 1257 1841 1299 num
1854 1254 2067 1295 morum

502 1358 595 1407 per
619 1351 894 1411 argentum
926 1340 1087 1392 libras
1112 1345 1326 1391 centum
1357 1334 1484 1401 ipsis
1505 1332 1800 1385 canonicis.
1841 1328 2063 1395 Insuper

500 1436 612 1488 ha‘c
629 1433 682 1486 in
701 1432 787 1485 die
803 1430 977 1499 magni
992 1428 1250 1483 examinis
1270 1437 1391 1480 ante
1406 1424 1629 1479 tribunal
1647 1421 1831 1476 aeterni
1847 1418 2071 1484 Iudicis,

504 1524 717 1593 quando
748 1522 1000 1576 Christus
1020 1534 1141 1573 cum
1169 1517 1415 1570 omnibus
1462 1513 1665 1582 angelis
1689 1510 1899 1566 venerit
1925 1509 2069 1577 judi-

500 1628 627 1667 care
672 1612 951 1673 saeculum,
1006 1622 1210 1662 mecum
1236 1606 1325 1675 qui
1378 1604 1491 1657 haec
1542 1617 1637 1671 pro
1677 1616 1780 1665 me,
1834 1599 2071 1665 meisque

500 1703 828 1771 genitoribus
863 1700 993 1763 Deo,
1022 1708 1076 1752 et
1104 1695 1372 1766 praedictis
1398 1693 1669 1748 canonicis
1697 1689 1862 1746 obtuli
1908 1690 2072 1743 ratio-

2177 502 2373 556 liciter.

2244 594 2479 663 Quisque
2535 594 2587 647 in
2647 594 2746 645 hoc
2801 591 3018 656 sarculo,
3068 589 3192 644 dum
3246 589 3472 645 advivere
3516 596 3673 649 meruit

2175 698 2389 750 semper
2411 684 2477 737 de
2498 693 2697 737 aeterna
2725 681 2829 735 vita
2844 680 3103 748 cogitare,
3124 689 3175 734 et
3198 693 3433 747 peragere
3460 678 3674 746 videatur,

2178 785 2235 831 ut
2261 777 2387 830 dum
2440 777 2645 830 venerit
2691 772 3016 829 adveniente
3054 772 3219 827 sancti
3272 772 3360 825 Dei
3412 772 3601 839 judicio,
3625 775 3677 828 de

2173 870 2342 937 gratia
2359 883 2453 922 sua
2478 867 2795 937 possidenda
2821 864 3012 919 leviter
3029 862 3271 932 possitad
3297 862 3443 914 vitam
3469 872 3675 916 retentam

2176 960 2451 1025 festinare,
2511 960 2653 1029 quod
2686 960 2738 1011 in
2786 957 2885 1011 hoc
2914 955 3111 1010 sacculo
3142 954 3357 1008 meliora
3383 969 3489 1009 esse
3520 969 3677 1023 cogno-

2175 1052 2363 1116 scitur,
2404 1067 2562 1120 quam
2605 1051 2657 1105 in
2690 1050 2802 1104 Deo
2831 1049 3012 1103 vivere
3060 1060 3293 1113 semper,
3323 1056 3375 1098 ut
3419 1043 3522 1098 aliis
3561 1046 3679 1099 Chri-

2172 1140 2360 1195 stianis
2380 1143 2541 1195 etiam
2573 1140 2791 1194 meliore
2819 1148 2998 1193 mente
3029 1136 3093 1190 ad
3125 1137 3283 1188 vitam
3308 1144 3531 1188 a-ternam
3565 1134 3679 1189 festi-

2175 1243 2323 1285 nent.
2360 1226 2711 1301 ldeoque'cgo
2741 1229 3052 1299 Magniﬁcus
3098 1225 3409 1282 Warnelred
3438 1224 3673 1279 castaldius

2173 1323 2401 1377 civitatis
2429 1322 2665 1377 Senense
2694 1322 2956 1376 ecclesias
2989 1319 3280 1373 beatissimi
3320 1317 3473 1370 sancti
3501 1314 3679 1385 Eugenii

2174 1417 2403 1479 abbatis,
2430 1426 2483 1470 et
2520 1424 2826 1470 sanctorum
2859 1410 3187 1481 singulorum
3227 1407 3493 1479 beneﬁcia,
3517 1384 3614 1475 qua:
3645 1384 3684 1458 iii

2177 1508 2286 1576 ipsa
2315 1506 2536 1561 ecclesia
2559 1505 2817 1560 reconditi
2834 1518 2952 1557 esse
2975 1502 3330 1563 inveniuntur,
3346 1497 3513 1565 etquia
3526 1504 3686 1551 certum

2174 1608 2279 1663 est,
2300 1598 2426 1661 Deo,
2452 1606 2504 1652 et
2529 1596 2674 1652 omni
2701 1610 2884 1650 eorum
2899 1590 3217 1655 sacerdotio,
3242 1590 3322 1643 vel
3348 1588 3599 1642 exercitum
3615 1585 3688 1640 Se-

2182 1693 2425 1745 nensium
2456 1688 2703 1742 civitatis.
2742 1686 2932 1740 Notum
2964 1692 3046 1739 est
3071 1698 3160 1745 eo,
3190 1677 3327 1750 quod
3356 1689 3468 1733 ante
3495 1676 3578 1731 hos
3600 1674 3689 1729 dics

503 1812 623 1848 nem
644 1792 988 1847 conﬂicturus
1017 1791 1260 1852 adsistat,
1291 1797 1342 1843 et
1376 1786 1551 1841 taliter
1577 1785 1625 1839 ei
1664 1784 1876 1839 eveniat
1901 1784 1953 1836 in
1980 1781 2081 1833 hoc
2112 1762 2157 1821 Β
2188 1797 2280 1851 pro
2314 1781 2676 1851 redemptione
2720 1779 3016 1831 animarum
3066 1774 3344 1844 genitoris,
3392 1781 3440 1824 et
3467 1768 3691 1840 genilricis

508 1886 727 1946 smculo,
763 1895 816 1937 et
859 1884 908 1936 in
950 1883 1147 1944 futuro,
1174 1881 1313 1933 sicut
1349 1877 1618 1946 quondam
1649 1874 1829 1928 evenit
1854 1872 2074 1925 Ananizn

504 1986 555 2027 et
598 1974 857 2043 Saphirar,
907 1974 995 2041 qui
1050 1970 1494 2025 deiraudaverunt
1559 1965 1787 2033 pretium
1842 1962 1986 2033 agri,
2029 1971 2084 2017 et

505 2076 795 2134 posuerunt
816 2074 938 2117 ante
971 2062 1133 2131 pedes
1153 2062 1535 2129 aposmlorum,
1566 2066 1620 2111 et
1672 2056 1817 2110 sicut
1853 2053 2083 2123 contigit

511 2158 661 2209 Inda:
694 2155 1002 2221 Escariotis,
1029 2155 1117 2223 qui
1140 2153 1406 2205 Christum
1439 2150 1674 2213 tradidit,
1703 2147 1853 2218 cujus
1888 2147 2079 2201 animo:

509 2252 630 2317 ejus
678 2249 853 2301 anima
884 2247 1082 2303 sociata
1116 2246 1377 2299 infernum
1417 2242 1534 2297 sine
1557 2242 1662 2296 line
1690 2240 1994 2309 possideat,
2026 2244 2084 2290 et

508 2341 620 2392 ha-c
644 2338 942 2392 oﬂersienis
964 2336 1202 2390 chartula
1232 2333 1374 2387 omni
1399 2344 1635 2403 tempore
1668 2336 1720 2387 in
1745 2346 1839 2386 sua
1871 2339 2086 2385 maneat

504 2432 776 2483 Iirmitate.

579 2523 767 2572 Actum
800 2517 1081 2571 Florentia:
1110 2514 1354 2574 feliciter.

582 2611 688 2677 ligo
736 2609 1020 2675 Speciosus
1068 2607 1350 2676 episcOpus
1404 2608 1539 2661 hanc
1565 2604 1959 2660 oll'ersionema
1993 2618 2082 2659 me

505 2701 697 2755 fectant
726 2716 883 2753 manu
912 2699 1226 2765 subscripsi.

578 2795 688 2860 Ego
743 2791 949 2847 Detitidi
999 2791 1235 2858 archipr.
1296 2799 1510 2858 rogatus
1550 2800 1581 2840 a
1628 2786 1827 2840 domno
1871 2784 2084 2853 episco-

509 2902 575 2955 po
598 2901 673 2940 ss.

579 2975 688 3042 Ego
741 2973 866 3029 Utto
924 2973 1129 3028 arcliid.

505 3069 676 3134 cpisc.
706 3080 783 3120 ες.

581 3158 691 3225 ligo
744 3156 957 3209 Aliusus
1006 3155 1340 3225 primicerius
1379 3164 1593 3223 rogatus
1636 3167 1665 3207 a
1704 3151 1901 3206 domno
1943 3149 2077 3219 Spe-

508 3251 653 3303 cioso
680 3250 931 3317 episcopo
968 3263 1041 3302 ss.

586 3341 695 3408 ligo
751 3340 937 3393 Cilltca
994 3339 1174 3408 presb.
1228 3349 1440 3407 rogatus
1486 3353 1515 3392 a
1566 3336 1766 3392 domno
1824 3334 2081 3405 Specioso

506 3432 642 3499 epis.
666 3447 741 3485 ss.

586 3526 696 3593 Ego
720 3524 1005 3578 Erntinceo
1028 3524 1166 3592 diae,
1193 3535 1405 3594 rogatus
1424 3539 1453 3577 a
1476 3524 1673 3579 domno
1697 3521 1947 3591 Specioso
1969 3521 2084 3589 epi-

509 3632 672 3684 scopo
693 3632 768 3671 ss.

585 3710 694 3777 Ego
718 3708 856 3763 Nora
894 3708 1140 3776 indignus
1187 3707 1368 3776 presb.
1420 3714 1634 3775 rogatus
1660 3719 1689 3757 a
1719 3704 1914 3757 domno
1944 3702 2078 3771 Spe-

508 3802 656 3857 cioso
679 3805 930 3870 episcopo
957 3817 1035 3854 ss.

586 3893 694 3963 Ego
722 3891 1011 3947 Gaudisteo
1042 3902 1255 3961 rogatus
1277 3905 1305 3944 a
1328 3889 1526 3943 domno
1572 3886 1829 3957 Specioso
1870 3886 2081 3954 episco.

512 3998 579 4052 po
596 3984 913 4051 subscripsi.

584 4075 694 4139 Ego
727 4073 911 4127 Altuso
939 4073 1208 4127 lscaurino
1229 4087 1305 4127 ss.

585 4164 694 4231 Ego
739 4163 1032 4232 Reparatus
1079 4173 1293 4233 rogatus
1322 4177 1353 4217 a
1404 4162 1600 4218 domno
1652 4160 1908 4231 Specioso
1957 4158 2073 4228 epi-

511 4272 677 4324 st'npo
711 4272 785 4310 ss.

586 4348 695 4413 Ego
740 4346 1016 4402 Dardanus
1060 4346 1292 4413 scriptor
1343 4344 1498 4414 bnjus
1548 4342 1802 4398 chartula:
1833 4350 1951 4411 post
2002 4350 2085 4396 te-

498 4436 669 4497 ,stium
698 4435 1111 4501 roborationem,
1144 4434 1405 4501 complevi
1435 4444 1488 4487 et
1514 4432 1655 4487 dedi.

1149 4546 1432 4601 XXXVIII.

515 4627 538 4654 ο
577 4616 789 4671 Donatio
842 4618 1258 4758 Wnnfredi(pro
1298 4616 1599 4754 τξρῗῗδιενὶο
1645 4615 1809 4668 sancti
1856 4610 2076 4682 Eugenit’

1149 4703 1284 4739 anno
1348 4706 1378 4738 ι)
1445 4725 1455 4736 .

1149 4703 1284 4739 anno
1324 4703 1406 4739 Idl
1425 4703 1455 4739 I.

587 4778 640 4830 In
671 4777 884 4829 nomine
917 4776 1123 4830 Domini
1167 4779 1280 4840 Dei,
1314 4791 1376 4829 ac
1426 4775 1715 4830 Salvatoris
1743 4773 1909 4826 nostri
1957 4770 2081 4824 Jusu

515 4868 732 4933 Christi,
767 4878 1023 4935 regnante
1065 4868 1335 4920 excelsum
1370 4881 1545 4932 regem
1572 4863 1841 4917 Christum
1888 4861 2082 4915 Filium

519 4957 608 5009 Dei
642 4968 950 5025 perpetuum
975 4970 1177 5023 regem,
1207 4966 1260 5008 et
1288 4954 1606 5008 salvatorem
1650 4954 2083 5015 Christianorum,

518 5056 675 5115 atque
711 5047 927 5099 domino
981 5046 1234 5114 prmeelso
1278 5044 1654 5111 Luitprandum
1710 5042 2089 5110 Longobartlo-

518 5155 658 5205 rum,
698 5150 752 5193 at
802 5142 1050 5193 famulum
1106 5136 1341 5193 ctelestis
1398 5136 1695 5206 potestatis,
1750 5150 1890 5189 anno
1936 5134 2086 5203 regni

1208 2981 1426 3043 rogatus
1470 2985 1500 3025 a
1557 2969 1754 3024 domno
1829 2968 2085 3037 Specioso

589 5327 612 5352 ι
647 5318 898 5371 Adeodati
933 5319 1280 5387 temporibus,
1329 5332 1466 5371 anno
1493 5319 1615 5382 73I,
1649 5317 1969 5371 Wanl’redns
1993 5318 2091 5372 Se-

521 5390 700 5439 nensis
763 5390 989 5440 civitatis
1066 5405 1158 5455 pro
1222 5388 1545 5458 Luitprando
1618 5404 1739 5455 rege
1800 5389 2090 5441 castaldius

520 5474 655 5536 non“
685 5458 863 5536 procul
904 5460 970 5510 ab
999 5475 1062 5536 ea
1102 5461 1229 5536 urbe
1269 5458 1506 5513 fundavit
1549 5458 1829 5536 ecclesiam
1874 5460 1932 5510 S.
1980 5458 2088 5510 Eu-

518 5528 658 5593 genii
684 5529 914 5606 abbatis,
949 5530 1303 5606 excitavitque
1335 5531 1721 5597 monasterium
1748 5528 1966 5593 ibidem,
1993 5542 2088 5591 pro

523 5597 795 5647 monachis
853 5597 915 5649 ad
958 5600 1248 5665 expiandas
1304 5610 1510 5667 patrum
1560 5612 1779 5651 suorum
1849 5600 2086 5660 animus,

522 5667 661 5744 quod
692 5672 1067 5744 lltnllt’auslel‘Iﬂm
1103 5684 1306 5744 summa
1350 5670 1544 5736 pietate
1594 5667 1777 5729 t-quit,
1804 5668 2092 5728 multisque

523 5735 676 5789 donis
703 5737 1012 5804 nobilitavit,
1037 5752 1092 5792 ut
1112 5739 1332 5793 habetur
1356 5735 1406 5793 in
1424 5737 1720 5794 donationis
1738 5742 2053 5793 documento
2069 5777 2082 5802 ,

2111 4461 2163 4519 D

2184 1885 2405 1945 nosti-az,
2436 1884 2491 1931 et
2520 1875 2571 1928 in
2596 1870 2886 1926 remedium
2930 1869 3123 1922 anima:
3154 1878 3363 1924 nosme,
3401 1871 3451 1915 et
3490 1875 3571 1929 pro
3604 1858 3693 1912 aui-

2187 1968 2374 2023 mabus
2431 1972 2708 2034 parentum
2760 1969 3086 2025 nostrorum,
3119 1956 3209 2026 qui
3237 1955 3339 2023 iam
3388 1952 3538 2017 fuere,
3562 1959 3605 2002 et
3624 1948 3692 2016 qui

2185 2074 2282 2129 per
2306 2058 2480 2110 futura
2507 2063 2745 2119 tempora
2760 2050 2980 2115 fuerint,
3002 2048 3263 2103 ecclesias
3278 2042 3694 2112 suprascriptoruut

2186 2158 2495 2205 sanctorum
2550 2142 2962 2199 alundamentis
3014 2140 3409 2202 aediticavitnns,
3457 2136 3591 2188 etiam
3616 2132 3695 2185 illi-

2185 2222 2306 2295 dem
2360 2237 2739 2306 aliquantulum
2786 2234 2853 2288 de
2902 2230 3132 2300 propriis
3189 2229 3347 2284 rebus
3402 2224 3576 2279 nostris
3622 2238 3697 2291 pro

2187 2338 2367 2385 nostra
2412 2324 2778 2394 redemptione
2854 2320 3155 2385 ollerimus,
3212 2329 3263 2374 et
3313 2332 3404 2387 per
3453 2313 3698 2373 chartulam

2189 2435 2508 2497 praesentem
2563 2422 2959 2480 conﬁrmamus,
2992 2424 3045 2471 et
3093 2414 3151 2471 in
3179 2426 3332 2467 sacro
3380 2410 3549 2464 altario
3582 2405 3698 2473 ejus-

2186 2518 2307 2573 dem
2366 2513 2537 2570 sancti
2589 2511 2847 2580 Eugenii,
2900 2506 3150 2563 manibus
3206 2500 3399 2560 nostris
3456 2499 3698 2569 posuimus.

2187 2606 2345 2661 Modo
2370 2604 2581 2671 quidem
2607 2602 2846 2656 CtBIeSliS
2892 2596 3262 2653 misericordia
3286 2589 3431 2647 nobis
3452 2586 3698 2658 inspiravit,

2186 2706 2242 2752 et
2294 2695 2472 2749 adhuc
2502 2693 2677 2747 iterati
2736 2691 2800 2745 de
2831 2688 3057 2760 propriis
3092 2686 3253 2740 rebus
3298 2684 3483 2737 nostris
3525 2678 3579 2733 ad
3614 2678 3702 2746 ipso

2187 2798 2397 2849 sancto,
2429 2795 2483 2839 et
2515 2782 2802 2837 venerabili
2853 2784 2969 2834 loco
2998 2777 3328 2832 monasterio
3354 2773 3506 2827 sancti
3529 2766 3701 2839 Eugenii

2190 2879 2407 2942 oili-rre,
2440 2885 2493 2929 et
2517 2884 2699 2927 contra
2733 2872 2861 2925 dare
2902 2868 3229 2923 deberemus
3261 2882 3352 2935 pro
3397 2860 3704 2927 redemptione

2189 2967 2491 3021 animarum
2525 2972 2851 3018 nostrarum.
2879 2960 2932 3014 In
2972 2959 3175 3013 Christi
3229 2956 3466 3018 nomine,
3488 2953 3534 3005 in
3563 2948 3704 3017 primis

2195 3056 2244 3108 in
2269 3064 2418 3109 curte
2448 3064 2649 3116 nostra,
2696 3051 2837 3120 quod
2887 3064 3051 3119 prope
3073 3047 3239 3102 ﬂuvio
3285 3045 3461 3100 Mersae
3483 3043 3528 3097 in
3561 3037 3704 3100 cm“.

2191 3145 2333 3215 quod
2364 3145 2665 3199 nominatur
2693 3140 3029 3205 Taurisiano,
3057 3141 3124 3192 de
3153 3147 3407 3208 quantum
3436 3136 3482 3189 in
3506 3127 3705 3202 pra-senti

2189 3239 2276 3292 die
2299 3239 2363 3290 ad
2392 3236 2502 3306 ipsa
2533 3242 2681 3288 curte
2714 3233 2961 3303 pertinet,
2986 3230 3167 3284 omnia
3193 3238 3247 3284 et
3269 3228 3535 3296 integrum,
3564 3235 3615 3273 ac
3638 3216 3705 3306 ubi

2188 3343 2286 3396 ego
2308 3304 2623 3379 Warncfred
2653 3320 2946 3376 castaldius
2968 3334 3072 3373 una
3105 3318 3403 3381 vobis-cuin,
3431 3323 3482 3369 et
3507 3304 3706 3365 monachi

2191 3420 2362 3473 sancti
2397 3415 2619 3487 Eugenii
2676 3416 2731 3468 in
2788 3411 2985 3468 Christi
3016 3412 3238 3466 nomine
3287 3408 3533 3464 mdiﬁcare
3557 3400 3711 3455 debea-

2189 3528 2305 3565 mus
2354 3508 2636 3563 ecclesiam
2663 3505 3094 3562 beatissimorum
3136 3514 3432 3572 martyrum
3472 3491 3711 3550 etconfes-

2186 3618 2370 3657 sorum
2396 3600 2662 3656 Anastasii
2689 3608 2744 3654 et
2766 3598 2973 3665 Ililarii,
2997 3607 3051 3651 et
3073 3607 3253 3651 tamen
3276 3602 3333 3649 ut
3359 3595 3469 3661 ipso
3490 3594 3711 3643 monaste-

2187 3708 2268 3748 ι·ιο
2288 3694 2355 3747 de
2396 3692 2458 3746 iis
2489 3691 2793 3761 permiserit
2834 3698 3012 3743 nostra
3040 3686 3338 3755 adimplere
3364 3680 3631 3740 devotione,
3665 3681 3707 3726 nl

2185 3785 2285 3837 sub
2304 3782 2479 3852 regula
2501 3781 2671 3837 sancti
2694 3779 2960 3835 Benedicti
2993 3817 3006 3842 ,
3035 3784 3090 3831 et
3111 3784 3376 3845 potestate
3389 3769 3542 3827 sancti
3568 3767 3705 3835 Euge-

2188 3871 2288 3937 nii,
2315 3882 2369 3924 et
2392 3871 2460 3925 de
2490 3870 2788 3924 rectoribus
2816 3868 2931 3935 eius
2975 3867 3178 3931 vivere,
3213 3875 3270 3919 et
3314 3871 3600 3932 permanere
3633 3855 3706 3904 de-

2189 3961 2372 4025 beant,
2397 3960 2518 4030 quia
2544 3959 2594 4013 in
2632 3958 2722 4012 Dei
2750 3959 2965 4012 nomine
2985 3955 3175 4010 damus
3193 3955 3259 4007 ad
3285 3955 3397 4022 ipso
3414 3942 3707 4005 monasterio.

2189 4056 2268 4106 vel
2295 4054 2361 4107 ad
2374 4050 2856 4122 suprascriptorum
2893 4056 3199 4101 sanctorum
3224 4045 3496 4099 virtutibus
3515 4032 3707 4093 cicimari

2190 4154 2338 4198 actor
2374 4150 2579 4209 noster,
2606 4155 2708 4195 una
2735 4154 2851 4194 cum
2874 4152 3046 4199 casas,
3064 4137 3146 4191 vel
3184 4120 3709 4194 abiacentiasua,quod

2191 4252 2220 4290 a
2254 4235 2600 4307 prmscntidie
2643 4273 2657 4287 .
2717 4270 2732 4286 .
2792 4271 2805 4284 .
2850 4220 3082 4294 habere,
3115 4236 3170 4284 et
3201 4226 3466 4297 possidere
3490 4224 3612 4275 visus
3628 4222 3710 4277 est,

2190 4343 2309 4381 cum
2355 4325 2533 4379 omnia
2555 4325 2755 4392 integra
2780 4331 2930 4391 parte
2954 4336 3073 4388 sua,
3114 4319 3197 4374 vel
3237 4333 3360 4372 cum
3383 4313 3517 4370 omni
3544 4308 3709 4363 ratione

2192 4432 2307 4481 sua,
2328 4430 2444 4486 qua:
2467 4430 2495 4468 a
2514 4415 2758 4483 prmsenti
2777 4414 2883 4479 die,
2903 4427 3061 4466 manu
3080 4425 3173 4464 sua
3192 4411 3377 4474 tenuit,
3396 4406 3472 4461 vel
3498 4397 3709 4459 excoluit,

2190 4510 2256 4562 de
2283 4521 2458 4563 nostra
2492 4506 2702 4576 propria
2752 4504 2972 4575 pecunia
3002 4503 3068 4557 ad
3096 4502 3323 4556 eandem
3363 4505 3551 4552 cortem
3572 4486 3711 4560 portio

2188 4610 2371 4664 ncntc,
2402 4598 2577 4653 omnia
2607 4599 2656 4651 in
2676 4598 2961 4665 integrum,
2993 4611 3097 4648 una
3143 4609 3263 4648 cum
3293 4604 3412 4645 casa
3457 4590 3715 4641 servantur.

2186 4700 2346 4759 atque
2370 4690 2622 4743 aldiariva
2664 4727 2681 4743 .
2759 4726 2774 4742 .
2854 4729 2870 4746 .
2943 4688 3146 4755 singula
3173 4684 3401 4738 casalata
3419 4679 3481 4733 ad
3503 4680 3600 4747 ipsa
3619 4683 3717 4724 cur-

2189 4787 2240 4831 te
2290 4781 2583 4846 pertinente
2624 4815 2641 4831 .
2719 4816 2734 4830 .
2814 4813 2829 4829 .
2907 4776 2958 4829 in
2981 4774 3354 4833 simnldccem,
3381 4777 3573 4828 etocto,
3598 4762 3719 4815 idest

2189 4871 2241 4924 in
2262 4871 2416 4940 Urgia
2497 4907 2512 4924 .
2593 4908 2607 4922 .
2688 4908 2702 4922 .
2791 4866 3322 4922 Barisianosimiliter
3342 4850 3718 4923 Monteceprario

2190 4968 2241 5020 in
2275 4967 2457 5035 primis
2486 4966 2537 5019 in
2560 4966 2716 5036 Orgia
2796 5004 2811 5018 .
2889 5003 2905 5018 .
2979 4979 3101 5019 casa
3156 4960 3406 5027 Babulte,
3433 4970 3547 5011 casa
3575 4949 3719 5005 τωθ-

2189 5058 2461 5125 risciupoli
2558 5096 2572 5110 .
2653 5097 2667 5111 .
2744 5094 2763 5112 .
2838 5094 2855 5111 .
2929 5056 3054 5109 item
3080 5054 3134 5107 in
3210 5092 3225 5105 .
3297 5091 3312 5105 .
3391 5087 3406 5102 .
3477 5038 3720 5098 casaGuno

2190 5147 2309 5218 gula
2343 5147 2545 5201 Alclion
2572 5146 2623 5201 in
2702 5186 2718 5203 .
2797 5183 2815 5199 .
2893 5183 2909 5199 .
2984 5158 3108 5199 casa
3160 5142 3353 5211 singuli
3386 5132 3639 5194 Massario.
3704 5162 3717 5176 .

2189 5326 2370 5380 multis
2419 5333 2594 5377 tamen
2641 5323 2692 5376 in
2726 5322 2856 5375 locis
2903 5335 3064 5376 exeso
3110 5320 3179 5374 ob
3209 5324 3555 5373 vetustatem.
3599 5302 3716 5383 qnf‘d

2190 5397 2408 5465 Jugurta
2458 5395 2772 5465 'l‘homasins
2798 5392 2975 5446 retulit
3006 5390 3117 5465 suis
3160 5391 3217 5465 i_n_
3244 5386 3497 5445 historiis,
3522 5382 3714 5465 3586f}:

2191 5455 2295 5532 que
2322 5469 2372 5518 in
2414 5464 2833 5531 metropolitanze
2878 5461 3055 5530 operis
3076 5460 3459 5532 arcliivo,_nna
3503 5455 3716 5532 conti“:

2193 5516 2485 5603 titographo
2536 5516 2744 5585 ex'stare
2772 5516 3475 5603 ejusd'enLconﬁrmationis
3510 5516 3713 5603 dip‘ititlt:

2194 5590 2479 5659 Aleiatidri
2542 5603 2604 5655 Ill
2671 5590 2954 5669 pontiﬁcis.
3004 5597 3222 5655 Tabula:
3272 5609 3398 5650 vero
3445 5590 3717 5645 donationis

2196 5680 2307 5731 lucc
2331 5684 2471 5741 sunt,
2506 5673 2774 5741 utjacent,
2807 5673 3019 5740 ineptae.
