3976 6186
389 338 409 389 l
431 336 529 392 tuo

1452 336 1845 392 DII‘LOMATA
1891 336 2170 393 LCCLES.
2213 340 2537 394 SELECTA.

3517 344 3655 398 H06

482 492 500 511 .
575 457 705 507 Item
748 454 801 508 in
844 452 1114 507 Darisiano
1144 467 1265 507 casa
1296 452 1554 508 Lucifredi
1584 451 1871 515 Massario,
1906 460 1960 504 et
1990 454 2040 511 Α
2133 453 2173 523 οξ·
2214 453 2325 521 Ego
2353 454 2552 520 Uporto
2583 452 2807 520 exiguus
2844 452 2948 506 dux
2977 453 3133 522 jussu
3164 454 3312 508 dum.
3342 454 3655 523 Walprandi

386 562 510 601 casa
590 583 606 598 .
685 586 699 601 .
781 584 794 598 .
873 560 966 599 seu
1010 545 1384 615 pr:escriptum
1428 559 1567 599 casas
1616 552 1722 598 tam
1754 534 1967 598 aldiari-

385 639 499 694 cius
528 653 686 709 quam
716 648 768 694 et
794 641 1057 707 servulos,
1101 640 1225 709 quia
1250 642 1314 692 ad
1334 641 1445 709 ipsa
1480 655 1600 695 cum
1631 652 1808 695 nostra
1842 655 1965 709 per-

386 732 616 795 tiuuere,
650 730 740 784 ubi
817 769 833 785 .
910 768 927 786 .
1005 768 1020 783 .
1102 768 1117 783 .
1195 767 1211 785 .
1290 768 1305 783 .
1385 767 1402 785 .
1484 769 1499 785 .
1576 731 1785 786 Manus‘
1817 746 1963 796 suas,

387 823 469 875 vel
500 821 834 887 laboravere,
885 835 1005 874 cum
1034 822 1217 876 omnia
1258 822 1494 892 integras
1524 831 1702 891 partes
1734 835 1857 874 suas
1895 823 1966 873 si-

386 914 585 970 militer
621 914 685 967 ad
716 914 833 983 ipso
888 914 1186 968 venerabili
1218 913 1337 968 loco
1414 953 1427 967 .
1507 953 1520 966 .
1601 950 1617 966 .
1692 911 1807 967 Alia
1842 927 1967 981 por-

387 1009 561 1064 ticella
594 1018 773 1062 nostra
821 1007 872 1061 in
898 1008 1193 1078 casali,qul
1221 1009 1527 1064 nominatur
1556 1008 1781 1064 Feriano
1798 1022 1965 1080 prope

386 1111 618 1153 montem
651 1098 889 1163 Listinze,
919 1114 1035 1169 qua:
1078 1111 1128 1155 et
1162 1100 1276 1170 ipsa
1323 1101 1595 1156 curticella
1622 1101 1891 1168 excolere,
1914 1112 1969 1156 et

384 1204 570 1259 regere
599 1189 806 1245 videtur
829 1204 924 1259 per
951 1199 1002 1245 Ie
1077 1229 1092 1246 .
1169 1226 1188 1245 .
1264 1228 1281 1246 .
1355 1192 1520 1246 Actor
1552 1202 1751 1258 noster,
1777 1202 1830 1247 et
1859 1206 1964 1246 una

383 1298 505 1337 cum
529 1296 650 1335 casa
700 1281 864 1349 ipsius
889 1281 1045 1337 tende
1114 1320 1130 1337 .
1207 1318 1223 1336 .
1300 1282 1533 1336 bamaria
1556 1283 1635 1337 vel
1659 1296 1779 1337 eum
1816 1286 1964 1341 omni

386 1373 717 1443 portiuncula
749 1386 843 1427 sua
869 1372 956 1427 ubi
1033 1409 1050 1426 .
1128 1410 1145 1428 .
1219 1386 1314 1428 sua
1339 1373 1584 1437 tenuerit,
1618 1373 1701 1428 vel
1729 1388 1847 1427 cum
1878 1389 1967 1427 ca-

384 1464 460 1519 sis
512 1476 719 1517 massar
794 1501 810 1517 .
892 1503 906 1518 .
988 1499 1003 1516 .
1083 1501 1097 1516 .
1176 1502 1191 1517 .
1267 1463 1333 1517 ad
1394 1464 1579 1519 eadem
1638 1465 1964 1519 curticellam

386 1556 715 1621 pertinentes
772 1568 912 1609 nunc
940 1563 1159 1624 quatuo,
1210 1554 1363 1621 duas,
1396 1556 1485 1610 ubi
1542 1557 1595 1611 in
1641 1556 1969 1611 Bultriviano

385 1661 487 1700 una
565 1682 583 1701 .
660 1680 679 1699 .
755 1682 771 1700 .
848 1655 1162 1701 exercentes
1237 1661 1334 1714 per
1389 1645 1598 1702 Gadulo
1668 1647 1965 1716 Alfrednlo,

389 1737 723 1809 Misangeilo,
767 1735 1028 1792 Fracculo
1058 1738 1334 1792 massariis
1409 1775 1426 1793 .
1504 1776 1517 1791 .
1594 1739 1838 1793 similiter
1867 1740 1964 1794 AI-

383 1829 543 1881 dione
618 1864 633 1881 .
711 1863 727 1879 .
805 1864 820 1879 .
900 1862 915 1879 .
989 1827 1669 1894 snpraseripto,case,nbi
1700 1842 1817 1881 cum
1841 1842 1958 1881 om-

384 1919 470 1971 nia
507 1915 805 1970 abiacentia
834 1929 949 1981 sua,
997 1916 1137 1985 quod
1183 1917 1233 1970 in
1283 1929 1544 1985 praesente
1570 1918 1656 1972 die
1678 1918 1743 1971 ad
1775 1932 1965 1973 manus

382 2024 507 2061 snas
557 2006 840 2077 possessis,
898 2006 979 2062 vel
1022 2006 1168 2076 justo
1216 2008 1404 2062 ordine
1439 2019 1679 2075 tenuere,
1718 2010 1965 2065 similiter

384 2097 725 2167 Gaginloillo
799 2132 817 2150 .
897 2136 913 2149 .
991 2134 1008 2151 .
1084 2098 1961 2169 etGagioloillopropeipsacur-

384 2200 459 2255 te,
482 2203 576 2242 ora
604 2200 842 2257 prresepe
870 2188 1255 2253 circumdatus,
1314 2205 1417 2243 una
1445 2204 1565 2244 cum
1591 2206 1711 2245 casa
1764 2191 1831 2245 de
1855 2193 1962 2245 line

386 2281 733 2346 Dnltriviano,
787 2292 907 2348 quze
959 2278 1024 2332 ad
1055 2279 1295 2349 singulos
1344 2279 1588 2335 homines
1647 2294 1962 2349 comparare

384 2370 527 2425 visus
557 2386 673 2425 sum
749 2408 763 2423 .
843 2412 859 2427 .
947 2413 961 2427 .
1039 2370 1175 2426 Sura
1227 2385 1393 2440 usque
1419 2368 1638 2434 Filesta,
1679 2386 1797 2437 qua:
1828 2370 1961 2426 mihi

385 2462 437 2515 in
490 2464 886 2531 comparatione
924 2463 1143 2518 advenit
1192 2461 1262 2517 de
1322 2461 1608 2515 Partulo...
1658 2459 1874 2523 dusino,
1907 2471 1963 2515 et

385 2554 576 2609 Ursulo
596 2555 660 2609 de
682 2556 945 2625 Oppiana,
968 2555 1142 2610 omnia
1160 2554 1210 2608 in
1240 2554 1443 2620 integra
1469 2552 1584 2606 haec
1606 2566 1765 2621 supra
1789 2553 1962 2621 scrip-

385 2654 465 2698 tas
491 2654 667 2698 certes
695 2644 827 2699 duas
848 2660 970 2699 cum
1022 2644 1223 2708 omnia,
1253 2651 1307 2698 et
1354 2644 1408 2698 in
1432 2643 1701 2708 omnibus,
1734 2657 1854 2713 qua:
1906 2642 1961 2698 in

384 2746 650 2803 praesente
666 2736 752 2790 die
771 2735 949 2790 snbse
982 2734 1301 2800 habere,vel
1330 2735 1679 2803 suprascripti
1754 2772 1772 2789 .
1848 2773 1867 2791 .
1943 2773 1960 2789 .

382 2839 505 2879 cum
531 2827 708 2881 omnia
736 2826 801 2881 ad
826 2827 941 2895 ipso
972 2837 1181 2890 sancto,
1204 2833 1261 2880 et
1281 2825 1573 2880 venerabili
1611 2827 1726 2880 loco
1752 2826 1962 2881 tradere

384 2916 479 2969 visi
511 2930 716 2983 Sumus,
768 2918 925 2973 simul
958 2928 1009 2974 et
1032 2918 1101 2973 de
1132 2915 1355 2987 Gagiolo
1385 2926 1572 2973 nostro
1603 2916 1687 2972 hic
1705 2916 1769 2971 da
1799 2918 1959 2972 Surra

383 3022 573 3077 campo
604 3024 730 3077 uno,
763 3018 866 3063 etc.

1053 3097 1198 3152 XXX
1226 3097 1293 3152 X.

383 3186 761 3245 Testamentum
809 3196 835 3225 ι
889 3188 1231 3331 Waipragdg)
1251 3189 1493 3245 Lucensis
1543 3190 1769 3261 episcopi
1807 3192 1964 3262 (anno

1144 3278 1175 3315 ο
1242 3302 1253 3313 .

1144 3278 1253 3315 ου).

456 3374 510 3428 In
541 3374 633 3428 Dei
679 3375 913 3429 nomine.
948 3372 1221 3444 Regnante
1260 3373 1456 3429 domno
1492 3386 1675 3430 nostro
1704 3373 1967 3445 Astulpho

383 3479 530 3534 rege,
573 3480 711 3519 anno
742 3467 885 3534 regni
932 3466 1047 3533 ejus
1075 3480 1124 3529 ν,
1160 3478 1341 3520 mense
1371 3463 1532 3532 Julio,
1564 3465 1749 3521 indict.
1786 3482 1857 3520 vn
1891 3466 1967 3520 fe—

384 3556 577 3611 liciter.
609 3556 795 3612 Certus
840 3572 953 3609 sum
984 3571 1081 3625 ego
1128 3556 1481 3625 Walprandus
1534 3557 1586 3611 in
1631 3557 1719 3613 Dei
1753 3560 1969 3615 nomine

384 3647 669 3715 episcopus
705 3648 825 3717 quia
866 3663 928 3702 ex
957 3648 1197 3715 jussione
1235 3646 1415 3701 domui
1460 3648 1625 3703 nostri
1663 3648 1851 3703 Astulfi
1886 3663 1969 3704 re-

384 3740 466 3806 gis
493 3739 723 3791 directus
752 3753 867 3790 sum
917 3737 967 3790 in
1021 3737 1258 3791 exercitu
1307 3739 1372 3790 ad
1422 3737 1797 3793 ambulandum
1846 3753 1966 3792 cum

384 3831 524 3896 ipso,
557 3830 695 3883 unde
730 3829 807 3882 sic
835 3828 1146 3897 dispensare
1174 3828 1393 3897 pra-vidi
1420 3828 1487 3883 de
1518 3830 1767 3885 omnibus
1808 3829 1968 3885 rebus

386 3919 540 3983 meis,
576 3926 633 3973 ut
660 3917 783 3972 dum
812 3919 1065 3973 advivere
1096 3934 1278 3973 mer...
1336 3920 1387 3974 in
1432 3935 1548 3976 mea
1591 3918 1662 3975 sit
1706 3930 1969 3990 potestate

385 4011 671 4077 vendendi,
712 4010 939 4064 doiandi
984 4010 1110 4078 quid
1158 4011 1353 4077 facere,
1387 4012 1471 4065 vel
1517 4010 1754 4079 judicare
1795 4011 1969 4066 adhuc

387 4108 629 4172 voluero,
655 4114 708 4159 et
735 4104 780 4159 si
807 4103 936 4157 mihi
979 4104 1188 4158 occasio
1218 4104 1515 4171 obvenerit,
1548 4104 1671 4159 volo
1699 4112 1757 4159 ut
1782 4119 1969 4161 omnes

387 4213 477 4253 res
504 4212 650 4251 meas
690 4211 806 4264 quae
837 4194 1074 4249 addicata
1106 4205 1159 4249 et
1189 4210 1294 4249 non
1337 4195 1570 4261 vendita,
1615 4205 1705 4249 aut
1735 4212 1838 4250 non
1869 4195 1969 4250 do-

389 4297 512 4345 nata
539 4288 873 4351 remanserit,
914 4287 1046 4341 duas
1091 4298 1267 4355 partes
1311 4288 1503 4343 habeat
1529 4290 1758 4344 ecclesia
1796 4287 1966 4343 sancti

393 4378 623 4444 Martini,
651 4377 739 4433 ubi
766 4393 906 4431 nunc
935 4391 1131 4446 prmses
1153 4386 1207 4431 et
1233 4393 1330 4447 ego
1363 4378 1597 4448 pontifex
1615 4392 1735 4434 esse
1760 4380 1964 4445 videor,

2067 545 2299 611 episcOpi
2344 547 2396 598 in
2430 545 2527 599 hac
2577 545 2765 614 pagina
2794 543 3015 612 judicati
3066 545 3275 616 propria
3328 564 3443 601 mea
3494 564 3654 603 manu

2066 637 2380 704 subscripsi.

2135 727 2177 795 -ι-
2220 728 2328 795 Ego
2358 727 2580 781 Brnccio
2606 728 2789 796 presb.
2835 743 2950 794 rog.

2135 817 2174 886 οξ·
2214 817 2323 884 Ego
2350 816 2674 884 Gualpertus
2704 820 2930 889 exiguus
2958 820 3185 875 clericus
3214 836 3328 890 reg.

2137 912 2177 980 ἦ·
2217 910 2392 981 Ego...
2423 912 2689 982 inrandi
2716 913 2956 967 subdiac.
2991 928 3260 983 suprascr.
3290 916 3540 983 scriptor.

2801 1022 2911 1078 XL.

2072 1114 2405 1186 Privilegium
2465 1114 2701 1253 Ruchisii(
2751 1117 3030 1251 regianpéo
3083 1117 3295 1170 ecclesia
3356 1116 3651 1171 Placentina

2707 1201 2906 1239 anno:
3020 1224 3033 1238 .

2707 1201 2841 1239 anno
2892 1201 3033 1239 ΙδυΙ.

2141 1276 2355 1331 Flavius
2405 1275 2663 1330 Rathcbis
2710 1275 2792 1328 vir
2836 1277 3323 1331 excellentissimus
3352 1292 3447 1333 rex
3478 1278 3655 1333 felici-

2071 1378 2172 1422 ter.
2230 1368 2483 1422 Ecclesia:
2534 1366 2824 1421 beatissimi
2889 1368 3139 1439 martyris
3210 1378 3263 1422 et
3329 1369 3651 1425 confessoris

2067 1458 2265 1515 Christi
2299 1458 2574 1523 Antomni,
2607 1469 2661 1512 et
2690 1459 2945 1526 Victoris,
2976 1459 3093 1512 sitae
3122 1474 3289 1528 prope
3318 1475 3500 1515 muros
3522 1460 3653 1515 civi-

2072 1551 2195 1604 tatis
2224 1560 2423 1604 nustrze
2461 1550 2803 1613 Placentinae,
2851 1550 2939 1603 ubi
2986 1560 3173 1605 sancta
3210 1564 3397 1606 eorum
3428 1565 3653 1619 corpora

2070 1644 2350 1707 qu’escunt
2380 1644 2616 1703 humata,
2664 1646 2719 1693 et
2749 1640 2861 1692 viro
2912 1640 3221 1695 beatissimo
3276 1643 3411 1710 patri
3468 1651 3654 1695 nostro

2072 1730 2291 1784 Thema:
2316 1730 2573 1799 episcOpo
2600 1728 2808 1783 custodi
2854 1728 2991 1797 ejus.
3041 1729 3240 1784 Detulit
3284 1730 3537 1784 sanctitas
3565 1739 3652 1782 tua

2072 1823 2341 1891 prmcelsre
2388 1822 2641 1891 potestati
2693 1834 2889 1876 nostra:
2937 1834 3258 1890 praeceptum
3287 1823 3570 1887 cessionis,
3596 1830 3653 1877 ct

2066 1915 2329 1969 firmitatis
2355 1913 2716 1968 antecesseris
2748 1911 3027 1980 llilprandi
3072 1912 3233 1983 regis,
3266 1914 3317 1966 in
3360 1928 3466 1982 quo
3507 1912 3648 1979 lege-

2066 2006 2242 2072 batur,
2272 2020 2338 2059 eo
2360 2004 2502 2073 quod
2532 2005 2658 2059 dum
2700 2004 2887 2058 civitas
2921 2015 3098 2057 nostra
3144 2004 3473 2068 Placentina,
3504 2005 3645 2075 quod

2063 2096 2308 2150 omnibus
2341 2103 2523 2148 notum
2557 2105 2658 2159 est,
2690 2094 2757 2148 ab
2796 2094 3040 2148 incendio
3071 2094 3242 2151 fuerat
3279 2106 3643 2163 concremata,

2061 2198 2116 2244 et
2158 2187 2337 2243 omnia
2402 2187 2694 2247 munimina
2756 2186 3023 2256 praedicta:
3067 2187 3310 2241 e-clesire
3357 2198 3457 2241 ιιιςε
3512 2187 3639 2242 inibi

2060 2280 2335 2335 combusta
2378 2288 2525 2347 sunt,
2555 2279 2695 2333 sicut
2737 2288 2789 2333 et
2818 2278 2936 2332 aliis
2966 2277 3144 2342 rebus,
3173 2288 3226 2331 et
3256 2279 3368 2346 ipse
3398 2276 3641 2345 Hilprant

2062 2372 2345 2441 peripsum
2371 2379 2695 2440 praeceptum
2734 2385 2888 2424 suum
2922 2370 3223 2424 lirmaverat
3250 2370 3449 2436 omnia,
3474 2370 3628 2445 quic-

2061 2464 2186 2534 quid
2221 2465 2335 2530 ipsa
2385 2472 2695 2516 sanctorum
2726 2461 2864 2527 luca,
2914 2472 2966 2515 et
2997 2475 3091 2515 vos
3141 2461 3511 2529 possidebatis,
3556 2462 3640 2516 vel

2064 2556 2204 2629 quod
2235 2555 2395 2610 ve-tri
2428 2552 2780 2625 possederant
2819 2562 3208 2620 antecessores,
3239 2554 3351 2606 sive
3398 2553 3468 2607 de
3506 2552 3647 2606 dono

2064 2648 2520 2717 przedecesSorum
2548 2653 2852 2699 nostrorum
2884 2660 3090 2713 regum.
3117 2646 3230 2699 sive
3258 2645 3399 2714 quod
3427 2645 3492 2697 ab
3515 2645 3651 2698 anti-

2063 2740 2184 2809 quis
2212 2737 2545 2805 temporibus
2572 2737 2743 2791 fuerat
2788 2751 3093 2806 possessum
3139 2737 3191 2790 in
3217 2738 3378 2803 casis,
3410 2736 3646 2802 familiis,

2064 2829 2369 2895 territoriis,
2405 2831 2624 2893 familia,
2657 2839 2711 2883 et
2762 2830 2986 2896 peculia,
3040 2830 3124 2883 vel
3178 2831 3319 2896 quod
3367 2846 3395 2882 a
3428 2831 3650 2899 singulis

2068 2922 2380 2977 hominibus
2426 2922 2553 2975 inibi
2580 2921 2831 2974 collatum
2860 2919 3052 2985 fuerat,
3084 2934 3176 2974 seu
3200 2936 3263 2975 ex
3290 2922 3645 2987 comparatio-

2069 3028 2173 3079 ne,
2223 3022 2314 3067 aut
2360 3014 2799 3073 commutatione.
2831 3010 2913 3065 vel
2947 3011 3298 3079 undecunque
3329 3010 3545 3077 habere,
3591 3018 3647 3064 ct

2068 3103 2339 3173 possidere
2369 3103 2731 3157 moderamine
2765 3102 3046 3165 videbatis,
3090 3101 3247 3155 simul
3293 3110 3348 3155 et
3389 3102 3645 3155 ecclesias

2070 3195 2367 3250 dimcescas
2393 3202 2507 3247 tuas
2536 3193 2606 3248 ibi
2638 3208 2732 3263 per
2769 3193 2973 3262 singula
3015 3191 3129 3246 loca
3166 3199 3410 3256 statutas,
3443 3205 3471 3243 a
3499 3192 3649 3245 vobis

2070 3289 2365 3355 ordinatas,
2394 3286 2478 3343 vel
2507 3301 2536 3340 a
2566 3287 2758 3342 vestris
2787 3285 3163 3341 decessoribus
3204 3282 3436 3348 fuerant,
3468 3298 3560 3337 seu
3587 3293 3641 3338 et

2070 3379 2415 3443 monasteria,
2448 3378 2499 3436 id
2529 3386 2612 3432 est
2653 3376 2793 3432 beati
2821 3376 3050 3445 apostoli
3085 3384 3135 3430 et
3170 3374 3418 3442 martyris
3447 3373 3645 3427 Christi

2070 3471 2308 3534 'I'homm,
2339 3478 2495 3536 atque
2519 3466 2635 3539 Syri
2660 3466 2982 3522 cozifessoris
3009 3479 3172 3533 prope
3197 3465 3348 3517 istam
3372 3464 3641 3517 civitatem

2071 3570 2305 3614 nostram
2339 3558 2731 3624 Placentinam;
2770 3567 2928 3626 atque
2974 3559 3269 3611 lirmaverat
3301 3557 3350 3609 in
3398 3572 3508 3624 ipsa
3540 3558 3633 3609 've-

2072 3652 2327 3708 nerabilia
2361 3651 2476 3707 loca
2517 3652 2837 3706 monasteria
2880 3648 3230 3713 Florentiola,
3272 3658 3327 3702 et
3355 3647 3530 3711 Tolla,
3573 3655 3652 3699 at-

2072 3758 2177 3814 que
2220 3742 2502 3799 Gravaco:
2556 3743 2697 3797 unde
2744 3754 2796 3797 et
2826 3742 3155 3810 asseruistis,
3184 3739 3327 3808 quod
3356 3740 3454 3793 sub
3479 3747 3650 3792 vestra

2072 3834 2296 3888 fuissent
2317 3831 2558 3902 tuitione,
2589 3844 2640 3886 et
2668 3839 2902 3887 rectores
2924 3830 3409 3900 suprascriptorum
3440 3843 3468 3880 a
3501 3828 3650 3880 vobis

2075 3923 2382 3993 prtejudicio
2422 3922 2647 3978 fuissent
2675 3922 2925 3985 convicti,
2960 3932 3013 3974 et
3038 3920 3293 3975 canonica
3342 3918 3646 3973 obedientia

2072 4017 2222 4070 vobis
2254 4016 2643 4084 impendantur.
2663 4014 2767 4068 Nec
2793 4028 2895 4067 non
2926 4012 3151 4067 etiamet
3178 4008 3516 4064 conﬁrmavit
3554 4024 3648 4062 vo-

2073 4105 2154 4161 bis
2196 4119 2384 4159 omues
2410 4106 2526 4158 illas
2554 4106 2827 4169 mulieres,
2859 4118 2990 4170 quas
3020 4103 3158 4156 servi
3187 4100 3427 4156 ecclesia:
3453 4109 3648 4154 vestrae

2072 4208 2389 4270 acceperant
2415 4196 2466 4253 in
2495 4195 2741 4267 conjugio
2768 4211 2887 4249 cum
2927 4193 3070 4260 filiis,
3098 4192 3326 4259 filiabus,
3356 4192 3444 4263 qui
3473 4208 3537 4247 ex
3569 4196 3650 4247 eis

2074 4291 2183 4345 nati
2233 4290 2442 4345 fuerant
2489 4304 2579 4358 per
2618 4287 2857 4342 aldiones
2910 4285 3169 4339 habentes
3218 4284 3495 4337 mundium
3552 4298 3646 4351 per

2073 4392 2228 4452 caput
2256 4381 2458 4437 solidos
2488 4394 2669 4443 senos,
2702 4387 2757 4433 et
2785 4386 3127 4432 concesserat
3168 4376 3293 4430 inibi
3337 4377 3647 4446 pensionem

392 4482 447 4527 et
480 4471 673 4533 taliter,
704 4480 758 4523 ut
789 4485 888 4523 una
922 4483 1042 4537 pars
1080 4469 1148 4522 de
1194 4468 1323 4537 ipsis
1365 4470 1567 4524 duabus
1614 4470 1964 4539 portionibus,
1998 4486 2049 4549 υ
2075 4474 2219 4529 illam
2248 4475 2312 4530 de
2338 4488 2539 4543 sapene
2597 4472 2758 4525 libras
2807 4486 2933 4538 xxx,
2978 4485 3097 4540 qua:
3142 4469 3322 4539 palatii
3373 4470 3538 4524 nostri
3587 4486 3651 4522 ex

392 4575 527 4630 quas
551 4561 602 4614 in
626 4559 849 4614 ecclesia
866 4559 1035 4612 sancti
1065 4558 1267 4611 Martini
1289 4559 1409 4624 feci,
1440 4559 1632 4614 debeat
1650 4574 1769 4614 esse
1798 4560 1849 4614 in
1882 4575 1973 4614 xe-

394 4650 680 4712 nodochio,
710 4648 830 4717 quia
855 4647 1052 4701 domno
1085 4649 1442 4716 Taierperano
1464 4649 1719 4719 episc0po
1740 4651 1825 4705 hic
1861 4649 1974 4704 fore

395 4761 551 4800 muro
594 4743 820 4797 civitatis
869 4743 1183 4795 instructum
1233 4744 1443 4796 tertiam
1495 4751 1699 4813 partem
1747 4742 1975 4798 habebat

390 4840 618 4896 ecclesia
648 4835 813 4890 sancti
851 4834 1104 4900 Fridiani,
1132 4834 1217 4889 ubi
1258 4834 1430 4905 ipsum
1460 4836 1629 4890 sancti
1661 4851 1854 4904 corpus
1883 4851 1972 4891 re-

390 4929 611 4998 quievit,
644 4936 697 4982 et
737 4936 923 4997 quarta
964 4936 1112 4996 parte
1153 4927 1347 4981 habeat
1390 4927 1612 4982 ecclesia
1642 4938 1839 4983 sancta:
1873 4929 1976 4983 lte-

393 5037 613 5092 paratae.

464 5116 503 5183 ἦ·
546 5116 652 5180 Εμο
682 5113 1037 5179 Walprandus
1092 5114 1142 5168 in
1195 5114 1287 5169 Dei
1327 5114 1539 5169 nomine
1591 5119 1871 5185 episcopus
1922 5115 1974 5170 in

395 5208 536 5259 hunc
573 5205 789 5272 judicati
834 5208 1021 5273 pagina
1050 5219 1078 5257 a
1112 5220 1195 5257 me
1228 5205 1362 5258 facta
1405 5206 1541 5260 sicut
1570 5209 1814 5275 superius
1842 5206 1977 5276 legi-

394 5305 478 5348 tur
504 5295 710 5363 propria
742 5310 900 5348 manu
932 5309 1048 5349 mea
1079 5294 1402 5365 subscripsi.

469 5463 492 5488 °
538 5453 867 5517 Valprandus
901 5450 1165 5516 Walpcrti
1208 5452 1369 5515 filius,
1416 5452 1566 5506 ducis
1613 5452 1788 5517 Luem,
1819 5468 1974 5507 enm-

395 5526 517 5578 dem
568 5524 733 5591 gessit
786 5524 1149 5590 episcopatum
1200 5538 1293 5575 an.
1327 5522 1450 5588 732,
1510 5526 1882 5591 rejicrritttrqiie
1924 5524 1974 5577 in

398 5598 636 5656 lii-nibus
671 5603 1032 5646 lllflllllllleiills
1074 5593 1405 5659 nominatus,
1471 5608 1637 5661 usque
1669 5595 1733 5644 ad
1775 5610 1972 5647 annum

395 5667 521 5725 736,
564 5682 710 5715 mem
742 5676 864 5731 tque
906 5665 954 5714 in
1002 5662 1232 5716 favorem
1277 5678 1387 5715 sum:
1434 5665 1674 5716 ecclesia!
1707 5664 1973 5717 Titianum

397 5736 690 5788 castellum.
729 5734 978 5789 Pervenit
1007 5734 1070 5787 ad
1103 5747 1246 5787 muas
1277 5747 1464 5787 manus
1501 5736 1773 5803 CXCIHj‘IJr
1806 5738 1975 5804 quod-

2078 4566 2377 4621 Placentina
2424 4566 2637 4620 civitate
2667 4560 3020 4627 inferebatur,
3069 4572 3125 4618 et
3154 4565 3457 4616 lirmaverat
3502 4561 3653 4615 vobis

2075 4668 2305 4730 portum,
2362 4659 2448 4726 qui
2488 4658 2679 4713 dicitur
2710 4656 2949 4723 Cotaleo,
3008 4656 3096 4710 ubi
3139 4670 3300 4711 naves
3361 4657 3648 4711 militarem

2076 4764 2227 4805 usum
2275 4751 2501 4804 habeant
2524 4748 2791 4803 vulatione
2822 4747 2910 4801 illa
2953 4747 3022 4802 de
3040 4747 3291 4818 ripatico,
3313 4748 3396 4804 vel
3422 4747 3648 4817 ju5titia,

2077 4840 2219 4908 quod
2250 4853 2303 4897 et
2333 4840 2454 4895 inde
2502 4840 2554 4894 in
2604 4840 2799 4909 palatio
2850 4848 3033 4893 nostro
3080 4840 3352 4910 veniebat,
3399 4855 3494 4893 vos
3534 4853 3653 4893 eam

2074 4934 2343 4988 deberetis
2372 4933 2599 4986 tollere:
2651 4946 2750 4986 nec
2799 4947 2902 4985 non
2949 4940 3005 4985 et.
3049 4940 3390 4985 concesserat
3438 4929 3489 4982 in
3538 4930 3651 4995 ipsa

2077 5034 2259 5079 sancta
2290 5023 2402 5078 loca
2433 5024 2516 5077 vel
2555 5022 2707 5077 vobis
2746 5022 2939 5077 lectum
2990 5021 3141 5085 Padi,
3183 5020 3322 5073 unde
3367 5028 3488 5073 ante
3537 5019 3656 5074 dies

2077 5115 2310 5171 cucurrit
2352 5131 2516 5185 prope
2557 5116 2917 5184 suprascripta
2948 5114 3165 5168 civitate
3211 5110 3514 5165 Placentina
3548 5110 3655 5165 fine

2077 5218 2235 5277 caput
2280 5209 2349 5264 de
2388 5210 2530 5272 rivo,
2584 5210 2673 5278 qui
2703 5209 2898 5263 dicitur
2942 5206 3132 5274 lrigido
3161 5220 3326 5274 usque
3367 5206 3419 5258 in
3453 5205 3558 5259 line
3584 5206 3658 5260 de

2075 5302 2356 5372 Spaoraria
2379 5341 2395 5368 ,
2427 5312 2480 5357 et
2508 5301 2659 5356 vobis
2694 5298 2919 5370 prepriis
2966 5298 3211 5351 manibus
3263 5296 3375 5350 suis
3418 5295 3658 5350 tradide-

2077 5466 2199 5521 dam
2254 5468 2432 5523 brevis
2481 5464 2781 5519 documenti
2818 5460 3125 5528 Walprandi
3155 5459 3386 5529 episcOpi
3417 5474 3505 5513 an.
3548 5455 3662 5511 739

2077 5538 2359 5607 scriptum,
2390 5537 2531 5606 quod
2560 5544 2737 5607 exstat
2778 5533 2829 5585 in
2863 5534 3121 5607 tabulario
3152 5531 3403 5607 Lucensis
3447 5529 3659 5598 episco-

2080 5600 2257 5674 pii,'ct
2282 5600 2496 5675 dignum
2526 5606 2693 5657 visum
2718 5614 2801 5659 est
2833 5603 2989 5658 utbic
3018 5610 3359 5656 recenseatnr
3384 5600 3435 5655 in
3450 5614 3657 5655 memo-

2081 5680 2215 5732 riam
2241 5680 2368 5732 tanti
2402 5675 2667 5746 pNISttliS.
