4056 6178
416 330 439 386 ι
453 328 481 380 .l
490 328 556 381 o7

1551 314 2161 375 LANGOBARDORUM
2204 315 2442 372 RECUM

3533 320 3554 372 l
3576 317 3672 373 $08

410 450 513 494 rat.
564 440 637 494 De
668 438 859 502 quibus
886 436 1133 491 omnibus
1181 434 1419 504 speravit
1467 450 1497 487 a
1549 435 1703 487 nobis
1757 435 1984 487 Almitas
2017 443 2059 497 Α
2092 434 2240 501 mini,
2282 443 2339 488 et
2378 432 2551 486 nullus
2589 430 2719 497 dux,
2751 444 2956 495 comes,
2986 431 3277 497 castaldus,
3307 433 3390 487 vel
3421 435 3672 489 actiona-

412 542 608 593 vestra,
637 537 692 581 ut
721 528 771 580 iu
801 530 910 593 ipsa
937 527 1257 580 venerabilia
1304 526 1420 579 loca
1451 525 1530 579 vel
1560 525 1711 579 vobis
1738 535 1979 577 nostrum

411 622 599 675 exinde
632 618 1013 683 renovationis,
1042 629 1097 672 et
1139 617 1403 671 firmitatis
1451 628 1776 687 praeceptum
1822 618 1983 672 emit-

412 725 522 767 lere
546 713 882 765 deberemus.
927 712 1031 764 Nos
1060 726 1190 765 vero
1231 711 1573 765 attendentes
1606 711 1695 765 Dei
1735 712 1980 779 omnipo-

409 803 569 855 tentis
622 802 1075 866 misericordiam,
1141 810 1196 855 et
1235 811 1466 855 vestram
1526 800 1806 855 audientes
1851 815 1984 854 con-

408 909 592 959 giuani
648 894 979 961 petitionum,
1032 896 1131 946 hoc
1179 893 1561 956 renovationis,
1612 900 1669 946 et
1723 891 1988 945 firmitatis

412 993 609 1037 nostra:
643 994 964 1053 praeceptum
995 985 1143 1038 vobis
1172 985 1282 1039 fieri
1320 985 1597 1051 jiissimus,
1632 984 1904 1038 firmantes
1935 986 1988 1039 in

412 1076 719 1142 pi'tescripta
748 1086 930 1129 sancta
960 1075 1095 1139 loca,
1126 1074 1211 1129 vel
1234 1075 1385 1129 vobis
1412 1077 1611 1143 omnia,
1644 1075 1781 1129 sicut
1816 1084 1989 1129 textus

409 1167 691 1218 anterioris
720 1166 971 1235 praecepti
1010 1165 1257 1235 ejusdem
1299 1166 1574 1233 IIinrandi
1604 1170 1879 1221 continere
1907 1167 1989 1220 vi-

410 1258 586 1320 detur,
620 1267 673 1311 et
702 1272 796 1311 vos
824 1274 966 1313 nunc
996 1258 1243 1326 praesenti
1275 1268 1511 1327 tempore
1534 1258 1747 1323 habere,
1770 1269 1823 1315 et
1860 1274 1987 1327 pos-

414 1347 590 1400 sidere
624 1348 1008 1403 rationabiliter
1033 1348 1286 1403 videmini
1313 1368 1324 1402 :
1358 1359 1620 1417 quatenus
1639 1350 1707 1403 ab
1732 1350 1989 1406 hodierna

413 1437 500 1490 die
533 1437 786 1493 habentes
819 1440 918 1493 hoc
945 1450 1185 1494 nostrum
1215 1441 1595 1505 renovationis,
1637 1448 1694 1495 et
1728 1442 1993 1497 firmitatis

418 1541 742 1599 praeceptum
798 1531 1080 1594 securiter,
1138 1546 1202 1586 ac
1254 1530 1477 1584 firmiter
1526 1532 1638 1600 ipsa
1685 1534 1993 1602 supradicta

420 1622 558 1686 loca,
602 1624 680 1677 vel
733 1639 827 1677 vos
857 1633 912 1677 et
938 1624 1100 1679 vestri
1130 1640 1473 1681 successiires
1512 1627 1786 1695 possidere
1820 1628 1996 1683 valea—

490 1761 516 1788 ιι
547 1753 897 1820 Temporibus
950 1755 1148 1809 Arialili
1206 1756 1316 1810 sive
1359 1756 1607 1822 Arcadii,
1656 1758 1992 1813 Clusinorum

420 1824 679 1891 epismipi,
722 1825 914 1878 Ilacliis
935 1840 1054 1878 eum
1085 1827 1391 1880 Perusinam
1417 1830 1690 1883 civitatem
1721 1831 2000 1886 obsidione

421 1894 696 1959 cinxisset,
750 1896 1021 1964 animique
1064 1898 1229 1963 giatia
1264 1912 1356 1962 per
1404 1908 1617 1953 montes
1647 1901 2003 1955 Animiatinos

338 2008 346 2017 .
425 1966 474 2015 in
508 1978 635 2031 agro
662 1966 878 2017 Clusino
902 1967 1183 2033 aliquando
1209 1969 1551 2032 spatiaretur,
1582 1985 1644 2022 ex
1678 1971 1852 2023 abiete
1870 1972 2001 2025 satis

423 2048 640 2099 procera
666 2034 918 2088 Servatur
943 2040 1155 2089 liumani
1187 2039 1395 2105 generis
1428 2039 1565 2092 inter
1589 2044 1719 2093 duas
1749 2042 2001 2096 ardentes

423 2107 562 2177 lares
593 2106 814 2177 seseilli
842 2107 1032 2157 obtulit
1058 2122 1149 2170 per
1189 2120 1420 2164 noctein.
1475 2111 1611 2175 Rex,
1649 2120 1830 2163 notato
1862 2114 1999 2177 loco,

425 2174 617 2225 ibidem
648 2173 903 2241 deinceps
944 2177 1153 2230 celebre
1185 2178 1565 2231 Animiatinnm
1596 2173 1919 2235 coenobium
1950 2173 2001 2236 in

426 2243 681 2321 honorem
701 2245 1343 2321 S_a|vato_ris_construxit.
1360 2250 1823 2321 Ᾱίιιιιιιιιδμίιιιίειιυθ
1845 2263 2005 2321 atque

425 2314 700 2386 invidiosis
732 2314 955 2368 fortunis
985 2316 1192 2372 ditavit.
1274 2319 1439 2386 Cujus
1467 2314 1767 2374 donationis
1799 2314 2005 2375 favora-

426 2384 543 2435 bilis
572 2384 874 2446 diplouiaiis
900 2389 1174 2455 exemplar
1221 2390 1305 2442 hic
1346 2384 1750 2444 exscribeiidum
1781 2394 2004 2447 curavi-

427 2468 547 2506 mus
594 2470 656 2507 ex
688 2455 987 2528 originario
1016 2466 1334 2522 extractum,
1388 2460 1526 2526 quod
1577 2462 1750 2513 adhuc
1797 2463 1846 2515 in
1890 2465 2005 2528 ejus

432 2527 737 2602 iiionasteiihi
793 2527 1028 2602 archivio
1075 2537 1385 2602 assei-vatur
1427 2531 1758 2602 cunisigillo
1807 2534 2001 2602 clligiei

428 2592 670 2657 ejusdem
696 2594 889 2667 Raeliis
906 2597 1043 2667 regis
1071 2597 1334 2661 quondam
1368 2592 1854 2667 L0iigoliar'dorum.
1899 2592 2003 2656 Sed

432 2673 714 2727 antequam
759 2664 882 2737 illud
906 2664 1115 2729 demus,
1158 2680 1261 2719 non
1308 2667 1374 2720 ab
1415 2664 1867 2737 re'judicavimus
1921 2673 2005 2727 liic

432 2747 542 2784 reui
569 2742 731 2809 totam
761 2736 989 2809 referre,
1015 2750 1170 2809 quam
1193 2752 1255 2809 ex
1284 2736 1651 2807 antiquissimo
1669 2739 1863 2796 Codice
1887 2757 2005 2809 per-

429 2818 652 2875 giitueno
673 2805 911 2868 ejusdem
943 2806 1165 2858 abbaiia:
1186 2805 1577 2875 destiitipSiiiitts
1598 2811 1666 2864 de
1695 2805 2006 2868 I'uudatiotie

424 2870 662 2944 ejusdem
700 2875 1028 2941 monasterii,
1061 2876 1212 2944 cujus
1245 2870 1393 2931 tenor
1422 2879 1537 2932 talis
1566 2888 1666 2933 Cal.

504 2960 523 3015 ς
554 2943 906 3012 Temporibus
937 2943 1133 2999 domini
1163 2961 1310 3015 papa:
1341 2947 1614 3002 Zacliarite
1648 2960 1887 3005 mortuus
1926 2962 2006 3008 est

429 3012 930 3088 biiitpraiidiisrex,
966 3012 1266 3086 factumque
1307 3030 1390 3072 est
1420 3020 1667 3088 gaudium
1701 3036 1805 3074 non
1833 3025 2004 3077 solum

432 3083 682 3162 iioniaiiis
713 3097 765 3139 et
796 3083 1211 3162 Ravennatibus,
1258 3089 1352 3143 sed
1405 3083 1565 3142 e'tiani
1603 3102 1746 3159 genti
1798 3093 2000 3162 Longo-

431 3154 743 3227 liar'doruni,
773 3158 859 3225 qui
887 3158 1255 3225 lldepraiiduni
1300 3169 1543 3227 nepotem
1584 3154 1734 3215 suum
1768 3154 1999 3218 malevo-

433 3224 563 3284 lum,
614 3224 925 3299 qiicin’ipse
974 3242 1152 3299 regem
1204 3224 1509 3296 reliquerat,
1559 3231 1898 3299 projecernnt
1938 3236 2005 3289 de

433 3309 619 3368 regno,
651 3297 968 3363 Itacliisque,
991 3301 1079 3365 qui
1112 3298 1216 3350 dux
1248 3298 1439 3363 fuerat,
1462 3316 1490 3351 a
1534 3297 1896 3368 Lorigiibardis
1918 3319 2005 3356 su-

432 3366 682 3439 liliiiiatur
710 3368 761 3439 in
791 3382 1031 3433 regnum.
1075 3368 1151 3420 Ad
1180 3382 1334 3435 quem
1362 3369 1476 3436 ipse
1501 3366 1837 3426 beatissimus
1870 3390 2005 3439 pon—

430 3436 555 3486 tifex
602 3435 855 3488 continuo
888 3439 1060 3511 inissa,
1090 3439 1344 3493 relatione
1375 3435 1547 3511 petiit,
1581 3451 1637 3493 nt
1666 3435 1891 3511 benigne
1916 3449 2008 3499 de-

427 3518 714 3571 cenicrqne
737 3519 955 3573 regnum
978 3508 1315 3575 gubernaret.
1358 3515 1425 3562 At
1450 3510 1535 3562 ille
1557 3512 1628 3563 ob
1650 3508 2004 3567 reverentiam

428 3578 788 3645 apostolorum
818 3577 1104 3644 principis,
1141 3587 1195 3630 et
1224 3579 1338 3645 eius
1366 3581 1608 3645 precibus
1641 3583 1922 3636 inclinatus
1950 3585 2001 3638 in

427 3642 609 3716 viginti
641 3660 899 3696 annorum
924 3642 1151 3713 spatium
1177 3642 1338 3701 multa
1368 3642 1501 3716 pare
1530 3651 1828 3706 universum
1849 3654 2006 3709 Italia:

431 3714 707 3791 populum,
749 3716 836 3782 qui
861 3732 982 3768 eum
1016 3732 1195 3791 regem
1224 3714 1475 3791 elegerat,
1502 3723 1720 3791 pacilice
1743 3723 2004 3791 guberna-

432 3793 526 3834 vit.
586 3788 714 3860 lp~is
746 3797 919 3860 itaque
945 3788 1273 3860 temporibus
1300 3789 1503 3860 iliuClliS
1534 3788 2006 3860 Longobardorum

432 3855 960 3931 rex_ail__capietidain
998 3859 1261 3910 civitatein
1297 3859 1627 3931 Iferusinam,
1652 3855 1856 3931 vutpote
1905 3866 2004 3919 sibi

428 3922 845 4001 iiiobedienteni,
883 3929 1182 4004 vehementi
1213 3929 1480 4004 profectus
1508 3942 1589 3985 est
1613 3922 2005 4004 cutn'indigna-

432 3994 595 4072 tione,
628 4009 784 4060 quani
807 4006 859 4072 et
887 3994 1228 4072 circuuidaus
1258 3999 1467 4054 fortiter
1495 4003 1850 4072 expugnabat.
1878 3994 2009 4060 llaec

424 4063 647 4116 audii-us
669 4066 1038 4143 sanctissimus
1063 4085 1214 4137 papa,
1242 4073 1490 4124 continuo
1507 4063 1601 4140 spe
1621 4063 1800 4126 divina
1818 4073 2004 4143 fretus,

426 4138 715 4213 assniiipti_s
745 4137 1029 4213 aliquantis
1057 4155 1119 4191 ex
1151 4156 1248 4213 suo
1276 4144 1419 4194 clero
1445 4137 1805 4211 optimatibus,
1835 4137 2006 4213 quan;

425 4205 599 4283 tocius
627 4206 692 4258 ad
738 4210 976 4283 eamdem
1008 4212 1251 4283 perrexit
1298 4205 1586 4277 civitatem,
1641 4205 2008 4283 impensisqne

424 4274 593 4352 eidem
628 4278 773 4344 regni
806 4274 1047 4352 plurimis
1078 4282 1408 4352 muneribus,
1464 4274 1624 4349 atque
1648 4274 1844 4352 oppido
1882 4274 2004 4340 eum

423 4346 739 4423 deprecans,
769 4350 1061 4424 opitulante
1090 4348 1336 4424 Domino,
1378 4354 1444 4407 ah
1482 4346 1795 4409 obsessione
1839 4355 2008 4424 ipsius

424 4418 656 4466 civnatis
680 4430 802 4491 cuni
833 4419 1052 4491 amovit,
1082 4422 1518 4475 cuietsalutilera
1552 4418 1875 4491 praedicans,
1894 4427 2003 4480 Deo

426 4493 662 4561 auctore,
720 4488 876 4561 valuit
912 4492 1147 4541 animum
1185 4492 1301 4558 ejus
1340 4494 1392 4544 in
1423 4488 1710 4560 spiritualis
1740 4488 2000 4561 dogmatis

425 4551 681 4632 inclinare
710 4558 904 4621 studio,
938 4569 1013 4632 et,
1039 4572 1157 4626 post
1190 4551 1491 4630 aliquanto's
1516 4564 1630 4618 dies
1660 4570 1770 4632 ipse
1802 4551 1999 4621 Raetiis

426 4624 859 4699 chﬂAfDilllqilCllSr
880 4624 1444 4699 regalein.digiiiiateiii
1473 4635 1664 4688 devote
1679 4624 1806 4688 cum
1836 4652 2001 4692 uxore

424 4692 862 4774 etilliisadbcati
887 4692 1136 4768 principis
1157 4692 1517 4774 apostolorum
1549 4705 1725 4757 limina
1745 4708 1998 4774 perrexit,

422 4764 601 4843 ibique
631 4763 890 4843 Dei_nutu
919 4778 973 4820 et
1001 4763 1318 4824 sanctis-sinu
1354 4788 1503 4843 papa:
1534 4763 2000 4841 praedicationibus

420 4837 647 4888 clericus
677 4834 915 4901 etl‘ectus,
958 4843 1256 4895 monastico
1288 4834 1501 4896 induitis
1534 4834 1633 4899 ἐει
1669 4847 1849 4899 ιιειιιιιιι
1879 4862 2001 4900 cum

426 4920 592 4959 uxore
615 4918 668 4982 et
693 4904 840 4982 liliis.
883 4910 982 4974 Qui
1013 4910 1204 4982 divina:
1228 4916 1507 4966 cliaritatis
1538 4917 1658 4982 igne
1687 4930 2000 4982 succensus,

424 4990 510 5054 pio
542 4978 720 5029 animo
750 4980 912 5030 solius
938 4980 1026 5031 Dei
1076 4980 1239 5055 jussa
1261 4978 1829 5055 adiinplere'conatui'.
1885 4978 2004 5055 Ipso

428 5053 871 5119 itaqueteiupore
902 5064 1105 5102 memor
1138 5053 1264 5117 voti,
1298 5057 1435 5119 quod
1469 5054 1578 5107 Di-o
1612 5055 1827 5119 fecerat,
1857 5053 2003 5109 scili-

422 5126 507 5168 cet
532 5132 591 5169 se
610 5117 659 5169 in
674 5118 885 5171 'l‘uScize
902 5121 1136 5186 partibus
1159 5117 1483 5177 monasteria
1505 5127 1554 5177 in
1579 5125 1711 5179 locis
1735 5117 2001 5182 habilibus

426 5188 719 5264 ediiuruni,
752 5188 795 5242 si
820 5206 947 5264 eum
961 5206 1222 5259 supernus
1244 5195 1415 5260 opifex
1433 5209 1526 5249 sua
1550 5210 1650 5264 ope
1665 5199 1875 5251 ctelitus
1894 5200 2008 5252 col-

428 5262 531 5332 lata
556 5257 778 5332 Romam
803 5257 1239 5332 paciﬁca—ingredi
1269 5257 1619 5331 permitteret,
1653 5266 1763 5322 Deo
1786 5268 1886 5323 soli
1913 5269 2007 5322 de-

425 5327 608 5396 inceps
660 5330 981 5407 militaturus
1011 5335 1077 5385 ab
1096 5327 1238 5388 urbe
1267 5327 1475 5389 uibium
1515 5327 1781 5391 discessit.
1848 5338 2009 5407 Igitur

427 5404 559 5476 dum,
587 5400 833 5465 praedicta
861 5405 998 5476 _loca
1049 5420 1427 5476 usquequaque
1457 5407 1507 5458 in
1534 5407 1741 5461 Tuscia:
1771 5400 2008 5476 pariibus

425 5472 662 5545 studiose
693 5472 1036 5545 perquireret,
1064 5474 1202 5528 fama
1224 5472 1636 5545 refereiite,quie
1661 5472 1793 5531 nihil
1820 5481 2006 5532 occul-

428 5543 778 5616 tari-patitur,
802 5544 984 5596 didicit
1010 5550 1148 5612 quod
1179 5548 1230 5599 iu
1260 5558 1440 5601 monte
1471 5543 1654 5611 Miato,
1698 5552 1747 5599 in
1777 5553 2006 5616 quodam

431 5611 758 5684 li.ili'ilissinio
795 5616 912 5665 loco
947 5622 1002 5667 et
1030 5611 1069 5666 7a
1109 5619 1615 5684 Ireqiieiitationibus
1638 5611 1906 5670 hominum
1932 5636 2008 5671 lli-

433 5679 594 5729 niinui
610 5695 903 5756 segregato,
924 5693 1163 5750 pastores
1189 5679 1465 5754 puri-orum
1483 5692 1774 5756 stcpisSiiiie
1789 5704 2005 5743 consue-

434 5760 618 5801 veraiit
630 5765 684 5802 ιιι
697 5755 921 5818 quadam
937 5760 1289 5822 pulcherrima
1304 5763 1493 5815 arbore
1505 5755 1682 5814 luiiieu
1696 5760 2008 5829 splendidis-

2031 3130 2078 3191 C

2085 527 2193 578 rius
2224 533 2403 578 noster
2441 533 2629 579 contra
2683 532 3004 591 praesentem
3058 534 3297 578 nostrum
3346 527 3670 593 iiovatiouis,

2085 626 2139 669 et
2168 614 2432 669 llrmitatis
2463 624 2786 684 praeceptum
2830 613 3027 667 audeat
3078 615 3157 668 ire
3195 616 3531 685 quandoque,
3576 620 3671 671 sed

2086 707 2230 760 omni
2258 716 2497 776 tempore
2521 705 2692 771 vobis,
2716 704 3030 774 vestrisque
3054 705 3450 761 successoribus
3498 708 3675 763 stabili

2087 800 2274 853 ordine
2317 814 2553 866 praesens
2585 808 2822 851 nostrum
2857 805 3185 867 praeceptum
3224 797 3419 853 debeat
3460 814 3672 867 peruia-

2090 906 2235 945 nere.
2269 891 2343 945 Ex
2370 891 2513 944 dicto
2541 887 2723 943 domui
2768 889 2908 955 regis
2940 903 3035 957 per
3080 888 3405 944 Andreatem
3439 890 3514 943 illi
3543 889 3676 945 refe-

2089 981 2365 1036 rendarius
2385 980 2577 1049 scripsi
2618 995 2717 1047 ego
2748 979 2986 1033 Thomas
3010 978 3278 1034 netarius.

2164 1075 2354 1127 Actum
2402 1071 2684 1125 Ticininin
2741 1071 2942 1139 palatio
2993 1085 3044 1124 tv
3100 1070 3190 1124 die
3249 1072 3449 1126 mensis
3505 1071 3672 1127 ιιειτιιε

2092 1177 2231 1215 anno
2254 1161 2357 1217 746
2387 1176 2529 1216 anno
2560 1161 2851 1216 felicissimi
2878 1161 3025 1231 regni
3054 1164 3219 1215 nostri
3244 1160 3306 1215 Il.
3344 1163 3461 1216 lud.
3490 1178 3571 1216 xiv
3605 1166 3674 1219 le-

2094 1254 2284 1308 liciter.

2816 1342 2947 1397 XLI.
3030 1406 3041 1407 ί

2095 1443 2120 1472 ⁸
2169 1433 2493 1504 Privifcgium
2544 1433 2733 1572 Rodii:
2764 1435 2897 1502 regis
2928 1451 3055 1575 7121:?)
3087 1436 3314 1488 coenobio
3360 1435 3677 1489 Ammiatino

2736 1520 2871 1557 anno
2966 1512 2992 1556 4
3061 1543 3076 1558 .

2736 1520 2871 1557 anno
2928 1512 3076 1558 747i.

2173 1618 2371 1673 “:ICIIlS
2400 1618 2479 1673 vir
2507 1618 2990 1673 excellentissimus
3030 1635 3119 1673 rex
3166 1616 3348 1674 Ei-foni
3392 1621 3687 1676 venerabili

2104 1755 2294 1806 simum
2329 1749 2488 1803 modo
2507 1750 2723 1811 trinum,
2749 1748 2903 1801 modo
2931 1764 3093 1801 unum
3121 1763 3366 1805 cernere.
3395 1751 3550 1818 Quod
3575 1752 3687 1819 ipse

2107 1822 2297 1877 llacliis
2324 1836 2438 1884 rex,
2467 1820 2572 1873 imo
2599 1819 2893 1873 monachus
2917 1820 3159 1880 audiens,
3213 1822 3416 1889 ingenti
3444 1826 3682 1889 repletus

2099 1907 2174 1948 est
2207 1891 2571 1963 gaudimquia
2604 1890 2709 1943 tale
2735 1890 3045 1942 miraculum
3078 1890 3188 1963 fieri
3222 1893 3439 1944 minime
3472 1896 3689 1961 putabat

2102 1962 2227 2018 sine
2241 1972 2369 2015 nutu
2388 1962 2567 2013 divino
2587 1976 2597 2010 ε
2627 1970 2951 2027 quapropter
2975 1976 3094 2013 mox
3119 1976 3146 2011 a
3168 1962 3334 2014 latere
3356 1977 3453 2015 suo
3468 1979 3531 2017 ex
3551 1965 3688 2029 opti-

2102 2034 2330 2087 matilius
2352 2032 2594 2093 clericos,
2614 2030 2882 2097 laicosque
2898 2030 3031 2084 bene
3048 2031 3342 2099 religiosius,
3357 2042 3409 2086 et
3432 2035 3482 2087 in
3506 2036 3688 2090 multis

2102 2106 2351 2175 probatos
2378 2102 2634 2175 veridicos
2658 2104 2973 2168 perscrutari
3008 2118 3221 2175 omnem
3249 2104 3536 2175 veritatem
3568 2120 3689 2171 per-

2104 2170 2269 2230 inisit.
2331 2173 2540 2226 Interim
2574 2170 2687 2235 ipse
2716 2186 2805 2225 rex
2831 2188 2949 2225 cum
2978 2173 3089 2225 suis
3121 2173 3363 2227 fidelibus
3386 2170 3692 2230 trinumce-

2103 2243 2541 2312 lebi'atjejiiniuni
2564 2241 2769 2294 Domini
2790 2257 2920 2309 puro
2932 2243 3091 2295 corde
3105 2244 3395 2311 deprecans
3407 2246 3691 2311 auxilium,

2103 2326 2364 2386 quatenus
2387 2313 2519 2386 ipse,
2539 2312 2731 2386 quiest
2753 2316 2929 2365 lumen
2947 2327 3153 2386 verum,
3177 2315 3383 2386 dicente
3399 2315 3687 2369 Siineone:

2105 2382 2299 2440 Lumen
2336 2384 2402 2436 ad
2431 2382 2786 2435 reuelationem
2837 2384 3084 2452 gentium,
3142 2384 3349 2451 legatis,
3404 2400 3541 2453 quos
3600 2400 3693 2454 pro

2106 2469 2251 2510 tanta
2277 2456 2480 2508 visiOne
2505 2454 2739 2517 miserat,
2769 2466 2972 2506 certum
2995 2453 3301 2521 dignaretur
3340 2455 3414 2508 rei
3446 2456 3693 2511 veritatis

2106 2536 2401 2581 monstrare
2428 2523 2699 2576 indicium.
2756 2523 2826 2577 At
2854 2522 3009 2592 legati
3037 2523 3103 2576 ad
3131 2534 3364 2579 montem
3386 2528 3688 2593 suprascri-

2107 2608 2250 2664 ptum
2273 2594 2570 2664 venientes,
2602 2602 2945 2664 pastoresque
2971 2608 3249 2661 porcorum
3284 2595 3566 2660 praedictos
3598 2612 3690 2651 ve-

2106 2662 2340 2721 hementi
2404 2663 2579 2716 studio
2630 2662 2995 2731 perquirentes
3044 2674 3353 2718 meruerunt
3424 2665 3688 2730 invenire.

2145 2739 2245 2790 und
2277 2738 2362 2804 pio
2404 2734 2711 2798 ﬂagitabant
2768 2743 3001 2799 pectore.
3073 2734 3337 2799 Scriptum
3368 2744 3451 2789 est
3496 2742 3685 2792 enim:

2136 2810 2295 2872 ’etite,
2321 2817 2367 2860 et
2394 2804 2651 2870 accipietis
2673 2818 2693 2866 ;
2717 2804 2946 2872 quazrt'te,
2976 2814 3023 2857 et
3047 2806 3326 2861 invenietis.
3356 2804 3469 2871 Qua
3491 2809 3690 2863 arbore

2106 2896 2135 2933 a
2170 2876 2467 2946 pastoribus
2499 2884 2788 2946 monstrata
2824 2874 2987 2941 prima
3010 2887 3167 2929 nocte
3192 2891 3313 2929 cum
3344 2876 3472 2945 ipsis
3502 2888 3687 2944 pasto-

2109 2943 2255 3003 ribus
2286 2955 2467 3001 saiicta
2498 2943 2763 2997 caliditate
2792 2945 3176 3011 custodientes;
3208 2943 3377 3014 prima
3415 2948 3590 3000 noctis
3612 2950 3689 3000 vi-

2107 3021 2227 3089 gilia
2257 3031 2446 3089 seiungi
2465 3030 2649 3089 eorun'i
2677 3015 2863 3089 oculos
2897 3029 3263 3089 praegravante
3291 3016 3459 3082 nullo,
3511 3017 3685 3088 fulgo.

2110 3085 2219 3144 rem
2244 3086 2729 3153 splendidissimum
2753 3086 2821 3156 de
2838 3085 2984 3156 ron
3012 3088 3063 3156 in
3095 3087 3337 3141 arborem
3373 3085 3689 3156 praedictam

2113 3162 2407 3213 venientem
2426 3157 2702 3227 Avidcruttl.
2774 3155 2955 3227 Ibique
2987 3155 3067 3210 eis
3103 3159 3307 3227 integre
3347 3158 3691 3227 vigilantibus

2112 3232 2393 3298 praedictus
2418 3225 2588 3295 fulgor
2614 3240 2753 3278 nunc
2775 3226 2964 3291 triniis,
2986 3241 3126 3298 nunc
3144 3225 3299 3291 unus,
3328 3225 3425 3296 per:
3451 3239 3563 3284 tres
3592 3231 3692 3283 ho-

2110 3297 2197 3354 i-iis
2222 3302 2651 3367 integrasaperte
2679 3298 2820 3367 visus
2848 3308 2948 3349 est.
2975 3297 3110 3361 Quid
3137 3297 3321 3366 plural
3347 3298 3566 3353 Divinos
3593 3300 3692 3356 ille

2108 3370 2282 3438 fulgor
2310 3366 2376 3421 ab
2406 3381 2592 3438 eorum
2638 3366 2809 3419 oculis
2834 3369 3014 3419 statim
3046 3370 3281 3432 evanuit,
3330 3378 3384 3420 et
3414 3371 3513 3438 ipsi
3541 3380 3688 3425 tanta

2109 3441 2313 3494 visione
2337 3437 3045 3507 gaudentes,icertatinique
3073 3440 3171 3506 piis
3200 3440 3445 3491 manibus
3468 3456 3564 3494 sua
3597 3457 3686 3507 pe-

2109 3455 2313 3494 VlSlOlle
2373 3455 2651 3499 auueiites,
2701 3455 3045 3505 certatimque
3073 3455 3171 3506 piis
3200 3455 3445 3491 manibus
3468 3456 3564 3494 sua
3597 3457 3686 3507 pe-

2108 3521 2254 3566 ctora
2279 3455 2643 3569 veg-'beraiiti-s,
2664 3505 2869 3559 Diniini
2899 3508 3181 3560 laudabant
3204 3509 3487 3577 magiialia,
3516 3513 3609 3580 qui
3633 3527 3689 3566 se

2110 3598 2240 3646 puro
2254 3579 2413 3634 corde
2427 3579 2783 3646 quaii'eiitibus
2804 3593 2897 3629 sua
2914 3593 3015 3631 non
3034 3581 3168 3633 celat
3182 3580 3453 3648 mysteria.
3489 3581 3689 3635 Deinde

2111 3652 2283 3706 noctis
2311 3650 2548 3717 ejusdem
2578 3648 2809 3719 secunda
2837 3648 3009 3717 vigilia
3056 3650 3146 3703 ille
3186 3649 3325 3703 idem
3373 3648 3568 3719 fulgor,
3598 3653 3687 3719 qui

2111 3728 2257 3790 prius
2277 3729 2514 3790 venerat.
2545 3717 2855 3790 custodibus
2892 3720 3059 3772 trinus
3094 3728 3149 3773 et
3173 3734 3310 3790 unus
3331 3717 3578 3786 apparuit
3598 3717 3689 3788 per

2110 3786 2217 3847 ires
2242 3792 2421 3844 lioras.
2477 3789 2540 3841 Et
2569 3786 2690 3859 inde
2721 3802 2905 3842 rursus
2942 3793 3121 3859 primo
3150 3788 3271 3858 galli
3305 3803 3462 3843 cantu
3497 3786 3690 3859 regali-
3737 3833 3740 3835 λ

2111 3863 2208 3916 bus
2238 3861 2446 3928 legatis,
2475 3856 2878 3925 pastoribusque
2909 3858 3064 3911 simul
3093 3856 3291 3912 obnixe
3320 3856 3683 3929 vigilantibus,

2108 3935 2245 3985 sicut
2272 3931 2382 3999 jam
2410 3930 2491 3982 bis
2515 3938 2728 3981 venerat
2751 3928 2943 3999 fulgor,
2966 3932 3108 3982 venit
3134 3930 3321 3997 igneus
3352 3928 3578 3985 manens
3612 3933 3685 3986 ibi

2111 4018 2205 4071 per
2250 3997 2358 4054 tres
2405 4001 2585 4062 lioras,
2632 3997 2943 4071 sicutleeit
2972 4000 3233 4071 primitus,
3291 4008 3348 4053 ut
3374 4001 3610 4055 'l‘rinitas
3633 4002 3685 4056 iu

2111 4066 2331 4137 imitate,
2360 4081 2414 4124 et
2435 4072 2608 4124 unitas
2637 4069 2687 4120 in
2716 4066 2975 4122 Triiiitate
3015 4069 3084 4122 ibi
3118 4081 3421 4123 veneretur.
3492 4072 3683 4127 Postea

2108 4158 2236 4196 vero
2265 4142 2390 4194 dum
2420 4146 2608 4193 exorta
2635 4138 2719 4191 lux
2744 4140 3056 4209 redderetur
3083 4141 3260 4201 terris,
3291 4141 3495 4203 regales
3528 4143 3684 4209 legati

2110 4223 2359 4279 tanquam
2398 4225 2463 4264 ex
2495 4223 2599 4262 uno
2650 4222 2747 4262 ore
2788 4208 3068 4264 dixerunt:
3125 4210 3294 4263 llodie
3326 4212 3432 4277 hic,
3485 4220 3543 4265 et
3565 4208 3687 4269 cras

2107 4282 2352 4336 abstemii
2375 4287 2652 4333 manentes
2677 4288 2916 4333 sanctum
2944 4280 3278 4334 celebremus
3302 4280 3565 4350 jejunium
3586 4282 3689 4336 Do-

2108 4354 2235 4406 mini
2269 4367 2393 4420 pura
2412 4362 2589 4404 mente
2610 4361 2887 4417 poscentes
2903 4350 3243 4421 suﬂragium,
3275 4364 3330 4404 ut
3356 4367 3468 4419 ipse
3487 4356 3581 4421 qui
3603 4363 3689 4409 est

2114 4418 2284 4477 trinns
2311 4422 2362 4475 in
2397 4422 2620 4483 unitate,
2655 4431 2707 4474 et
2738 4435 2871 4473 unus
2900 4420 2951 4474 in
2976 4418 3259 4484 Triiiitate,
3308 4418 3388 4475 ter
3413 4418 3570 4476 nobis
3593 4423 3690 4478 de-

2038 4484 2085 4543 D
2112 4501 2370 4547 monstret
2401 4494 2500 4543 lioc
2530 4492 2668 4544 idem
2694 4490 3032 4557 miraculum,
3085 4502 3345 4559 quatenus
3387 4493 3509 4546 facti
3531 4496 3686 4560 certi,

2102 4568 2357 4618 certiores
2380 4570 2562 4629 postea
2582 4560 2649 4613 ail
2665 4570 2901 4613 nostrain
2921 4562 3200 4615 redeamus
3217 4561 3517 4617 dominum.
3547 4565 3689 4630 ρυοο

2103 4649 2218 4688 rum
2244 4633 2381 4686 Deus
2420 4642 2541 4684 vota
2572 4636 2639 4682 aii
2670 4633 2777 4683 alto
2827 4631 3155 4699 prospiciens
3201 4635 3447 4698 petitioni
3498 4650 3688 4691 eorum

2104 4704 2242 4757 haud
2271 4703 2456 4763 defuit,
2490 4712 2545 4754 ιιι
2573 4700 2858 4767 impleatur
2879 4701 3015 4755 illius
3042 4703 3271 4755 veridica
3298 4705 3586 4771 promissio
3608 4706 3688 4758 di-

2102 4774 2302 4828 centis:
2332 4778 2513 4835 Amen,
2547 4772 2660 4823 dico
2689 4770 2847 4835 vobis,
2873 4772 3120 4841 quidquid
3142 4770 3343 4826 orantes
3367 4777 3557 4842 petitis,
3582 4792 3689 4829 cre-

2104 4845 2208 4896 dite
2236 4843 2358 4911 qiiia
2388 4842 2664 4911 accipietis,
2716 4853 2761 4894 et
2810 4843 2893 4909 ﬁet
2935 4845 3091 4895 vobis.
3151 4843 3317 4896 Nocte
3346 4846 3549 4897 etenim
3598 4860 3687 4898 ve-

2105 4917 2283 4969 niente
2327 4916 2561 4978 proxima
2588 4921 2643 4965 et
2683 4921 2839 4964 tertia
2880 4911 3054 4979 fulgor
3094 4911 3211 4981 ille,
3253 4914 3340 4977 qui
3384 4915 3535 4981 prius
3554 4915 3689 4968 sicut

2106 4997 2260 5038 noete
2302 4982 2486 5050 priori,
2544 4982 2714 5035 trinus
2754 4991 2808 5035 et
2837 4998 2973 5034 unus
3022 4989 3105 5036 ter
3136 4980 3343 5037 refulsit
3370 4980 3685 5040 ciistodibits

2108 5071 2201 5123 per
2231 5064 2338 5106 tres
2369 5055 2569 5123 horas,
2597 5061 2661 5123 ut
2686 5052 2963 5123 Trinitatis
3006 5062 3065 5106 et
3086 5052 3311 5107 U'uitatis
3334 5054 3587 5122 majestas
3617 5055 3685 5107 ibi

2105 5122 2172 5178 ab
2209 5124 2455 5176 omnibus
2488 5122 2845 5175 indubitanter
2872 5122 3037 5176 fuisse
3056 5124 3321 5176 credatur.
3384 5126 3503 5179 Mox
3523 5128 3687 5191 impe-

2109 5196 2266 5249 riales
2321 5194 2479 5260 legati
2525 5193 2731 5245 visione
2775 5202 2915 5245 tanta
2956 5203 3168 5261 tamque
3205 5194 3358 5247 liruia
3412 5196 3682 5259 lmtillcati,

2106 5267 2297 5318 arbore
2326 5263 2574 5332 praedicta
2606 5263 2797 5327 oculis,
2828 5264 3094 5335 etanimo,
3118 5266 3250 5319 bene
3277 5275 3457 5319 notata
3487 5268 3686 5335 ingenti

2108 5351 2228 5389 cuin
2257 5336 2447 5405 gaudio
2468 5334 2789 5405 repedaruut
2828 5333 2893 5386 ad
2945 5348 3145 5403 regem.
3200 5335 3295 5389 Cui
3328 5333 3684 5404 ciincta,'qu;e

2108 5402 2364 5469 fecerant,
2396 5418 2450 5456 et
2472 5402 2733 5474 viderant,
2762 5416 2817 5458 et
2844 5402 3111 5473 quomodo
3160 5408 3238 5462 eis
3275 5406 3452 5459 divina
3488 5402 3679 5474 pietate

2110 5477 2380 5529 revelaiite
2409 5473 2735 5543 acciderant,
2760 5474 2998 5529 seriatim
3043 5485 3341 5540 narranti-5,
3375 5473 3678 5529 nonmodi-

2111 5562 2229 5627 cuui
2259 5547 2484 5627 intulere
2507 5547 2773 5627 gaudium,
2831 5547 3075 5627 Quippe,‘
3105 5550 3243 5615 quod
3274 5548 3345 5614 id,
3365 5547 3683 5627 _quod_iltius

2114 5618 2313 5671 intimis
2333 5614 2641 5685 praecordiis
2657 5614 2865 5669 animus
2886 5614 3170 5683 flagitabat,
3200 5626 3256 5672 et
3275 5614 3487 5671 coalitus
3506 5617 3681 5670 divina

2116 5687 2279 5752 pietas
2310 5688 2595 5741 revelabat.
2655 5687 2747 5740 llis
2778 5690 2953 5766 itaque
2972 5700 3135 5766 ges-tis
3165 5690 3343 5766 statim
3377 5687 3571 5766 Raetiis
3591 5699 3679 5763 rex

2115 5760 2193 5826 (et
2236 5774 2360 5815 vere
2409 5772 2527 5823 rex,
2568 5774 2671 5813 nou
2703 5758 3169 5828 monacliulegue
3197 5760 3387 5815 divinae
3409 5758 3674 5814 cliaritatis
