4056 6178
464 280 596 335 “09

1518 273 1910 330 DIPLOMATA
1953 267 2233 330 ECCLES.
2275 271 2605 334 SELECTA.

3577 281 3712 334 Hlﬂ

456 391 633 445 abbati
681 387 928 456 deinceps
969 386 1161 440 futuris
1216 386 1565 456 temporibus,
1617 387 1881 455 patribus,
1930 400 2022 447 seu
2054 387 2098 443 A
2129 391 2286 454 casis,
2312 401 2366 444 et
2398 392 2541 457 ﬁliis,
2574 402 2629 447 et
2665 390 2899 459 familiis,
2930 395 3213 463 omniaque
3256 395 3322 449 ad
3360 411 3547 450 manus
3582 415 3706 452 snas

452 482 707 539 [ratribus
736 481 961 534 Cunctis.
1001 480 1133 533 Cum
1178 479 1458 548 prmceptis
1498 480 1758 533 Tonantis
1798 478 2029 531 arbitriis

456 576 674 644 speciali
700 590 842 645 saepe
869 575 1169 628 muniamur
1195 575 1441 643 insignia,
1476 575 1616 628 celsa
1649 574 1907 641 regalium
1939 590 2029 628 su-

461 665 670 720 blimati
721 667 772 719 in
819 666 977 718 fascia
1027 664 1260 719 habitum
1288 665 1354 719 ad
1390 666 1580 734 januas
1610 665 1859 734 praebere
1900 665 2029 734 juge

458 760 720 827 polorum,
750 766 804 812 et
849 756 939 811 tali
972 757 1166 811 itinere
1198 758 1300 826 piis
1328 757 1699 813 incedentibus
1731 758 2026 825 gressibus,

454 867 519 905 ea
543 865 659 919 qua
681 851 1002 904 conveniunt
1026 849 1430 903 subministrare
1455 848 1667 915 solatia,
1697 863 1879 916 operte
1912 862 2027 913 pre-

456 945 584 998 tium
606 942 852 997 duximus
880 942 1016 994 inter
1036 942 1349 994 salutarium
1378 948 1720 994 monumenta
1745 940 2024 1002 virtutum,

454 1045 509 1089 et
540 1035 843 1100 temporalis
875 1032 1005 1086 lucri
1037 1032 1214 1101 largiri
1241 1031 1501 1086 subsidia.
1533 1029 1661 1083 Nam
1699 1029 2023 1084 conveniens

453 1139 574 1178 esse
621 1124 829 1177 videtur
875 1123 938 1175 iis
983 1123 1069 1189 qui
1117 1120 1352 1175 caelestis
1400 1122 1547 1189 regni
1593 1130 1776 1186 Optata
1833 1120 2022 1188 gaudia

454 1214 820 1281 perfruuntur,
867 1213 1089 1265 terrenis
1134 1220 1191 1263 ut
1239 1209 1464 1279 gaudeat
1511 1210 1719 1277 opibus.
1777 1208 2025 1263 Necesse

453 1307 594 1360 enim
626 1314 833 1359 constat
870 1320 989 1358 esse
1031 1296 1255 1372 'propter
1301 1304 1699 1357 adventantium
1739 1302 2007 1368 hoSpiturn

450 1399 837 1466 susceptionem
869 1396 1215 1464 quietemque
1248 1396 1553 1461 lraternam,
1602 1394 1703 1448 huc
1750 1393 1982 1447 stabilita
2002 1421 2025 1433 -

456 1499 562 1542 tem
588 1489 762 1555 gentis
802 1496 1021 1548 nostrae,
1063 1496 1114 1540 et
1164 1483 1309 1554 regni
1354 1485 1472 1553 opis
1521 1486 1767 1538 unanime
1810 1494 2009 1538 sanctae

450 1579 875 1649 congregationis
904 1577 1115 1631 deferre
1144 1595 1156 1630 :
1181 1586 1236 1630 et
1263 1577 1381 1644 quia
1405 1577 1609 1630 cunctis
1632 1585 1771 1644 patet
1801 1586 1850 1629 te
1875 1592 2020 1643 pra:-

454 1670 619 1724 iatum
648 1671 893 1723 abbatem
934 1668 1089 1722 anxie
1118 1668 1184 1721 ad
1231 1667 1595 1721 monachalem
1626 1656 1861 1720 habitum
1890 1682 2025 1721 con-

2130 479 2376 534 habentia
2404 526 2420 549 ,
2467 498 2589 537 cum
2639 483 2917 539 duodecim
2958 486 3126 539 unciis
3168 488 3220 539 in
3265 488 3394 554 ipsis
3438 488 3707 541 casalibus

2129 572 2282 626 aldiis
2310 587 2402 642 per
2428 575 2714 629 alditiones
2743 591 2949 641 servas,
2979 585 3032 630 et
3045 577 3216 631 servis
3247 577 3526 647 utriusque
3543 593 3705 632 sexus

2129 665 2419 719 secundum
2458 666 2834 733 pertinentiam
2865 683 3033 726 suam.
3074 668 3212 735 quod
3243 676 3347 721 tua:
3380 670 3709 723 venerationi

2129 768 2195 808 eo
2220 755 2457 809 cedimus
2477 757 2688 822 ordine,
2718 767 2775 810 ut
2800 757 2913 812 sive
2944 758 2997 811 in
3030 759 3411 811 monasterium
3437 760 3679 828 relinque
3701 794 3709 799 -

2129 860 2209 911 re,
2240 847 2351 900 sive
2391 848 2583 903 liberas
2631 849 2903 903 dimittere
2946 851 2997 903 in
3048 858 3135 902 tua
3169 860 3382 903 maneat
3414 860 3706 919 potestate,

2128 937 2376 991 s'militer
2403 947 2456 991 et
2482 939 2709 992 molinas
2740 950 2868 1004 tres,
2900 941 2986 1008 qui
3013 940 3179 1009 posita
3213 950 3338 994 sunt
3363 943 3412 993 in
3439 942 3596 995 ﬂuvio
3630 943 3709 995 vi-

2129 1040 2195 1079 vo
2217 1041 2336 1080 cum
2368 1030 2528 1094 casis,
2559 1028 2642 1083 vel
2676 1030 2941 1094 homines,
2971 1038 3028 1084 et
3071 1032 3160 1100 qui
3190 1032 3332 1099 ipsas
3362 1033 3590 1086 molinas
3624 1048 3711 1087 re-

2126 1130 2252 1183 gere
2272 1119 2537 1185 videntur,
2573 1128 2628 1172 et
2658 1119 2796 1172 sicut
2820 1130 2987 1173 tectas
3016 1120 3145 1188 ipsis
3174 1124 3334 1187 casis,
3371 1125 3451 1176 vel
3477 1124 3705 1177 molinas

2130 1219 2221 1272 per
2268 1206 2493 1271 taurula,
2542 1214 2596 1259 et
2648 1206 2826 1261 ursula
2882 1223 3001 1262 cum
3052 1211 3228 1262 omnia
3279 1210 3527 1280 quicquid
3572 1213 3704 1281 ipsis

2127 1307 2248 1345 suas
2276 1309 2462 1347 manus
2517 1294 2714 1349 habere
2738 1295 2843 1349 visa
2875 1305 3017 1362 sunt,
3062 1306 3116 1350 et
3142 1312 3231 1352 sex
3263 1301 3444 1353 uncias
3473 1301 3538 1355 de
3570 1310 3708 1355 terra

2126 1383 2439 1437 adauximus
2463 1385 2671 1439 illorum
2700 1386 2925 1440 habendi
2974 1387 3239 1454 similiter,
3265 1398 3318 1442 et
3338 1392 3701 1445 concessimus

2128 1484 2299 1527 terras
2344 1486 2396 1528 et
2423 1473 2583 1528 silvas
2611 1491 2779 1545 prope
2804 1477 2945 1544 ipsas
2980 1479 3228 1545 molinas,
3262 1479 3433 1545 lacus,
3460 1482 3549 1549 qui
3573 1482 3708 1535 dici-

2128 1571 2210 1617 tur
2253 1563 2467 1633 Cagiolo
2504 1567 2842 1620 adveterreto
2891 1567 3171 1621 Dominieo
3219 1571 3379 1623 simul
3433 1570 3485 1623 in
3540 1588 3701 1625 unum

2126 1653 2267 1721 jzgis
2310 1671 2587 1709 numerum
2619 1655 2888 1723 ducentis,
2936 1666 2990 1713 et
3038 1660 3309 1726 pertinere
3349 1661 3558 1716 videtur
3598 1663 3711 1732 jam

450 1764 681 1825 volasse.
716 1761 1107 1817 contemnendo
1145 1761 1354 1815 divitias
1387 1771 1665 1829 parentum
1697 1760 1881 1814 accola
1923 1760 2025 1815 de-

2136 1747 2303 1801 dlctas
2335 1761 2508 1811 casas,
2562 1759 2617 1802 et
2646 1749 2892 1814 molinas,
2924 1749 3005 1804 vel
3028 1758 3169 1805 terra
3210 1766 3331 1806 cum
3362 1753 3493 1807 silva
3518 1756 3585 1808 de
3614 1757 3717 1810 sub

450 1854 694 1909 siderans
736 1854 873 1908 eltici
910 1852 1159 1921 paradisi,
1208 1861 1365 1921 atque
1413 1852 1725 1919 impetrasse
1772 1851 1927 1904 nobis
1974 1859 2031 1904 ut

452 1944 605 1999 vobis
643 1944 695 1998 in
726 1943 1012 1998 remotiore
1043 1942 1161 1995 loco
1207 1952 1364 1995 terrae
1395 1939 1547 1993 istius
1574 1938 1871 1994 :cdihcandi
1902 1954 2028 1993 mo-

453 2035 670 2090 nasterii
696 2034 874 2103 larg‘ri
918 2040 1232 2101 potestatem
1257 2030 1488 2083 votivum
1533 2030 1605 2082 tui
1634 2030 1813 2097 operis
1842 2028 2027 2097 imple~

453 2136 564 2179 tum
581 2140 704 2179 esse
727 2124 1072 2192 prospicimus
1086 2135 1327 2184 cursum,
1352 2130 1407 2175 et
1428 2120 1727 2177 aediﬁcandi
1748 2119 2024 2175 basilicam

449 2219 517 2272 ad
551 2218 802 2271 honorem
836 2214 1039 2269 Domini
1074 2214 1363 2269 Salvatoris
1394 2213 1602 2266 diversa
1634 2212 1725 2265 tibi
1757 2212 1869 2264 loca
1898 2225 2027 2264 con-

450 2323 600 2362 cessa
623 2309 763 2362 sicut
795 2315 972 2363 vestro
998 2305 1222 2359 relatum
1247 2305 1593 2373 cognovimus
1625 2319 1720 2356 nos
1747 2303 1856 2357 Deo
1884 2318 2023 2371 prae-

448 2400 565 2452 sule
595 2399 822 2452 maxima
852 2398 1138 2453 devotione
1178 2396 1244 2451 ad
1277 2396 1571 2466 perfectum
1617 2396 1860 2463 cupimus
1901 2409 2026 2463 per-

450 2488 647 2542 ducere
675 2503 827 2555 opus,
877 2498 931 2541 et
975 2486 1171 2541 Christi
1222 2486 1431 2539 famulis
1479 2500 1695 2552 semper
1743 2494 2024 2551 augmenta

450 2579 709 2648 praebere.
762 2578 891 2645 Qua:
945 2577 1081 2631 dona
1131 2587 1370 2631 nostrum
1428 2575 1700 2629 stabilitati
1756 2574 2027 2628 ﬁrmamus

451 2675 856 2736 nionimeutum,
888 2672 1206 2739 diversaque
1262 2672 1373 2725 loca
1423 2669 1737 2723 nominatim
1782 2670 2029 2724 decerni-

453 2780 595 2830 mus,
626 2764 677 2818 id
707 2774 792 2818 est
819 2765 1013 2817 casalia
1044 2765 1170 2829 duo,
1231 2779 1349 2832 qua:
1399 2763 1647 2816 dicuntur
1704 2761 1924 2828 Paliani,
1973 2772 2029 2817 et

451 2852 724 2919 Casulani,
754 2854 819 2909 de
848 2856 945 2908 ista
976 2854 1082 2909 duo
1111 2855 1308 2908 casalia
1351 2853 1623 2921 portiones
1672 2862 1800 2917 tres,
1841 2856 1927 2922 Qui
1961 2856 2028 2908 de

453 2960 563 2999 uno
589 2946 759 3011 capite
790 2955 1036 2998 tenentur
1064 2945 1112 2997 in
1146 2953 1327 2997 monte
1369 2944 1602 3007 Atniato,
1630 2952 1685 2997 et
1706 2942 1814 2997 alio
1847 2948 1897 2998 in
1930 2942 2026 2997 Pa-

456 3037 519 3090 lia
550 3036 786 3101 ﬂumine,
819 3036 886 3089 ab
914 3052 1019 3091 uno
1076 3036 1242 3089 latere
1294 3036 1415 3088 linis
1464 3034 1765 3101 Suanense,
1811 3052 1878 3089 ex
1923 3037 2023 3089 alia

456 3142 604 3199 parte
631 3127 823 3195 adjacit
852 3127 1014 3181 casali
1058 3126 1229 3180 sancti
1280 3126 1528 3193 Philippi,
1563 3125 1613 3178 id
1643 3134 1725 3179 est
1784 3140 1880 3194 pro
1919 3125 2028 3179 fos-

452 3228 572 3272 sato
608 3217 695 3287 qui
735 3226 954 3271 vocatur
988 3217 1153 3280 Palizt,
1206 3224 1263 3271 et
1305 3216 1542 3284 pervenit
1578 3216 1629 3269 in
1669 3217 1809 3285 rigo,
1833 3216 1923 3284 qui
1953 3216 2033 3270 di-

456 3308 597 3360 citur
646 3308 855 3375 Rigule,
910 3307 1035 3361 inde
1079 3319 1205 3359 vero
1257 3306 1495 3360 extendit
1544 3320 1712 3374 usque
1758 3307 1812 3360 in
1856 3315 2036 3361 monte

451 3396 686 3463 Amiato,
713 3406 766 3451 et
791 3399 920 3465 jam,
949 3407 1002 3451 et
1032 3398 1132 3449 alia
1182 3397 1296 3449 loca
1337 3397 1404 3450 de
1435 3397 1626 3451 ﬁnibus
1653 3397 1847 3452 nostris
1876 3413 2037 3465 super

453 3490 620 3541 muris
644 3489 849 3543 scilicet
875 3487 1107 3542 Clusinis
1138 3487 1253 3540 hmc
1281 3497 1409 3541 sunt
1437 3489 1634 3542 casalia
1669 3489 1796 3553 duo,
1830 3491 1919 3558 qui
1946 3504 2039 3542 vo-

452 3591 643 3633 cantur
686 3579 919 3634 Reodola
956 3581 1158 3647 majore
1188 3588 1242 3632 et
1273 3578 1503 3633 Reodola
1552 3581 1782 3643 minore,
1817 3582 1903 3649 qui
1953 3597 2037 3634 re-

453 3670 592 3739 gitur
636 3688 729 3737 per
776 3670 1066 3733 llonvaldo,
1116 3679 1171 3724 et
1207 3669 1543 3734 Cuinullum,
1592 3684 1803 3724 necnon
1852 3669 2044 3726 Ursul~

455 3764 571 3813 vizo
592 3768 645 3814 et
667 3760 893 3814 Martino
922 3776 1042 3814 cum
1079 3760 1356 3823 uxoribus,
1408 3761 1550 3825 ﬁliis,
1592 3770 1649 3814 et
1685 3762 1921 3827 familiis,
1956 3764 2036 3817 vel

453 3861 708 3915 quantum
754 3852 817 3902 ad
862 3865 1074 3905 manum
1104 3866 1259 3904 suam
1309 3850 1509 3915 habuit,
1558 3850 1672 3904 haec
1700 3860 1825 3905 sunt
1855 3852 2038 3906 uncias

456 3937 548 4004 55,
575 3949 630 3994 et
668 3940 779 4008 ipsa
813 3951 974 4006 terra,
1007 3957 1123 4008 qua:
1151 3949 1371 3994 vocatur
1400 3940 1760 4005 Gualfridula,
1793 3951 1847 3997 et
1877 3955 2036 3995 casa-

456 4034 617 4102 ltbus,
660 4043 714 4088 et
754 4034 913 4088 terris
954 4049 1072 4088 cum
1106 4034 1251 4097 liliis,
1284 4034 1374 4102 qui
1420 4045 1639 4087 vocatur
1670 4034 1879 4101 Bitena,
1911 4047 2031 4088 cum

459 4129 571 4196 ipsa
606 4140 768 4195 terra,
810 4130 901 4198 qui
941 4138 1160 4184 vocatur
1202 4130 1502 4197 llaundula,
1545 4130 1613 4184 de
1663 4145 1770 4184 uno
1816 4130 1920 4184 lato
1959 4137 2041 4185 est

458 4228 623 4283 terra,
652 4220 740 4289 qui
774 4230 990 4274 vocatur
1013 4220 1245 4286 Clautio,
1282 4231 1337 4274 et
1374 4220 1442 4275 de
1473 4222 1607 4289 pede
1643 4230 1725 4275 est
1767 4220 1921 4288 Pojo,
1947 4221 2037 4289 qui

459 4322 679 4365 vocatur
709 4313 974 4367 Arnanise
1004 4327 1099 4382 per
1122 4313 1235 4367 loca
1256 4313 1530 4382 designata
1564 4315 1706 4367 venit
1739 4314 1789 4367 in
1821 4310 2034 4386 ﬂivulo,

2132 1845 2281 1891 curte
2308 1838 2539 1892 civitatis
2573 1848 2768 1893 nostra:
2795 1836 3052 1907 Clusium,
3100 1858 3303 1896 necnon
3334 1844 3491 1898 ctiam
3524 1860 3717 1900 conce-

2130 1928 2304 1985 dimus
2323 1929 2416 1982 tibi
2434 1929 2569 1982 intra
2600 1928 2792 1983 ﬁnibus
2817 1933 3013 1985 nostris
3034 1930 3286 1999 Clusinis,
3318 1944 3368 1988 et
3397 1937 3703 1992 Suanenses

2126 2019 2333 2089 singula
2358 2021 2495 2086 loca,
2527 2021 2577 2075 id
2605 2032 2688 2076 est
2713 2023 3023 2088 supradicto
3052 2036 3231 2079 lll0llle
3258 2027 3494 2091 Amiato,
3534 2029 3601 2082 ad
3630 2031 3713 2083 lo-

2129 2125 2255 2164 cum
2281 2154 2295 2178 ,
2341 2112 2426 2166 ubi
2458 2111 2650 2167 dicitur
2684 2113 2873 2169 Rivulo
2905 2116 3134 2183 putrido,
3179 2126 3234 2172 et
3277 2120 3421 2173 venit
3457 2135 3623 2189 usque
3646 2123 3713 2175 ad

2134 2200 2319 2268 Ripam
2369 2203 2574 2271 albam,
2622 2214 2678 2259 et
2730 2206 2853 2261 inde
2907 2222 3001 2275 per
3048 2208 3206 2263 Serra
3248 2209 3392 2263 venit
3451 2225 3545 2280 per
3593 2212 3709 2268 loca

2130 2294 2406 2363 designata
2459 2296 2526 2350 ad
2597 2297 2767 2367 girum
2830 2299 3025 2353 montis
3081 2315 3245 2369 usque
3301 2302 3353 2354 in
3410 2302 3565 2366 rivo,
3616 2307 3707 2372 qui

2131 2387 2324 2440 dicitur
2356 2386 2596 2453 Armine,
2628 2398 2680 2443 et
2711 2388 2853 2443 venit
2882 2389 2933 2443 in
2968 2391 3138 2444 rivulo
3166 2391 3256 2460 qui
3289 2391 3487 2447 dicitur
3541 2393 3712 2447 Deca-

2129 2478 2355 2543 donem,
2408 2489 2568 2549 atque
2616 2480 2812 2535 exinde
2864 2495 2963 2550 per
3016 2483 3259 2550 arbores,
3317 2494 3373 2539 et
3412 2494 3592 2553 petras
3643 2490 3718 2541 si-

2130 2577 2316 2638 gnatas
2352 2585 2522 2638 usque
2564 2568 2615 2623 in
2648 2571 2763 2638 ripa
2794 2573 2861 2625 de
2890 2572 3270 2641 pratuscellus,
3320 2583 3373 2628 et
3417 2575 3611 2629 deinde
3664 2578 3714 2630 in

2131 2662 2287 2714 horto
2316 2660 2625 2725 Laurentio,
2672 2662 2795 2718 inde
2845 2664 3089 2729 pervenit
3118 2662 3183 2717 ad
3213 2675 3456 2719 sanctam
3493 2666 3715 2721 Mariam

2129 2748 2197 2802 de
2239 2750 2483 2804 Cantaria
2522 2765 2616 2819 per
2664 2753 2888 2805 arbores
2936 2752 3264 2824 designatas.
3312 2767 3473 2829 atque
3522 2761 3716 2816 exinde

2131 2842 2275 2894 vadit
2322 2842 2373 2894 itt
2421 2842 2559 2893 viam
2602 2843 2892 2913 publicam,
2927 2849 3051 2902 inde
3084 2863 3176 2915 per
3207 2850 3388 2917 Cajolo
3425 2851 3706 2907 descendit

2132 2937 2183 2991 in
2233 2936 2431 2992 fossato
2480 2953 2639 3005 capu,
2689 2938 2811 2993 inde
2858 2940 3019 2992 mittit
3050 2940 3102 2994 in
3153 2939 3344 3005 rivulo,
3395 2943 3485 3010 qui
3515 2943 3711 2998 dicitur

2133 3028 2438 3092 Burzolino,
2482 3038 2539 3083 et
2568 3029 2688 3082 inde
2733 3028 3013 3083 descendit
3057 3030 3109 3084 in
3163 3030 3325 3085 ﬂuvio
3377 3032 3719 3097 Ministorne,

2137 3119 2265 3174 inde
2308 3134 2400 3185 per
2426 3120 2597 3189 signa,
2629 3135 2747 3190 qua:
2774 3130 2900 3175 sunt
2927 3120 3083 3175 inter.
3106 3135 3309 3176 serram
3351 3121 3420 3177 de
3462 3126 3632 3195 regia,
3663 3139 3719 3182 et

2138 3210 2205 3265 de
2230 3210 2331 3264 alia
2371 3225 2521 3280 parte
2548 3219 2631 3265 cst
2675 3210 2849 3266 vicum
2901 3211 3211 3283 Spargaria,
3262 3213 3329 3269 de
3361 3214 3463 3268 alia
3493 3216 3723 3284 denique

2138 3310 2285 3371 parte
2316 3301 2433 3355 ﬁnis
2460 3303 2709 3358 Clusinus
2736 3319 2829 3371 per
2856 3305 3046 3360 Serras
3087 3306 3156 3361 de
3188 3309 3334 3377 rugia
3368 3312 3510 3364 venit
3556 3327 3721 3381 usque

2136 3395 2201 3448 ad
2250 3405 2487 3461 puteum,
2532 3396 2656 3451 inde
2687 3397 2884 3451 steudit
2931 3414 3025 3465 per
3070 3400 3290 3454 arbores
3321 3401 3625 3472 designatas
3657 3406 3710 3457 in

2137 3484 2304 3539 ﬂuvio
2335 3486 2477 3540 Palia
2502 3487 2696 3541 emittit
2735 3503 2791 3541 se
2816 3488 2868 3542 in
2900 3488 3100 3544 l‘ossato
3123 3491 3289 3555 sicco,
3324 3492 3447 3546 inde
3479 3508 3572 3561 per
3616 3493 3719 3546 fos-

2138 3591 2257 3634 sato
2294 3580 2439 3635 sicco
2463 3596 2631 3648 usque
2656 3581 2708 3634 in
2752 3589 2949 3636 terram
2977 3584 3145 3636 sancti
3181 3582 3427 3653 Philippi,
3458 3587 3717 3641 habentes

2138 3673 2204 3726 de
2248 3672 2405 3727 ﬂuvio
2437 3673 2581 3727 Palia
2616 3688 2780 3742 usque
2822 3674 2873 3727 in
2903 3675 3080 3747 casale
3105 3675 3272 3728 sancti
3306 3675 3532 3744 Philippi
3556 3676 3718 3745 Sngis

2140 3779 2421 3818 numerum
2468 3774 2682 3818 centum
2714 3763 3093 3833 quinquaginta
3122 3778 3239 3828 sex,
3282 3774 3336 3818 et
3368 3763 3511 3833 ipsas
3540 3766 3713 3835 Sugas

2142 3868 2236 3922 per
2288 3868 2719 3923 unamquamque
2792 3852 3056 3907 habentes
3113 3852 3275 3921 pedes
3327 3856 3603 3923 sexaginta
3651 3855 3718 3909 ad

2143 3946 2305 4013 pedes
2334 3946 2620 4010 munichis,
2666 3945 2789 3999 inde
2814 3960 2943 3999 vero
2974 3947 3042 3999 de
3070 3955 3209 3998 terra
3244 3946 3466 4014 Philippi
3495 3957 3644 4002 recte
3666 3950 3720 4002 in
3746 3929 3750 3933 ’

2141 4035 2463 4089 moutecello
2494 4035 2557 4088 ad
2596 4036 2733 4104 ipsas
2760 4038 3025 4103 quercias,
3057 4034 3142 4089 ubi
3172 4044 3297 4089 sunt
3333 4050 3520 4090 cruces
3552 4037 3719 4092 factas

2140 4125 2369 4194 desuper
2392 4138 2601 4194 campo,
2627 4126 2713 4178 ubi
2743 4124 2935 4179 dicitur
2962 4124 3160 4193 Campo
3190 4127 3369 4195 presb.
3408 4127 3531 4180 inde
3562 4137 3710 4183 recte

2141 4216 2210 4268 ad
2232 4215 2330 4268 alia
2360 4217 2595 4282 quercia,
2649 4217 2739 4282 qui
2772 4220 2856 4268 est
2882 4215 3023 4268 circa
3072 4217 3285 4279 semita,
3325 4216 3415 4284 qui
3460 4200 3600 4271 venit
3645 4216 3716 4271 de

2144 4306 2386 4370 Paliano,
2434 4314 2489 4360 et
2521 4305 2661 4359 vadit
2706 4315 2849 4359 recte
2882 4308 3000 4359 vico
3050 4304 3408 4372 Lordoniano,
3459 4316 3513 4361 et
3561 4307 3721 4362 habet

457 4413 514 4458 et
537 4405 605 4457 de
632 4404 731 4457 alia
778 4412 927 4472 parte
960 4413 1043 4457 est
1087 4413 1252 4470 terra,
1299 4404 1388 4472 qui
1418 4413 1643 4457 vocatur
1671 4403 1953 4467 Clausura,
1982 4411 2037 4456 et
2061 4435 2114 4494 Β
2146 4398 2461 4462 ceclaturas,
2493 4396 2613 4450 inde
2643 4410 2769 4449 vero
2807 4405 2953 4450 recte
2980 4396 3032 4449 in
3062 4396 3222 4450 ﬂuvio
3263 4394 3404 4451 Palia
3456 4398 3715 4455 indirecte

459 4494 527 4548 de
556 4494 729 4560 capite
751 4503 835 4546 est
864 4500 946 4547 vta
979 4493 1211 4562 publica.
1243 4503 1299 4547 et
1335 4504 1485 4547 curte
1517 4494 1608 4546 illa
1650 4507 1789 4558 mea,
1821 4493 1912 4561 qui
1944 4509 2038 4547 vo—

458 4595 609 4639 catur
633 4584 878 4650 Moxoua,
904 4585 995 4653 qui
1036 4584 1238 4653 regitur
1258 4598 1355 4652 per
1377 4585 1650 4653 Magnum,
1690 4592 1743 4638 et
1777 4583 2040 4637 Restitum

461 4673 523 4728 L.
552 4674 901 4743 Stephanum,
940 4690 1147 4729 necnon
1182 4674 1442 4728 Ristulum
1475 4675 1675 4735 Lonso,
1718 4682 1772 4729 et
1810 4673 2040 4728 Jordani

460 4766 790 4831 Christiano,
821 4773 878 4819 et
924 4765 1166 4821 Ronzino
1193 4780 1314 4820 cum
1348 4765 1624 4831 uxoribus,
1659 4765 1806 4830 ﬁliis,
1856 4773 1914 4820 et
1964 4765 2042 4818 fa»-

462 4858 645 4923 miliis,
676 4866 731 4912 et
786 4857 889 4911 alia
938 4858 1155 4925 casalia,
1198 4857 1287 4924 qui
1330 4866 1550 4912 vocatur
1606 4856 1880 4911 Erminule
1917 4871 2039 4911 cum

465 5006 742 5057 accensus,
788 4998 1021 5044 montem
1061 4989 1169 5060 jam
1198 4989 1394 5045 dictum
1428 4986 1547 5043 lldei
1578 4990 1734 5057 petiit
1771 4991 2029 5045 exercitu.
2080 4968 2083 4969 ν

466 5065 537 5115 At
562 5063 650 5115 uhi
685 5061 817 5115 vidit
849 5064 1018 5115 locum
1048 5062 1101 5114 in
1123 5076 1223 5131 qua
1263 5062 1513 5127 praedicta
1541 5061 1699 5112 arbor
1726 5070 1843 5114 erat
1862 5076 2033 5116 amm-

466 5131 742 5185 nissitnum
767 5140 1077 5186 animuttate
1098 5146 1395 5196 uentorum,
1420 5145 1783 5198 aquarumque
1814 5143 2037 5197 printer-

464 5203 740 5255 ﬂuentium
772 5202 1094 5256 abundantia
1124 5201 1531 5262 habilissimum,
1583 5200 1826 5269 ingentes
1856 5203 2038 5254 retulit

464 5281 644 5339 grates
672 5271 907 5327 Creatori
939 5271 1195 5325 Omnium.
1230 5270 1415 5323 Postea
1449 5271 1752 5322 stimulatus
1775 5286 1801 5320 a
1830 5272 1957 5332 suis,
1985 5272 2036 5325 in

466 5344 619 5407 cujus
642 5346 862 5405 honore,
893 5353 945 5395 et
975 5342 1188 5395 nomine
1235 5342 1304 5394 ibi
1335 5341 1596 5393 fabricare
1621 5340 1900 5393 ecclesiam
1931 5343 2040 5395 vel-

470 5412 561 5473 let,
589 5411 767 5465 divino
791 5417 1024 5479 repletus
1044 5415 1270 5465 arbitror
1297 5412 1563 5478 dogmate,
1591 5411 1778 5477 inquit,
1812 5413 1897 5475 qui
1929 5428 2040 5466 sua:

470 5482 693 5550 insignia
724 5486 996 5549 potestatis
1022 5484 1101 5537 sic
1128 5482 1350 5535 miriﬁce
1382 5484 1694 5533 monstravit
1722 5481 1771 5531 in
1817 5482 2037 5548 lignum,

468 5562 523 5605 et
554 5554 604 5604 in
630 5553 769 5623 ligno
789 5552 960 5607 crucis
984 5568 1153 5620 genus
1184 5552 1405 5623 salvavit
1437 5551 1745 5623 humanum,
1772 5550 1909 5615 quod
1942 5568 2041 5619 per

472 5622 598 5689 ligni
631 5622 773 5676 vetiti
826 5619 1286 5692 praesumptione.
1319 5619 1517 5674 corruit
1548 5622 1598 5672 in
1650 5619 1935 5692 infernum,
1988 5624 2038 5677 in

473 5694 573 5746 hoc
606 5697 739 5749 loco.
766 5694 818 5747 ni
836 5694 1013 5761 l‘dlor,
1040 5702 1094 5747 ut
1124 5706 1219 5747 nos
1243 5690 1410 5761 regat,
1439 5706 1499 5747 ac
1526 5694 1694 5746 salt-et
1721 5690 2039 5761 incolumes,

2147 4490 2307 4542 intrat
2334 4488 2385 4542 in
2427 4487 2651 4553 l'nssato,
2697 4488 2784 4557 qui
2824 4497 3045 4541 vocatur
3077 4486 3278 4556 lligale,
3312 4488 3435 4543 inde
3467 4504 3613 4556 vero,
3657 4501 3714 4544 ut

2146 4585 2390 4651 Superius
2420 4582 2612 4651 legitur
2639 4596 2733 4651 per
2761 4580 2959 4635 lossato
3007 4580 3193 4650 ltigale
3242 4596 3409 4651 usque
3456 4582 3508 4636 in
3540 4593 3722 4638 monte

2145 4673 2377 4734 Amiato.
2425 4672 2554 4739 Qua:
2602 4672 2780 4726 omnia
2839 4678 2943 4724 tam
2976 4670 3256 4725 arboribus
3286 4681 3424 4726 terra
3454 4672 3719 4736 umbrata,

2145 4778 2409 4833 quamque
2435 4772 2619 4831 aperta
2653 4762 2703 4815 in
2741 4773 2826 4815 tua
2859 4770 3073 4817 maneat
3100 4772 3386 4831 petestate,
3417 4772 3471 4816 et
3511 4772 3597 4815 tua
3627 4762 3723 4815 de-

2145 4854 2309 4910 claret
2336 4852 2633 4919 veneratio,
2667 4861 2722 4909 et
2752 4861 2989 4908 nostram
3020 4855 3397 4909 excellentiam
3426 4863 3709 4920 monstret,

2144 4989 2332 5042 suimet
2372 4986 2571 5057 ﬂagitat
2618 4986 2729 5040 ﬁeri
2779 4987 3117 5042 vocabulum.
3189 4986 3338 5052 Quod
3377 4985 3577 5049 cuncti,
3626 4987 3717 5050 qui

2144 5060 2385 5121 aderant,
2418 5062 2604 5111 heroes
2632 5057 2908 5112 audientes
2934 5073 3105 5126 regem
3138 5067 3356 5110 strenuo
3386 5070 3538 5108 usum
3586 5070 3716 5110 con-

2144 5129 2264 5181 silio
2294 5129 2715 5182 conclamavere.
2765 5126 2869 5183 Sed
2925 5144 3044 5180 mox
3098 5126 3301 5190 incisis,
3345 5125 3714 5194 radicibusque

2144 5200 2341 5251 evulsis
2363 5197 2741 5266 percircuitum
2768 5200 2866 5251 loci
2898 5198 3038 5250 illius
3060 5196 3356 5258 arboribus,
3385 5197 3433 5247 in
3457 5207 3710 5262 quantum

2147 5270 2220 5321 rei
2245 5267 2553 5332 neotassitas,
2578 5269 2965 5335 famulatusque
2987 5266 3097 5318 Deo
3117 5266 3447 5319 exhibendus
3461 5282 3523 5319 ex
3533 5280 3717 5331 post-eo

2147 5340 2255 5402 bat,
2277 5341 2496 5392 ecclesia
2531 5348 2841 5404 competens
2873 5340 2924 5388 itt
2974 5338 3227 5388 ltOttorem
3272 5335 3564 5389 Salvatoris
3612 5336 3714 5388 Do-

2145 5412 2274 5463 mini
2323 5411 2491 5463 nostri
2517 5409 2637 5461 Jesu
2666 5406 2864 5461 Christi
2890 5415 3146 5472 apparatu
3177 5406 3339 5460 celeri
3370 5406 3563 5458 ibidem
3588 5421 3717 5458 cen-

2145 5486 2382 5543 struitur,
2416 5480 2604 5546 majori
2646 5478 2712 5529 ibi
2740 5477 2890 5527 altari
2937 5485 3263 5539 constructo,
3296 5478 3383 5529 ubi
3414 5477 3575 5529 arbor
3599 5479 3722 5529 fue-

2146 5561 2247 5616 rat,
2281 5553 2329 5603 in
2358 5566 2459 5619 qua
2491 5550 2658 5614 fulgor
2690 5546 2831 5597 visus
2848 5554 2975 5619 erat
3002 5548 3205 5612 igneus.
3261 5546 3383 5619 Post
3414 5547 3553 5614 quod
3595 5562 3719 5598 vero

2144 5615 2453 5675 ece'lesta'ad
2479 5630 2706 5683 unguem
2735 5615 2982 5688 perducta
3011 5624 3111 5683 est,
3160 5618 3424 5688 regalibus
3468 5632 3586 5672 eam
3620 5622 3720 5671 mi-

2148 5693 2295 5746 riﬁce
2323 5690 2596 5745 decoravit
2625 5684 2954 5740 muneribus.
2982 5704 3000 5739 ι
