4056 6178
479 264 605 320 Hll

1617 268 2225 329 LANGOBARDORUM
2270 275 2505 333 [ΚεϐοΜ

3564 290 3673 343 1412

471 392 635 447 atque
661 382 843 438 omnia
875 392 977 437 tum
1003 386 1363 451 venerationi,
1399 386 1480 440 Vel
1515 386 1681 455 ipsius
1707 398 1907 442 sancta:
1932 405 2060 444 con-
2086 398 2132 452 Α
2162 407 2325 447 causa
2364 404 2467 458 est,
2500 395 2747 463 quoniam
2775 403 2897 451 ante
2940 394 3035 449 hos
3060 395 3171 451 dies
3194 399 3522 455 cnucessimus
3547 418 3678 457 vene-

490 472 788 541 gregationi
828 475 1169 530 concessisse
1207 476 1444 531 videtur.
1486 477 1703 532 \‘idetur
1731 479 1929 533 etenim
1977 495 2075 535 nos

482 580 580 630 pro
612 565 802 618 futuris
834 567 1164 633 temporibus
1184 568 1571 634 amplissimam
1594 571 1900 627 ﬁrmitatem
1930 589 2075 642 pra:-

495 654 629 706 fntas
659 668 744 706 res
776 668 869 721 per
909 665 1143 710 uestram
1187 658 1464 714 firmamus
1496 662 1865 728 stabilitatem,
1890 675 2074 733 quate-

495 756 597 794 nus
627 743 864 801 omnium
908 745 1105 799 atnodu
1128 745 1250 813 jura
1284 758 1602 815 potestatum
1638 752 1864 818 reclusa,
1896 756 2069 809 securi

487 840 593 884 tam
642 847 740 885 vos
794 849 951 900 quam
1010 837 1122 903 ipsa
1175 848 1353 891 sancta
1413 843 1757 910 congregatio
1802 845 2069 912 possidere

482 922 766 977 valeamini
796 925 1074 991 decenter,
1119 940 1172 980 ut
1204 928 1431 985 Domino
1469 932 1694 988 devotas
1727 937 1956 1004 possetis
1983 936 2067 991 di-

482 1027 609 1068 cere
640 1014 844 1081 laudes,
894 1017 1144 1072 videlicet
1190 1022 1346 1084 villis,
1382 1026 1603 1090 mansis,
1656 1026 1927 1091 domibus,
1962 1044 2070 1083 ser-

487 1107 587 1169 vis,
611 1107 849 1173 ancillis,
886 1111 1069 1173 terris,
1094 1112 1273 1173 cultis.
1316 1122 1373 1168 et
1403 1116 1636 1183 incultis,
1669 1118 1842 1182 silvis,
1877 1123 2063 1188 pratis,

484 1200 722 1266 pascuis,
753 1211 808 1254 et
828 1202 1142 1268 redditibus,
1167 1204 1634 1271 decimationibus,
1662 1219 1820 1281 atque
1849 1212 2066 1266 univer-

483 1285 583 1351 sis,
615 1304 735 1356 qua:
774 1289 840 1343 ab
869 1290 1093 1360 eisdem,
1125 1293 1207 1347 vel
1249 1296 1298 1348 in
1333 1296 1533 1353 eisdem
1559 1300 1776 1369 utiliter,
1805 1316 1867 1357 ac
1895 1304 2064 1357 ratio-

483 1378 736 1434 nabiliter
763 1383 956 1450 accipi,
991 1384 1074 1438 vel
1120 1385 1231 1440 fieri
1263 1398 1483 1453 possunt
1528 1390 1649 1455 sibi,
1681 1392 1900 1461 suisque
1939 1407 2064 1449 sne-

483 1471 786 1527 cessoribus
819 1488 913 1543 per
948 1476 1081 1529 lianc
1113 1479 1280 1531 nostri
1313 1480 1473 1534 edicti
1507 1486 1879 1552 praeceptalem
1914 1488 2064 1557 pagi-

488 1583 609 1621 nam
634 1581 907 1637 perpetuo
938 1573 1179 1629 habenda
1210 1590 1511 1634 censemus.
1543 1578 1856 1648 Statuimus,
1900 1593 2062 1650 atque

486 1659 760 1715 ﬁrmamus
782 1664 918 1732 qttud
938 1665 989 1718 in
1019 1667 1206 1732 ipsius,
1232 1667 1451 1737 ejusque
1476 1683 1845 1726 successorum
1873 1673 1943 1727 sit
1963 1674 2058 1729 do-

2178 486 2367 540 rationi
2423 495 2535 540 tua
2553 486 2738 540 silvam
2774 503 2838 541 ex
2884 497 3033 542 curte
3063 500 3236 543 nostra
3265 490 3401 544 Gena
3423 496 3677 552 coltmrente

2175 590 2270 645 per
2305 577 2415 631 loca
2442 579 2713 647 designata
2738 593 2800 633 ex
2833 594 2935 633 una
2960 590 3109 648 parte
3130 580 3285 635 ﬂuvio
3313 582 3533 647 l’anario,
3560 593 3679 645 etab

2172 668 2270 720 alia
2302 678 2444 736 parte
2499 683 2667 740 usque
2719 669 3059 737 piscatiOnes,
3112 679 3168 724 et
3194 675 3529 741 suprascripta
3576 679 3679 734 silva

2173 772 2340 825 usque
2377 758 2426 811 in
2464 758 2576 811 rivo
2608 769 2837 822 mortuo,
2879 774 2908 814 a
2940 762 3089 814 tertia
3136 773 3283 831 parte
3310 774 3462 818 strata
3489 768 3676 836 publica,

2170 863 2199 901 a
2230 858 2415 916 quarta
2446 864 2599 916 vero,
2653 851 2901 919 pra-dicta
2931 852 3083 918 silva,
3132 863 3185 906 et
3224 853 3431 922 paludes
3458 872 3545 911 una
3582 873 3678 914 cum

2170 938 2383 993 basilica
2440 940 2577 996 beati
2616 942 2825 995 Martini
2865 942 3189 997 confessoris
3217 943 3427 1009 Christi,
3467 958 3680 1015 quatenus

2169 1032 2239 1087 ibi
2262 1033 2370 1101 jam
2395 1033 2561 1088 fatum
2579 1034 2885 1089 cmttobium
2903 1036 3283 1091 construeretis
3311 1036 3437 1091 sicut
3456 1049 3503 1092 et
3522 1038 3678 1095 factum

2167 1132 2267 1176 est.
2324 1124 2475 1179 Nunc
2507 1133 2684 1178 autem
2717 1125 3005 1194 postulavit
3052 1128 3323 1182 veneratio
3368 1138 3450 1183 tua
3490 1143 3677 1188 nostram

2167 1215 2473 1281 praecelsam
2498 1225 2831 1284 potestatem,
2861 1225 2918 1271 et
2937 1214 3183 1271 dilectam
3200 1218 3466 1289 conjugem
3489 1230 3677 1277 nostram

2165 1303 2543 1371 Gisaltrudam,
2572 1313 2834 1374 quatenus
2849 1305 2960 1373 jam
2987 1305 3137 1363 dicto
3166 1309 3498 1375 monasterio,
3523 1311 3680 1365 vulture

2164 1398 2493 1453 venerationi
2512 1397 2619 1467 jam
2644 1399 2838 1453 dictam
2856 1399 3067 1463 silvam,
3091 1400 3243 1454 sicuti
3266 1400 3556 1455 cohaerentia
3573 1402 3680 1455 dirta

2162 1497 2245 1541 est
2270 1502 2389 1542 cum
2418 1487 2691 1553 omnibus,
2741 1504 2860 1558 qua:
2886 1494 3134 1559 superius
3181 1499 3323 1557 sunt,
3373 1505 3461 1560 per
3485 1502 3680 1546 nostrum

2163 1588 2485 1648 praeceptum
2515 1580 2837 1636 confirmare
2876 1583 3216 1638 deberemus.
3275 1587 3414 1650 Aqua
3455 1585 3515 1639 de
3555 1585 3681 1637 fluvio

2160 1668 2305 1725 Gena
2333 1670 2468 1725 utad
2490 1670 2788 1742 cuiuspiam
2815 1671 3046 1727 hominis
3078 1682 3383 1741 potestatem
3412 1675 3683 1730 subtractam

484 1752 650 1804 minio
674 1756 1061 1821 pramominare
1084 1766 1285 1823 curtes,
1310 1768 1365 1813 et
1385 1768 1558 1815 terras
1579 1762 2059 1833 simulcompeten-
2094 1746 2138 1808 Β
2167 1775 2271 1814 non
2305 1761 2412 1824 fiat,
2445 1772 2604 1831 atque
2626 1763 2814 1819 subtus
2843 1772 3011 1819 strata
3045 1764 3254 1833 publica
3276 1767 3441 1820 nullus
3468 1767 3683 1821 molendi-

486 1850 568 1895 tcr
590 1857 798 1913 regere,
824 1841 947 1911 frui,
972 1858 1131 1917 atque
1157 1850 1245 1904 ubi
1269 1852 1586 1918 oportuerit,
1607 1855 1894 1910 monachos
1918 1856 2061 1911 ordi-

488 1948 616 1989 nare
645 1940 882 1991 omnium
912 1940 1361 2008 contradictione,
1408 1944 1810 2015 inquietatimte,
1844 1963 1905 2002 ac
1934 1963 2061 2003 con—

487 2025 724 2082 tentione
753 2038 979 2085 remota.
1011 2029 1392 2088 lnterdicentes
1431 2036 1779 2103 omnimodis,
1812 2047 1866 2092 et
1899 2039 2063 2093 inter-

486 2116 768 2182 tninautes,
822 2127 883 2172 ut
932 2120 1107 2176 nullus
1155 2121 1283 2189 dux,
1326 2130 1417 2178 aut
1461 2126 1720 2191 marcltio,
1753 2128 2057 2197 episcottus,

483 2222 687 2272 comes,
720 2208 1044 2281 vicecomes,
1072 2227 1168 2268 seu
1194 2213 1429 2279 dalchio,
1472 2232 1565 2272 seu
1593 2218 1712 2287 quis
1738 2220 2063 2274 actionarius

483 2298 772 2366 enjnslihet
798 2300 1091 2370 dignitatis,
1123 2305 1205 2360 vel
1237 2305 1561 2364 conditionis
1591 2309 1861 2375 sublimis,
1896 2310 2066 2365 itumi-

486 2387 618 2442 lisve
647 2404 889 2457 persona:
914 2401 1101 2447 contra
1132 2394 1231 2449 hoc
1273 2404 1471 2452 nostrae
1508 2400 1841 2453 auctoritatis
1870 2414 2065 2470 prame-

486 2490 632 2547 ptum
674 2481 907 2548 qualibet
961 2488 1392 2555 praesumptione,
1427 2488 1513 2543 vel
1556 2492 1840 2545 occasione
1878 2506 2057 2560 agere,

486 2582 579 2625 aut
610 2581 814 2627 tentare
863 2587 1170 2641 prasumat.
1204 2578 1409 2647 Siquis
1452 2591 1654 2646 autem,
1705 2582 1844 2652 quod
1899 2583 2062 2647 absit,

486 2680 617 2720 ausu
680 2667 964 2723 temerario
1018 2667 1308 2740 infringere
1359 2672 1531 2741 ipsum
1593 2673 2059 2743 parvipendendo,

485 2766 576 2812 aut
602 2758 881 2815 annullare
911 2762 1340 2829 praesumpserit,
1374 2763 1551 2817 debita
1596 2764 1663 2818 ab
1692 2764 1881 2819 eodem
1907 2766 2066 2821 ultio-

487 2867 575 2917 ne,
607 2861 823 2909 centum
854 2854 968 2906 auri
1002 2853 1164 2907 libras
1210 2854 1410 2908 exsolvi
1459 2855 1763 2921 indicimus,
1807 2858 2065 2912 medieta-

487 2952 591 2996 tem
630 2957 860 2997 camcra:
892 2954 1112 3007 nostra},
1141 2960 1203 2999 ac
1226 2946 1566 3002 medietatem
1602 2947 1870 3016 praedicta:
1900 2948 2066 3004 abba-

487 3033 594 3097 tiae,
625 3034 840 3102 suisqne
880 3034 1203 3101 rectoribus,
1236 3044 1289 3090 et
1342 3046 1600 3105 perpetuo
1630 3040 1973 3094 anathemate
2008 3040 2060 3093 in

486 3126 635 3194 ignea
673 3126 867 3197 abysso
910 3126 1120 3195 ligetur.
1159 3128 1226 3181 Et
1263 3138 1321 3183 ut
1364 3129 1465 3183 hoc
1505 3140 1828 3202 prmeeptum
1858 3132 2060 3200 absque

486 3218 632 3270 omni
683 3216 1046 3285 inquietudine
1095 3219 1145 3272 in
1177 3233 1271 3273 sua
1330 3220 1618 3287 soliditate,
1669 3233 1724 3277 et
1766 3223 2060 3280 stabilitate

487 3316 811 3372 perseveret,
854 3322 1011 3362 manu
1042 3317 1223 3363 nostra
1263 3308 1392 3364 illud
1432 3310 1762 3367 firmavimus
1804 3328 1869 3370 ac
1910 3330 2061 3371 more

486 3406 667 3453 nostro
697 3399 936 3468 insigniri
976 3400 1251 3469 jussimus.

555 3490 775 3557 Signum
807 3491 987 3550 domui
1022 3493 1214 3549 Rachis
1240 3495 1385 3565 regis
1407 3496 1760 3555 invictissimi.

555 3577 944 3649 Wincuingltus
991 3583 1613 3644 arclticancellariuS‘ad
1664 3592 1833 3647 vicem
1887 3592 2060 3649 Lede-

485 3668 619 3722 mari
658 3672 1065 3741 arclticapellani
1094 3677 1403 3744 recognovi,
1444 3686 1499 3733 et
1524 3679 1838 3750 subscripsi.

558 3758 745 3813 Datum
777 3760 909 3815 ldib.
935 3762 1074 3827 Maii,
1106 3778 1247 3820 anno
1275 3766 1656 3824 incarnationis
1686 3770 1895 3827 Domini
1925 3774 2054 3843 742,

479 3852 504 3881 ⁸³
542 3850 831 3908 indictione
872 3870 925 3922 ι,
979 3870 1120 3909 anno
1172 3859 1321 3928 regni
1370 3862 1699 3917 sereniSsimi
1745 3864 1942 3920 Rachis
1975 3881 2060 3922 re-

486 3941 567 4007 gis
611 3956 665 3993 ttt
699 3939 746 3997 δ.

558 4032 748 4087 Actum
777 4034 1008 4090 civitatis
1038 4036 1286 4105 Clusium,
1320 4039 1370 4094 in
1421 4040 1511 4096 Dei
1545 4043 1759 4101 nomine
1809 4045 2055 4105 feliciter.

484 4119 681 4178 Amen.

1206 4249 1362 4305 XLII.

485 4361 758 4435 Aystulplti
788 4364 927 4435 regis
946 4364 1285 4435 priuilegium,
1327 4369 1462 4435 quod
1495 4369 1862 4428 Nonantulano
1888 4393 2058 4433 arno-

913 4434 993 4487 bto
1026 4434 1269 4490 concessit
1300 4434 1458 4503 (anno
1488 4439 1634 4512 753).

560 4542 772 4598 Flavius
798 4546 1125 4617 Aystulpltus
1150 4549 1229 4603 vir
1249 4551 1735 4612 excellentissimus
1764 4572 1854 4613 rex
1878 4574 2063 4616 mona-

490 4632 657 4689 stctio
680 4637 1106 4693 beatissimorum
1137 4641 1430 4712 principum
1452 4648 1814 4715 apostolorum
1842 4652 1979 4708 Petri
2010 4666 2064 4710 et

493 4724 635 4780 Pauli
665 4726 769 4781 sito
808 4726 1075 4784 territorio
1103 4731 1416 4802 Mutinense,
1450 4736 1566 4791 loco
1604 4739 1693 4808 qui
1725 4741 1914 4798 dicitur
1957 4745 2064 4800 No-

489 4815 726 4883 nantula,
760 4825 816 4871 et
843 4820 1132 4875 venerabili
1167 4821 1278 4878 viro
1306 4827 1560 4883 Anselmo
1582 4830 1783 4900 abbati,
1816 4848 1911 4890 seu
1930 4851 2064 4893 cun-

490 4908 589 4961 etis
615 4909 1039 4979 congregationis
1062 4913 1256 4969 ibidem
1287 4919 1721 4978 censistentibus.
1767 4924 1898 4980 Cum
1933 4966 1948 4982 .
1982 4964 2000 4983 .
2042 4970 2058 4985 .

493 5015 588 5053 nos
606 5015 712 5055 non
741 5004 913 5058 solum
936 5018 1115 5059 coram
1141 5006 1269 5075 Deo,
1296 5011 1390 5065 sed
1413 5028 1590 5068 coram
1619 5018 1921 5076 hominibus
1939 5037 2061 5093 pro-

493 5089 675 5147 videre
719 5096 924 5151 monuit
968 5097 1130 5153 bona.
1206 5100 1342 5167 Quid
1366 5104 1509 5158 aliud
1548 5107 1728 5165 docuit
1774 5089 2063 5181 quam'nos

488 5196 675 5237 omnes
694 5183 914 5255 diligere
944 5187 1209 5257 homines,
1242 5194 1472 5249 maxime
1493 5201 1882 5262 venerabilibus
1910 5208 2060 5277 locis,

486 5280 539 5325 et
561 5273 885 5341 sapientibus
912 5279 981 5333 de
1003 5282 1196 5336 nostris
1217 5284 1406 5354 opibus
1435 5289 1757 5347 subvenire?
1784 5273 2061 5357 Manifesta

556 5409 593 5497 ξ·
625 5406 974 5497 ξςιῇξξςηάιιω
1004 5413 1188 5497 iudici.
1234 5435 1324 5497 xv,
1355 5423 1598 5497 an._747,
1632 5432 1750 5497 quia
1787 5448 1926 5486 anno
1958 5436 2062 5490 742

483 5485 604 5563 erat
632 5478 866 5563 iri-vivis.
894 5478 1400 5563 re§.l_.ui_tprand'us.
1458 5495 1520 5550 Et
1558 5478 1750 5554 anim;
1787 5478 2061 5563 erat

485 5546 672 5627 ter_tiu_s_
704 5547 922 5627 Racltis.
956 5552 1086 5609 Vide
1118 5546 1331 5627 l‘agiutn
1364 5564 1413 5616 in
1446 5546 1859 5627 A—nnf'liaur'onii:

557 5615 758 5701 lili’ost
802 5623 1072 5701 fundatum
1123 5615 1298 5701 aufem
1341 5615 2057 5701 smn—{tsi}.minIEénnmum

488 5682 682 5737 Hacltis
722 5692 859 5755 apud
914 5706 1148 5750 montem
1196 5682 1448 5757 Casinum
1492 5682 2053 5775 [Dona-Elin];

2163 1866 2287 1905 num
2300 1851 2565 1907 tedilicare
2578 1863 2868 1923 praesumat
2880 1871 3048 1923 usque
3066 1855 3198 1910 fines
3216 1856 3416 1911 illorum
3434 1857 3681 1921 ﬂuminum,

2163 1951 2354 2010 praeter
2381 1942 2516 1998 duos
2545 1944 2881 2001 molendinos
2904 1946 3121 2003 incurte
3152 1947 3413 2001 Panciano
3426 1947 3680 2000 cdiiicanda

2162 2035 2278 2089 sine
2315 2035 2553 2105 ipsorum
2586 2036 2796 2091 licentia
2843 2039 3255 2093 monachorum.
3335 2039 3437 2094 Nos
3470 2054 3577 2093 vero
3611 2038 3683 2092 Dei

2162 2123 2548 2193 omnipotentis
2576 2126 2906 2182 conﬁdentes
2945 2127 3382 2195 misericordiam,
3414 2138 3464 2183 et
3493 2139 3681 2182 vestram

2162 2229 2446 2283 congruam
2464 2215 2811 2272 obaudieutes
2824 2218 3159 2287 petitiOttetn,
3178 2220 3584 2275 confirmamusin
3597 2219 3687 2286 ipso

2163 2315 2349 2360 sancto
2380 2309 2707 2363 monasterio
2732 2308 2815 2364 vel
2841 2311 3172 2366 venerationi
3197 2323 3387 2367 vestra:
3408 2313 3506 2383 jam
3528 2311 3686 2365 dictam

2163 2399 2379 2462 silvam,
2412 2399 2560 2468 juxta
2585 2410 2642 2453 ut
2670 2403 2993 2457 coitatrentia
3033 2404 3176 2458 dicta
3204 2413 3306 2459 est.
3357 2404 3687 2458 Confirmatan

2162 2486 2321 2540 etiam
2364 2488 2416 2540 in
2446 2488 2634 2542 eodem
2665 2500 2851 2544 sancto
2907 2493 3238 2548 monasterio
3291 2504 3458 2548 vestro
3502 2494 3683 2547 insulam

2165 2591 2346 2641 unam,
2402 2592 2520 2646 quat
2542 2593 2663 2634 esse
2691 2580 2899 2635 videtur
2938 2582 3077 2637 inter
3128 2583 3407 2638 Panarium
3446 2593 3496 2639 et
3533 2584 3684 2639 fos~am

2165 2681 2284 2736 quae
2303 2667 2498 2722 dicitur
2516 2669 2707 2724 Munda
2733 2686 2826 2740 per
2841 2672 3117 2743 designata
3148 2676 3282 2740 loca,
3303 2676 3368 2731 ab
3386 2677 3568 2730 oriente
3582 2692 3686 2744 pne-

2165 2757 2338 2814 dictus
2361 2758 2551 2815 ﬂuvius
2583 2761 2861 2831 Panarius,
2895 2780 2925 2819 a
2956 2766 3182 2822 meridie
3208 2769 3329 2822 villa
3383 2768 3601 2835 Salireto,
3634 2768 3686 2820 ab

2166 2852 2443 2908 occidente
2471 2853 2720 2923 praedicta
2746 2855 2881 2911 fossa
2913 2856 3128 2923 Munda,
3161 2870 3215 2915 et
3259 2860 3684 2927 Militantia,atque

2166 2946 2297 3001 silva
2327 2948 2643 3011 communis,
2686 2957 2740 3002 et
2768 2948 2836 3003 de
2862 2949 3052 3005 subtus
3080 2950 3226 3025 fossa
3250 2962 3446 3007 mortua
3473 2954 3686 3007 existente

2171 3038 2224 3091 in
2256 3037 2503 3103 Panario,
2530 3050 2583 3092 ut
2616 3053 2772 3093 nemo
2801 3040 2852 3093 in
2885 3040 3155 3108 pra-dictis
3205 3042 3363 3098 fossis
3409 3042 3484 3097 vel
3513 3040 3687 3095 ﬂumine

2169 3127 2360 3183 audeat
2386 3129 2750 3184 molendinutn
2780 3129 3047 3187 addlcare
3070 3131 3275 3203 absque
3296 3148 3539 3188 consensu
3561 3133 3687 3185 abba-

2164 3218 2231 3275 tis
2257 3232 2346 3275 aut
2388 3224 2790 3276 monachorum.
2841 3221 2949 3278 Nec
2972 3238 3075 3276 non
3097 3225 3465 3278 confirmamus
3494 3222 3571 3277 tibi
3593 3237 3688 3274 om-

2163 3326 2260 3366 nes
2289 3311 2404 3366 illas
2427 3327 2535 3378 res,
2566 3327 2698 3383 quas
2722 3322 2846 3369 ante
2868 3313 2966 3369 hos
2982 3313 3096 3370 dies
3128 3326 3234 3369 tua-
3259 3316 3538 3385 largivimus
3554 3327 3686 3367 vene.

2162 3405 2375 3459 rationi.
2428 3404 2645 3461 Curtem
2698 3420 2914 3477 quoque
2943 3408 3207 3463 Canetulo
3244 3408 3295 3463 in
3326 3407 3569 3464 territorio
3602 3403 3687 3458 llu-

2163 3495 2353 3553 tinensi
2380 3511 2499 3552 cum
2527 3498 2771 3553 omnibus
2797 3498 3129 3569 pertinentiis
3158 3500 3291 3564 suis,
3331 3499 3438 3554 sive
3461 3498 3575 3551 duas
3593 3508 3687 3563 por-

2163 3587 2335 3642 tiones
2383 3587 2450 3642 de
2479 3588 2613 3643 silva
2663 3588 2943 3657 Lupuleto,
2995 3604 3094 3645 seu
3137 3590 3328 3644 silvam
3369 3588 3685 3648 Mutinensem,

2163 3678 2567 3749 Madegaticum,
2627 3680 2941 3751 Caprinam,
2986 3682 3381 3747 l’ontenariam,
3433 3690 3483 3736 et
3515 3678 3686 3747 paludes

2164 3769 2548 3828 Gromulenses
2577 3788 2745 3842 usque
2775 3774 2828 3828 in
2864 3772 3082 3829 limitem
3114 3774 3467 3838 decimanutn,
3498 3771 3572 3840 qui
3594 3782 3684 3836 per-

2161 3865 2326 3917 currit
2356 3863 2492 3918 inter
2518 3861 2790 3919 Gavanum
2825 3873 2881 3920 et
2930 3865 3106 3920 villam
3141 3865 3402 3932 Ulianam,
3449 3873 3496 3919 et
3520 3861 3578 3916 de
3598 3862 3687 3928 ipso

2165 3955 2332 4011 limite
2358 3956 2409 4011 in
2438 3956 2723 4011 Panarium
2759 3958 3027 4024 veniente,
3073 3958 3223 4014 etde
3260 3961 3342 4013 via
3372 3957 3687 4012 decimanense

2164 4050 2407 4105 habeatis
2435 4052 2788 4107 communiter
2836 4065 3003 4122 usque
3048 4052 3100 4107 in
3130 4052 3388 4109 fossatum
3430 4050 3569 4105 ﬁnale
3592 4060 3686 4099 cum

2163 4138 2580 4209 Decimanense,
2602 4152 2656 4197 et
2671 4142 2954 4198 Ulianense
2970 4142 3263 4197 secundum
3280 4138 3687 4199 eorumcohmrett-

2167 4230 2284 4299 tias,
2315 4242 2475 4301 atque
2497 4248 2558 4287 ex
2584 4248 2644 4288 ea
2669 4245 2817 4301 parte
2845 4232 2975 4289 ﬂues
3005 4233 3321 4290 Delamense
3343 4236 3391 4288 in
3412 4232 3579 4287 Casale
3598 4228 3686 4281 llo-

2164 4321 2434 4387 denulam,
2458 4334 2510 4379 et
2530 4324 2820 4379 secundum
2838 4324 2981 4378 vadit
3001 4327 3186 4395 argine
3200 4326 3369 4381 Salise
3389 4338 3497 4378 cum
3519 4317 3686 4389 paludi-

2091 4439 2139 4499 υ
2168 4412 2264 4465 bus
2284 4416 2418 4477 suis,
2440 4426 2531 4467 seu
2556 4414 2673 4468 vico
2686 4412 2868 4468 Siculo
2886 4429 3006 4469 cum
3020 4414 3271 4469 omnibus
3285 4410 3588 4483 pertinentiis
3600 4407 3688 4499 suis

2167 4506 2217 4558 in
2241 4505 2522 4573 integrum,
2552 4515 2607 4560 et
2628 4515 2781 4576 porto
2793 4521 2912 4562 cum
2927 4508 3153 4563 ecclesia
3177 4508 3315 4563 beati
3331 4505 3463 4560 Petri
3482 4498 3688 4571 apostoli,

2163 4608 2285 4662 qua:
2309 4595 2378 4650 ab
2406 4594 2532 4662 ipsis
2556 4597 2818 4652 aedificata
2845 4608 2928 4653 est
2958 4600 3232 4654 massariis
3263 4597 3471 4661 nostris,
3498 4607 3590 4647 uno
3613 4604 3687 4644 ra-

2167 4682 2275 4751 pite
2303 4694 2519 4740 tenente
2548 4686 2599 4740 in
2621 4686 2739 4741 vico
2768 4685 3157 4755 Guarcinense,
3203 4692 3444 4745 veniente
3472 4689 3517 4741 in
3544 4686 3687 4738 Pana-

2164 4773 2324 4841 rium,
2348 4788 2413 4829 ex
2434 4775 2539 4830 alio
2561 4791 2689 4831 vero
2707 4778 2871 4834 latere
2890 4779 2943 4835 in
2967 4778 3123 4834 ﬂnem
3145 4780 3417 4844 Lamense,
3440 4786 3489 4831 et
3508 4773 3687 4829 ﬂuvium

2162 4859 2490 4931 Scultenam,
2514 4866 2602 4933 qui
2622 4875 2675 4920 et
2697 4866 2916 4923 Panaris
2935 4868 3229 4924 deducendi
3248 4871 3435 4924 habent
3459 4864 3687 4920 licentiam

2164 4953 2483 5022 ubicumque
2500 4956 2606 5010 alio
2624 4956 2789 5011 visum
2814 4957 2993 5025 fuerit,
3024 4970 3079 5014 et
3104 4976 3168 5015 ne
3185 4961 3318 5016 ullus
3340 4956 3581 5013 inferioris
3600 4966 3691 5006 ma-

2166 5058 2352 5113 gnaeve
2396 5048 2670 5113 potestatis
2711 5049 2870 5103 homo
2900 5051 3223 5118 molendina,
3252 5052 3334 5106 vel
3376 5060 3568 5120 portum
3591 5056 3688 5097 cum

2163 5133 2524 5200 Sandonibus,
2565 5147 2654 5190 aut
2683 5153 2845 5193 naves
2868 5140 2921 5193 in
2948 5142 3065 5209 ipso
3095 5142 3277 5207 ﬂuvio,
3307 5143 3385 5196 vel
3413 5142 3463 5195 in
3489 5132 3692 5191 Lavatri-

2164 5239 2285 5277 nam
2328 5225 2593 5280 azdilicarc
2622 5228 2832 5293 audeat,
2887 5243 2976 5285 aut
3007 5232 3347 5301 piscationem
3388 5231 3575 5295 facere,
3617 5235 3690 5278 aut

2162 5331 2281 5370 cum
2310 5316 2518 5385 navigio
2543 5333 2762 5388 pergere
2804 5323 2923 5380 sine
2952 5336 3124 5380 vestra
3153 5328 3378 5382 licentia.
3435 5324 3578 5393 Igitur
3616 5332 3687 5371 se-

2164 5450 2370 5536 Deiude
2418 5453 2557 5507 idem
2611 5458 2995 5536 monaSterium
3036 5458 3288 5536 _Carolus_
3317 5463 3541 5536 magnus,
3573 5468 3684 5536 ,ιιιιη

2162 5523 2477 5598 redditibus,
2528 5535 2638 5598 tutu
2688 5528 2985 5595 splendidis
3030 5523 3478 5598 iurisdictionibus
3524 5528 3683 5598 mirum

2162 5591 2213 5663 in
2245 5593 2458 5647 modum
2490 5596 2655 5648 auxit.
2712 5591 2841 5663 Quae
2892 5591 3067 5655 omnia
3102 5604 3390 5656 Ludovicus
3428 5602 3538 5653 inde
3583 5595 3684 5648 Ρίυε

2163 5662 2300 5718 [ilius
2329 5663 2605 5720 favorabili
2633 5662 2927 5737 diplomate
2957 5672 3311 5730 coustabilivit
3350 5686 3483 5726 anno
3519 5665 3626 5721 8l6.
