4056 6178
407 240 538 296 1435

1489 245 1739 302 Dll‘LOM
1753 247 1880 301 ATA
1929 246 2201 306 ECCLES.
2242 253 2568 309 SELICCTA.

3524 268 3661 325 MM

399 354 628 408 cundum
662 353 762 406 hoc
792 360 1030 406 nostrum
1063 365 1384 423 praeceptum
1421 357 1608 424 silvas,
1642 367 1696 412 et
1725 359 1962 427 paludes,
1997 365 2042 421 Α
2069 363 2209 430 juste
2235 366 2575 420 concedimus
2601 369 2766 432 vobis,
2799 379 2852 424 et
2881 375 3277 429 successoribus
3306 383 3496 435 vestris
3523 399 3652 437 cou-

399 445 510 500 sive
541 444 844 513 prtedictam
897 446 1088 498 iussam
1137 446 1498 508 Lavatrinam,
1549 464 1671 504 cum
1725 451 1976 504 omnibus

400 537 576 603 fossis,
626 546 678 590 ct
705 541 906 605 campis
936 552 1026 604 per
1057 537 1322 605 legitimos
1351 538 1482 594 ﬁnes
1510 545 1968 609 percurrentibus,

399 630 524 682 item
562 643 628 681 ex
655 628 753 680 alia
788 637 934 694 parte
981 627 1198 680 ﬂuvium
1231 627 1431 684 Genam
1471 632 1881 701 conjungentem
1917 649 1976 689 se

397 721 452 774 in
483 719 754 783 Busnlese,
790 728 842 772 et
873 727 1124 787 utrasque
1155 719 1265 772 vias
1295 720 1434 772 ﬂuvii
1469 720 1675 776 Panarii
1709 739 1876 792 usque
1907 726 1971 778 ad

398 810 675 865 duodecim
713 811 870 878 pedes
897 811 947 862 in
969 811 1265 876 latitudine,
1299 814 1435 866 sicut
1458 814 1523 866 ad
1557 816 1822 882 publicmn
1848 832 1969 883 per-

402 905 549 957 tinet.
603 901 908 957 Stabilimus
929 911 1106 956 autem
1130 905 1298 968 vobis,
1335 908 1626 975 vestrisque
1652 911 1976 964 successmi-

400 996 515 1058 bus,
555 996 641 1063 qui
693 996 745 1048 in
776 995 1031 1049 saeculum
1060 998 1239 1052 smeuli
1271 998 1324 1051 in
1351 999 1456 1066 jam
1499 998 1640 1053 dicto
1671 1001 1808 1054 beati
1842 1003 1961 1072 Syl-

398 1088 557 1143 testri
586 1087 1038 1142 Nonanlulanensi
1069 1092 1393 1144 monasterio
1436 1105 1530 1158 pro
1561 1105 1742 1146 amore
1761 1093 1976 1147 Christo

395 1178 700 1244 servierint,
734 1178 920 1232 silvam
964 1195 1120 1233 unam
1163 1180 1213 1233 in
1244 1181 1432 1248 Gajum
1467 1183 1743 1250 Lamense,
1804 1187 1971 1241 veluti

393 1269 458 1324 ad
486 1278 688 1325 curtem
719 1281 953 1324 nostram
987 1271 1239 1338 pertinuit
1268 1287 1360 1340 per
1395 1273 1667 1341 designata
1700 1278 1811 1329 loca
1843 1319 1856 1341 ,
1906 1293 1969 1330 ex

395 1377 500 1415 uno
523 1362 687 1415 latere
720 1361 910 1431 ﬂpvius
941 1362 1242 1425 Muchlena,
1301 1372 1516 1420 tenente
1567 1381 1672 1420 uno
1717 1369 1888 1434 capite
1918 1369 1970 1421 in

395 1451 561 1506 limite
581 1452 772 1520 pnsito,
803 1463 856 1506 et
882 1453 987 1506 alio
999 1455 1172 1521 Capite
1197 1455 1248 1507 in
1274 1454 1390 1508 loco
1413 1455 1629 1519 Cornio,
1653 1468 1705 1510 et
1732 1458 1971 1512 Fraxeno

395 1561 560 1616 usque
586 1545 636 1600 in
659 1547 834 1601 casale
852 1547 1144 1612 Modenule,
1175 1563 1236 1602 ac
1256 1548 1448 1604 Ludria
1479 1550 1710 1605 intrante
1724 1551 1970 1619 Mudena,

390 1650 446 1693 et
465 1653 494 1692 a
517 1648 676 1693 strata
695 1639 900 1707 publica
927 1654 1092 1708 usque
1115 1641 1166 1694 iti
1201 1640 1423 1706 Padum,
1447 1653 1498 1698 et
1523 1653 1578 1696 ut
1601 1643 1732 1697 infra
1757 1645 1968 1710 scriptis

2080 449 2351 508 ﬁrmamus
2379 459 2758 512 monasterium
2790 465 2957 516 sancti
2978 464 3266 521 Salvatoris
3289 471 3446 525 situm
3479 475 3530 526 in
3559 476 3656 528 Fa-

2079 557 2270 597 nanum
2297 561 2414 599 cum
2469 549 2731 604 universis
2776 552 3029 620 legalibus
3054 557 3169 624 ejus
3215 562 3569 632 pertinentiis,
3603 576 3658 620 et

2076 634 2410 704 adjacentiis,
2445 642 2702 707 terminis,
2738 653 2784 696 et
2817 648 3231 712 accessiOuihus,
3261 656 3546 719 casalibus,
3577 660 3656 710 al-

2076 723 2248 789 pibns,
2268 725 2418 792 ripis,
2433 729 2656 795 rupinis,
2683 732 3021 801 planitiebus,
3039 739 3213 802 cultis,
3232 742 3460 808 incultis,
3478 749 3654 813 aquis,

2074 827 2433 885 aquarumque
2459 820 2794 887 decursibus,
2832 826 3025 880 ﬁnibus
3056 843 3258 895 monte,
3307 844 3360 886 et
3413 838 3654 904 llumine,

2074 919 2166 956 seu
2195 909 2324 959 silva
2357 910 2422 962 de
2454 911 2720 978 Βροιιιειηο
2746 932 2864 969 cum
2897 931 3072 974 castro
3089 923 3321 989 Sestula,
3357 939 3534 982 monte
3555 933 3658 984 Ca-

2078 995 2206 1058 tino,
2237 997 2552 1066 Coniauolo,
2614 1015 2668 1057 et
2695 1008 2814 1072 alpe
2843 1023 3111 1076 currente,
3173 1017 3285 1068 rivo
3313 1019 3661 1089 Cerciliensc,

2073 1091 2126 1136 et
2156 1086 2464 1141 Lardauiola
2485 1092 2643 1144 ﬂuvio
2663 1109 3026 1161 percurrente.
3060 1103 3166 1157 Nec
3190 1122 3292 1158 non
3313 1109 3654 1178 Masalizano,

2073 1185 2125 1228 et
2152 1175 2332 1230 Gabba
2363 1194 2481 1233 cum
2513 1183 2698 1237 viculis
2720 1187 2851 1249 suis,
2883 1189 2932 1241 id
2964 1201 3044 1243 est
3077 1194 3360 1261 Aquavivn,
3395 1197 3524 1252 ltivo
3556 1175 3653 1254 iri;

2071 1268 2212 1335 gido,
2247 1271 2558 1340 Vilicialico,
2589 1275 2729 1332 Saxo
2761 1278 3035 1344 Siliciano,
3075 1286 3278 1353 Epicla,
3319 1289 3541 1346 Variana
3599 1307 3655 1350 et

2075 1357 2278 1412 Porcile
2308 1376 2428 1415 cum
2460 1367 2749 1431 montibus,
2780 1369 3030 1435 vallibus,
3063 1373 3292 1441 alpibus,
3323 1377 3493 1442 silvis,
3538 1396 3652 1433 scr-

2071 1462 2166 1500 vos
2199 1465 2292 1517 pro
2313 1453 2503 1518 servis,
2538 1454 2735 1509 liberos
2767 1472 2860 1525 pro
2893 1460 3094 1528 liberis,
3139 1465 3364 1530 cubum,
3395 1476 3450 1521 et
3474 1469 3652 1524 ineul-

2073 1545 2324 1594 tumcum
2355 1545 2493 1596 casis
2525 1549 2794 1615 omnibus,
2841 1567 2960 1619 qua:
3012 1557 3170 1610 modo
3218 1557 3338 1612 inde
3381 1562 3661 1616 mdilicatan

2073 1639 2216 1695 sunt,
2249 1632 2331 1685 vel
2385 1633 2575 1688 futuris
2609 1641 2940 1704 temporibus
2982 1645 3390 1701 mdilicabuntnr
3434 1666 3654 1718 percur—

392 1729 590 1795 nmiis’
620 1705 864 1794 “ﬁdem,
899 1705 1056 1784 hama
1104 1747 1196 1787 seu
1225 1705 1439 1799 [Δωρίδ’
1469 1736 1644 1789 "unus
1671 1705 1970 1792 δυάοδιτθ,
2002 1705 2046 1764 Β
2077 1723 2311 1777 rentibus
2339 1725 2504 1793 ipsius
2537 1729 2721 1784 Massa:
2753 1733 2963 1788 ﬁnibus.
3045 1739 3126 1791 Ab
3173 1755 3278 1792 uno
3331 1705 3498 1796 late're
3547 1705 3655 1801 line

391 1834 512 1874 cere
535 1821 917 1886 molendinum,
972 1837 1067 1876 nec
1093 1833 1301 1890 portum
1334 1826 1622 1894 a'dilicare,
1656 1838 1848 1896 praeter
1878 1832 1972 1882 ab-

392 1911 544 1965 bates
575 1951 590 1975 ,
654 1921 708 1966 et
758 1915 1139 1967 monachorum
1193 1915 1492 1970 molendina
1538 1929 1790 1986 quantum
1839 1921 1970 1976 ﬂues

391 2000 602 2056 illorum
631 2003 923 2068 continent,
965 2014 1017 2057 et
1048 2019 1143 2073 per
1174 2004 1369 2060 Padum
1402 2007 1468 2061 de
1495 2010 1683 2062 subtus
1706 2025 1872 2079 usque
1915 2011 1968 2065 in

393 2090 608 2157 fossam,
637 2109 755 2163 quae
788 2105 1008 2150 vocatur
1027 2095 1255 2162 Canina,
1290 2107 1446 2167 atque
1477 2115 1538 2152 ex
1570 2101 1669 2154 alia
1703 2113 1849 2170 parte
1877 2119 1971 2171 per

393 2181 667 2237 Modenam
701 2185 752 2237 in
775 2184 958 2240 Josum
984 2201 1146 2256 usque
1163 2188 1213 2240 in
1239 2193 1411 2256 capite
1433 2191 1497 2244 de
1524 2193 1774 2259 praedicta
1801 2193 1964 2260 fossa,

389 2281 445 2324 et
471 2275 810 2328 medietatem
852 2291 915 2330 ex
954 2278 1193 2345 piscariis
1234 2282 1429 2335 nostris
1459 2283 1510 2336 in
1542 2286 1968 2340 territorioMan-

391 2372 549 2416 tnano
577 2365 626 2418 in
659 2365 776 2419 loco
793 2366 1054 2434 Sarmata,
1075 2378 1127 2422 et
1153 2371 1420 2438 Bondeno,
1456 2383 1612 2441 atque
1640 2376 1771 2430 alias
1797 2379 1967 2446 pisca-

389 2455 494 2507 rias
526 2455 576 2508 in
603 2455 790 2511 ﬁnibus
809 2463 1005 2514 nostris
1031 2462 1373 2531 llegissianis,
1405 2464 1824 2534 etFlestisianis,
1855 2473 1964 2525 sic-

389 2546 464 2600 uti
515 2549 596 2601 vel
621 2563 738 2616 qua:
767 2555 926 2604 modo
948 2551 1223 2617 habemus,
1269 2556 1333 2608 ad
1357 2568 1560 2610 curtem
1581 2561 1718 2628 regis
1751 2560 1799 2613 in
1824 2562 1962 2616 inte-

385 2648 562 2704 grum,
599 2653 664 2690 ex
695 2654 792 2693 una
825 2653 974 2709 parte
994 2654 1244 2698 currente
1275 2647 1435 2702 ﬂuvio
1467 2649 1714 2716 Modena,
1768 2653 1835 2707 de
1863 2655 1962 2709 alia

389 2733 539 2795 parte
559 2728 720 2784 ﬂuvio
749 2732 1022 2801 Bondeno,
1071 2751 1230 2790 unum
1260 2737 1310 2790 in
1343 2739 1482 2792 fossa
1528 2751 1686 2809 caput
1729 2752 1960 2811 tenente,

387 2834 508 2888 quae
534 2819 723 2876 dicitur
748 2823 986 2890 Fimana,
1012 2841 1106 2880 seu
1136 2828 1332 2894 villula,
1359 2840 1409 2882 et
1438 2830 1550 2884 laco
1578 2846 1671 2898 per
1695 2833 1959 2900 Floriaua,

387 2912 500 2966 sive
528 2912 666 2967 fossa
698 2913 1081 2983 Scavauorum,
1116 2931 1211 2972 seu
1242 2919 1553 2974 Albaretum
1584 2938 1751 2992 usque
1777 2925 1962 2993 Vispi-

388 3019 537 3058 nnm.
597 3007 716 3060 Alio
741 3008 862 3060 item
892 3008 1065 3075 capite
1091 3008 1143 3063 in
1176 3010 1315 3064 Pado
1341 3020 1554 3066 tenente
1581 3029 1682 3066 una
1713 3029 1834 3069 cum
1868 3033 1953 3071 ar-

386 3095 622 3163 boribus,
652 3108 704 3151 et
735 3098 1014 3166 limitibus,
1047 3102 1132 3168 qui
1158 3101 1292 3155 infra
1324 3105 1656 3173 praescriptas
1683 3108 1956 3162 colueren-

386 3186 486 3237 tias
525 3201 642 3239 esse
664 3187 927 3250 videntur,
957 3191 1132 3243 omnia
1164 3190 1333 3257 vobis,
1387 3204 1439 3246 et
1481 3196 1708 3259 posteris
1760 3197 1956 3252 vestris

385 3272 436 3327 in
461 3284 773 3344 perpetuum
792 3279 1190 3342 conﬁrmamus,
1227 3291 1330 3336 tam
1359 3283 1538 3350 silvas,
1563 3301 1721 3355 quam
1743 3303 1953 3355 pascua,

382 3380 479 3420 seu
511 3366 726 3433 limites,
786 3378 839 3422 et
873 3370 1112 3436 paludes,
1161 3386 1454 3442 omnesque
1498 3375 1631 3430 alias
1680 3377 1870 3443 fossas,
1907 3392 1962 3435 et

381 3470 625 3527 campos,
652 3474 746 3512 seu
774 3460 992 3526 paludes
1044 3463 1181 3518 unde
1209 3467 1602 3538 qualescunque
1643 3471 1962 3538 piscationes

385 3548 515 3601 ﬁunt
543 3558 821 3615 exeuntes,
869 3553 949 3604 vel
981 3553 1238 3608 intrantes
1276 3572 1304 3609 a
1351 3557 1644 3627 Trepuntio
1671 3561 1723 3616 in
1750 3563 1958 3631 Josum,

355 3661 361 3666 -
384 3656 500 3708 qua:
534 3656 696 3709 usque
717 3644 766 3696 in
785 3643 979 3698 fossam
1014 3647 1194 3712 latam,
1220 3659 1270 3704 et
1291 3649 1718 3717 Cambarionem,
1746 3670 1963 3714 cunetas

384 3729 575 3798 fossas,
608 3744 663 3788 et
693 3735 931 3803 paludes,
972 3754 1092 3808 quze
1128 3739 1256 3793 ﬂunt
1305 3741 1370 3795 de
1401 3741 1561 3798 ﬂuvio
1605 3745 1878 3816 Bondeno,
1911 3751 1963 3804 id

380 3835 463 3878 est
481 3826 673 3891 Seclia,
704 3843 826 3882 cum
854 3831 1057 3899 campis
1083 3831 1213 3896 suis,
1245 3841 1299 3886 et
1327 3847 1574 3903 campum
1620 3839 1962 3910 formigosum

384 3914 523 3970 inter
552 3919 898 3985 ponticulum,
929 3931 981 3975 et
1006 3921 1174 3975 lacum
1205 3921 1406 3977 fatuum
1456 3940 1575 3979 cum
1624 3928 1739 3996 ipso
1780 3933 1965 3998 pontf-

382 4008 524 4068 culo,
547 4015 601 4060 et
626 4023 811 4063 omnes
840 4011 1041 4064 laceras
1069 4027 1234 4081 usque
1255 4015 1316 4066 ad
1336 4012 1610 4078 Grumam,
1639 4033 1731 4072 seu
1753 4035 1957 4089 syvam,

381 4105 434 4148 et
463 4095 834 4163 Lacorianum,
874 4113 1036 4171 atque
1080 4110 1298 4167 terram,
1350 4116 1405 4159 et
1454 4108 1596 4175 ipsas
1626 4109 1832 4165 laceras
1874 4129 1966 4181 per

381 4187 750 4256 'l‘repontium,
779 4208 895 4261 qua;
923 4194 990 4249 de
1015 4194 1266 4250 Bondeno
1286 4208 1505 4263 exeunt,
1533 4200 1784 4270 etSpino,
1808 4214 1966 4274 atque

383 4277 732 4346 Trepontium
756 4281 810 4335 in
829 4283 1159 4350 Bondennm,
1189 4296 1241 4340 et
1264 4288 1433 4342 lacum
1458 4292 1523 4345 de
1540 4291 1751 4361 Ulpino,
1783 4296 1968 4352 simul-

2073 1811 2440 1883 Capuaucnse,
2472 1829 2524 1871 ct
2555 1822 2712 1875 lluvio
2732 1822 2909 1890 Cecla,
2934 1842 2996 1880 es
3022 1829 3127 1882 alio
3149 1831 3314 1886 latete
3338 1833 3653 1892 Lartlaniola

2072 1903 2258 1973 Jugale
2286 1907 2512 1976 desuper
2546 1923 2780 1976 peni-nte
2809 1915 2985 1982 capite
3011 1920 3060 1972 in
3091 1931 3271 1976 monte
3308 1923 3532 1981 MUICCIO
3559 1944 3652 1981 ve-

2074 1999 2250 2053 niente
2282 2017 2445 2069 usque
2476 2005 2525 2055 in
2559 2002 2746 2072 Gajum
2781 2007 3016 2075 Deginaa,
3062 2011 3320 2068 desubtus
3353 2027 3526 2072 autem
3557 2035 3648 2073 ve-

2072 2090 2250 2143 niente
2288 2107 2392 2145 uno
2439 2095 2610 2161 capite
2666 2099 2718 2150 in
2767 2098 2984 2153 ﬂuvium
3023 2102 3134 2156 Lio.
3189 2106 3471 2162 Sancimus
3521 2127 3652 2181 ergo

2071 2189 2130 2234 ut
2155 2183 2353 2236 nullam
2389 2197 2704 2252 potestatem
2736 2191 2968 2248 habeant
3002 2195 3245 2250 homines
3293 2199 3485 2254 ibidem
3520 2206 3653 2258 rcsi-

2069 2271 2261 2328 dentes
2290 2276 2356 2330 de
2385 2277 2496 2345 ipsa
2524 2279 2717 2348 Massa,
2752 2284 2831 2337 vel
2861 2283 2978 2353 ejus
3021 2287 3218 2342 ﬁnibus
3249 2297 3651 2357 pra-nominatis

2071 2365 2299 2420 vendere
2327 2383 2419 2432 per
2454 2372 2750 2437 qut-tulibut
2780 2375 3013 2440 titulum,
3038 2393 3212 2447 ncque
3241 2393 3523 2439 extraneos
3548 2388 3649 2442 ho-

2070 2459 2382 2515 minesillud
2435 2479 2655 2529 vexare,
2702 2478 2795 2521 aut
2824 2468 3186 2540 introducere,
3241 2492 3337 2530 nec
3395 2479 3646 2544 placitum

2065 2550 2183 2617 quis
2204 2559 2384 2605 tenere
2413 2565 2720 2621 praesumat,
2751 2558 2847 2611 nisi
2869 2569 3126 2626 rectores,
3161 2573 3214 2617 et
3240 2570 3507 2633 praepositi
3534 2587 3650 2624 mo-

2066 2642 2302 2706 nasterii,
2323 2650 2375 2695 et
2401 2644 2442 2696 si
2469 2660 2560 2712 per
2583 2646 2848 2701 licentiam
2873 2661 3139 2706 rectorum
3159 2655 3320 2723 ipsius
3338 2666 3646 2719 monasterii

2067 2726 2204 2780 inter
2234 2744 2294 2782 se
2316 2731 2670 2797 vendiderint,
2702 2751 2918 2791 censum
2964 2740 3177 2794 solitmn
3211 2745 3274 2797 ad
3301 2759 3501 2813 partem
3533 2768 3651 2804 mo-

2065 2820 2281 2873 nasterii
2315 2833 2523 2889 emptor
2555 2827 2845 2891 persolvat.
2896 2829 3044 2897 Quod
3069 2833 3112 2886 si
3142 2836 3191 2888 in
3223 2838 3350 2905 ipsis
3379 2843 3530 2898 silvis
3550 2846 3650 2900 ali-

2063 2909 2181 2977 quis
2214 2927 2437 2966 roncare
2469 2913 2672 2980 fecerit,
2700 2927 2790 2971 aut
2815 2921 2859 2974 si
2903 2926 3103 2989 peculia
3137 2929 3483 2997 pabulaverit,
3525 2939 3651 2991 red-

2062 3000 2229 3054 ditum
2263 3008 2575 3072 escaticum,
2601 3022 2692 3062 seu
2715 3024 2929 3066 caseum
2953 3015 3020 3068 ad
3048 3017 3239 3072 fratres
3265 3020 3649 3079 Nouantulana:

2063 3088 2378 3147 famulantes
2403 3097 2716 3164 perveniant
2745 3109 2930 3155 totum.
2984 3103 3240 3161 Simditer
3253 3111 3412 3165 etiam
3439 3115 3648 3181 plebem

2057 3193 2257 3238 sancta:
2267 3184 2344 3238 Ma
2354 3202 2506 3241 mma:
2523 3188 3105 3260 viliginchonstructam
3123 3201 3461 3258 concedimus
3477 3207 3646 3274 vobis,

2059 3276 2353 3346 vestrisque
2382 3283 2782 3337 successoribus
2813 3299 2877 3337 eo
2909 3286 3094 3340 ordine
3126 3299 3182 3342 ut
3235 3293 3411 3346 nullus
3437 3297 3646 3362 episco-

2061 3382 2155 3436 pus
2180 3367 2312 3436 Bon,
2348 3371 2422 3424 vel
2445 3373 2657 3429 aliunde
2687 3375 2736 3428 in
2761 3391 2820 3430 ea
2851 3378 3048 3447 aliquid
3071 3396 3251 3448 agere,
3283 3399 3367 3438 aut
3394 3387 3646 3446 ordinare

2063 3469 2370 3526 praesumat,
2411 3463 2511 3516 nisi
2543 3473 2745 3518 tantum
2778 3472 3255 3534 consecrationem,
3281 3478 3647 3533 cnuliimatio—

2063 3568 2290 3624 nemque
2321 3556 2498 3633 faciat,
2533 3568 2587 3613 et
2621 3561 2988 3631 presbyterum
3039 3580 3194 3634 quem
3224 3583 3336 3633 vos,
3370 3574 3448 3624 vel
3481 3573 3640 3626 veSiri

2062 3661 2402 3704 successores
2430 3650 2677 3705 idoneum
2712 3653 2906 3707 ibidem
2940 3658 3344 3723 constitueritis,
3387 3664 3453 3717 de
3498 3675 3647 3732 pote-

2062 3749 2196 3795 state
2227 3754 2399 3795 veStra
2432 3743 2732 3799 nullatenus
2755 3747 3079 3805 submovere
3108 3765 3414 3820 pra:suinat,
3471 3773 3648 3827 nequc

2063 3829 2290 3898 aliquam
2320 3831 2735 3888 dominationem
2769 3838 2820 3889 in
2850 3839 3092 3893 condicta
3125 3842 3277 3909 plebe
3307 3843 3502 3912 facere,
3553 3861 3648 3902 aut

2069 3920 2264 3974 exinde
2295 3921 2584 3990 quidquam
2619 3926 2807 3980 tollere
2837 3936 3024 3983 tentet.
3086 3931 3150 3983 Et
3207 3941 3265 3985 ut
3307 3933 3358 3988 in
3398 3939 3646 3994 omnibus

2065 4010 2338 4080 silvisjatn
2373 4013 2492 4068 l’acti
2515 4016 2742 4070 coenobii
2774 4018 2945 4071 nullus
2973 4034 3174 4086 comes,
3207 4026 3320 4079 sive
3346 4031 3641 4096 gastalttus,

2066 4116 2160 4157 seu
2189 4103 2418 4170 quilibet
2443 4105 2653 4172 nobilis,
2707 4109 2786 4162 vel
2821 4109 3065 4178 ignobilis
3093 4127 3215 4168 cum
3263 4119 3506 4181 canibus,
3551 4131 3647 4174 aut

2067 4208 2400 4262 quocumque
2446 4195 2660 4264 ingenio
2700 4202 3005 4254 venationes
3058 4217 3312 4259 exercere
3357 4224 3645 4274 praesumat

2071 4294 2286 4352 propter
2324 4284 2742 4354 inquietudinem
2793 4290 3098 4346 animalium
3146 4301 3474 4352 monasterii.
3508 4301 3643 4356 Net--

382 4382 485 4434 que
515 4368 743 4435 Tubum.
775 4375 862 4443 qui
894 4376 1006 4428 ex“
1031 4376 1097 4430 de
1148 4376 1402 4432 Bondeno
1431 4380 1484 4434 in
1536 4382 1863 4448 pomariam,
1906 4398 1958 4443 ει
1988 4397 2041 4460 D
2072 4386 2172 4424 non
2196 4375 2566 4441 concedimus,
2593 4387 2648 4430 ut
2678 4378 2728 4433 in
2758 4379 3183 4450 quibuscumque
3221 4390 3486 4444 comitatis
3513 4391 3644 4447 lucis

384 4457 652 4530 Sayclam,
686 4475 841 4531 atque
869 4481 933 4518 ex
965 4467 1069 4520 alio
1109 4467 1272 4522 latere
1304 4469 1509 4541 Sayclte
1539 4474 1751 4530 exiente
1779 4478 1846 4533 de
1873 4479 1962 4534 Ul-

385 4553 529 4619 pino,
555 4552 784 4611 intrante
814 4558 866 4610 in
897 4557 1066 4612 lacum
1112 4559 1180 4613 de
1211 4561 1489 4626 Turatino,
1549 4566 1816 4635 Bucineto,
1874 4572 1963 4639 qui

383 4644 492 4698 exit
530 4644 597 4699 de
635 4644 786 4700 Tubo
818 4658 1049 4713 mortuo,
1077 4651 1308 4704 intrante
1338 4655 1390 4707 in
1419 4655 1714 4724 Cimarese,
1748 4669 1964 4716 tenente

383 4750 546 4787 unum
565 4745 722 4805 caput
747 4737 797 4792 in
827 4739 1122 4808 Canaliclo,
1148 4743 1355 4798 etaliud
1383 4747 1434 4800 in
1455 4748 1772 4816 Durazzino,
1801 4753 1962 4808 simul

381 4828 544 4881 etiam
565 4839 616 4882 et
637 4843 877 4898 campum
906 4830 973 4886 de
999 4831 1314 4902 Durauino,
1345 4847 1502 4906 atque
1523 4840 1806 4907 Bonosula,
1841 4859 1960 4912 qua;

386 4917 535 4984 ponit
562 4929 717 4986 caput
746 4919 796 4972 in
827 4922 1328 4990 ArcultasArculus,
1357 4927 1624 4998 simulque
1651 4931 1809 4985 modo
1828 4934 1962 4988 duas

384 5010 594 5061 arculas
623 5011 1001 5065 contractionis
1023 5012 1187 5079 lacus,
1215 5023 1269 5069 et
1298 5016 1469 5071 lacum
1496 5019 1560 5072 de
1587 5020 1842 5091 Fulgineo
1871 5039 1961 5093 p0-

385 5107 544 5153 nente
568 5111 724 5167 caput
754 5103 804 5154 in
838 5102 1111 5172 Bondeno,
1145 5121 1243 5160 nec
1274 5124 1378 5163 non
1425 5120 1479 5165 et
1505 5110 1810 5183 Virginiana
1840 5131 1960 5170 eum

383 5191 632 5244 omnibus
658 5193 804 5256 lacis,
828 5195 1059 5249 aciossis
1077 5198 1498 5271 quibuscumque
1516 5205 1771 5271 piscariis,
1801 5207 1958 5263 sicuti

385 5295 484 5334 nos
511 5296 675 5350 usque
691 5298 828 5336 nunc
850 5287 913 5337 ad
943 5296 1155 5341 nostras
1183 5304 1370 5346 manus
1396 5295 1678 5363 tenuimus,
1707 5307 1762 5350 ut
1788 5299 1959 5352 nullus

388 5384 631 5438 magnus,
663 5383 751 5426 aut
781 5390 974 5444 parvus
1020 5378 1177 5431 homo
1203 5381 1254 5434 in
1287 5385 1534 5438 omnibus
1579 5389 1959 5456 suprascriptis

389 5458 628 5526 piscariis
658 5464 857 5534 absque
888 5478 1059 5522 vestra
1094 5471 1328 5538 licentia,
1361 5489 1837 5547 successoremque
1871 5497 1957 5535 ve-

386 5563 620 5607 strorum
662 5556 838 5626 aliquo
884 5559 1040 5614 modo
1094 5563 1301 5631 piscare
1345 5578 1652 5633 pnesumat.
1741 5569 1959 5637 Insuper

389 5653 606 5716 propter
657 5659 885 5705 vestram
935 5652 1235 5724 insignitam
1289 5659 1595 5728 prmdictam
1649 5660 1956 5730 petitionem

2063 4465 2225 4520 cellas
2254 4469 2662 4537 acquisiveritis,
2688 4484 2776 4526 aut
2807 4474 2978 4539 villas,
3015 4479 3102 4531 ubi
3151 4481 3301 4536 silva:
3328 4498 3642 4542 communes

2063 4565 2205 4621 sunt,
2239 4569 2470 4613 vestram
2517 4575 2730 4632 semper
2759 4567 3059 4632 portionem
3103 4569 3320 4628 habere.
3379 4576 3643 4645 Pracipi-

2064 4663 2180 4700 mus
2211 4649 2370 4703 etiam
2397 4659 2452 4704 ut
2480 4653 2654 4707 nullus
2685 4655 2736 4707 in
2767 4671 2929 4722 regno
2956 4671 3138 4713 nostro
3167 4663 3366 4730 Italico,
3410 4669 3491 4721 vcl
3526 4669 3636 4722 lio-

2063 4753 2222 4794 mauo
2241 4741 2526 4809 cujuslibet
2569 4745 2772 4800 ordinis
2822 4749 3028 4816 prtel'ati
3075 4758 3384 4810 monasterii
3431 4775 3636 4825 servos,

2061 4841 2153 4886 aut
2176 4835 2417 4900 ancillas,
2459 4837 2550 4905 qui
2582 4838 2703 4906 luga
2733 4839 2864 4907 lapsi
2909 4841 3108 4900 fuerint
3151 4860 3337 4901 contra
3365 4850 3637 4916 abbatem,

2061 4933 2154 4977 aut
2180 4927 2542 4995 prarpositum,
2568 4929 2650 4984 vel
2677 4930 3014 5001 advocatum,
3039 4951 3160 4990 cum
3181 4937 3380 4991 inventi
3420 4938 3637 5005 fuerint,

2059 5037 2272 5092 quoquo
2329 5025 2488 5079 modo
2536 5026 2728 5082 audeat
2773 5029 3023 5085 retinere.
3083 5032 3339 5086 Similiter
3377 5033 3641 5090 donamus

2061 5113 2219 5166 etiam
2246 5115 2587 5182 przeceptales
2616 5156 2631 5170 .
2658 5156 2673 5172 .
2708 5153 2724 5171 .
2760 5140 2772 5170 ε
2801 5159 2817 5175 .
2842 5119 3088 5173 videlicet
3116 5118 3184 5174 48
3213 5117 3300 5188 qui
3324 5137 3462 5176 nunc
3492 5137 3634 5188 sunt,

2061 5205 2144 5258 vel
2176 5203 2368 5260 futuris
2401 5209 2728 5276 temporibus
2758 5225 2821 5264 ex
2851 5212 2972 5263 aliis
3012 5225 3132 5265 esse
3163 5212 3448 5279 voluerint,
3485 5207 3541 5270 ut
3571 5218 3637 5270 ad

2060 5298 2436 5352 monachorum
2461 5300 2740 5355 utilitatem
2775 5301 3123 5371 peragendam
3157 5301 3381 5356 habeant
3406 5316 3641 5373 pOtcsta-

2062 5399 2187 5454 tetn,
2221 5399 2423 5444 remota
2453 5405 2644 5445 vrstra:
2696 5394 2974 5459 poteSIatis
3024 5395 3408 5461 inquietudine.
3477 5397 3638 5465 Igitur

2062 5483 2421 5548 prodonamus
2464 5483 2634 5546 Vobis,
2667 5492 2720 5536 et
2747 5484 2921 5537 eidem
2950 5496 3134 5539 sancto
3159 5488 3404 5541 cmuobio
3433 5502 3634 5554 veStro,

2061 5581 2116 5625 ut
2141 5574 2332 5628 notarii
2364 5576 2414 5627 i'n
2442 5574 2586 5626 omni
2617 5573 2847 5627 dictione
2879 5578 3023 5644 regni
3066 5579 3226 5631 vestri
3257 5578 3470 5632 chartas
3487 5579 3638 5649 judi-

2061 5675 2174 5721 cata
2205 5665 2583 5735 cmpliyteutis,
2627 5673 2683 5719 et
2713 5663 2921 5722 libellos
2960 5668 3197 5723 scribant
3243 5671 3446 5740 absque
3477 5675 3635 5729 ullius
