4056 6178
500 287 637 346 Ml5

1694 269 2299 331 LANGOBARDORUM
2341 269 2576 329 κεϐοΜ

3578 273 3690 332 Mlti

498 418 742 477 persona:
771 399 1168 471 impedimento.
1220 392 1609 449 Confirmamus
1635 393 1794 446 etiam
1822 388 1998 452 vobis,
2022 393 2078 440 et
2104 388 2153 445 Δ
2182 385 2375 440 rendus
2394 398 2723 477 consurgere
2738 384 2954 477 audeat,
2988 383 3071 439 vel
3084 384 3297 455 exigere
3318 400 3593 455 prasitum,
3615 394 3692 451 sed

501 498 754 566 prmdirto
781 488 1104 546 monasterio
1134 494 1333 549 vestro,
1384 491 1442 537 ut
1479 518 1495 535 .
1538 520 1553 536 .
1596 519 1613 534 .
1664 480 1931 535 civitatem
1962 478 2080 531 sive

498 591 567 644 de
598 585 918 647 Ferrariam,
949 578 1034 633 vel
1057 576 1408 639 Comaclium,
1440 582 1493 628 ut
1535 572 1819 643 quamlibet
1858 568 2081 624 ubilibet

500 678 822 737 functionem
865 713 879 726 .
923 707 940 725 .
981 706 1000 725 .
1056 672 1108 723 in
1134 667 1457 738 quibuslibet
1484 665 1641 725 locis,
1667 671 1724 718 et
1750 661 2076 723 civitatibus,

499 786 594 824 seu
616 767 779 822 clusis
811 764 960 831 regni
993 764 1183 826 nostri,
1231 768 1390 828 atque
1439 758 1687 827 negotiis,
1728 754 1840 809 sive
1890 754 1957 807 de
1994 752 2076 805 in-

498 860 810 914 strumentis
840 860 1145 911 chartarum
1177 848 1599 920 disrumpendis,
1629 863 1723 901 seu
1754 848 1821 900 de
1849 844 2078 899 advoca-

499 956 566 1008 tis
587 954 793 1021 quales,
841 959 892 1002 et
926 948 1296 1012 undecumque
1324 942 1520 1011 eligere
1565 939 1830 994 voluerint
1854 936 2078 991 liberam

499 1044 740 1100 habeatis
772 1049 1109 1110 potestatem.
1181 1034 1288 1088 Nec
1317 1048 1422 1086 non
1451 1042 1505 1087 et
1539 1038 1605 1085 de
1647 1027 2081 1099 inquisitiouibus

498 1134 759 1190 faciendis
792 1147 885 1199 per
914 1129 1133 1182 idoneos
1161 1125 1407 1180 homines
1447 1123 1514 1177 de
1544 1120 1993 1190 possessionibus,
2029 1128 2083 1173 et

501 1228 661 1284 rebus
688 1223 995 1281 monasterii
1025 1222 1187 1276 vestri
1218 1235 1312 1286 per
1334 1217 1518 1288 viginti
1547 1231 1737 1283 annos,
1763 1231 1858 1271 seu
1880 1216 1947 1269 de
1971 1214 2083 1284 pla-

500 1322 639 1384 citis,
673 1329 728 1372 et
757 1318 824 1371 de
848 1312 1303 1384 pignoratiouihus
1329 1322 1628 1365 vestrorum
1647 1309 1942 1374 hominum,
1967 1308 2083 1362 sive

501 1412 568 1465 de
593 1411 942 1471 immunitate,
974 1420 1093 1474 quae
1122 1415 1201 1459 cst
1232 1404 1446 1473 triginta
1480 1402 1644 1456 libras
1673 1401 1900 1470 argenti,
1935 1410 1988 1456 et
2002 1404 2082 1458 'de

500 1506 581 1554 via
608 1517 700 1567 per
728 1498 1169 1560 Wtalzacbinum,
1220 1510 1312 1549 seu
1367 1495 1434 1548 de
1464 1508 1597 1563 aqua
1632 1493 1775 1546 lluvii
1805 1491 1968 1547 Genu:
2014 1494 2080 1548 ad

501 1594 821 1649 Moleudim.
878 1592 1134 1644 Similiter
1180 1597 1233 1643 et
1278 1588 1658 1642 conﬁrmamus
1701 1586 1851 1640 vobis
1879 1626 1895 1651 ,
1937 1597 1987 1641 et
2031 1587 2083 1641 in

501 1686 721 1758 pra-fato
740 1685 985 1740 coenobio
1015 1692 1196 1737 vestro
1228 1681 1498 1735 chartulas
1528 1689 1722 1734 vestrre
1752 1679 2080 1743 donationis,

499 1793 632 1846 quas
662 1775 813 1829 vobis
844 1774 1149 1831 Anscausus
1180 1774 1461 1842 episcOpus
1488 1780 1540 1826 et
1568 1770 1895 1825 Guidualdus
1916 1770 2085 1824 medi-

498 1882 593 1923 cus
614 1867 907 1921 emiserunt
935 1881 1053 1919 cum
1084 1864 1332 1918 omnibus
1356 1863 1516 1918 rebus
1539 1862 1640 1916 illis
1678 1861 1730 1917 in
1761 1861 1865 1926 his,
1890 1861 2085 1930 quibus

501 1961 554 2014 in
578 1961 656 2013 eis
686 1960 840 2013 liberi
874 1960 1118 2011 homines
1149 1970 1244 2026 per
1270 1956 1542 2009 chartulas
1585 1952 1908 2023 proscriptas
1955 1969 2086 2007 con—

499 2052 752 2114 tulerunt,
784 2061 833 2103 u:
862 2049 1084 2103 firmiter
1111 2062 1205 2099 vos
1235 2057 1288 2100 et
1310 2045 1585 2116 praefatum
1617 2045 1919 2099 coenobium
1958 2057 2081 2111 pos-

500 2141 739 2195 sideatis.
789 2140 1015 2194 Mercata
1046 2139 1206 2192 etiam
1236 2138 1287 2190 in
1319 2135 1549 2204 propriis
1575 2135 1814 2203 ejusdem
1839 2135 2085 2189 ecclesia:

500 2233 640 2300 agris
662 2240 717 2286 et
738 2230 897 2285 teri-is
919 2228 1260 2285 construendi
1293 2230 1561 2283 licentiam
1586 2227 1850 2294 habeatis,
1876 2238 1932 2283 et
1963 2244 2087 2283 con-

498 2322 722 2377 ducendi
755 2320 951 2376 ibidem
980 2322 1191 2375 diversa
1220 2321 1588 2382 mercimonia,
1618 2326 1671 2372 et
1702 2319 2084 2387 negotiatores,

497 2424 856 2483 cunctumque
884 2413 1202 2475 Tunoleum,
1232 2420 1286 2466 et
1310 2411 1559 2481 quicquid
1590 2409 1659 2465 de
1680 2409 1812 2478 ipsis
1839 2410 2087 2464 mercatis

497 2505 642 2573 exigi
675 2514 845 2573 potest
878 2503 1132 2557 fratribus
1179 2501 1374 2556 ibidem
1406 2502 1515 2557 Deo
1570 2502 1942 2555 famulantibus
1966 2515 2087 2571 per-

500 2599 669 2651 tinere
695 2597 813 2650 sine
842 2596 1000 2651 ullius
1023 2594 1463 2649 contradictione.
1512 2593 1771 2648 Jubemus
1801 2595 1997 2662 itaque,
2029 2602 2088 2647 ut

499 2688 821 2756 quicumque
868 2702 930 2740 ex
966 2686 1149 2740 liberis
1189 2685 1493 2747 hominibus
1540 2685 1770 2740 voluerit
1796 2685 2086 2740 advocatus

501 2794 684 2833 eorum
721 2778 987 2832 hominum
1032 2777 1169 2842 ﬁeri,
1215 2777 1302 2847 qui
1332 2792 1521 2831 causas
1543 2791 1665 2831 suas
1696 2791 1951 2847 peragere
1994 2792 2089 2833 ne-

502 2871 679 2922 sciunt
700 2870 899 2937 absque
927 2869 1147 2939 alicujus
1179 2870 1457 2938 potestatis
1492 2867 1683 2940 injuria
1729 2869 1893 2924 libera
1939 2878 2088 2938 pote-

498 2968 642 3014 state
667 2959 955 3028 persistere
976 2960 1199 3027 faciatis,
1230 2960 1478 3030 guardias
1502 2975 1687 3015 eorum
1721 2959 1961 3029 recipere
1986 2974 2086 3014 vo-

502 3047 730 3112 lueritis,
757 3057 809 3103 et
830 3049 994 3104 abbas
1023 3050 1103 3104 vel
1137 3049 1473 3118 praepositus,
1493 3064 1590 3103 seu
1636 3048 1951 3117 advocatus,
1994 3058 2087 3105 aut

504 3139 699 3193 missus
728 3152 914 3193 eorum
931 3137 1157 3194 reddere
1182 3139 1431 3207 voluerit,
1465 3139 1637 3194 nullus
1668 3140 1922 3209 impedire
1953 3158 2086 3211 prte-

501 3238 696 3284 sumat.
758 3228 1016 3284 Addimus
1062 3228 1258 3299 quippe
1289 3230 1458 3292 vobis,
1496 3230 1797 3299 vestrisque
1827 3231 2085 3301 posteris,

501 3331 556 3375 et
577 3323 629 3375 in
656 3320 877 3390 prazfato
909 3320 1233 3374 monasterio
1263 3329 1465 3385 vestro,
1512 3329 1569 3373 ut
1593 3335 1943 3391 quaecumque
1971 3338 2090 3392 per-

502 3429 632 3468 soua
662 3415 879 3479 nobilis,
926 3413 1012 3468 vel
1056 3412 1301 3481 ignobilis
1330 3414 1381 3466 in
1429 3412 1575 3467 omni
1607 3428 1772 3482 regno
1801 3413 1868 3468 de
1910 3427 2086 3477 sacro,

503 3504 586 3558 vel
614 3504 854 3557 saetilari
871 3504 1078 3568 ordine,
1104 3503 1169 3556 ad
1197 3504 1506 3571 praedictum
1530 3516 1772 3559 sanctum
1787 3506 2090 3561 cmnobium

503 3598 749 3666 refugere
768 3596 1015 3661 voluerit,
1057 3605 1147 3649 aut
1172 3610 1261 3650 res
1291 3611 1416 3650 suas
1445 3596 1642 3652 ibidem
1674 3598 1920 3654 conferre
1941 3615 2091 3668 qum-

503 3688 657 3741 sierit
681 3702 786 3741 non
817 3700 1020 3753 comes,
1051 3694 1143 3739 aut
1168 3689 1408 3742 minister
1431 3689 1668 3757 publicus
1700 3689 1949 3744 videlicet
1965 3690 2091 3745 mis-

505 3792 599 3832 sus
630 3787 831 3845 noster,
874 3788 928 3833 et
978 3781 1347 3833 contradicere
1373 3779 1589 3842 audeat,
1640 3782 1733 3835 sed
1769 3781 1926 3836 liceat
1948 3783 1996 3837 ei
2028 3782 2093 3837 li-

510 3871 634 3924 bera
667 3879 928 3938 potestate
955 3869 1024 3923 de
1065 3883 1144 3935 se,
1199 3871 1416 3939 suisque
1457 3871 1704 3925 omnibus
1752 3872 1912 3927 rebus
1938 3872 2093 3943 quid-

511 3959 639 4023 quid
660 3960 887 4012 voluerit
904 3958 955 4012 in
980 3959 1166 4012 eodem
1185 3961 1512 4015 monasterio
1531 3961 1799 4018 conferre.
1834 3962 2090 4019 Volumus

509 4064 741 4118 quoque,
764 4059 818 4104 et
845 4049 1214 4119 concedimus,
1247 4058 1303 4104 ut
1336 4052 1768 4122 quandoquidem
1791 4053 1970 4109 divina
1994 4069 2090 4109 vo-

512 4143 722 4196 catione
750 4141 911 4196 abbas
942 4142 1105 4210 ipsius
1138 4144 1468 4212 monasterii,
1489 4143 1706 4214 ejusque
1726 4159 2087 4213 successores,

514 4268 533 4285 .
566 4270 579 4284 .
615 4272 630 4286 .
662 4232 730 4286 de
755 4233 865 4302 ipsa
883 4235 1517 4303 congregationequalem
1544 4236 1681 4288 inter
1701 4250 1761 4291 se
1791 4237 2089 4306 digniorem

512 4320 832 4389 invenerint,
857 4324 1123 4377 licentiam
1156 4323 1387 4379 habeant
1413 4325 1641 4394 eligendi
1672 4325 1940 4383 abbatem.
1983 4330 2090 4385 lte-

2181 477 2342 533 liceat
2377 476 2551 541 vobis,
2584 487 2638 530 et
2668 476 2859 531 vestris
2886 477 3111 545 posteris
3154 491 3273 530 cum
3316 479 3541 533 omnibus
3564 484 3694 538 rebus

2180 565 2333 621 vobis
2381 567 2660 636 subjectis,
2711 576 2872 635 atque
2918 566 3219 622 hominibus
3270 569 3365 623 sub
3401 571 3695 631 immanitatis

2180 668 2369 714 vestra:
2392 658 2720 715 defensionis
2751 659 2931 728 quieto
2976 660 3162 714 ordine
3200 663 3495 729 consistere,
3542 681 3594 719 ac
3620 681 3694 736 pro

2180 753 2356 817 nobis,
2386 764 2675 821 nostraque
2699 751 2947 822 conjuge,
2982 753 3247 819 totiusque
3274 755 3414 823 regni
3443 759 3588 813 nostri
3611 773 3696 812 sia-

2179 842 2388 898 bilitate
2434 843 2530 898 Dei
2578 842 3009 897 misericordiam
3064 843 3444 900 delectabiliter
3492 863 3692 905 exorare.

2181 933 2528 1003 Prmcipimus
2559 935 2795 1003 insuper,
2836 944 2890 988 ut
2928 949 3029 989 nec
3053 949 3165 1001 vos,
3210 951 3311 992 nec
3351 936 3498 992 futuri
3522 940 3698 996 abbaies

2179 1028 2410 1081 audeant
2457 1027 2759 1097 aliquorum
2817 1026 3093 1082 hominum
3150 1038 3454 1098 pomstatem
3500 1033 3698 1090 conferre

2181 1120 2502 1190 scriptiones
2538 1121 2658 1175 sine
2684 1129 2890 1184 nostra,
2923 1120 3006 1175 vel
3038 1120 3269 1176 filiorum
3316 1132 3584 1179 nostrorum
3604 1126 3695 1195 jus-

2182 1213 2353 1279 sione,
2386 1224 2477 1267 aut
2505 1211 2750 1279 consilio,
2777 1214 2859 1267 vel
2886 1227 3158 1268 consensu
3195 1207 3424 1269 omnium
3464 1220 3698 1272 monacho-

2183 1318 2325 1369 rum,
2359 1314 2452 1357 ant
2488 1301 2687 1372 injuste
2724 1303 3178 1371 disponendarum
3212 1319 3387 1359 rerum
3434 1311 3699 1363 monentiu-

2184 1408 2308 1448 nem
2329 1392 2597 1464 delegare,
2643 1408 2741 1449 nec
2766 1395 2909 1449 ullus
2936 1396 3229 1451 monachus
3250 1397 3420 1468 aliqua
3466 1413 3699 1467 praesumat

2183 1488 2501 1540 conlirmare
2538 1474 2850 1553 scriptione,
2897 1487 2987 1555 qui
3040 1501 3153 1542 sua:
3203 1489 3447 1557 probatur
3484 1506 3573 1546 non
3606 1507 3699 1549 esse

2188 1578 2498 1644 potestatis;
2541 1576 2683 1646 quod
2706 1578 2751 1632 si
2782 1576 2989 1642 fecerit,
3024 1578 3190 1633 robur
3232 1580 3430 1636 nullum
3455 1584 3697 1640 obtineant.

2186 1664 2521 1719 Conferimus
2541 1668 2701 1721 etiam
2724 1667 2898 1734 vobis,
2931 1679 2980 1722 et
3008 1669 3059 1722 in
3086 1668 3259 1738 ipsum
3287 1680 3504 1727 vestram
3531 1687 3699 1730 sacrum

2117 1736 2160 1793 Β
2190 1755 2496 1810 cwnobium
2525 1755 2779 1811 olivetum
2828 1773 2990 1811 unum
3041 1758 3095 1812 in
3130 1759 3466 1815 lutninaribus
3507 1767 3703 1819 ecclesiis

2187 1846 2377 1915 positas
2432 1862 2598 1916 prope
2652 1847 2931 1903 castellum
2981 1850 3213 1919 Aginulli
3242 1893 3259 1915 ,
3320 1853 3451 1922 quod
3499 1852 3703 1924 pertinuit

2185 1937 2254 1992 de
2306 1947 2459 1993 curte
2510 1948 2688 1994 nostra
2734 1937 3014 2009 Lucense,
3065 1953 3124 1997 et
3163 1943 3295 1998 duas
3329 1960 3470 2001 casas
3520 1952 3704 2003 massi-

2187 2030 2288 2084 tias
2340 2045 2405 2085 ex
2455 2031 2567 2101 ipsa
2620 2041 2793 2099 curte,
2853 2048 2973 2102 qua:
3016 2038 3341 2106 regebantur
3393 2054 3478 2107 per
3519 2041 3705 2098 Manilrit

2185 2120 2612 2177 etFulculonem
2659 2139 2967 2194 germanos,
3015 2137 3071 2182 et
3129 2140 3348 2198 nepotes
3391 2146 3555 2187 eorum
3600 2136 3703 2189 Cre-

2186 2214 2363 2281 spulo,
2410 2212 2659 2268 Lucciolo
2685 2223 2740 2269 et
2767 2215 3008 2272 Bertuio.
3056 2218 3198 2285 Quin
3222 2221 3379 2276 etiam
3406 2224 3704 2291 prndouamus

2186 2306 2461 2360 sanctitati
2491 2316 2708 2374 vestras,
2746 2309 3046 2379 vestrisque
3074 2314 3307 2380 posteris
3345 2316 3394 2369 in
3428 2330 3701 2385 perpetuum,

2190 2403 2248 2450 ut
2270 2411 2335 2451 ex
2368 2397 2483 2464 ipso
2530 2407 2715 2452 sancto
2758 2401 3024 2465 cmnobio,
3047 2412 3102 2457 et
3136 2405 3313 2471 rebus,
3338 2424 3458 2475 quas
3487 2409 3627 2478 vobs,
3655 2424 3697 2464 et
3746 2458 3749 2461 Α

2188 2488 2257 2543 ibi
2281 2488 2627 2556 contulimus,
2661 2491 2743 2546 vel
2774 2492 2962 2547 futuris
2993 2496 3323 2563 temporibus
3344 2501 3596 2569 acquirere
3621 2502 3703 2556 Deo

2189 2580 2419 2652 propitio
2478 2582 2756 2651 potueritis
2801 2592 2910 2638 tam
2958 2599 3077 2652 vos,
3132 2603 3295 2656 quam
3343 2593 3521 2658 posteri
3556 2594 3701 2655 vestri,

2188 2673 2393 2728 nullum
2440 2671 2743 2739 servitium,
2803 2674 2889 2730 vel
2939 2676 3265 2733 donationes
3308 2693 3339 2732 a
3381 2682 3519 2735 nobis
3557 2683 3707 2738 exinde

2189 2765 2468 2836 exigantur
2497 2780 2593 2834 pro
2637 2766 3011 2824 benedictione
3039 2768 3091 2823 in
3124 2772 3509 2841 quadragesima
3549 2777 3707 2842 majore

2189 2855 2262 2912 40
2284 2858 2473 2924 lucios,
2504 2866 2559 2912 et
2583 2858 2636 2911 in
2659 2858 3066 2929 quadragesima
3092 2864 3269 2919 sancti
3295 2864 3491 2919 Martini
3516 2866 3709 2920 similiter

2193 2964 2288 3019 per
2311 2950 2529 3005 missum
2555 2950 2725 3020 ipsius
2748 2953 3058 3008 monasterii
3082 2958 3421 3027 consignatos
3447 2959 3494 3012 in
3519 2958 3706 3027 Papiam,

2192 3050 2285 3095 aut
2311 3042 2364 3096 in
2396 3041 2690 3109 Mantuam,
2719 3042 2832 3098 sive
2858 3045 2904 3099 si
2933 3041 3196 3103 fuerimus
3236 3049 3543 3104 Ravennam.
3584 3047 3706 3101 (καί.

2191 3148 2309 3198 mus
2337 3143 2395 3188 et
2431 3144 2624 3190 γθειῐω
2667 3140 3003 3205 reverentiae,
3050 3152 3518 3209 successorumque
3542 3148 3705 3195 VBSIrO'

2190 3239 2306 3279 rum
2358 3224 2409 3278 in
2457 3226 2871 3294 sempiternum,
2919 3238 2976 3282 ut
3026 3229 3275 3287 habeatis
3326 3232 3570 3287 licentiam
3605 3232 3705 3284 retia

2193 3316 2449 3372 trahenda
2478 3331 2572 3387 per
2606 3318 2807 3373 Padum
2853 3319 2920 3374 ad
2967 3321 3142 3388 pisces
3189 3322 3418 3394 majores
3461 3324 3708 3377 minoresve

2190 3410 2500 3479 capiendos,
2544 3425 2574 3464 a
2625 3411 2763 3477 laco,
2815 3414 2905 3483 qui
2952 3413 3149 3469 dicitur
3194 3415 3482 3485 Fossatum,
3511 3413 3708 3484 usquein

2190 3516 2361 3566 mare,
2403 3512 2459 3558 et
2503 3503 2821 3571 ubicumque
2852 3504 2905 3559 in
2937 3506 3083 3559 omni
3116 3521 3288 3577 regno
3318 3518 3490 3561 nostro
3520 3505 3709 3559 habeatis

2192 3607 2353 3659 nunc,
2385 3594 2465 3648 vel
2491 3593 2781 3649 habueritis
2810 3595 2863 3649 iu
2896 3596 3095 3663 futuro,
3126 3603 3315 3669 sylvas
3339 3610 3615 3652 communes
3638 3596 3709 3647 ha-

2191 3682 2383 3748 beatis,
2413 3693 2467 3737 et
2494 3683 2750 3752 piscarias
2786 3684 2831 3738 si
2870 3685 2942 3739 ibi
2986 3696 3133 3753 sunt,
3191 3704 3255 3743 ac
3303 3691 3473 3743 caueri
3520 3687 3709 3741 homines

2193 3789 2296 3829 una
2336 3788 2457 3828 cum
2497 3774 2782 3830 medietate
2806 3775 2873 3831 de
2903 3786 3058 3847 porto
3090 3778 3140 3831 in
3169 3794 3306 3849 aqua
3340 3781 3502 3849 longa,
3528 3792 3625 3847 quae
3646 3783 3709 3829 est

2187 3866 2336 3935 juxta
2385 3876 2552 3920 strata
2606 3868 2833 3936 publica,
2884 3878 2941 3924 et
2990 3870 3250 3938 pertinuit
3290 3873 3358 3927 de
3398 3882 3533 3926 curte
3567 3877 3708 3923 nostra

2190 3958 2391 4012 civitati
2464 3973 2637 4012 novae.
2727 3958 2878 4014 Unde
2936 3961 3138 4030 reliqua
3193 3963 3470 4018 medietate
3516 3960 3707 4017 ecclesia:

2191 4051 2383 4106 sancti
2409 4051 2709 4107 Geminiani
2753 4053 2950 4108 habere
3005 4056 3285 4123 probatur,
3331 4067 3483 4124 atque
3526 4067 3704 4123 granum

2193 4142 2339 4195 illum
2381 4144 2520 4211 quod
2571 4158 2747 4198 annue
2794 4146 3064 4216 colligitur
3100 4147 3172 4201 de
3214 4150 3470 4217 portatico
3519 4147 3562 4199 in
3590 4154 3709 4198 curte

2191 4241 2392 4296 nostra,
2411 4246 2529 4301 quae
2549 4234 2644 4287 sita
2671 4244 2753 4287 est
2782 4234 2833 4288 iu
2860 4235 3074 4289 civitate
3102 4253 3263 4302 nova,
3293 4238 3361 4292 de
3379 4246 3607 4307 quantum
3634 4246 3708 4299 pro

2168 4325 2312 4392 ,ipso
2357 4324 2629 4393 colligitur
2671 4326 2954 4394 portatico,
2998 4338 3262 4397 quatenus
3304 4330 3372 4382 ab
3399 4329 3619 4382 hodierna
3643 4320 3710 4375 die

515 4428 738 4482 rumque
759 4414 1105 4469 concedimus
1133 4416 1306 4481 vobis,
1334 4418 1635 4487 vestrisque
1662 4421 2087 4487 successoribus,
2117 4436 2168 4498 υ
2194 4425 2434 4471 nostrum
2485 4417 2740 4473 habentes
2780 4419 3184 4475 serenissimum
3219 4435 3547 4490 praeceptum,
3574 4420 3709 4486 ipsum

516 4512 575 4555 ut
602 4504 669 4557 de
690 4503 914 4573 singulis
942 4505 1161 4560 navibus
1192 4508 1505 4575 portaticum
1558 4508 1722 4564 libera
1763 4521 1940 4566 vestra
1971 4513 2087 4568 exi-

512 4595 649 4663 gatis
678 4604 972 4664 potestate;
1016 4597 1315 4663 statuimus,
1356 4608 1410 4653 et
1434 4599 1601 4654 modis
1648 4600 1893 4656 omnibus
1931 4604 2089 4672 jube-

518 4703 661 4753 ntus,
692 4699 847 4757 prout
892 4703 1050 4758 supra
1080 4690 1280 4745 dictum
1311 4700 1416 4757 est,
1465 4703 1726 4761 quatenus
1781 4693 1833 4749 in
1886 4698 2089 4764 prmlati

517 4779 827 4833 monasterii
859 4794 945 4835 res
976 4780 1145 4836 nullas
1184 4781 1500 4850 superioris,
1544 4782 1625 4837 vel
1654 4783 1923 4840 inferioris
1945 4787 2092 4841 ordi-

518 4872 623 4938 nis,
652 4870 735 4926 vel
766 4869 1070 4939 episcopus,
1094 4880 1183 4925 aut
1204 4886 1405 4936 comes,
1438 4882 1527 4926 aut
1556 4874 1847 4944 gastaldus,
1881 4876 1965 4931 vel
2013 4876 2092 4932 rei

523 4966 746 5032 publicae
778 4964 1067 5034 proximior
1112 4966 1163 5017 in
1192 4965 1428 5033 qualibet
1469 4968 1715 5035 prtedicta
1761 4970 2091 5026 invasionem

519 5054 698 5109 facere
724 5056 938 5122 audeat,
978 5057 1088 5110 ullo
1117 5056 1168 5109 in
1208 5056 1329 5109 loco
1359 5071 1463 5111 non
1503 5058 1569 5112 ad
1598 5073 1786 5115 causas
1810 5060 2093 5131 judiciario

521 5162 669 5201 tnore
696 5132 1007 5209 audiendas,
1043 5148 1122 5202 vel
1155 5147 1351 5209 ﬂenda,
1384 5148 1663 5219 exigenda,
1712 5159 1804 5207 aut
1856 5154 2092 5208 mansio-

521 5254 636 5305 nes,
675 5239 755 5291 vel
785 5248 993 5306 paratas
1024 5238 1315 5303 faciendas,
1361 5241 1443 5295 vel
1485 5241 1811 5310 peral‘redos,
1842 5252 1934 5297 aut
1964 5244 2094 5299 lide-

516 5329 755 5400 jussores
782 5330 1062 5395 tollendos,
1084 5341 1175 5385 aut
1202 5332 1445 5385 homines
1470 5339 1577 5385 tam
1615 5330 1896 5401 ingenuos,
1937 5333 2094 5388 liber-

521 5435 626 5486 tos,
645 5436 909 5491 quamque
924 5437 1114 5477 servos
1134 5437 1295 5491 super
1313 5431 1508 5477 terram
1534 5423 1699 5492 ipsius
1720 5423 1963 5479 ecclesiae
1985 5439 2095 5478 ma-

521 5525 729 5579 nentes,
758 5515 871 5568 sive
894 5515 1421 5586 emphyteuticarios,
1446 5528 1499 5571 et
1526 5521 1919 5589 suprascriptos
1942 5559 1957 5573 .
1987 5556 2006 5574 .
2036 5560 2049 5574 .
2080 5558 2096 5575 .

523 5608 668 5660 nullo
690 5608 848 5660 modo
875 5609 1270 5679 distrugeudos,
1305 5627 1403 5667 nec
1435 5613 1573 5670 ullas
1595 5615 1836 5684 publicas
1863 5616 2097 5676 functio-

526 5710 644 5763 nes,
675 5707 764 5750 aut
792 5698 1197 5773 redhibitiones,
1237 5704 1326 5758 vel
1360 5704 1574 5763 illicitas
1596 5708 1903 5769 occasiones
1925 5712 2095 5783 inqui-

2194 4517 2443 4563 sanctum
2496 4510 2880 4564 monasterium
2945 4523 3187 4566 vestrum
3250 4512 3465 4566 firmiter
3512 4507 3712 4578 superius

2192 4600 2577 4668 comprehensa
2605 4601 2824 4655 valeatis
2849 4603 3145 4670 possidere,
3182 4614 3238 4659 ut
3265 4607 3434 4660 nullus
3458 4603 3710 4672 episcupuS.

2192 4689 2279 4744 vel
2318 4689 2567 4757 clericus,
2614 4690 2743 4755 dus,
2775 4705 2977 4759 comes,
3016 4696 3309 4763 gastaldns,
3341 4696 3419 4750 vel
3444 4690 3714 4749 actionarius

2194 4789 2396 4849 noster,
2428 4793 2516 4836 aut
2544 4784 2808 4852 quispiam
2841 4799 3083 4856 magnus,
3133 4803 3430 4857 parvusque
3477 4785 3715 4842 Gasindins

2193 4883 2379 4929 contra
2412 4875 2515 4930 hoc
2542 4887 2784 4930 nostrum
2817 4876 3083 4933 (inuitatis
3114 4889 3436 4951 praeceptum
3465 4880 3631 4933 audeat
3652 4876 3713 4928 ire

2193 4969 2664 5038 quandocumque,
2713 4971 2807 5024 sed
2846 4972 2991 5026 omni
3046 4981 3307 5042 tempore,
3353 4976 3403 5028 in
3445 4976 3543 5038 jam
3562 4980 3712 5025 sancto

2195 5063 2525 5135 monasterio
2568 5070 2771 5129 vestro,
2830 5063 2914 5119 vel
2956 5063 3105 5119 vobis
3143 5065 3614 5133 successoribusque
3637 5073 3711 5112 ve—

2196 5155 2323 5208 stris
2344 5153 2545 5209 stabilis
2576 5165 2883 5223 permaneat
2910 5157 2962 5211 in
2996 5167 3328 5227 perpetuum.
3356 5160 3409 5215 Si
3437 5157 3542 5225 quis
3566 5160 3709 5207 autem

2197 5246 2354 5316 hujus
2393 5256 2589 5301 nostra:
2628 5249 2993 5316 lnscriptionis
3039 5252 3319 5305 temerario
3364 5264 3485 5302 ausu
3526 5244 3712 5299 violator

2196 5336 2479 5404 exstiterit,
2508 5346 2563 5392 et
2602 5336 2738 5392 hanc
2766 5349 3000 5393 nostram
3023 5343 3310 5409 jussionem
3338 5356 3425 5409 per
3450 5337 3605 5393 omnia
3629 5346 3711 5386 non

2196 5431 2583 5498 observaverit,
2632 5431 2767 5485 sciat
2808 5446 2868 5486 se
2911 5434 3326 5501 compositurum
3366 5441 3559 5485 centum
3582 5427 3713 5479 libra!

2197 5524 2310 5576 auri
2343 5522 2551 5590 nptimi,
2586 5522 2926 5577 medietatem
2950 5522 3005 5576 in
3029 5525 3220 5592 palatio
3251 5533 3449 5588 nostro,
3478 5529 3528 5574 et
3552 5514 3713 5571 medie-

2202 5624 2362 5669 tatem
2421 5614 2728 5683 supradicto
2783 5617 3108 5670 monasterio
3160 5627 3353 5670 vestro.
3405 5609 3714 5667 Concedimus

2203 5712 2420 5780 insuper
2469 5709 2646 5766 omnia
2690 5709 2863 5777 vobis,
2913 5712 3208 5780 vestrisque
3256 5703 3627 5765 successoribus
3667 5696 3708 5747 iu
