4056 6178
370 347 501 399 ΗΠ

1461 346 1851 403 ΒῘΡΕΟΜΑΤΛ
1894 345 2167 403 ECCLES.
2212 346 2544 404 SELECTA.

3480 347 3615 407 Mlb‘

358 469 689 527 perpetuum,
746 468 805 538 ut
849 458 915 525 si,
970 459 1109 529 quod
1162 459 1320 525 absit,
1369 463 1668 532 quicunque
1706 479 1819 525 rex,
1857 463 1935 518 rei
1969 467 2011 519 Α
2115 462 2301 512 Actum
2355 461 2636 515 Beueveuti
2688 461 2738 515 in
2790 461 3021 530 palatio,
3066 475 3251 519 mense
3295 461 3498 534 Aprili,
3533 465 3613 522 in-

358 557 683 624 imperator,
737 569 830 610 seu
870 556 1091 625 quilibet
1139 571 1307 611 sacra:
1357 558 1487 627 legis
1538 561 1804 622 canonici,
1849 572 1937 613 aut

358 658 745 717 praeceptorum
804 649 1259 717 prtedeeessorum
1314 661 1618 706 nostrorum
1677 668 1932 723 regnum,

355 742 439 796 vel
465 741 783 806 futurorum,
808 750 994 796 contra
1023 743 1124 797 hoc
1150 754 1389 797 nostrum
1421 755 1742 815 praeceptum
1766 748 1933 800 dona-

356 835 518 888 tionis
541 835 895 898 intentaverit,
911 844 1000 889 aut
1021 837 1319 915 coenobium
1344 838 1650 906 prmdictum
1675 852 1934 906 vestrum,

355 925 471 979 sive
501 939 585 979 res
606 926 721 993 ejus
753 926 802 978 in
837 925 1055 981 fratrum
1108 928 1386 997 stipendiis
1436 931 1675 996 collatas,
1725 942 1774 986 et
1809 948 1933 1000 pau-

359 1034 542 1088 perum
574 1019 771 1075 Christi
804 1021 1142 1077 deminorare
1174 1026 1592 1093 praesumpserit,
1621 1034 1711 1078 aut
1740 1025 1789 1078 iu
1833 1025 1933 1077 ali-

358 1125 465 1176 quo
502 1109 662 1163 alicui
690 1125 786 1177 per
814 1112 1152 1177 beneficium,
1182 1114 1266 1167 vel
1300 1128 1395 1181 pro
1424 1129 1757 1183 quocumque
1785 1114 1935 1181 inge-

358 1202 450 1254 nio
498 1200 729 1267 dederit,
785 1204 942 1257 liceat
985 1205 1157 1271 vobis,
1210 1206 1506 1275 vestrisque
1555 1209 1783 1275 posteris
1811 1225 1931 1261 cum

359 1290 560 1355 omnia,
592 1307 710 1360 qua:
753 1295 1116 1361 suprascripta
1147 1304 1293 1358 sunt,
1324 1294 1540 1350 cuilibet
1562 1306 1762 1352 sancta:
1793 1298 1936 1351 sedis

360 1382 666 1449 apostolica:
709 1381 810 1435 PP.
858 1382 972 1438 sive
1020 1384 1449 1453 imperatoribus,
1493 1396 1651 1457 atque
1697 1388 1928 1456 regibus,

361 1488 455 1527 seu
507 1474 623 1525 aliis
666 1474 1068 1544 quibuseunque
1118 1477 1327 1546 regibus
1375 1476 1654 1531 catholicis
1706 1480 1932 1533 subdere

363 1564 639 1632 potestati,
672 1573 725 1619 et
750 1565 913 1619 veluti
962 1567 1216 1620 saeculum
1247 1568 1517 1621 hominum
1548 1569 1835 1622 secundum
1875 1568 1939 1621 ri-

364 1664 472 1717 tum
503 1655 731 1722 antiqua:
762 1654 891 1722 legis
923 1670 1017 1723 per
1041 1671 1227 1725 regum
1269 1666 1532 1726 praecepta
1583 1672 1675 1712 sua
1726 1660 1935 1713 firmata

362 1743 658 1797 tenentium
709 1746 968 1799 securiter
1022 1755 1221 1809 tenere,
1256 1748 1562 1815 possidere,
1615 1759 1774 1817 atque
1825 1759 1934 1801 tra-

2043 548 2274 605 diCtioue
2304 552 2549 619 septima.

2738 641 2916 697 XLIV.

2114 730 2333 785 Donatio
2367 732 2573 786 Teducii
2604 749 2695 802 pro
2726 734 2937 789 ecclesia
2971 734 3182 789 Reatina
3208 742 3368 807 (anno
3390 738 3540 808 772).

2110 821 2146 891 1-
2174 821 2228 874 1η
2260 821 2473 877 nomine
2504 823 2619 886 Dei,
2648 832 2699 878 et
2729 824 3018 879 Salvatoris
3047 829 3210 881 nostri
3238 826 3363 882 Jesu
3392 828 3612 884 Clu-isti.

2041 909 2316 980 Reguante
2353 913 2549 968 domno
2586 924 2768 969 nostro
2800 915 3071 971 Desiderio
3091 959 3106 982 ,
3135 927 3188 973 et
3220 918 3475 975 Aldechio
3507 920 3613 975 filio

2042 1001 2157 1068 ejus
2198 1001 2450 1069 piissimis
2486 1006 2719 1074 regibus,
2747 1021 2885 1061 anno
2916 1009 3061 1076 regni
3101 1024 3283 1063 eorum
3322 1022 3471 1066 xvnt.
3507 1013 3613 1083 ligo

2044 1091 2094 1143 in
2127 1091 2217 1146 Dei
2248 1092 2463 1149 nomine
2497 1096 2762 1152 Teducius
2801 1098 3279 1155 excellentissimus
3310 1101 3416 1156 dux
3447 1103 3614 1158 dona-

2043 1194 2181 1245 mus,
2205 1192 2365 1251 atque
2390 1186 2733 1239 concedimus
2762 1186 3072 1241 lsermundo
3092 1199 3288 1245 sanctae
3309 1190 3454 1246 sedis
3478 1191 3618 1245 Reae

2045 1271 2168 1326 tina:
2217 1274 2457 1329 ecclesia:
2506 1276 2754 1331 venerab.
2806 1278 3056 1347 episcOpo
3113 1292 3209 1347 pro
3256 1281 3619 1350 redemptione

2043 1364 2235 1418 animae
2266 1372 2480 1418 nostras.
2509 1406 2523 1419 .
2553 1407 2561 1414 .
2594 1406 2608 1418 .
2635 1408 2649 1421 .
2682 1382 2797 1431 res,
2829 1381 2946 1437 qua:
2976 1383 3003 1421 a
3038 1369 3186 1422 nobis
3208 1370 3337 1424 satis
3367 1372 3616 1439 pertinet,

2045 1458 2145 1508 hoc
2183 1462 2266 1509 est
2293 1470 2380 1510 res
2420 1457 2547 1524 ipsa:
2584 1457 2635 1511 in
2674 1458 2942 1512 territorio
2980 1458 3202 1513 Reatino
3248 1460 3300 1514 in
3354 1462 3502 1528 loco,
3532 1462 3621 1516 ubi

2043 1544 2237 1600 dicitur
2261 1544 2484 1611 Colline,
2514 1550 2626 1616 ipsa
2655 1559 2808 1604 curte
2835 1552 2900 1603 de
2931 1549 3153 1604 Varanis
3182 1563 3301 1604 cum
3333 1564 3445 1604 xm
3471 1566 3622 1607 man-

2044 1650 2135 1691 sos
2156 1677 2172 1703 ,
2203 1647 2255 1693 et
2287 1653 2407 1693 cum
2440 1640 2551 1708 ipsa
2580 1641 2798 1696 ecclesia
2828 1641 2996 1696 sancti
3028 1642 3201 1697 Manni
3222 1684 3237 1708 ,
3269 1658 3387 1711 qua:
3415 1650 3492 1697 est
3527 1645 3622 1697 ibi-

2046 1727 2165 1780 dem
2199 1728 2452 1784 aedificata
2493 1746 2613 1785 cum
2654 1733 2843 1798 terris,
2876 1732 3074 1799 vineis,
3112 1744 3166 1788 et
3211 1748 3331 1805 cum
3379 1736 3622 1789 omnibus

364 1834 515 1895 dere,
549 1850 665 1903 qua,
694 1834 844 1890 vobis
877 1837 1161 1904 placuerit.
1197 1796 1343 1890 ὲιτηι
1370 1796 1571 1891 certi“;
1597 1796 1939 1893 abjomnibus
1975 1796 2019 1855 Β
2051 1818 2379 1885 pertinentiis
2405 1818 2519 1889 ejus
2549 1822 2737 1889 cultis,
2771 1832 2824 1876 et
2851 1822 3097 1890 incultis,
3137 1832 3189 1877 et
3227 1839 3345 1878 cum
3375 1824 3623 1879 omnibus

363 1928 633 1993 credatur,
686 1928 1170 1999 inviolabiliterque
1206 1946 1236 1984 a
1277 1931 1484 1984 cunctis
1526 1930 1770 1985 fidelibus
1801 1945 1937 2001 prle-

363 2018 627 2083 seutibus,
680 2019 972 2090 futurisque
1019 2010 1352 2085 observetur,
1404 2021 1586 2076 annuli
1631 2022 1795 2077 nostri
1843 2024 1942 2077 im-

366 2114 644 2180 pressione
683 2114 872 2170 subtus
895 2115 1151 2184 jussimus
1183 2115 1432 2185 sigillari.
1467 2116 1540 2170 Ex
1570 2116 1713 2171 dicto
1742 2118 1939 2172 domini

365 2203 507 2272 regis
540 2218 635 2273 per
661 2203 856 2261 Tlieut.
883 2221 976 2275 per
1006 2214 1327 2275 prarceptnm
1358 2206 1438 2260 ill.
1463 2208 1603 2276 regis
1629 2205 1817 2276 scripsi
1842 2222 1943 2276 ego

367 2296 785 2359 prutnnotarius.

445 2386 569 2439 Data
603 2388 655 2439 in
688 2388 889 2455 palatio
918 2386 1080 2442 Otalii
1115 2404 1143 2441 ι
1173 2387 1258 2443 die
1301 2387 1501 2443 mensis
1541 2388 1813 2444 Februarii
1852 2403 1942 2443 an.

370 2475 672 2532 felicissimi
720 2479 871 2546 regni
926 2479 1138 2534 nostri.
1169 2517 1186 2533 .
1222 2518 1238 2534 .
1273 2495 1366 2550 per
1411 2480 1523 2535 iud.
1576 2494 1646 2534 vn
1704 2481 1942 2544 feliciter,

365 2584 511 2622 anno
541 2570 693 2623 Dom.
731 2569 936 2625 lucaru.
974 2585 1189 2626 eccum

442 2664 631 2714 Actum
664 2659 825 2729 Papia
855 2661 907 2714 iu
936 2660 1135 2715 Christi
1169 2661 1385 2716 nomine
1415 2660 1658 2718 feliciter.

1062 2750 1241 2805 XLIII.

366 2837 666 2909 Capitulum
695 2838 892 2910 Arichi;
918 2840 1160 2909 principis
1186 2856 1279 2910 pro
1307 2826 1520 2898 ecclesia
1546 2854 1738 2898 sancta:
1768 2842 1951 2899 Marias

847 2908 1116 2964 Beneventi
1144 2908 1303 2979 (anno
1334 2912 1479 2983 769).

437 3000 495 3056 In
527 3001 743 3055 nomine
775 3001 979 3055 Domini
1014 3003 1103 3056 Dei
1131 3005 1422 3058 SalvatorLs
1448 3004 1615 3059 nostri
1641 3004 1766 3061 Iesu
1794 3004 1953 3060 Chri-

2046 1908 2282 1964 aedificiis
2303 1910 2536 1977 illorum,
2560 1928 2679 1967 cum
2706 1913 2896 1979 servis,
2919 1924 2971 1971 et
2993 1914 3219 1981 ancillis,
3244 1914 3396 1970 sicuti
3427 1924 3623 1970 nostra:

2050 2001 2326 2065 potestatis
2351 2009 2433 2056 est
2462 2016 2582 2058 cum
2605 2005 2826 2072 campis,
2853 2011 2907 2059 et
2934 2004 3101 2070 silvis,
3123 2017 3242 2059 cum
3276 2004 3540 2078 montibus
3570 2014 3624 2061 et

2049 2088 2305 2155 planitiis,
2335 2104 2454 2146 cum
2487 2093 2721 2158 selectis,
2748 2103 2800 2147 et
2833 2094 3085 2160 pratibus,
3114 2105 3167 2149 et
3196 2095 3434 2151 decursis
3463 2112 3625 2167 aqua-

2049 2192 2196 2245 rum,
2226 2182 2400 2236 omnia
2431 2184 2483 2237 in
2510 2183 2781 2252 omnibus,
2812 2185 2945 2239 sicut
2972 2187 3333 2255 supradictum
3360 2195 3462 2254 est,
3491 2202 3625 2243 cou-

2048 2272 2287 2328 cedimus
2308 2273 2464 2330 dictae
2489 2275 2730 2331 ecclesiae
2753 2286 2804 2332 et
2826 2277 2942 2347 ejus
2961 2280 3379 2334 successoribus.
3410 2280 3626 2349 insuper

2048 2363 2389 2418 concedimus
2416 2365 2671 2433 praedicto
2692 2368 2940 2437 episcopo
2968 2383 3183 2439 sumque
3210 2370 3468 2436 ecclesiae,
3491 2372 3626 2425 suis-

2048 2468 2154 2521 que
2180 2457 2578 2511 successoribus
2601 2466 2762 2511 totam
2786 2468 3003 2524 terram,
3031 2459 3117 2512 ubi
3142 2459 3336 2514 dicitur
3363 2458 3627 2515 Manciam

2050 2557 2178 2597 num
2199 2583 2214 2608 ,
2245 2552 2316 2599 et.
2343 2582 2358 2597 .
2388 2584 2402 2599 .
2427 2582 2443 2598 .
2469 2586 2485 2601 .
2513 2562 2633 2601 cum
2665 2547 2791 2617 ipsa:
2816 2549 3054 2604 ecclesia:
3077 2592 3091 2615 ,
3126 2566 3242 2619 quae
3281 2550 3473 2607 ibidem
3502 2565 3628 2608 sunt

2050 2637 2323 2694 aedificata:
2353 2647 2461 2695 tam
2492 2642 2543 2695 in
2596 2643 2865 2697 montibus
2903 2656 3058 2712 quam
3092 2643 3143 2698 in
3175 2645 3504 2710 planitiebus.
3538 2646 3625 2703 Iu-

2051 2744 2211 2800 super
2236 2733 2478 2789 dedimus
2504 2735 2613 2804 jam
2646 2736 2791 2792 dicto
2828 2736 3077 2805 episcopo
3107 2738 3267 2794 etiam
3310 2741 3628 2809 supradicta:

2052 2822 2294 2880 ecclesia;
2315 2868 2331 2891 ,
2360 2826 2577 2896 suisque
2605 2829 3005 2883 successoribus
3037 2829 3086 2882 in
3119 2829 3387 2884 territorio
3421 2830 3627 2885 Narua-

2054 2914 2184 2987 tino,
2216 2916 2269 2971 in
2300 2916 2415 2973 loco
2454 2917 2544 2987 qui
2570 2916 2761 2972 dicitur
2786 2918 2849 2972 ad
2882 2916 3089 2973 Ulmum
3118 2934 3254 2974 casae
3288 2934 3365 2975 xu
3399 2937 3517 2990 quae
3548 2933 3629 2978 te-

2051 3018 2248 3082 guntur
2275 3023 2366 3079 per
2386 3007 2659 3072 Mellitum,
2685 3016 2739 3062 et
2768 3007 3120 3072 Palummum,
3150 3006 3255 3065 Rac
3279 3009 3550 3079 Ursiilnm,
3575 3024 3630 3067 et

366 3094 456 3145 sti.
492 3092 714 3146 Arechis
747 3093 1002 3148 Dominus
1032 3094 1112 3149 vir
1135 3094 1586 3164 gloriosissimus,
1617 3108 1777 3167 atque
1803 3113 1949 3153 sum-
1983 3140 2028 3203 ϐ
2055 3119 2179 3160 cura
2199 3101 2469 3167 fratribus,
2494 3110 2547 3156 et
2569 3100 2690 3156 filiis
2710 3115 2915 3156 eorum.
2945 3100 3066 3156 llaec
3087 3102 3260 3156 omnia
3290 3105 3629 3160 concedimus

372 3200 494 3239 mus
520 3188 624 3239 tlux
648 3187 822 3257 gentis
848 3188 1342 3258 Langobardorum,
1368 3206 1463 3260 per
1486 3206 1670 3262 rogum
1695 3192 1948 3248 Arnoaldi

365 3278 575 3332 abbatis
624 3280 830 3345 nostri,
879 3280 1269 3336 absolutionem
1311 3283 1552 3337 ecclesiae
1601 3268 1951 3340 sanctissima:

370 3370 463 3426 Dei
514 3374 787 3442 genitricis
846 3375 1066 3441 Marim,
1128 3387 1182 3430 ct
1242 3376 1411 3429 sancti
1461 3375 1742 3441 Martiani,
1794 3391 1951 3444 quam

366 3466 636 3532 quondam
666 3465 902 3521 Gardino
929 3468 1092 3523 abbas
1122 3483 1151 3522 a
1183 3482 1321 3523 novo
1348 3466 1657 3523 fundamine
1687 3469 1832 3523 visus
1857 3468 1953 3521 fuit

366 3556 419 3610 in
463 3560 580 3612 loco
632 3560 719 3628 qui
765 3559 960 3614 dicitur
999 3560 1176 3618 i‘latea
1202 3599 1219 3626 ,
1272 3560 1565 3615 secundum
1605 3559 1832 3628 qualiter
1860 3573 1955 3628 per

365 3662 525 3704 suum
567 3652 935 3708 membranqu
977 3652 1277 3718 firmitatis,
1315 3663 1370 3708 et
1398 3651 1776 3717 absolutionis,
1811 3649 1951 3720 quod

367 3741 602 3798 Joannes
640 3744 965 3800 venerabilis
995 3744 1276 3813 episcopus
1303 3753 1500 3798 sanctre
1540 3744 1681 3799 sedis
1711 3742 1955 3799 ecclesia:

369 3846 567 3890 nostra:
606 3837 1005 3893 Beneventanis:
1038 3837 1295 3908 prmdieto
1333 3836 1567 3892 Cardino
1610 3851 1709 3893 suo
1757 3836 1956 3892 annulo

367 3927 657 3996 sigillatum
698 3930 876 3984 emisit
908 3945 923 3983 :
955 3928 1143 3984 Nostra
1175 3930 1389 3999 quidem
1417 3929 1652 4000 gloriosa
1695 3937 1954 3999 potestas,

368 4016 515 4085 juxta
548 4018 915 4073 membranum
942 4019 1108 4087 ipsius
1127 4017 1349 4075 Joannis
1370 4019 1604 4089 episcOpi
1629 4019 1681 4073 in
1707 4018 1953 4088 praedicta

368 4115 551 4162 sancta
581 4107 806 4164 ecclesia
843 4108 946 4163 hoc
984 4093 1226 4164 nostrum
1252 4111 1602 4167 absolutionis
1633 4120 1954 4180 praeceptum

370 4197 603 4252 firmavit
626 4198 678 4253 in
705 4214 767 4253 ea
797 4200 1028 4265 ratione,
1052 4208 1111 4253 ut
1137 4201 1504 4256 tantummodo
1528 4200 1592 4254 ad
1619 4216 1830 4256 sacrum
1862 4214 1958 4255 no-

368 4299 536 4342 strum
578 4287 831 4356 palatium
873 4290 1200 4345 audientiam
1241 4290 1438 4349 habere
1474 4291 1701 4357 debeat,
1732 4294 1867 4347 sicut
1904 4299 1960 4346 et

366 4390 563 4434 caetera
594 4392 775 4433 nostra
808 4383 1127 4436 monasteria
1162 4383 1213 4436 in
1254 4394 1433 4438 nostra
1462 4383 1569 4437 sint
1606 4398 1819 4450 semper
1863 4397 1959 4451 po-

2055 3197 2283 3268 qualiter
2318 3210 2479 3265 supra
2511 3194 2722 3264 legitur,
2753 3203 2811 3248 ut
2838 3194 2993 3248 dicta:
3022 3195 3260 3250 ecclesia:
3291 3195 3497 3251 firmum
3519 3236 3535 3263 ,
3575 3206 3632 3252 et

2054 3289 2242 3344 stabile
2271 3295 2579 3357 permaneat
2614 3293 2849 3341 nostrum
2881 3284 3077 3339 donum
3097 3326 3113 3353 ,
3140 3295 3192 3339 et
3219 3300 3247 3340 a
3276 3286 3419 3341 nullo
3450 3296 3633 3342 nostro

2054 3382 2274 3445 colono,
2308 3381 2389 3434 vel
2419 3379 2671 3434 clientuio
2691 3418 2706 3443 ,
2732 3393 2825 3434 seu
2853 3388 3032 3433 nostro
3060 3388 3239 3434 actore
3263 3378 3385 3449 sibi,
3418 3382 3636 3449 suisque

2054 3470 2454 3526 successoribus
2493 3469 2779 3538 aliquando
2819 3468 3235 3523 COIIII‘ﬂdICiIIUI’.
3279 3469 3352 3524 Ex
3396 3467 3637 3538 iussione

2056 3571 2253 3617 nosme
2277 3559 2554 3631 potestatis
2580 3559 2767 3629 scripsi
2807 3574 2905 3630 ego
2933 3557 3243 3629 Laugiarius
3273 3563 3528 3614 notarius.

2128 3651 2257 3705 Data
2293 3651 2460 3720 iussio
2490 3652 2540 3704 iu
2570 3660 2719 3705 curto
2749 3659 2933 3704 nostra
2964 3651 3015 3703 in
3049 3646 3247 3705 Sabebi
3277 3663 3417 3703 anno
3450 3651 3630 3706 Durati

2056 3743 2225 3800 nostri
2255 3742 2308 3797 in
2342 3741 2434 3797 Dei
2466 3742 2681 3795 nomine
2710 3755 2773 3805 Χ,
2807 3741 3006 3795 men~is
3034 3739 3220 3794 Junius
3240 3779 3256 3803 ,
3299 3740 3407 3794 ind.
3436 3755 3468 3795 ι
3491 3783 3505 3808 ,
3537 3744 3638 3797 sub

2055 3835 2243 3893 eodem
2274 3834 2601 3902 actionario,
2630 3842 2684 3889 et
2716 3831 3017 3887 Fabiuiario
3043 3831 3385 3886 conductore.

2126 3929 2348 3999 Signum
2374 3927 2689 3990 Theuduici,
2721 3926 2809 3994 qui
2841 3924 3092 3979 banc.....
3127 3925 3351 3993 rogavit.

2127 4021 2346 4089 Signum
2394 4033 2553 4071 manu
2602 4014 2898 4068 Albininaci
2944 4014 3151 4067 comitis
3206 4025 3419 4084 rogatus
3473 4022 3637 4071 testes

2056 4125 2242 4168 sumus
2268 4109 2509 4165 feliciter.

2128 4204 2347 4273 Signum
2376 4215 2517 4254 man.
2549 4197 2815 4253 Anastasii
2844 4202 3085 4266 rogatus;

2130 4296 2353 4365 Signum
2381 4306 2523 4346 man.
2558 4288 2862 4344 Arderardi.

2126 4385 2342 4455 Signum
2374 4397 2515 4438 man.
2547 4381 2814 4436 Creventii
2843 4388 3055 4450 rogatus
3085 4387 3250 4434 testes
3285 4394 3491 4433 sumus.

369 4482 564 4527 testate
591 4470 872 4527 ordinandi
901 4474 952 4527 in
984 4474 1094 4539 ipsa
1124 4482 1303 4528 nostra
1326 4472 1576 4539 ecclesia,
1598 4474 1828 4543 qualiter
1855 4487 1951 4527 uo—
1977 4484 2030 4545 ι)
2129 4476 2239 4544 Ego
2258 4472 2483 4528 Cencius
2504 4471 2559 4526 S.
2576 4470 2640 4524 R.
2825 4468 2957 4523 civis
2979 4468 3247 4523 Romanus
3270 4480 3421 4523 natus
3444 4468 3641 4526 Trans-

368 4572 495 4617 strtc
521 4564 819 4619 eximietati
850 4565 1137 4633 placuerit,
1168 4575 1222 4621 et
1255 4580 1285 4620 a
1324 4565 1471 4620 nullo
1506 4568 1757 4635 episcopo
1799 4565 1956 4633 hujus

368 4664 571 4709 sancta:
611 4654 757 4710 sedis
798 4655 1039 4711 ecclesiae
1081 4667 1280 4712 nostra!
1323 4659 1743 4724 Beneventanaz,
1789 4659 1873 4712 vel
1925 4673 1954 4712 a

370 4743 776 4814 quibuscunque
800 4746 1167 4801 sacerdotibus
1198 4762 1426 4816 unquam
1459 4747 1759 4817 requiratur
1780 4748 1830 4800 in
1859 4760 1954 4802 sua

369 4832 783 4903 jurisdictione,
834 4850 934 4891 nec
984 4838 1125 4893 ullus
1173 4853 1239 4893 ex
1290 4838 1488 4893 nostris
1534 4840 1827 4909 gastaldis,
1867 4847 1959 4894 aut

371 4926 699 4994 actiouariis,
728 4930 811 4985 ve!
838 4929 1116 5000 quisquam
1139 4930 1298 4987 homo
1318 4940 1503 4986 contra
1525 4946 1608 4997 ea,
1632 4945 1751 5001 quae
1777 4942 1956 4986 nostra

371 5020 603 5074 firmavit
634 5031 869 5088 potestea
896 5034 1040 5094 agat,
1064 5026 1156 5079 sed
1186 5024 1488 5095 perenniter
1516 5024 1566 5078 iu
1595 5038 1709 5079 sua:
1734 5025 1959 5079 arbitrio

371 5110 671 5176 libertatis,
702 5113 933 5181 qualiter
972 5127 1166 5168 nostra:
1214 5115 1511 5170 clementia:
1552 5114 1843 5184 placuerit,
1877 5116 1959 5171 vel

373 5202 571 5256 nostris
602 5204 1028 5273 successoribus,
1058 5207 1172 5274 ipse
1199 5206 1446 5261 Sacerdos
1472 5207 1559 5275 qui
1591 5206 1784 5261 ibidem
1815 5209 1958 5260 ordi-

374 5303 528 5348 natus
560 5295 752 5364 fuerit,
784 5297 950 5350 libero
982 5299 1194 5351 neruiue
1224 5299 1399 5351 vivere
1430 5298 1619 5353 valeat.
1651 5299 1801 5364 Quod
1834 5313 1959 5353 vero

376 5399 697 5454 praeceptum
728 5389 1015 5449 firmitatis,
1040 5400 1091 5442 et
1121 5389 1474 5442 absolutionis
1505 5405 1567 5442 ex
1594 5388 1836 5457 jussionc
1866 5405 1955 5442 uo-

375 5479 587 5534 minata:
619 5484 918 5549 potestatis,
952 5481 1136 5549 scripsi
1169 5496 1267 5551 ego
1298 5484 1595 5538 Emerissus
1626 5484 1887 5539 notarius.

447 5616 471 5684 ἦ
498 5608 732 5684 Joannes
766 5613 802 5666 ll
836 5614 935 5667 sub
969 5614 1222 5671 Zacltaria
1254 5631 1382 5683 papa
1409 5613 1666 5680 Gisulpbo
1707 5618 1841 5673 duce
1862 5662 1874 5684 ,
1904 5630 1959 5673 et

380 5680 555 5755 Arichi
582 5680 1077 5737 Beneventminrum
1103 5680 1336 5753 principe
1362 5687 1509 5739 vixit.
1538 5684 1830 5755 Gisulphus
1858 5680 1954 5742 au-

378 5759 480 5803 tem
510 5750 712 5805 Joanne
748 5756 974 5822 praesule
1005 5750 1166 5823 cmpit
1192 5757 1451 5811 aedificare
1483 5750 1735 5828 templum
1770 5761 1817 5815 in
1856 5761 1954 5815 lie-

664 5846 935 5907 ΡΑτιιυι..
988 5846 1217 5906 LXXX
1233 5848 1361 5908 VII.

2060 4565 2266 4622 tiberim
2317 4572 2583 4631 tamquam
2620 4559 2794 4615 inveni
2835 4560 3001 4614 iu.....
3050 4559 3244 4626 scripta
3296 4573 3388 4628 per
3427 4575 3641 4616 manum

2060 4659 2257 4731 prtefati
2296 4656 2560 4726 Langiarii
2591 4655 2781 4709 notarii
2818 4655 2971 4710 bona;
3002 4652 3279 4710 memoriae
3306 4654 3480 4710 taliter
3506 4658 3640 4710 scri‘
3675 4662 3690 4677 '

2061 4753 2138 4822 psi
2169 4766 2276 4806 non
2321 4759 2509 4821 sponte
2540 4746 2758 4813 addidi,
2800 4760 2897 4804 nec
2931 4744 3107 4803 minus
3133 4747 3428 4816 complevi,
3459 4756 3511 4800 et
3550 4748 3625 4799 ab

2059 4844 2217 4900 solvi.

2768 4928 2929 4986 XLV.

2062 5046 2398 5117 Privilegium
2427 5043 2624 5117 Arichi:
2653 5058 2745 5117 pro
2771 5041 3081 5117 ecclesin_et_
3097 5035 3408 5117 monasterio
3450 5042 3644 5087 sanctis

2564 5108 2775 5181 Sophia:
2803 5115 2956 5182 (anno
2985 5108 3132 5177 774).

2133 5223 2159 5250 ι
2192 5209 2246 5263 1η
2280 5210 2493 5261 nomine
2518 5206 2724 5273 Domini
2758 5202 3050 5259 Salvatoris
3074 5200 3201 5253 Jesu
3225 5195 3442 5250 Christi.

2135 5301 2335 5366 Regina
2359 5299 2507 5352 dives
2528 5312 2686 5363 epum
2716 5294 2841 5348 mihi
2871 5290 3107 5359 pulchris
3136 5288 3385 5339 instructa
3416 5286 3640 5352 gemmis

2061 5406 2375 5448 excrescere
2404 5391 2561 5460 erepit
2582 5432 2597 5457 ,
2626 5390 2752 5443 dum
2781 5386 2990 5440 diversa
3028 5393 3356 5449 gemmarum
3397 5376 3637 5431 metallo-

2062 5500 2287 5556 rumque
2314 5498 2510 5554 genera
2538 5480 2918 5540 redundarent,
2943 5482 2997 5529 et
3025 5475 3124 5527 alia
3156 5471 3317 5525 multa
3348 5488 3360 5523 :
3386 5466 3641 5539 quidquid

2064 5624 2321 5678 neveuto,
2366 5612 2505 5681 quod
2552 5610 2736 5683 Caeco
2774 5604 3324 5683 vocaliulo__sanctam
3359 5598 3636 5683 Sophiam,

2062 5686 2112 5739 id
2154 5696 2236 5740 est
2276 5672 2514 5737 sanctam
2554 5677 2873 5744 Sapientiam
2917 5674 3235 5742 appellavit,
3278 5681 3331 5723 ut
3377 5672 3642 5725 Ostiensis

2064 5760 2115 5811 iu
2144 5754 2395 5810 Chronic.
2428 5758 2601 5803 narrat
2624 5749 2714 5802 lib.
2741 5763 2777 5814 ι,
2809 5761 2927 5815 cap.
2952 5747 3009 5812 9,
3032 5744 3171 5813 quod
3201 5751 3371 5796 morte
3399 5754 3642 5811 prmon-

3129 5835 3205 5894 b5
