4056 6178
433 324 563 382 Hl9

1613 310 2223 370 LANGOBARDURUM
2268 307 2504 365 REGUM

3551 307 3575 361 1
3596 304 3693 359 ἱὲο

429 447 535 496 t'ere
567 440 755 503 Indus,
788 433 1036 505 quicquid
1064 447 1091 485 a
1122 446 1179 486 se
1211 445 1343 485 vana
1371 430 1527 485 Creta
1549 471 1564 496 ,
1594 437 1649 484 et
1680 427 1855 483 mollis
1884 427 2007 481 mit-
2035 430 2084 488 Α
2112 424 2326 495 Sophim
2356 424 2570 477 nomine
2599 421 2687 493 qui
2727 436 2785 478 es
2823 437 2948 478 vera
2979 420 3186 477 Domini
3217 421 3496 492 sapientia,
3525 420 3695 476 Citri-

429 534 491 586 tit
528 531 726 596 Arabs,
759 526 1077 594 mandatque
1119 525 1283 594 nigrae
1322 523 1473 592 pellis
1506 521 1786 590 lEthiops,
1826 531 1880 575 et
1918 532 2009 574 ve-

426 620 592 675 stiunt
618 617 777 672 Seres
797 656 813 680 ,
845 614 946 668 huc
976 615 1172 669 mentis
1198 627 1318 681 quae
1348 612 1614 677 inventio,
1649 610 1751 665 huc
1782 610 2011 679 illucque

430 710 492 763 ad
523 722 692 776 usque
717 704 896 759 mundi
924 703 1214 772 originem,
1250 702 1520 770 finemque
1548 700 1734 766 duxit,
1764 700 2011 754 conside-

430 812 551 854 rans
595 797 723 867 qnid
771 797 917 851 fuere
971 796 1233 864 praeterita
1261 834 1278 861 ,
1329 795 1522 863 quidve
1556 794 1662 847 sint
1700 793 2012 860 pmscntia,

431 889 622 959 quidve
652 896 808 941 erunt
842 886 1047 953 futura,
1084 886 1260 940 omnia
1302 884 1401 940 sub
1426 885 1541 939 sola
1573 883 1792 953 physica
1824 880 2013 951 conje-

432 988 579 1033 ctura
607 979 892 1031 vanitatem
922 984 1067 1030 ratus
1104 990 1256 1040 sum;
1288 989 1512 1044 quorum
1541 973 1773 1029 essentia
1793 1011 1809 1037 ,
1838 980 2014 1036 ortus,

437 1071 677 1135 tentatio,
707 1068 879 1135 labor,
906 1078 962 1123 et
985 1081 1150 1121 mors.
1174 1066 1255 1123 Nil
1284 1080 1412 1135 ergo
1436 1079 1611 1119 rerum
1638 1064 1790 1132 copia
1820 1064 2016 1132 prode-

441 1162 536 1225 rit,
565 1160 664 1214 nisi
704 1157 813 1213 Deo
864 1157 1154 1228 possessori
1205 1156 1401 1210 oblata.
1446 1153 1775 1222 Quingentos
1815 1154 2018 1218 prisco-

438 1267 553 1305 rum
584 1249 976 1306 reminiscimur
995 1262 1161 1303 annos
1186 1247 1310 1301 olim
1339 1246 1751 1301 transcendisse.
1789 1244 1883 1297 Vix
1904 1243 2013 1313 jam

436 1341 842 1410 sexagenarium
883 1340 1053 1393 aetatis
1085 1337 1344 1405 contingit
1377 1354 1388 1388 :
1434 1338 1629 1391 etenim
1673 1336 1719 1389 si
1757 1336 2014 1403 quosdam

438 1435 501 1485 ad
533 1442 746 1487 centum
786 1431 1061 1483 retulimus
1101 1427 1407 1497 pervenisse
1446 1437 1701 1489 aestuant,
1745 1433 1803 1479 ut
1842 1425 2018 1479 saltim

442 1532 596 1577 nocte
622 1522 854 1589 quietem
885 1518 1081 1572 habere
1107 1527 1325 1585 queant.
1348 1517 1400 1569 Si
1426 1516 1577 1569 novis
1608 1514 1741 1568 alios
1766 1512 2019 1567 incolumi

439 1610 720 1665 dulcedine
745 1608 937 1676 Opibus
964 1592 1080 1661 esse
1109 1609 1321 1674 potitos,
1354 1620 1493 1659 nunc
1518 1604 1905 1657 amarissimam
1928 1602 2023 1655 de-

446 1704 573 1755 flent
618 1701 889 1769 possidere
936 1708 1246 1767 egestatem.
1284 1698 1486 1751 Cuncta
1532 1697 1750 1766 quidem
1799 1704 2021 1763 praiter—

443 1799 599 1858 cunt,
641 1790 901 1845 deteriora
940 1805 1194 1857 quaeque,
1247 1789 1528 1857 brevisque
1565 1795 1876 1856 sequuntur.
1908 1786 2022 1840 1am
2055 1773 2102 1834 Β

446 1882 676 1935 mundus
715 1880 1103 1951 ingemiscens,
1133 1879 1457 1947 egestatibus
1484 1869 1827 1947 angustatus,
1859 1877 2026 1930 mori-

450 1972 657 2027 bundus
694 1970 903 2041 diffugit
949 1989 961 2023 :
1006 1969 1299 2026 Salvatoris
1336 1984 1505 2033 voce,
1547 1968 1739 2023 cmlum
1784 1976 2029 2035 terraque

448 2064 675 2119 transire
704 2064 981 2128 dicmttur;
1014 2064 1307 2132 praesertim
1340 2062 1590 2115 mortales
1621 2058 1864 2129 fragiles,
1894 2074 2028 2128 quo-

450 2172 564 2209 rum
595 2155 700 2209 vita
738 2153 889 2224 quasi
921 2155 1019 2208 llos
1051 2153 1343 2224 egreditur,
1374 2168 1436 2205 ac
1462 2152 1607 2206 velut
1640 2153 1843 2220 lampas
1868 2165 2034 2220 appoo

450 2247 551 2299 sita
580 2255 739 2301 vento
765 2243 988 2313 rapitur.
1015 2243 1098 2298 Nil
1122 2244 1279 2313 igitur
1306 2243 1510 2308 utilius,
1540 2242 1719 2313 nilque
1745 2243 2030 2306 salubrius,

451 2339 557 2393 nisi
590 2340 777 2392 tutura:
801 2339 922 2391 vita:
954 2350 1166 2403 semper
1196 2335 1533 2402 meminisse,
1564 2350 1670 2405 quo
1702 2336 1880 2390 omnia
1906 2349 2033 2403 pero

452 2437 613 2497 gunt,
645 2437 699 2481 et
734 2428 1083 2494 anticipantes
1127 2435 1309 2481 nostra
1345 2426 1567 2481 Domino
1611 2425 1836 2489 olferre,
1879 2435 1936 2479 ut
1980 2426 2034 2480 in

457 2518 787 2581 caelestibus,
810 2529 866 2571 et.
886 2527 1139 2570 aeternam
1166 2516 1354 2581 vitam,
1380 2525 1436 2570 et
1464 2516 1693 2584 quietem
1725 2524 2035 2584 perpetuam

455 2608 854 2673 indelicientes,
891 2619 1042 2660 veras
1086 2606 1301 2659 divitias
1343 2603 1568 2670 habere,
1595 2614 1754 2674 atque
1789 2604 2038 2661 obtinere

454 2714 669 2768 semper
697 2697 987 2760 valeamus,
1013 2698 1150 2750 sicut
1178 2696 1316 2751 idem
1347 2695 1581 2750 cmlestis
1607 2694 1859 2763 Magister
1876 2692 2037 2751 disci-

453 2792 605 2857 pulos
632 2787 830 2842 docens
861 2786 1176 2855 pollicetur:
1205 2783 1381 2841 Nolitc
1405 2784 1749 2839 tltesaurizare
1773 2784 1911 2840 vobis
1931 2784 2036 2838 tlte-

453 2894 631 2931 sauros
669 2880 719 2929 in
751 2887 883 2930 terra
908 2916 923 2941 ,
957 2876 1042 2928 ubi
1093 2891 1267 2946 terugo
1303 2885 1350 2929 et
1385 2876 1521 2929 tinea
1557 2875 1854 2941 demolitur,
1882 2886 1929 2930 et
1954 2874 2037 2930 ubi

452 2969 591 3037 [ures
621 2966 903 3035 effodiunt,
933 2975 979 3020 et
1005 2966 1316 3020 devorantur
1344 2980 1361 3020 :
1393 2965 1729 3019 thesaurizate
1754 2973 1926 3020 autem
1952 2978 2038 3019 tto-

458 3061 531 3113 bis
560 3058 821 3112 thesauros
848 3058 902 3110 in
928 3058 1073 3112 caelo.
1103 3056 1166 3111 Et
1192 3056 1413 3126 reliqua.
1441 3055 1642 3125 Nempe
1669 3054 2036 3111 difﬁcillimum

455 3160 577 3217 est,
625 3159 716 3203 aut
750 3157 927 3219 grates
965 3147 1193 3213 referre,
1236 3156 1487 3214 tantaque
1529 3160 1626 3214 pro
1675 3145 1787 3202 Deo
1825 3154 2039 3216 portare
2066 3116 2111 3177 Ο

456 3250 652 3309 quanta
687 3254 781 3307 pro
812 3236 1111 3290 hominibus
1142 3236 1426 3289 miseratus
1456 3234 1674 3303 pertulit
1700 3251 1715 3301 ;
1744 3249 1865 3290 cum
1897 3244 2041 3292 esset

463 3335 717 3387 Dominus
750 3330 1072 3399 majestatis,
1103 3344 1193 3382 rex
1231 3326 1573 3400 angelorum,
1601 3328 1812 3383 coalitus
1848 3328 2040 3382 humil-

459 3426 582 3476 lima
611 3433 767 3477 terra:
794 3420 963 3489 petiit,
991 3417 1240 3474 servilem
1266 3418 1513 3488 dignatus
1540 3418 1761 3475 induere
1788 3418 2036 3484 formato,

459 3523 649 3579 sponte
670 3526 789 3565 sese
812 3510 1085 3564 scelerata
1110 3508 1282 3562 intulit
1307 3509 1443 3575 neci,
1469 3518 1524 3563 et
1554 3523 1834 3578 resurgens
1855 3511 2039 3565 aeterni

462 3607 632 3660 l’atris
673 3604 919 3673 repetivit
950 3604 1172 3671 gloriam
1217 3603 1523 3670 relinquens
1562 3602 1919 3670 exemplaria,
1958 3612 2037 3669 ut,

462 3712 707 3766 inquam,
746 3695 796 3749 in
841 3694 1044 3765 vestigii
1092 3695 1279 3751 callent
1320 3693 1583 3749 inoﬂ‘euso
1625 3694 1761 3763 pede
1799 3708 2041 3763 gressum

465 3802 746 3855 ponamus.
779 3785 959 3855 Itaque
987 3786 1109 3854 quia
1139 3799 1233 3854 pro
1264 3800 1349 3839 me
1392 3798 1580 3854 passus
1605 3794 1718 3846 est,
1748 3793 1801 3839 et
1829 3784 2040 3851 quidem

459 3896 525 3934 ex
560 3880 713 3933 bona:
742 3877 1035 3932 voluntatis
1073 3876 1340 3931 hilaritate
1364 3888 1693 3945 quaecunque
1719 3888 1878 3944 supra
1908 3874 2041 3929 infra

460 3971 680 4027 dicenda
712 3981 866 4035 sunt,
898 3970 1100 4037 obtuli,
1125 3984 1230 4025 non
1259 3985 1405 4034 mea,
1437 3969 1529 4024 sed
1559 3985 1892 4041 quaecunque
1919 3977 2045 4024 sunt

466 4067 560 4121 Dei
588 4075 843 4135 appetens
876 4082 890 4118 :
921 4065 1089 4119 multa
1118 4063 1363 4133 quidem,
1394 4072 1448 4118 et
1484 4064 1761 4117 innumera
1791 4062 1920 4117 mihi
1949 4062 2044 4116 do-

464 4157 614 4211 navit
656 4156 853 4226 perfrui
898 4155 1090 4224 quibus
1136 4155 1382 4225 indignus
1426 4168 1655 4211 mereor.
1697 4153 1761 4207 At
1791 4168 1923 4224 ego,
1954 4157 2041 4222 qui

463 4248 666 4319 fragilis
701 4258 941 4303 creatura
973 4261 1121 4314 sum,
1154 4243 1364 4303 Aricltis
1394 4246 1618 4303 eximius
1648 4247 1927 4314 princeps,
1958 4259 2045 4299 ca-

462 4344 609 4397 duca:
638 4342 763 4396 vita:
793 4357 945 4395 casus
977 4356 1326 4409 percurrens,
1355 4350 1406 4396 et
1447 4341 1695 4410 perennis
1728 4339 2041 4394 immortali-

465 4432 587 4485 tatis
615 4446 746 4499 opes
773 4431 989 4499 adipisci
1017 4433 1234 4500 cupiens
1253 4472 1268 4496 ,
1297 4431 1457 4485 credo
1477 4433 1755 4498 equidem,
1785 4446 1881 4485 nec
1910 4446 2040 4483 vana

463 4539 556 4593 spe
583 4522 833 4576 divinitus
862 4523 1147 4591 inspiratus
1177 4523 1484 4578 consecravi
1510 4524 1683 4576 aulam
1715 4532 1815 4577 tua:
1844 4530 2039 4577 sancta:

464 4702 546 4763 tus
575 4688 789 4763 explere
818 4705 923 4763 non
956 4691 1144 4758 potuit.
1169 4692 1407 4763 Aricltis,
1426 4692 1515 4763 qni
1555 4691 1601 4746 ei
1631 4693 1909 4759 successit,
1942 4693 2040 4745 mi-

465 4761 612 4816 riﬁce
638 4762 762 4813 illud
797 4760 1050 4828 perfecit,
1098 4758 1427 4829 ditatumqub
1443 4758 1800 4831 amplissimis
1832 4758 2042 4831 priediis

465 4845 517 4886 ct
558 4833 781 4899 opibus,
825 4831 1005 4898 ibique
1045 4835 1523 4887 sanctimonialium
1569 4833 1900 4895 coenobium,
1934 4844 2043 4886 sta-

466 4905 593 4965 tttit,
620 4912 673 4954 et
714 4901 985 4954 Casiuvnsi
1019 4903 1341 4956 monasterio
1377 4903 1628 4971 subjecit,
1664 4907 1714 4956 in
1737 4918 1905 4971 eoque
1937 4903 2041 4957 Go-

467 4977 785 5039 ritnbergaut
817 4985 1058 5025 sororem
1091 4986 1239 5024 suam
1267 4988 1571 5041 germanam
1603 4973 1922 5025 abbatissam
1955 4990 2044 5025 or-

466 5043 637 5096 dinari
667 5042 811 5095 tecit.
838 5041 953 5110 Ipse
980 5055 1105 5093 vero
1129 5042 1372 5108 princeps
1396 5056 1513 5094 cum
1547 5042 1823 5095 invidiosis
1853 5044 2041 5109 opibus

467 5114 567 5165 hoc
606 5112 984 5165 monasterium
1025 5110 1248 5165 ditasset
1273 5152 1288 5175 ,
1328 5128 1386 5165 se
1427 5112 1758 5165 fundatorem
1803 5112 2042 5181 ejusdem

466 5196 616 5234 vocat
645 5184 695 5234 in
724 5183 1073 5236 concessione
1095 5183 1446 5255 oblationutu,
1463 5193 1573 5255 jam
1598 5186 1857 5255 virorum,
1885 5198 2043 5250 quam

468 5262 819 5315 tnortuorum,
844 5268 961 5322 quae
989 5262 1296 5307 recensetur
1317 5254 1371 5306 in
1394 5252 1597 5308 Chron.
1629 5252 1784 5322 hujus
1811 5254 2041 5308 eteuobii

467 5321 605 5392 apud
637 5336 721 5375 tuo
746 5321 872 5377 ms.’
940 5390 946 5392 Α
1904 5382 1908 5385 Α

544 5410 564 5443 ι
602 5392 657 5445 lu
682 5392 903 5463 nomine
927 5390 1120 5460 (inquit
1146 5394 1370 5463 oblatio)
1400 5392 1609 5446 Domini
1635 5392 1727 5446 Dei
1759 5391 2046 5445 Salvatoris

469 5463 635 5518 nostri
666 5461 791 5516 Jesu
817 5463 1010 5515 Christi
1030 5499 1048 5526 ,
1079 5464 1325 5518 dominus
1353 5461 1542 5517 Archia
1571 5462 1866 5530 piissimus,
1889 5473 2049 5529 atque

471 5533 952 5602 excellenﬂssintus
985 5536 1228 5599 princeps
1255 5536 1425 5602 gentis
1451 5533 1943 5600 Langobardorum,
1969 5533 2047 5583 di-

472 5606 589 5657 vina
619 5600 966 5671 prmiaottitus
998 5617 1188 5664 manu,
1232 5600 1396 5658 onero
1437 5602 1679 5656 ecclesia:
1715 5613 1913 5653 sancta:
1942 5603 2043 5654 So-

474 5670 629 5739 phim,
652 5686 808 5740 quam
829 5686 858 5722 ιι
880 5670 1235 5725 fundamentis
1258 5673 1537 5739 malificavi,
1560 5686 1654 5738 pro
1679 5671 2046 5738 redemptione

474 5754 684 5794 interna:
714 5740 863 5803 vitae,
895 5754 1022 5807 seu,
1068 5756 1161 5809 pro
1196 5743 1488 5796 salvatione
1524 5741 1695 5810 gentis
1732 5751 1926 5796 nostra:
1951 5784 1968 5809 ,
1994 5750 2047 5797 et

2075 4476 2122 4535 ο

2111 527 2226 582 ste;
2257 518 2309 572 in
2332 532 2434 587 qua
2456 517 2615 571 etiam
2647 516 3035 570 xenodochium
3062 516 3360 585 puellarum
3386 525 3695 583 exstrucns,

2114 609 2280 665 obtuli
2319 623 2385 662 ex
2424 609 2529 663 tuis
2565 608 2754 672 donis,
2804 617 2962 677 atque
2998 605 3135 661 datis
3166 625 3178 659 :
3210 607 3262 661 iu
3304 606 3488 674 primis
3525 609 3691 662 eccle-

2114 701 2247 755 siam
2270 700 2437 755 sancti
2462 700 2750 763 Benedicti,
2772 701 2888 753 loco
2909 698 2994 769 qui
3019 708 3236 753 vocatur
3256 697 3695 764 Xenodochium,

2117 791 2255 862 quod
2287 788 2516 861 positum
2560 800 2643 845 est
2685 789 2835 859 juxta
2878 790 3053 859 ipsum
3104 790 3526 855 monasterium,
3573 806 3700 844 cum

2117 883 2365 939 omnibus
2394 883 2493 938 sibi
2524 882 2931 951 pertinentibus.
2965 882 3075 937 lloc
3099 882 3261 935 etiam
3289 882 3603 945 statuimus,
3641 891 3701 935 ut

2121 977 2437 1045 praepositus
2470 975 2580 1045 jam
2629 976 2753 1039 dicti
2792 985 2991 1028 sancte
3030 974 3247 1043 SOphie
3288 976 3595 1030 monasterii
3628 976 3703 1028 ibi

2120 1065 2325 1132 sedeat,
2354 1066 2530 1132 ibique
2559 1066 2629 1119 sit
2653 1074 2799 1133 porta
2829 1066 2892 1117 ad
2922 1066 3159 1133 hOSpites
3182 1066 3576 1133 suscipiendos;
3602 1081 3705 1134 pro

2121 1171 2224 1224 qun
2254 1167 2304 1208 ct
2343 1156 2613 1219 addimus,
2646 1163 2705 1209 ut
2732 1154 2939 1209 decima
2969 1155 3205 1208 omnium
3254 1155 3463 1223 frugum
3501 1157 3567 1209 ibi
3600 1170 3704 1208 an-

2122 1248 2352 1301 uualiter
2380 1262 2443 1301 ex
2479 1247 2804 1301 monasterio
2832 1248 2989 1302 detur
3020 1247 3086 1301 ad
3115 1247 3437 1315 stipendium
3471 1251 3705 1316 peregri.

2123 1355 2311 1393 norum
2332 1357 2346 1401 ;
2371 1349 2423 1393 et
2444 1339 2582 1393 sicut
2603 1339 2669 1392 ab
2692 1338 2924 1407 antiquis
2944 1338 3241 1392 rectoribus
3264 1337 3514 1405 przedicta
3534 1337 3706 1393 sancti

2124 1435 2393 1492 Benedicti
2418 1435 2644 1489 ecclesia
2674 1449 2919 1503 possessa
2954 1434 3088 1498 fuit,
3115 1432 3341 1497 amodo,
3372 1442 3424 1489 et
3454 1433 3708 1501 deinceps

2125 1536 2325 1581 sanctae
2350 1525 2563 1594 Sophim
2586 1526 2893 1579 monasterii
2918 1526 3166 1595 potestati
3195 1525 3491 1594 subiaceat.
3526 1525 3633 1579 Sed
3659 1533 3712 1579 ct

2126 1617 2409 1672 ecclesiam
2459 1621 2627 1671 sancti
2670 1616 2809 1670 Petri
2850 1616 3101 1685 principis
3149 1616 3547 1687 apostolorum,
3592 1628 3712 1682 qua:

2126 1708 2388 1763 aedificata
2411 1716 2496 1762 est
2522 1709 2571 1761 in
2593 1707 2715 1777 gnlo
2745 1707 2918 1778 largiti
2941 1722 3124 1761 sumus
3156 1708 3206 1759 in
3241 1705 3571 1759 territorium
3596 1720 3715 1758 mo-

2130 1800 2363 1853 nasterio
2392 1809 2588 1852 sancta:
2630 1797 2879 1865 Sophim;
2906 1812 2934 1851 a
2978 1798 3081 1850 line
3123 1796 3389 1850 venatoris
3426 1809 3524 1863 per
3562 1809 3715 1847 serra

2129 1904 2295 1956 usque
2321 1889 2374 1942 in
2405 1888 2703 1942 Straslilum
2736 1888 2873 1941 inter
2911 1886 3015 1940 duo
3046 1895 3156 1940 tera
3182 1904 3195 1949 ;
3234 1894 3284 1940 et
3315 1900 3407 1953 per
3432 1885 3716 1939 Carbona-

2129 1980 2264 2035 rium
2296 1980 2363 2035 de
2392 1981 2611 2046 Usculo,
2640 1995 2809 2051 usque
2838 1981 2891 2035 in
2932 1980 3088 2035 finem
3131 1981 3198 2035 de
3237 1993 3373 2034 noro
3416 1979 3720 2043 Frontino;

2131 2070 2199 2126 tle
2227 2071 2327 2124 alia
2356 2084 2486 2125 vero
2515 2081 2661 2138 parte
2692 2071 2920 2140 primum
2962 2085 3059 2141 per
3085 2071 3224 2125 viam
3254 2068 3517 2139 publicam
3549 2083 3723 2138 usque

2130 2160 2196 2215 ad
2223 2162 2439 2215 fluvium
2465 2160 2761 2215 Calabium.
2788 2160 2990 2215 Deinde
3013 2176 3179 2230 usque
3206 2162 3257 2214 in
3283 2160 3591 2223 terminum,
3628 2160 3720 2227 qui

2132 2250 2324 2304 dicitur
2353 2266 2381 2303 a
2414 2250 2592 2304 Latre.
2625 2251 2695 2303 Ea
2725 2251 2967 2305 concessi
2995 2251 3237 2320 equidem
3270 2259 3470 2305 sanctae
3498 2250 3724 2319 Sophia:

2133 2347 2479 2401 monasterio.
2514 2346 2678 2401 Porro
2717 2359 2856 2401 casae
2892 2357 3113 2399 numero
3144 2345 3225 2399 Ine
3254 2354 3399 2398 sunt.
3430 2344 3565 2397 Casa
3598 2359 3721 2412 qua-

2135 2439 2332 2509 regitur
2378 2453 2472 2507 per
2524 2437 2924 2492 Maurissionem
2974 2452 3092 2490 cum
3142 2450 3339 2499 uxore,
3386 2443 3439 2488 et
3480 2433 3637 2498 ﬁliis,
3670 2444 3722 2487 et

2134 2530 2381 2583 omnibus
2421 2527 2521 2582 sibi
2562 2528 2954 2596 pertinentibus
2998 2543 3012 2579 :
3053 2542 3174 2581 casa
3214 2540 3333 2596 qua:
3372 2526 3581 2593 regitur
3628 2539 3725 2592 per

2138 2618 2521 2674 Francnaldum
2546 2631 2665 2671 cum
2695 2631 2893 2683 uxore,
2917 2624 2971 2669 ct
3000 2616 3119 2669 filiis
3145 2614 3246 2669 sibi
3279 2614 3677 2684 pertinentibus
3710 2630 3722 2663 :

2136 2724 2257 2765 casa
2286 2724 2403 2777 quae
2432 2707 2632 2776 regitur
2657 2722 2750 2774 per
2778 2707 3088 2761 Anselmum
3118 2720 3241 2759 cum
3271 2719 3458 2768 uxore,
3488 2713 3546 2759 et
3574 2703 3726 2766 ﬁliis,

2137 2804 2193 2851 et
2217 2796 2465 2851 omnibus
2493 2795 2593 2849 sibi
2630 2794 3047 2864 pertinentibus;
3077 2808 3197 2848 casa
3240 2808 3359 2861 qua:
3398 2794 3600 2861 regitur
3628 2807 3729 2860 per

2140 2885 2470 2941 Ferrandum
2501 2898 2623 2939 cum
2666 2882 2918 2938 Germani
2962 2895 3015 2939 et
3052 2883 3334 2945 uxoribus.
3376 2893 3432 2937 et
3470 2882 3626 2944 filiis,
3674 2891 3727 2935 ct

2139 2974 2387 3028 omnibus
2434 2987 2621 3028 eorum
2658 2989 2669 3025 ι
2714 2986 2835 3026 casa
2873 2988 2992 3042 qua:
3033 2974 3231 3041 regitur
3272 2986 3367 3041 per
3406 2972 3724 3027 Scalcouetu

2139 3079 2261 3120 cum
2292 3080 2489 3132 uxore,
2521 3073 2576 3120 et
2603 3064 2723 3119 filiis
2748 3066 2880 3131 suis,
2909 3074 2964 3119 et
2992 3064 3235 3118 omnibus
3262 3064 3362 3117 sibi
3394 3062 3729 3130 pertinenti-

2143 3157 2241 3211 bus
2274 3174 2287 3211 :
2319 3171 2439 3211 casa
2472 3172 2590 3225 quae
2632 3156 2838 3225 regitur
2868 3172 2958 3225 per
2985 3156 3250 3211 Vimulum
3280 3170 3398 3209 cum
3443 3170 3643 3219 uxore,
3676 3165 3730 3207 et

2144 3248 2303 3316 (iliis,
2332 3257 2387 3301 et
2416 3230 2663 3301 omnibus
2693 3248 2789 3301 sibi
2839 3247 3246 3315 pertinentibus.
3290 3246 3350 3299 lli
3382 3258 3571 3299 omnes
3601 3259 3725 3297 cum

2142 3337 2429 3393 mobilibus
2449 3377 2465 3403 ,
2492 3349 2653 3407 atque
2686 3337 3075 3401 immobilibus,
3107 3346 3159 3390 ct
3190 3336 3397 3406 pascuis
3419 3375 3434 3399 ,
3465 3343 3520 3389 et
3548 3337 3729 3389 omni-

2143 3430 2242 3483 bus
2272 3428 2375 3483 sibi
2405 3428 2822 3496 pertinentibus,
2853 3428 2941 3499 qui
2971 3427 3185 3483 fuerunt
3212 3429 3279 3482 de
3308 3427 3568 3497 judicaria
3618 3426 3725 3478 Fo-

2145 3519 2313 3575 roaldi
2361 3534 2509 3575 mare
2559 3522 2702 3589 pazis
2752 3530 2966 3585 nostro;
3018 3533 3224 3574 necnon
3274 3518 3498 3573 ecclesia
3553 3517 3727 3570 sancti

2142 3608 2351 3663 Abuudi
2377 3649 2392 3675 ,
2423 3623 2541 3677 quas
2576 3608 2675 3663 sita
2716 3619 2797 3664 cst
2838 3608 2889 3663 in
2921 3607 3041 3677 galo
3081 3619 3265 3662 nostro
3291 3605 3474 3660 Paline
3500 3623 3515 3658 :
3545 3620 3726 3658 tiosmt

2144 3713 2271 3754 vero
2297 3707 2533 3768 potestas
2554 3700 2703 3754 circa
2746 3700 2914 3768 ipsam
2951 3698 3226 3753 ecclesiam
3256 3695 3523 3750 concessit
3565 3697 3724 3748 terri-

2145 3794 2338 3848 torium
2382 3792 2436 3846 in
2466 3800 2667 3845 sanctae
2693 3788 2909 3858 Sophia:
2940 3788 3264 3843 monasterio
3294 3787 3593 3842 modiorum
3624 3788 3726 3840 du-

2144 3895 2301 3940 centa
2336 3899 2350 3936 :
2380 3896 2588 3937 necnon
2619 3891 2676 3935 et
2700 3880 2927 3936 ecclesia
2968 3879 3135 3934 sancti
3169 3877 3446 3944 Mercurii,
3484 3893 3603 3945 quae
3630 3891 3727 3945 po-

2144 3975 2244 4030 sita
2274 3982 2355 4028 est
2387 3974 2439 4027 in
2465 3972 2595 4042 jano
2628 3981 2843 4035 nostro;
2872 3980 2927 4025 et
2965 3970 3033 4024 de
3072 3969 3190 4038 ipso
3220 3968 3351 4038 jano
3384 3969 3529 4022 circa
3559 3968 3727 4035 ipsam

2144 4066 2425 4121 ecclesiam
2456 4066 2631 4134 largiti
2651 4078 2833 4119 sumus
2856 4072 3050 4118 terram
3078 4061 3377 4115 modiorum
3397 4061 3683 4129 quingenta
3711 4074 3729 4111 :

2145 4159 2237 4213 scd
2269 4167 2325 4213 et
2362 4157 2644 4212 ecclesiam
2672 4166 2872 4217 sancta
2902 4154 3202 4223 Reparatte,
3232 4164 3353 4223 Quae
3380 4153 3433 4205 in
3461 4153 3577 4221 ipso
3598 4150 3729 4220 jano

2148 4250 2314 4316 posita
2340 4254 2445 4312 est,
2479 4255 2790 4316 potestatem
2812 4244 3080 4300 concessit
3102 4243 3155 4297 in
3179 4242 3503 4297 monasterio
3531 4250 3731 4295 sancta

2148 4339 2359 4407 SOphite
2385 4336 2652 4392 territoria
2692 4334 2994 4390 modiorum
3021 4343 3235 4388 centum
3269 4350 3282 4386 :
3317 4345 3526 4387 necnon
3552 4338 3611 4385 et
3636 4344 3728 4385 ec-

2147 4429 2363 4484 elesiam
2387 4428 2555 4482 sancti
2580 4426 2775 4495 Magni,
2797 4440 2918 4494 qua
2941 4425 3195 4479 aediﬁcata
3220 4433 3302 4478 est
3324 4423 3375 4475 in
3394 4423 3523 4490 jano
3543 4429 3731 4475 nostro

2147 4520 2383 4585 Noccto,
2416 4530 2471 4574 et
2514 4519 2657 4575 circa
2709 4519 2879 4587 ipsam
2923 4517 3201 4573 ecclesiam
3251 4514 3422 4585 largiti
3462 4528 3648 4570 sumus
3678 4514 3730 4567 in

2147 4698 2359 4766 patriae,
2384 4697 2685 4753 oblationes
2708 4711 2922 4759 omnes.
2956 4706 3061 4752 tam
3108 4698 3347 4750 vivorum
3382 4709 3541 4764 quam
3567 4693 3727 4747 etiam

2146 4778 2498 4829 mortuorum,
2530 4783 2648 4836 qua:
2677 4770 2728 4822 iu
2760 4768 2951 4823 eodem
2981 4768 3328 4836 monasterio,
3354 4781 3380 4819 a
3408 4779 3727 4832 quocunque

2149 4838 2418 4891 hominum
2448 4834 2644 4907 genere
2669 4838 2804 4891 data:
2824 4878 2840 4903 ,
2866 4851 2956 4891 seu
2986 4838 3177 4891 oblatae
3210 4834 3443 4899 luerunt,
3484 4848 3578 4907 seu
3607 4849 3727 4907 om.

2148 4923 2242 4961 nes
2276 4904 2519 4962 homines
2557 4909 2716 4971 illos,
2762 4909 2849 4972 qui
2896 4918 3144 4975 tanquam
3195 4921 3279 4958 res
3329 4918 3456 4957 suas
3504 4904 3730 4956 tide'iter

2147 4978 2471 5032 monasterio
2508 4977 2771 5040 offerunt,
2814 4979 2928 5029 haec
2966 4979 3141 5028 omnia
3176 4978 3502 5029 monasterio
3530 4984 3729 5026 sancta!

2146 5047 2357 5113 Supltiae
2400 5049 2763 5101 concessimus
2811 5045 3150 5116 possidenda.
3196 5046 3349 5111 Quod
3399 5055 3725 5113 pttcceptum

2146 5118 2429 5171 oblationis
2459 5133 2521 5171 ex
2560 5117 2829 5185 jussione,
2869 5124 2924 5170 et
2968 5116 3166 5170 dictatu
3214 5125 3408 5167 misine
3452 5116 3730 5185 potestatis

2147 5188 2333 5254 scripsi
2366 5203 2465 5257 ego
2496 5187 2726 5241 Evaldus
2758 5192 3013 5240 notarius.
3040 5186 3327 5257 —7Actum
3365 5186 3650 5257 Beneventi
3678 5184 3726 5236 in

2148 5256 2459 5312 felicissiuio
2498 5257 2695 5325 palatio
2738 5258 2789 5309 in
2835 5270 2978 5310 anno
3021 5256 3227 5309 decimo
3267 5256 3497 5323 septimo
3546 5268 3728 5307 mense

2147 5327 2430 5382 Novembri
2465 5344 2558 5393 pro
2588 5329 2697 5381 ind.
2730 5343 2819 5381 xm
2848 5326 3087 5381 feliciter.
3114 5344 3133 5377 ι
3154 5352 3220 5365 -—-
3238 5325 3331 5378 Est
3350 5326 3728 5381 documentum

2145 5413 2286 5449 anno
2307 5399 2495 5450 salutis
2522 5397 2643 5454 775.
2672 5398 2877 5450 Aricltis
2900 5397 3227 5465 principatus
3251 5396 3337 5459 i7,
3363 5410 3484 5449 cum
3510 5409 3727 5462 regnare

2147 5468 2549 5531 cmpissetanno
2566 5467 2688 5530 753,
2715 5466 3003 5520 Februario
3027 5480 3230 5519 mense.
3251 5466 3304 5517 In
3322 5468 3509 5517 eadem
3527 5467 3723 5517 Chron.

2150 5540 2326 5602 plures
2359 5539 2568 5589 Arichis
2598 5537 2915 5589 donationes
2956 5537 3128 5589 eidem
3170 5547 3496 5588 utnuasteno
3538 5536 3717 5586 libera

2148 5606 2345 5660 lissitne
2381 5606 2531 5660 facta:
2583 5608 2829 5673 leguntur
2858 5623 2867 5655 :
2901 5620 2963 5658 ex
3005 5608 3067 5657 iis
3125 5621 3229 5672 pra:
3264 5608 3477 5659 ceteris
3513 5604 3720 5671 amplis-

2148 5678 2341 5729 simam
2372 5678 2557 5731 codem
2588 5692 2726 5730 anno
2752 5675 3027 5745 rlargitam
3062 5676 3146 5730 bit:
3176 5676 3512 5731 exhibemus.
