4056 6178
381 297 514 357 “Si

1467 296 1864 353 DlPLOMA'l‘A
1908 292 2188 351 ECCLES.
2244 296 2583 356 SELECTA.

3536 307 3553 358 1
3572 308 3672 361 12⁸3

383 414 706 471 monasterio
721 423 920 472 sanctae
948 415 1162 488 Sophim
1187 426 1380 472 terram
1405 416 1701 471 modiorum
1730 424 1977 470 centum:
2014 417 2060 472 A
2089 421 2249 468 tatem
2283 416 2708 473 Beneventanam
2757 434 2919 488 prope
2955 428 3196 475 sanctum
3232 422 3447 477 Paulum
3470 461 3485 486 ,
3515 441 3672 494 quam

384 514 636 574 quantum
678 507 954 577 presbyter
1004 507 1170 576 ipsius
1225 506 1503 571 ecclesim,
1554 508 1756 577 absque
1805 506 1981 573 palatii

384 598 745 653 concessione
774 598 1009 653 tenebat.
1044 600 1149 654 Sed
1191 610 1243 654 et
1280 599 1569 655 ecclesiam
1613 599 1782 654 sancti
1825 598 1984 653 Joan-

388 691 506 753 nis,
538 704 656 756 quae
680 688 895 744 fundata
920 700 1001 746 est
1027 692 1080 746 in
1101 691 1210 760 jalo
1233 700 1418 747 nostro
1439 707 1559 747 casa
1584 691 1785 747 Polluci
1806 709 1827 755 ;.
1845 698 1899 745 et
1920 690 1987 744 ab

384 781 499 844 ipsa
539 779 765 835 ecclesia
811 781 986 846 largiti
1031 797 1217 837 sumus
1260 785 1312 837 in
1359 782 1743 837 monasterium
1783 789 1986 835 sauctte

389 868 604 938 Sophim
631 870 980 936 territorium,
1017 871 1117 926 hoc
1144 882 1228 928 est
1252 875 1318 926 ab
1348 875 1458 942 ipsa
1489 873 1714 929 ecclesia
1744 875 1795 927 in
1828 873 1989 928 fluvio

392 958 614 1014 Fertore
636 1000 651 1023 ,
688 958 777 1013 ubi
811 959 1041 1015 Vaccina
1075 961 1272 1016 flumen
1302 978 1361 1017 se
1388 963 1681 1032 coniungit,
1707 972 1760 1017 et
1788 962 1855 1017 de
1886 964 1988 1015 alio

392 1052 561 1105 latere
600 1059 862 1118 quantum
910 1053 1151 1105 clausum
1193 1054 1390 1107 habere
1438 1055 1668 1119 videtur,
1710 1063 1765 1107 et
1807 1055 1988 1106 vineas

391 1156 513 1210 qum
542 1141 740 1196 ibidem
772 1143 961 1213 positae
987 1153 1115 1196 sunt
1150 1163 1160 1196 :
1193 1160 1399 1198 necnon
1424 1154 1477 1197 et
1500 1145 1782 1199 ecclesiam
1814 1145 1985 1197 sancti

394 1230 581 1299 Angcli
603 1272 618 1296 ,
643 1244 807 1301 quam
839 1232 1109 1288 aedificare
1137 1235 1493 1303 praecepimus
1537 1236 1589 1289 in
1633 1235 1752 1289 loco
1787 1236 1875 1304 qui
1909 1234 1988 1287 di-

391 1322 533 1376 citur
559 1321 899 1390 Altissimus,
932 1332 988 1379 et
1031 1339 1097 1378 ex
1138 1325 1253 1393 ipso
1282 1326 1400 1395 gan
1429 1326 1573 1380 circa
1616 1326 1784 1395 ipsam
1816 1327 1989 1381 eccle-

393 1414 526 1470 siam
559 1413 734 1483 largiti
764 1428 952 1469 sumus
984 1415 1035 1468 in
1063 1416 1394 1469 monasterio
1411 1428 1609 1471 sauctm
1637 1416 1853 1483 Siphim
1882 1424 1991 1470 ter-

400 1505 648 1559 ritorium
678 1504 1015 1574 longitudine
1046 1506 1291 1561 milliaria
1316 1509 1421 1561 duo
1441 1548 1456 1571 ,
1492 1507 1770 1561 latitudine
1810 1516 1988 1561 autem

399 1611 590 1662 unum,
615 1605 669 1651 et
690 1597 1054 1651 concessimus
1078 1598 1129 1650 in
1154 1598 1426 1652 nominato
1448 1599 1774 1653 monasterio
1792 1608 1990 1653 sanctm

398 1685 614 1754 Sophim
644 1687 937 1742 condomas
968 1686 1000 1739 4
1030 1702 1094 1743 ex
1137 1689 1255 1758 ipso
1290 1688 1539 1745 Gataldo.
1573 1691 1785 1746 Necnon
1817 1693 1991 1747 eccle-

2086 502 2412 562 Trasoaltlus
2458 508 2689 565 clericus
2738 511 3013 580 possidere
3059 512 3205 565 visus
3259 512 3353 566 fuit
3381 558 3395 582 ,
3440 524 3494 569 et
3538 514 3678 570 sicut

2086 608 2286 654 sortem
2325 614 2477 656 suam
2528 603 2643 671 ipse
2683 602 3011 659 Trasoaldus
3054 605 3106 658 in
3157 607 3410 674 praedicta
3451 607 3676 664 ecclesia

2088 689 2277 746 obtulit
2308 693 2492 759 nobis,
2523 703 2578 749 et
2616 695 2774 764 quod'
2792 696 2858 750 ad
2891 704 3126 751 nostram
3156 700 3410 767 pertinuit
3442 710 3678 767 potesta-

2087 791 2229 847 tem,
2264 782 2431 851 ipsam
2461 785 2745 840 ecclesiam
2777 801 2896 843 cum
2927 788 3175 843 omnibus
3222 791 3320 845 sibi
3360 792 3677 859 pertinenti-

2091 873 2187 927 bus
2211 875 2536 930 monasterio
2559 885 2758 932 sanctm
2776 877 2990 948 Sophim
3013 882 3379 936 concessimus
3401 882 3681 952 perfruen-

2090 964 2230 1015 dam.
2275 963 2383 1019 Nec
2428 980 2531 1018 non
2581 975 2632 1019 et
2675 968 2957 1022 ecclesiam
2996 980 3196 1024 sanctm
3231 969 3478 1040 Sophim,
3519 988 3677 1042 quam

2091 1051 2325 1107 Garobin
2357 1053 2521 1109 abbas
2551 1071 2578 1107 a
2611 1055 2971 1111 fundamentis
3003 1060 3319 1127 mditicavit,
3355 1063 3442 1116 ubi
3473 1072 3526 1117 et
3555 1079 3681 1117 oma-

2093 1159 2187 1197 nes
2218 1142 2494 1198 facultates
2523 1160 2649 1199 suas
2680 1147 2902 1213 obtulit,
2935 1159 2989 1203 et
3019 1151 3172 1203 nobis
3199 1151 3498 1208 offertionis
3520 1153 3683 1208 chara

2094 1232 2257 1287 tulam
2290 1233 2536 1301 tradidit,
2566 1244 2625 1289 ut
2654 1235 2706 1290 in
2740 1248 2922 1291 nostro
2952 1249 3097 1293 esset
3127 1241 3352 1297 arbitrio
3375 1243 3685 1313 judicandi;

2096 1334 2274 1378 nostra
2303 1340 2428 1379 vero
2458 1335 2696 1393 potestas
2722 1331 3047 1384 monasterio
3082 1342 3284 1386 sanetm
3310 1332 3522 1404 Sophim
3548 1349 3683 1391 con-

2097 1415 2325 1469 tirmavit
2367 1417 2743 1486 possidendam
2778 1437 2791 1472 :
2824 1436 3031 1476 necnon
3082 1432 3134 1477 et
3182 1424 3466 1479 ecclesiam
3517 1427 3687 1481 sancti

2096 1507 2359 1578 Gregorii,
2385 1525 2544 1578 quam
2580 1510 2830 1566 Felicitas
2860 1513 3050 1567 ancilla
3079 1514 3285 1569 Domini
3314 1532 3341 1569 a
3376 1516 3689 1572 fundamen-

2097 1599 2164 1652 tis
2192 1600 2509 1665 mdificavit,
2541 1611 2595 1655 et
2623 1616 2719 1671 per
2746 1617 2897 1657 suam
2929 1604 3227 1659 chartulam
3257 1622 3444 1664 omnes
3470 1607 3690 1663 faculta-

2100 1698 2181 1743 tes
2206 1703 2334 1743 suas
2363 1690 2539 1744 eidem
2571 1692 2813 1747 ecclesim
2841 1694 3052 1758 obtulit,
3080 1703 3135 1749 et
3156 1710 3221 1751 eo
3242 1696 3382 1765 quod
3409 1696 3473 1751 ad
3500 1711 3690 1751 manus

404 1781 540 1833 siam
597 1782 766 1835 sancti
808 1781 1059 1848 Martini,
1105 1799 1221 1851 quae
1260 1785 1427 1853 posita
1466 1795 1552 1839 ett
1597 1785 1649 1840 in
1692 1787 1906 1851 Μοιοιο,
1938 1789 1987 1841 in
2028 1759 2070 1818 Β
2101 1789 2299 1834 nostrae
2323 1780 2604 1848 potestatis
2628 1783 2902 1849 pertinuit,
2919 1784 3160 1840 eamdem
3179 1786 3461 1841 ecclesiam
3486 1796 3688 1842 sanctae

407 1882 596 1926 nostro
626 1874 929 1936 territorio,
964 1873 1051 1928 ubi
1075 1874 1284 1929 Maurus
1314 1877 1591 1949 presbyter
1619 1878 1808 1934 sedere
1830 1880 1993 1934 vidc-

406 1976 515 2027 tur,
543 1978 666 2019 cum
697 1967 945 2021 omnitus
971 1968 1069 2021 sibi
1099 1971 1520 2037 pertinentibus,
1549 1972 1686 2027 sicut
1731 1974 1844 2042 ipse
1875 1990 1993 2044 pre-

399 2056 586 2127 sbyter
615 2070 708 2124 per
741 2072 888 2111 suam
916 2060 1153 2114 chartam
1196 2077 1407 2117 omnem
1440 2075 1794 2134 conquestum
1837 2082 1991 2123 suum

400 2156 601 2199 sanctm
631 2146 846 2215 Sophia:
873 2152 1201 2205 monasterio
1236 2153 1451 2208 tradidit
1478 2173 1489 2207 :
1514 2153 1761 2210 similiter
1785 2166 1840 2211 et
1865 2157 1991 2212 sub-

404 2239 662 2291 stantiam
711 2250 827 2306 qum
858 2239 958 2293 sub
1008 2252 1193 2295 nostro
1240 2242 1439 2312 palatio
1485 2246 1772 2314 supradicti
1823 2249 1995 2304 sancti

406 2327 617 2382 Martini
659 2328 900 2383 ecclesim
939 2331 1175 2386 tradidit.
1220 2332 1466 2389 Nostram
1508 2352 1634 2391 vero
1674 2348 1995 2408 potestatem

407 2415 629 2467 οηιυίηο
655 2414 741 2467 hic
767 2416 821 2468 in
845 2426 1047 2472 sanctm
1073 2419 1288 2488 Sophim
1316 2424 1642 2479 monasterio
1667 2427 1996 2482 firmabimus

408 2506 783 2574 possidendam
806 2548 822 2570 ,
865 2520 917 2563 et
954 2512 1321 2567 concessimus
1362 2518 1634 2571 nominato
1664 2531 1863 2574 sanctm
1897 2518 1998 2575 So-

410 2599 554 2666 phim
605 2601 932 2655 monasterio
973 2618 1041 2657 ex
1096 2603 1214 2673 ipso
1256 2604 1378 2675 galo
1425 2606 1618 2662 Motula
1671 2610 1995 2666 territorium

410 2689 661 2745 milliaria
700 2691 1005 2748 duodecim.
1041 2693 1256 2750 Necnon
1297 2706 1351 2751 et
1381 2699 1661 2754 ecclesiam
1696 2703 1867 2755 sancti
1902 2705 1999 2757 Ar-

405 2784 653 2854 cbangeli
677 2825 693 2849 ,
722 2799 841 2856 qum
871 2786 971 2841 sita
998 2798 1081 2843 est
1110 2788 1160 2843 in
1186 2789 1307 2859 galo
1336 2793 1503 2846 nostri
1537 2792 1749 2863 palatii,
1780 2805 1833 2849 ct
1864 2810 1997 2849 con-

408 2874 683 2930 stituimus
701 2916 715 2939 ,
749 2884 908 2946 atque
934 2880 1303 2936 concessimus
1329 2890 1529 2937 sanctm
1557 2884 1772 2954 Sophim
1800 2885 1851 2939 in
1884 2886 2001 2955 ipso

411 2970 532 3023 loco
560 2968 784 3034 Cortes,
811 2979 868 3025 et
908 2971 1199 3027 condomas
1246 2989 1337 3029 sex
1379 2990 1501 3031 cum
1541 2990 1737 3043 uxore,
1784 2986 1838 3031 et
1880 2977 2003 3032 filiis

409 3060 547 3116 suis.
580 3061 829 3127 Necnon,
869 3072 924 3119 et
964 3078 1027 3119 ex
1060 3066 1177 3136 ipso
1221 3068 1345 3138 8an
1394 3070 1718 3124 territorium
1753 3070 1999 3125 milliaria

410 3172 626 3213 novem.
660 3158 764 3215 Sed
797 3166 850 3213 et
872 3160 1156 3214 ecclesiam
1196 3161 1364 3215 sancti
1407 3161 1666 3231 Stephani
1698 3173 2001 3233 protomar-

412 3249 548 3318 tyris
569 3264 687 3319 quae
718 3248 889 3320 posita
932 3259 1015 3305 est
1052 3250 1105 3305 iu
1135 3251 1345 3319 strada,
1379 3266 1536 3318 quam
1569 3252 1751 3306 [timus
1779 3252 1943 3308 abbas
1974 3268 2003 3308 a

414 3340 780 3397 fundamentis
808 3340 1113 3405 mdiiicavit,
1138 3353 1188 3397 et
1212 3358 1306 3412 per
1327 3357 1477 3397 suam
1504 3343 1800 3398 chartulam
1834 3346 2001 3411 ipsam

410 3433 698 3491 ecclesiam
729 3450 849 3490 eum
883 3435 1132 3491 omnibus
1162 3436 1262 3490 sibi
1298 3437 1707 3506 pertinentibus,
1737 3449 2007 3493 monaste-

416 3535 499 3587 rio
549 3545 748 3589 sauctm
793 3535 1010 3604 Sophim
1058 3535 1306 3601 tradidit,
1355 3544 1537 3590 nostra
1590 3550 1721 3591 vero
1774 3545 2008 3605 potestas

416 3626 597 3679 Omnia
629 3626 681 3681 in
706 3627 1032 3682 monasterio
1052 3637 1251 3683 sanctre
1273 3627 1488 3697 Sophim
1514 3627 1777 3689 firmavit;
1803 3636 1857 3681 et
1882 3643 2006 3682 con-

417 3715 585 3770 cessit
614 3717 922 3786 supradicto
953 3730 1150 3773 sanctm
1178 3718 1396 3788 Sophim
1435 3717 1758 3772 monasterio
1797 3718 1863 3772 de
1888 3718 2010 3787 galo

423 3819 609 3862 nostro
651 3810 979 3866 territorium
999 3851 1015 3875 ,
1063 3811 1271 3867 scilicet
1298 3811 1439 3881 quod
1472 3821 1552 3866 est
1578 3826 1736 3877 supra
1767 3822 2008 3866 sanctum

417 3900 781 3971 Stephanum,
814 3919 987 3974 usque
1026 3904 1077 3959 in
1118 3905 1276 3958 aliam
1309 3906 1444 3959 viam
1487 3904 1750 3972 publicam
1776 3946 1790 3968 ,
1839 3914 1891 3957 et
1918 3920 2012 3973 per

424 3995 636 4064 longam
664 4009 831 4065 usque
853 3996 905 4049 in
927 3995 1106 4051 strada
1129 3999 1423 4061 malorena,
1442 3996 1531 4064 qui
1562 3998 1705 4051 vadit
1730 3998 1779 4049 in
1807 4007 2013 4051 torren-

424 4098 559 4141 tem.
596 4086 664 4141 Et
705 4090 1073 4145 concessimus
1117 4091 1167 4144 in
1214 4091 1538 4145 monasterio
1571 4091 1843 4144 nominato
1880 4104 2011 4144 con-

418 4175 636 4231 domam
662 4191 900 4234 n05tram
932 4182 984 4234 in
1016 4180 1208 4247 Cauni,
1240 4181 1288 4235 id
1312 4192 1394 4235 est
1424 4196 1547 4236 cum
1580 4195 1780 4244 uxore,
1812 4190 1865 4235 et
1893 4195 2012 4253 om;

425 4267 583 4322 nibus
612 4269 713 4323 sibi
747 4270 1139 4339 pertinentibus
1168 4290 1179 4324 :
1212 4286 1417 4327 necnon
1447 4280 1499 4325 et
1528 4271 1810 4328 ecclesiam
1844 4270 2015 4325 sancti

423 4360 635 4429 Angeli,
659 4371 712 4414 ct
740 4361 918 4414 Maria:
939 4403 952 4425 ,
986 4378 1104 4432 qum
1136 4362 1307 4430 posita
1350 4370 1433 4415 est
1475 4362 1527 4414 in
1554 4361 1676 4431 galo
1699 4369 1881 4415 nostro
1908 4360 2017 4414 Ma.

2095 1868 2309 1938 Sophim
2336 1884 2455 1924 cum
2501 1872 2748 1925 omnibus
2790 1872 2892 1927 sibi
2935 1875 3320 1943 pertinentibus
3352 1874 3685 1931 confirmavit

2099 1960 2494 2028 possidendam.
2538 1961 2917 2018 Concessimus
2945 1965 3103 2019 etiam
3134 1967 3459 2021 monasterio
3486 1976 3686 2022 sanctm

2099 2051 2313 2121 Sophim
2336 2052 2707 2122 substantiam,
2725 2068 2839 2123 qua:
2863 2052 2958 2108 fuit
2975 2053 3212 2110 Craderii
3235 2055 3347 2121 lilii,
3363 2071 3521 2125 quam
3546 2057 3680 2127 legi—

2101 2142 2197 2199 bus
2224 2159 2319 2214 per
2341 2144 2548 2213 culpam
2574 2159 2725 2199 suam
2756 2144 3002 2214 perdidit,
3030 2161 3094 2201 eo
3117 2148 3254 2216 quod
3279 2157 3461 2202 contra
3483 2156 3681 2204 statum

2101 2236 2334 2290 animum
2362 2234 2516 2306 [forte
2565 2235 2825 2308 nostrum]
2873 2237 3184 2293 consiliatus
3231 2247 3335 2304 est,
3390 2248 3443 2294 et
3472 2237 3680 2294 furatus

2102 2333 2184 2380 est
2217 2326 2370 2380 nobis
2410 2327 2598 2381 decem
2647 2326 2817 2381 millia
2844 2327 3046 2382 solidos
3086 2326 3153 2383 de
3183 2328 3374 2395 quibus
3405 2343 3541 2382 unus
3590 2341 3689 2382 nec

2102 2419 2401 2485 comparuit
2436 2434 2451 2472 :
2476 2428 2528 2472 et
2561 2433 2657 2486 pro
2687 2417 2770 2472 his
2790 2417 2996 2472 duabus
3022 2418 3236 2487 perfidis
3265 2418 3511 2485 otl'ensis,
3538 2419 3692 2487 equi-

2103 2510 2223 2563 dem
2256 2511 2555 2563 substantia
2593 2510 2659 2564 ad
2703 2522 2898 2564 nOStrm
2941 2511 3215 2579 potestatis
3258 2526 3472 2564 manum
3509 2526 3694 2579 perve-

2107 2602 2202 2655 nit.
2253 2602 2435 2672 Itaque
2474 2601 2598 2656 dmn
2648 2601 2853 2671 legibus
2896 2602 2962 2655 ad
3004 2617 3103 2656 nos
3138 2602 3408 2671 pervenit,
3441 2599 3696 2670 prmdicto

2108 2696 2433 2750 monasterio
2461 2697 2661 2750 sancite
2691 2695 2906 2762 Sophim
2935 2684 3196 2765 integrum
3227 2694 3491 2750 concessit
3520 2693 3695 2762 possi-

2107 2787 2361 2851 deudum,
2395 2802 2603 2852 servos,
2635 2798 2686 2841 et
2718 2784 2957 2852 ancillas,
2986 2787 3262 2842 universas
3291 2798 3488 2852 cortes,
3518 2800 3693 2850 casas,

2108 2892 2358 2946 campos,
2393 2888 2539 2946 prata
2560 2918 2574 2942 ,
2607 2875 2902 2942 territoria,
2935 2876 3126 2942 silvas,
3160 2892 3344 2946 agros,
3376 2876 3612 2942 mobilia,
3643 2888 3698 2929 et

2110 2968 2444 3033 immobilia,
2499 2983 2723 3039 qumque
2781 2969 3001 3023 haberet
3053 2970 3357 3023 nominatus
3406 2966 3695 3022 Graderius

2111 3060 2396 3130 prmdictus
2431 3076 2448 3114 :
2493 3060 2587 3115 sed
2625 3070 2680 3116 et
2722 3060 3074 3115 substantiam
3116 3060 3353 3131 germani
3403 3060 3690 3129 equidem,

2109 3157 2196 3227 qui
2228 3170 2350 3212 cum
2395 3155 2513 3227 ipso
2557 3155 2943 3212 familiaritates
2972 3166 3157 3211 contra
3188 3164 3428 3209 nostrum
3458 3154 3693 3208 animum

2102 3258 2192 3305 est
2214 3249 2557 3315 consiliatus;
2581 3258 2635 3306 et
2658 3265 2752 3320 pro
2778 3250 2881 3304 alia
2905 3250 3080 3319 culpa,
3107 3250 3244 3318 quod
3272 3263 3492 3302 uxorem
3516 3260 3691 3309 suam,

2110 3342 2327 3398 nomine
2370 3342 2703 3412 Simpliciam
2729 3382 2745 3409 ,
2776 3358 2932 3414 quam
2982 3342 3033 3396 in
3074 3342 3248 3397 medio
3295 3339 3460 3394 nostri
3491 3338 3693 3409 palatii.

2109 3434 2227 3489 sine
2256 3431 2410 3503 culpa
2455 3433 2721 3489 occidisse
2750 3433 2891 3487 visus
2937 3443 3048 3497 est;
3089 3432 3228 3487 unde
3270 3446 3365 3500 pro
3402 3431 3514 3500 ipsa
3540 3429 3696 3497 culpa

2111 3525 2297 3580 debuit
2325 3539 2654 3594 componere
2679 3524 2969 3579 secundum
3002 3524 3172 3595 legem
3196 3522 3398 3578 solidos
3421 3521 3569 3576 mille
3598 3520 3697 3574 du-

2110 3625 2327 3682 ecutos,
2370 3626 2423 3671 et
2465 3624 2687 3685 propter
2730 3624 2836 3669 tam
2879 3616 3112 3682 iniquum
3159 3614 3479 3676 consilium,
3521 3613 3698 3667 omnis

2112 3710 2409 3763 substantia
2458 3709 2664 3778 legibus
2704 3708 2769 3763 ad
2820 3719 3051 3763 nostram
3097 3709 3312 3764 devenit
3345 3716 3694 3776 potestatem;

2116 3810 2296 3855 nostra
2331 3816 2461 3856 vero
2492 3811 2727 3871 potestas
2764 3803 2982 3856 onmiuo
3027 3799 3225 3869 integra
3248 3841 3263 3861 .
3291 3816 3410 3853 eam
3450 3799 3699 3852 substan-

2115 3894 2240 3946 tiam
2262 3934 2276 3956 ,
2308 3901 2562 3961 quantum
2598 3892 2711 3961 ipse
2742 3892 3013 3961 possidere
3037 3890 3179 3943 visus
3207 3889 3320 3954 fuit,
3351 3891 3401 3942 in
3430 3896 3700 3941 monaste-

2118 3985 2199 4039 rio
2237 3993 2435 4036 sanctae
2480 3983 2692 4051 Sophim
2738 3981 3099 4035 concessimus
3142 3979 3513 4048 perfruendatn
3550 3995 3562 4029 :
3604 3979 3697 4029 sed

2117 4087 2168 4130 et
2196 4075 2547 4129 substantiam
2580 4074 2804 4142 aliquam
2839 4071 3044 4125 Domini
3076 4071 3307 4135 ancillae,
3339 4085 3478 4139 quae,
3503 4069 3700 4123 dereli—

2116 4176 2204 4221 cto
2232 4166 2506 4236 religionis
2538 4164 2749 4227 habitu.
2781 4162 2956 4217 Tauro
2987 4161 3099 4216 tilio
3129 4161 3407 4227 ltauifoni,
3441 4160 3619 4214 illicito
3646 4177 3704 4211 se

2120 4255 2335 4311 tradidit
2358 4254 2734 4318 matrimonio;
2760 4253 2900 4307 unde
2921 4252 3208 4307 secundum
3234 4252 3488 4312 edictum,
3516 4261 3567 4303 et
3587 4251 3703 4318 ρλιιη

2121 4356 2388 4411 tenorem,
2416 4346 2590 4400 omnis
2618 4343 2907 4398 substantia
2943 4344 3007 4397 ad
3056 4352 3289 4396 nmtram
3329 4342 3505 4397 denuo
3539 4343 3697 4395 devc-

426 4465 588 4517 ηεηο,
624 4452 797 4521 [argui
839 4468 1025 4507 sumus
1052 4460 1107 4507 οι
1138 4453 1189 4506 in
1221 4451 1546 4506 monasterio
1570 4461 1770 4506 sanciat,
1800 4450 2014 4518 Sophim
2040 4461 2096 4523 υ
2121 4437 2199 4492 nit
2230 4444 2581 4507 potestatem;
2631 4444 2808 4490 nostra
2854 4450 2979 4490 vero
3022 4444 3255 4503 potestas
3293 4451 3505 4489 omnem
3550 4434 3705 4501 hujus

424 4542 637 4603 vineas,
669 4552 721 4595 et
755 4544 1052 4609 territoria,
1093 4558 1211 4611 quae
1252 4541 1532 4612 presbyter
1576 4541 1739 4609 ipsius
1777 4540 2016 4595 ecclesia:

424 4634 543 4685 sine
574 4634 753 4699 palatii
786 4635 1078 4689 donatione
1109 4634 1344 4689 tenebat.
1385 4633 1449 4687 Et
1494 4632 1710 4702 insuper
1750 4634 2019 4688 concessi-

426 4737 545 4775 mus
576 4722 627 4776 in
656 4724 845 4777 eodem
880 4726 998 4794 galo
1040 4739 1290 4792 pascuam
1328 4724 1394 4777 ad
1424 4724 1665 4793 pecualia
1707 4723 2015 4787 monasterii

425 4822 628 4866 sanctm
654 4814 892 4883 Sophim,
925 4815 1017 4869 sed
1048 4824 1102 4869 et
1130 4816 1411 4871 ecclesiam
1438 4823 1638 4870 sancta:
1671 4814 1873 4881 Marim,
1900 4830 2019 4884 qum

425 4906 526 4958 sita
560 4913 645 4958 est
674 4905 729 4959 in
753 4906 910 4967 Alifa.
945 4908 1061 4960 loco
1084 4907 1173 4977 qui
1199 4907 1394 4961 dicitur
1421 4906 1659 4961 Massona
1685 4922 1807 4961 cum
1837 4907 2015 4961 omni-

428 4994 531 5047 bus
577 4990 682 5047 sibi
726 4997 1153 5063 pertinentibus,
1195 5004 1394 5051 sanctm
1440 4995 1655 5064 Sophim
1697 4997 2021 5050 monasterio

427 5086 798 5142 concessimus
829 5087 1230 5157 possidendam.
1275 5088 1380 5143 Sed
1411 5097 1464 5142 et
1493 5088 1778 5143 ecclesiam
1818 5097 2019 5142 sanctm

431 5173 717 5239 Modestm,
748 5190 907 5244 quam
955 5176 1277 5232 Leomiauus
1321 5176 1631 5243 mditicavit,
1680 5184 1736 5232 et
1779 5193 1871 5246 per
1909 5193 2020 5233 sum

429 5265 731 5321 offertionis
767 5267 1069 5323 chartulam
1115 5284 1302 5325 omnes
1342 5277 1632 5338 potestates
1678 5283 1802 5322 suas
1843 5268 2017 5325 eidem

430 5356 684 5411 ecclesim
710 5359 925 5425 obtulit,
950 5370 1003 5414 et
1033 5370 1231 5415 nostrm
1263 5360 1507 5429 potestati
1537 5361 1841 5429 prmdictam
1865 5360 2020 5416 char-

436 5445 599 5499 tulam
633 5446 887 5514 tradidit,
920 5457 978 5503 ut
1014 5447 1067 5503 in
1100 5459 1284 5503 nostro
1323 5463 1535 5517 semper
1570 5456 1715 5504 esset
1747 5449 2021 5518 judicandi

433 5540 678 5594 arbitrio.
713 5540 882 5608 Quam
912 5551 965 5596 et
1007 5541 1288 5597 ecclesiam
1330 5552 1509 5594 nostra
1550 5548 1782 5607 poteSIas
1822 5552 2020 5595 sanctm

433 5627 648 5697 Sophim
689 5632 1022 5687 monasterio
1073 5632 1301 5685 firmavit
1352 5630 1750 5699 possidendam.
1799 5632 1907 5687 Sed
1962 5644 2015 5687 et

435 5717 716 5777 ecclesiam
750 5722 919 5778 sancti
961 5720 1253 5791 Stephani,
1310 5731 1425 5784 (tum
1464 5720 1566 5776 sita
1609 5728 1691 5777 est
1731 5728 1852 5777 ante
1880 5721 2013 5776 civi-

2122 4530 2386 4600 Alipergm
2415 4528 2764 4583 substantiam
2797 4527 3090 4596 integram,
3129 4541 3230 4580 una
3274 4542 3393 4579 cum
3438 4528 3547 4593 ipsa
3595 4527 3705 4580 Αιι-

2123 4636 2281 4692 pcrga
2314 4619 2636 4675 monasterio
2669 4626 2868 4673 sanctm
2907 4618 3123 4687 Sophim
3165 4619 3380 4674 tradidit
3424 4621 3701 4689 possideo-

2122 4713 2243 4766 dam
2296 4728 2309 4763 :
2361 4711 2454 4765 sed
2508 4718 2561 4764 et
2606 4710 2894 4763 Coudomm
2945 4708 3304 4778 impronellm,
3351 4710 3400 4763 hi
3444 4720 3567 4765 sunt
3613 4712 3704 4761 lilii

2122 4802 2339 4857 ΑΓΟηΙάί
2389 4806 2526 4857 servi
2573 4801 2785 4866 nostri,
2831 4816 2968 4870 quos
3015 4802 3317 4871 Stephanus
3360 4812 3555 4857 stratos
3612 4816 3707 4869 per

2124 4907 2447 4966 praeceptum
2490 4894 2677 4949 falsum
2726 4894 2999 4960 liberavit,
3031 4911 3085 4951 et
3122 4913 3208 4952 res
3233 4911 3415 4950 eorum
3448 4894 3692 4949 abstulit:

2122 4991 2215 5044 sed
2246 4989 2449 5059 legibus
2487 4989 2661 5052 servi,
2693 5000 2749 5043 et.
2779 5004 2863 5044 res
2890 5005 3073 5046 earum
3103 4991 3167 5042 ad
3197 4999 3430 5042 nostram
3465 4996 3702 5055 potesta-

2125 5092 2228 5136 tem
2259 5082 2608 5137 devenerunt.
2652 5081 2908 5141 Similiter
2943 5094 2995 5139 et
3040 5086 3090 5137 in
3135 5082 3408 5135 Robbiano
3438 5080 3699 5135 condoma

2127 5187 2225 5225 una
2275 5174 2485 5226 nomine
2530 5172 2677 5241 Ursi,
2719 5188 2838 5228 cum
2886 5188 3078 5237 uxore,
3126 5181 3179 5226 et
3219 5171 3341 5224 filiis
3378 5172 3516 5236 suis,
3546 5186 3701 5241 quam

2128 5267 2428 5320 nominatus
2460 5266 2763 5336 Stephanus
2794 5268 2925 5322 falso
2954 5266 3195 5330 tenebat,
3232 5266 3296 5318 ad
3338 5278 3572 5319 nostram
3607 5282 3701 5334 po.

2128 5366 2372 5411 testalem
2403 5358 2640 5426 pervenit
2670 5376 2681 5409 :
2717 5366 2895 5412 nostra
2937 5371 3060 5409 vero
3099 5365 3330 5423 potestas
3371 5354 3463 5408 has
3487 5356 3691 5410 condo-

2126 5462 2240 5501 mas
2266 5463 2385 5502 cum
2413 5449 2660 5504 omnibus
2687 5448 2787 5502 sibi
2820 5446 3205 5516 pertinentibus
3226 5448 3545 5501 monasterio
3573 5462 3695 5501 san-

2124 5552 2222 5595 ctm
2255 5542 2467 5609 Sophim
2498 5541 2711 5595 dOuavit
2745 5532 3108 5608 possidendas.
3138 5540 3242 5597 Sed
3271 5552 3319 5595 et
3345 5544 3689 5595 substantiam

2127 5630 2468 5700 Euphemim,
2522 5632 2638 5684 tiliae
2673 5629 2914 5695 Arichis,
2960 5644 3075 5699 quae
3116 5645 3172 5685 se
3215 5632 3480 5703 religionis
3513 5634 3694 5686 habita

2123 5724 2176 5777 in
2211 5727 2531 5780 monasterio
2558 5732 2753 5778 sancta!
2783 5723 2992 5793 Sophim
3024 5724 3268 5793 tradidit,
3300 5741 3417 5781 cum
3446 5730 3693 5782 omnibus
