4056 6178
384 301 518 357 H23

1556 291 2170 352 LANGOBARDURUM
2214 291 2450 346 REGUM

3508 295 3648 350 14Ξὶ

381 416 489 471 suis
529 413 865 470 facultatibus
887 455 902 478 ,
952 423 1058 467 tam
1107 421 1435 476 maternam,
1480 425 1635 479 quam
1687 415 1958 476 paternam
1989 407 2039 466 Α
2067 403 2292 468 obtulit;
2326 415 2505 456 nostra
2531 418 2653 456 vero
2681 412 2940 470 potestate
2968 403 3256 458 secundum
3285 405 3653 459 testimonium

381 519 593 558 omnem
637 518 786 557 suam
831 502 1142 572 pecuniam,
1184 517 1301 570 qua:
1346 510 1452 554 tam
1483 500 1557 554 illi
1588 515 1651 554 ex
1686 506 1836 568 parte
1861 509 1957 550 sua

382 610 538 662 quam
583 592 855 645 sororibus
900 591 1152 661 conligit,
1191 605 1401 644 omnem
1440 603 1589 642 soant
1641 585 1958 655 portionem,

381 684 632 748 mobilia,
676 693 728 735 ct
775 682 1062 735 immobilia
1101 683 1312 751 omnia,
1351 691 1405 736 et
1444 681 1494 734 in
1541 680 1787 735 omnibus
1825 678 1960 732 inle-

385 787 530 841 gram
554 811 568 836 ,
599 773 850 841 praedicto
879 781 1078 826 sancta:
1108 771 1320 839 Sotihia:
1350 771 1673 826 monasterio
1713 767 1958 832 tradidit;

384 864 522 916 unde
544 871 598 918 et
626 878 719 930 [er
750 864 849 916 hoc
873 865 1233 917 concessimus
1264 872 1586 932 prteceptum
1606 905 1620 926 ,
1651 877 1714 916 ex
1746 860 1960 913 univer-

385 953 459 1004 sis
491 953 753 1019 pradich
784 953 1092 1020 Euphemizc
1121 954 1360 1021 pecuniis
1389 961 1588 1007 sancta:
1613 951 1826 1017 Sophiae
1849 965 1961 1004 mo-

384 1045 619 1100 nasterio
643 1045 901 1114 integrum
931 1046 1338 1109 constituimus,
1370 1055 1421 1096 et
1447 1042 1770 1097 ﬁrmavimus
1799 1059 1810 1093 :
1839 1056 1962 1096 nec-

385 1150 488 1189 non
535 1145 592 1190 et
641 1146 833 1190 terram
883 1139 934 1191 in
981 1137 1171 1205 Apulia
1220 1136 1286 1190 ad
1337 1147 1576 1189 sanctum
1627 1133 1854 1188 Felicem
1894 1135 1959 1187 ad

385 1227 704 1282 Sruxiauum
737 1244 896 1296 super
926 1230 1098 1294 viam,
1129 1243 1288 1296 quam
1317 1227 1481 1282 abbas
1510 1226 1810 1280 monasterii
1837 1240 1962 1280 sau-

381 1317 450 1370 cli
481 1315 700 1371 Joannis
730 1318 796 1370 de
824 1327 972 1386 porta
1005 1331 1166 1373 aurea
1199 1318 1436 1383 tenebat,
1464 1327 1646 1372 contra
1674 1317 1959 1384 rationem,

382 1408 506 1475 quia
534 1407 598 1462 ad
628 1423 810 1462 servos
842 1418 1052 1463 nostros
1083 1410 1370 1478 pertinuit,
1399 1420 1449 1463 et
1483 1409 1607 1463 dum
1639 1407 1961 1476 comproba-

387 1506 497 1549 tum
528 1498 744 1563 fuisset,
775 1499 940 1566 ipsam
965 1514 1112 1552 aram
1134 1497 1390 1568 integram
1416 1501 1651 1568 recipere
1669 1496 1959 1568 iussimus;

383 1595 437 1640 et
465 1587 589 1653 quia
633 1587 697 1640 ad
739 1599 972 1643 nostram
1024 1589 1274 1656 pertinuit
1320 1598 1630 1657 potestatem
1655 1632 1670 1656 ,
1710 1591 1963 1664 prardicto

383 1687 582 1730 sancta:
609 1677 822 1746 Sophia:
852 1681 1176 1734 monasterio
1204 1679 1459 1748 integram
1482 1681 1841 1735 concessimus
1869 1696 1964 1751 po-

2063 494 2357 548 oll'ertionis
2396 504 2596 548 sancta:
2638 495 2850 563 Sophia:
2893 510 3104 564 semper
3156 496 3486 550 firmavimus
3529 515 3624 564 per

2063 584 2340 639 fruendam
2387 601 2402 638 :
2451 601 2659 640 necnon
2724 594 2780 640 et
2846 587 3195 641 substantiam
3245 588 3644 654 Cruarniperti,

2063 689 2220 742 quam
2243 684 2298 729 et
2326 675 2424 744 ipsi
2451 685 2650 729 sanctae
2672 675 2885 742 Soiibia:
2919 676 3246 730 monasterio
3271 679 3527 748 integram
3554 696 3652 747 per

2066 763 2241 818 omnia
2270 764 2492 829 obtulit;
2524 765 2749 834 ideoque
2781 775 2959 820 nostra
2995 767 3218 820 facultas
3255 782 3470 823 onmem
3517 771 3618 823 sub

2063 855 2311 908 stantiam
2328 855 2617 910 secundum
2642 865 2845 911 textum
2866 857 3162 914 olfertionis
3176 861 3504 914 monasterio
3523 877 3652 915 san~

2064 955 2164 998 ctae
2204 945 2417 1012 Sotihia:
2456 947 2794 1002 confirmavit
2831 949 3208 1017 possidendam
3245 967 3261 1006 :
3292 953 3387 1006 sed
3425 962 3482 1007 et
3523 954 3653 1008 sub-

2065 1036 2314 1090 etantiam
2343 1036 2562 1106 majoris
2592 1037 2681 1091 lilii
2725 1037 2974 1092 Drabunii
2993 1080 3010 1103 ,
3049 1041 3137 1109 qui
3177 1049 3231 1096 et
3259 1041 3375 1109 ipse
3399 1041 3651 1096 similiter

2065 1135 2264 1181 sancta:
2289 1127 2506 1195 SOphim
2537 1129 2867 1184 monasterio
2888 1143 3076 1185 omnes
3119 1145 3205 1187 res
3245 1147 3370 1187 suas
3409 1133 3646 1187 obtulit:

2067 1226 2246 1270 nostra
2295 1232 2420 1272 vero
2459 1228 2694 1286 potestas
2733 1221 3049 1287 sublimata,
3080 1221 3430 1277 substantiam
3457 1237 3651 1276 secum

2065 1308 2188 1360 dum
2217 1318 2416 1362 textum
2448 1308 2743 1363 olfcrlionis
2770 1311 2823 1363 in
2850 1313 3038 1365 eodem
3069 1312 3390 1366 monasterio
3419 1312 3654 1366 firmavit

2068 1399 2384 1466 possidenda
2412 1418 2424 1452 :
2449 1401 2542 1454 sed
2564 1413 2614 1454 et
2643 1402 2992 1454 substantiam
3019 1400 3313 1471 Peregrina:
3332 1401 3455 1456 illis
3476 1401 3654 1456 Theu-

2065 1490 2263 1557 sperti,
2308 1504 2464 1557 quam
2513 1505 2693 1545 secum
2733 1506 2853 1544 cum
2885 1491 3133 1546 omnibus
3163 1491 3320 1546 rebus
3348 1493 3453 1548 sibi
3493 1495 3653 1562 perti-

2070 1580 2347 1647 nentibus,
2376 1579 2660 1637 mobilibus
2685 1589 2741 1635 et
2775 1580 3166 1647 immobilibus,
3201 1592 3399 1639 Sancta.-
3439 1585 3658 1653 Sophia:

2074 1669 2399 1723 monasterio
2446 1669 2625 1723 divina
2669 1670 3020 1739 contemplata
3067 1686 3225 1729 manu
3261 1672 3451 1726 obtulit
3486 1672 3660 1726 ﬁdeli-

386 1776 636 1821 testatem
669 1745 1064 1836 possidendam.
1103 1769 1206 1824 Sed
1239 1781 1292 1823 et
1317 1745 1688 1835 iollcrtionem,
1718 1745 1885 1836 quatn-
1909 1770 1960 1825 in

2069 1768 2179 1824 ter;
2216 1768 2395 1812 nostra
2427 1773 2556 1813 vero
2589 1769 2822 1828 potestas
2853 1761 3033 1814 omnia
3057 1777 3175 1829 qua:
3198 1761 3265 1815 ad
3290 1763 3515 1818 eandem
3545 1761 3651 1819 Pco

387 1858 708 1926 supradicta:
737 1868 937 1914 sancta:
959 1859 1180 1929 Sophia:
1208 1861 1532 1916 nteiiasterio
1563 1861 1868 1916 nuderisius
1902 1863 1961 1916 ti-

382 1948 483 2002 lius
514 1947 767 2003 Rodicbis
790 1949 1102 2005 habitatoris
1124 1951 1351 2006 civitatis
1375 1961 1570 2006 nostrre
1592 1953 1965 2008 const'ntieule

380 2049 562 2094 nostra
594 2047 855 2108 potestate
881 2041 1108 2108 obtulit,
1139 2043 1457 2098 servandum
1491 2045 1851 2099 testimotiium
1878 2045 1961 2098 of-

383 2128 644 2196 tertionis,
677 2131 1005 2186 ﬁrmavimus
1030 2131 1424 2200 perfruendam.
1454 2132 1560 2189 Nec
1582 2149 1684 2188 non
1706 2139 1761 2188 et
1785 2149 1962 2189 casam

383 2218 434 2270 in
466 2217 701 2287 Papiano
726 2234 888 2290 super
918 2221 1124 2289 Trane,
1169 2239 1286 2293 qua:
1316 2221 1413 2278 fuit
1455 2223 1522 2279 de
1568 2227 1739 2279 servis
1782 2225 1960 2295 palatii

385 2309 590 2376 nostri,
623 2324 781 2378 quam
810 2310 1042 2366 Joannes
1079 2314 1316 2368 nutat-ius
1365 2330 1460 2384 per
1504 2326 1825 2385 pratceptum
1867 2316 1962 2373 fal-

389 2412 505 2453 sum
547 2401 882 2468 possidebat,
917 2404 1055 2459 unde
1102 2403 1305 2476 legibus
1353 2406 1418 2459 ad
1465 2416 1700 2461 nostram
1749 2407 1964 2464 devenit

387 2500 725 2556 potestatem.
753 2492 939 2548 Nostra
968 2510 1176 2564 quoque
1205 2507 1466 2564 potestate
1496 2498 1668 2568 largiti
1696 2513 1884 2554 sumus
1911 2501 1963 2555 in

385 2584 572 2636 eodem
603 2584 720 2638 loco
748 2601 897 2639 casas
920 2602 1037 2654 sex,
1065 2605 1180 2655 qua:
1214 2600 1465 2657 reguntur
1492 2605 1586 2657 per
1609 2590 1961 2647 Gaiderisium

375 2688 500 2725 cum
532 2689 729 2740 uxore,
759 2684 812 2728 et
843 2676 997 2745 liliis,
1030 2686 1083 2731 et
1112 2679 1357 2732 onmihus
1393 2680 1492 2734 sibi
1524 2680 1912 2748 pertinentibus
1944 2698 1960 2737 :

384 2777 561 2816 casam
603 2781 720 2831 qua:
751 2770 952 2834 regitur
982 2782 1074 2835 per
1111 2768 1462 2823 Creobaldum
1503 2786 1622 2826 cum
1668 2795 1866 2846 more,
1907 2792 1964 2838 ει

385 2852 537 2918 liliis,
568 2863 623 2907 et
649 2857 896 2911 omnibus
933 2857 1036 2911 sibi
1077 2870 1499 2936 pertinentibus;
1527 2883 1704 2926 casam
1733 2887 1852 2941 qua:
1880 2889 1964 2929 re-

379 2953 520 3020 gitur
550 2969 642 3021 per
670 2960 1003 3009 Ausetanum
1046 2972 1166 3011 cum
1196 2974 1390 3027 uxore,
1422 2969 1477 3014 et
1516 2961 1668 3026 liliis,
1711 2973 1765 3017 et
1793 2965 1964 3020 omni-

385 3047 480 3098 bus
511 3045 609 3100 sibi
642 3047 1026 3114 pertinentibus
1054 3066 1068 3100 :
1098 3063 1275 3102 casam
1314 3067 1430 3119 qua:
1477 3053 1678 3121 regitur
1715 3069 1809 3122 per
1836 3054 1963 3110 Per-

385 3137 548 3191 tnlum
579 3151 697 3191 cum
731 3153 915 3204 uxore,
949 3149 1002 3193 et
1031 3139 1174 3207 liliis,
1206 3149 1262 3195 et
1290 3142 1532 3196 omnibus
1560 3133 1658 3197 sibi
1689 3144 1960 3213 pertinen-

385 3233 524 3286 tibus
567 3249 580 3284 :
632 3247 809 3286 casam
857 3247 976 3301 qua:
1027 3235 1223 3300 regitur
1261 3249 1358 3303 per
1402 3234 1797 3292 Taulecaudum
1840 3253 1958 3295 cum

383 3339 566 3389 uxore,
600 3334 651 3378 et
674 3324 825 3390 liliis,
861 3334 915 3379 et
940 3326 1188 3380 omnibus
1211 3326 1310 3380 sibi
1335 3327 1719 3394 pertinentibus
1745 3349 1754 3383 :
1782 3347 1958 3386 casam

381 3431 498 3482 qua:
543 3417 742 3486 regitur
787 3432 879 3486 per
923 3416 1217 3482 Firmium,
1259 3419 1452 3487 singuli
1499 3434 1618 3474 cum
1666 3436 1860 3491 uxore,
1909 3432 1961 3477 et

384 3504 534 3566 liliis,
566 3515 616 3556 et
647 3505 895 3557 omnibus
929 3505 1030 3559 sibi
1069 3506 1494 3577 pertinentibus,
1543 3524 1661 3578 qua:
1707 3509 1868 3565 frater
1893 3512 1962 3568 de

380 3593 657 3658 iudiciaria
688 3595 940 3649 canosina
979 3596 1046 3649 de
1099 3598 1446 3654 subauctione
1473 3598 1737 3655 Bodcrisii
1767 3604 1962 3672 gastal-

381 3688 470 3740 dio
495 3697 700 3742 nostro.
729 3690 834 3744 Sed
865 3704 916 3745 et
948 3693 1298 3748 substantiam
1328 3693 1692 3762 Teusprandi,
1721 3707 1778 3752 et
1802 3695 1962 3751 Joan-

384 3783 468 3833 nis
493 3818 508 3844 ,
548 3788 602 3833 et
633 3779 908 3849 Frosolglsi
937 3793 1168 3838 nostram
1200 3794 1415 3854 propter
1438 3786 1632 3840 furtqu
1668 3785 1960 3842 solidorum

381 3887 472 3926 ses
510 3873 767 3938 millium,
809 3890 943 3943 quos
972 3875 1311 3932 nobisfurati
1351 3886 1506 3942 sunt;
1541 3877 1679 3932 unde
1709 3893 1812 3932 nou
1843 3880 1962 3948 plus

381 3982 538 4034 quam
569 3977 793 4036 quatuor
823 3970 985 4023 millia
1023 3970 1392 4041 reclillegimus
1417 3971 1616 4026 Solidos
1636 4013 1650 4036 ,
1682 3981 1734 4026 et
1757 3986 1843 4028 res
1870 3986 1960 4027 eo-

382 4074 500 4112 rum
529 4075 716 4114 omnes
747 4060 951 4130 legibus
980 4063 1044 4115 ad
1078 4073 1309 4118 nostram
1333 4074 1692 4134 pervenerunt
1723 4073 1972 4136 potestas

382 4160 488 4204 tem
524 4168 537 4204 :
573 4160 754 4205 nostra
788 4167 913 4208 vero
943 4163 1174 4221 potestas
1202 4154 1374 4223 ipsum
1402 4155 1570 4208 locum
1597 4156 1730 4209 intra
1763 4165 1960 4209 sancta:

381 4244 596 4308 Sophia:
641 4246 1022 4299 monasterium
1068 4247 1334 4301 concessit
1376 4247 1754 4316 possideudmu
1806 4265 1816 4298 :
1860 4261 1959 4300 nec

383 4353 486 4391 non
517 4347 572 4392 et
613 4340 663 4391 in
694 4339 1027 4396 Gastraldato
1062 4340 1361 4396 Bisernensi
1391 4342 1756 4398 concessimus
1783 4341 1958 4396 Corti-

381 4441 578 4492 sauos,
616 4429 666 4483 hi
711 4439 834 4483 sunt
862 4445 981 4484 cum
1020 4430 1272 4486 uxoribus
1299 4432 1439 4496 suis,
1481 4439 1534 4485 et
1574 4432 1820 4486 omnibus
1857 4431 1957 4487 sibi
1990 4451 2042 4514 ι)

385 4519 769 4584 pertinentibus
803 4537 818 4574 :
848 4521 942 4576 sed
970 4533 1026 4576 et
1054 4537 1214 4576 unam
1245 4536 1484 4578 sororem
1517 4522 1709 4576 lndari.

458 4607 566 4662 llos
589 4618 762 4664 autem
789 4627 908 4666 cum
938 4616 1134 4683 integra
1165 4614 1406 4684 portione
1427 4629 1612 4668 eorum
1639 4623 1838 4670 sancta:
1862 4616 1960 4670 So-

389 4697 527 4766 phia:
565 4700 888 4753 monasterio
911 4703 1278 4756 concessimus
1307 4701 1708 4772 possidendum.

460 4789 622 4854 ltem,
651 4797 704 4842 et
733 4789 784 4842 in
821 4790 1008 4845 eodem
1039 4793 1334 4860 gastaldato
1374 4795 1735 4848 concessimus
1777 4793 1963 4848 bacca-

385 4884 493 4936 iios
524 4900 534 4934 :
569 4881 620 4935 hi
649 4888 776 4938 sunt
803 4878 1006 4934 Crauso
1027 4896 1145 4936 cum
1174 4898 1339 4937 uxore
1361 4925 1375 4948 ,
1407 4896 1461 4937 et
1487 4884 1636 4946 liliis,
1669 4885 1759 4937 sed
1788 4893 1841 4937 et
1872 4898 1963 4938 ne-

329 4989 331 4991 ‘
386 4983 575 5040 potes,
625 4972 910 5041 omniaque
949 4985 1136 5026 eorum
1191 4973 1504 5041 pertinentia
1552 4991 1564 5024 :
1615 4985 1711 5026 nec
1752 4987 1855 5026 non
1910 4980 1966 5025 ct

381 5064 684 5132 Syndonem
715 5080 834 5118 cum
873 5078 1038 5116 uxore
1071 5105 1087 5130 ,
1114 5074 1167 5119 et
1199 5063 1320 5118 [iliis
1349 5064 1492 5128 suis;
1531 5063 1623 5117 sed
1661 5072 1714 5117 et
1747 5062 1962 5125 liaccas,

383 5154 472 5222 qtti
503 5154 600 5208 fuit
639 5169 830 5209 servus
873 5154 1100 5209 Rituichi
1124 5198 1138 5219 ,
1171 5162 1226 5208 et
1253 5153 1318 5208 de
1344 5168 1598 5223 germano
1613 5155 1715 5220 .qui
1743 5169 1964 5222 carpen-

386 5247 502 5301 tarii
549 5248 736 5302 nostri.
782 5248 885 5303 Sed
929 5258 982 5302 et
1019 5255 1223 5302 cortem
1263 5246 1327 5300 ad
1367 5257 1603 5300 sanctum
1634 5246 1962 5307 Stephanum

385 5342 524 5395 inter
554 5341 766 5393 flumina
791 5380 806 5403 ,
835 5339 921 5406 qui
970 5338 1065 5390 fuit
1103 5337 1323 5392 Audoali
1352 5336 1600 5391 Canosini
1623 5380 1636 5403 ,
1676 5335 1764 5402 qui
1802 5335 1964 5389 nobili

389 5432 680 5488 Perachino
725 5446 915 5484 omnes
967 5446 1053 5484 res
1101 5445 1225 5484 suas
1270 5430 1484 5485 tradidit
1536 5447 1547 5482 :
1592 5429 1770 5484 locum
1811 5429 1968 5498 igitur

389 5526 546 5576 istum
574 5531 771 5575 sancta:
793 5521 1004 5587 Sophim
1033 5519 1398 5575 concessimus
1418 5517 1794 5591 possidendum
1830 5535 1840 5569 :
1872 5516 1964 5570 sed

387 5624 439 5667 et
482 5614 763 5668 ecclesiam
813 5613 980 5666 sancti
1031 5611 1287 5680 Adjutorii
1337 5615 1390 5665 ln
1439 5617 1620 5664 sancta
1667 5608 1871 5676 Agatha
1912 5609 1964 5661 in

407 5706 582 5760 litibus
611 5706 844 5760 lunatam
875 5714 1072 5759 sanctm
1100 5705 1316 5774 Sophia:
1351 5701 1673 5759 monasterio
1703 5700 1964 5768 integram

2063 1852 2219 1917 regrii
2241 1863 2288 1903 te
2314 1850 2664 1904 substantiam
2697 1851 2964 1919 pertinent
2995 1861 3193 1906 sancta:
3225 1852 3440 1922 Sophia:
3469 1869 3657 1906 mona-

2063 1939 2231 1991 sterio
2277 1936 2508 1992 ﬁrmavit
2557 1938 2873 2006 possidenda
2927 1956 2941 1992 :
2991 1954 3125 1994 neco
3165 1955 3196 1995 n
3243 1941 3293 1995 in
3335 1939 3559 1996 Salemo
3587 1942 3656 1994 ad

2065 2039 2309 2083 sanctum
2339 2031 2668 2085 Salvatorem
2693 2046 2815 2100 erga
2849 2035 3017 2100 ipsum
3047 2034 3238 2098 lacum,
3262 2033 3437 2102 largiti
3467 2049 3656 2087 smnus

2067 2119 2392 2174 territorium
2412 2159 2432 2188 ,
2467 2121 2567 2174 hoc
2599 2132 2679 2175 est
2710 2123 2883 2176 modia
2914 2124 3292 2194 quinquaginta
3333 2142 3346 2178 :
3388 2123 3483 2178 sed
3519 2133 3576 2178 et
3603 2126 3657 2177 in

2063 2207 2267 2264 Gualdo
2296 2211 2347 2264 in
2395 2209 2501 2266 fine
2529 2211 2772 2277 conlina,
2802 2213 2920 2267 loco
2963 2215 3052 2282 qui
3098 2224 3314 2270 vocatur
3347 2215 3426 2268 Ad
3468 2229 3658 2269 monu-

2065 2309 2263 2366 menta,
2293 2315 2414 2355 cum
2447 2301 2670 2370 integris
2702 2303 2898 2358 ﬁnibus
2926 2307 3036 2358 suis
3065 2316 3262 2361 sancta:
3293 2305 3509 2374 Sophia:
3534 2322 3656 2360 uno-

2067 2391 2300 2446 nasterio
2345 2393 2587 2447 concessi
2636 2392 2953 2462 perfruenda
2996 2414 3010 2451 :
3059 2411 3265 2452 necnon
3309 2405 3368 2450 et
3412 2401 3654 2454 concessi

2064 2493 2262 2538 sancta:
2294 2482 2509 2552 Sophia:
2540 2485 2830 2539 condomas
2859 2489 3075 2542 nomine
3107 2487 3336 2542 Allerisii
3368 2503 3491 2541 cum
3520 2503 3653 2541 uxo-

2065 2589 2157 2639 re,
2192 2584 2244 2628 et
2274 2577 2538 2645 germanis
2568 2577 2677 2631 suis
2702 2621 2716 2644 ,
2750 2587 2803 2632 et
2827 2579 2979 2642 liliis,
3011 2589 3064 2632 et
3088 2579 3323 2651 ﬁliabus,
3357 2580 3440 2642 vel
3471 2591 3653 2642 omnia

2065 2679 2248 2722 eorum
2280 2681 2398 2736 qua:
2420 2666 2605 2726 habuit
2627 2669 2680 2730 iu
2701 2671 2874 2731 catula
2901 2678 3068 2732 teneri
3093 2678 3374 2733 Crastaldo
3398 2694 3416 2732 :
3443 2693 3655 2734 necnon

2065 2778 2119 2821 et
2149 2781 2356 2833 sentos,
2387 2782 2483 2822 seu
2516 2768 2761 2834 ancillas,
2794 2783 3000 2825 necnon
3026 2779 3077 2824 et
3122 2770 3326 2834 vineas,
3357 2781 3412 2825 et
3441 2772 3658 2825 territo-

2066 2860 2164 2926 ria,
2189 2871 2447 2927 quantum
2479 2859 2829 2916 tuanchaldus
2855 2863 3134 2932 presbyter
3161 2862 3213 2916 in
3236 2861 3462 2916 ecclesia
3486 2862 3656 2916 sane“

2068 2954 2206 3008 Petri
2237 2955 2301 3008 ad
2332 2969 2525 3025 aquam
2549 2965 2784 3012 sanctam
2815 2955 2994 3011 lavare
3025 2959 3167 3011 visus
3196 2968 3276 3011 est
3306 2956 3374 3010 ad
3413 2965 3655 3009 nostram

2069 3053 2386 3112 potestatem
2418 3046 2738 3114 pertinentia
2773 3064 2786 3100 :
2819 3046 2958 3100 unde
2984 3055 3037 3100 el.
3061 3046 3235 3100 omnia
3263 3087 3280 3112 ,
3313 3045 3365 3099 in
3402 3053 3458 3100 et
3485 3045 3658 3098 omni-

2071 3138 2170 3190 bus
2213 3151 2412 3190 sanctre
2455 3138 2670 3205 Sophia:
2711 3137 3032 3192 monastetio
3079 3137 3444 3191 concessimus
3485 3137 3658 3204 [ossi-

2069 3228 2239 3282 dcnda
2274 3246 2284 3280 :
2316 3228 2408 3283 sed
2441 3238 2495 3283 et
2532 3229 2811 3284 ecclesiam
2847 3231 3017 3283 sancti
3047 3227 3302 3296 Stephani
3333 3229 3386 3281 in
3410 3227 3532 3298 galo
3562 3242 3661 3279 ne-

2068 3330 2181 3371 stro
2203 3317 2448 3388 equidem
2479 3317 2804 3373 monasterio
2826 3325 3025 3372 sancta:
3050 3316 3266 3386 Saphiae
3291 3319 3661 3370 concessimus
3712 3326 3734 3351 ⁸

2070 3407 2445 3474 possidendam
2481 3425 2492 3461 :
2529 3422 2734 3463 necnon
2773 3419 2826 3463 et
2865 3419 3104 3471 curtetn,
3147 3423 3305 3476 quam
3350 3405 3661 3463 ltitnetusus

2067 3500 2231 3554 abbas
2260 3501 2376 3554 sine
2406 3507 2672 3568 praecepto
2695 3500 3055 3554 concessionis
3076 3500 3256 3568 palatii
3286 3499 3477 3562 tenuit,
3504 3509 3560 3552 et
3587 3503 3656 3550 ad

2069 3599 2305 3644 nostram
2350 3587 2557 3658 legibus
2606 3590 2837 3658 pertinet
2885 3598 3200 3657 poteSIaten:
3246 3603 3262 3643 :
3304 3597 3488 3642 nostra
3530 3602 3659 3641 vero

2069 3689 2302 3749 potestas
2331 3679 2507 3733 omnia
2542 3680 2594 3732 in
2621 3678 2883 3749 integrum
2912 3666 3109 3734 sancta:
3140 3679 3354 3748 S0phia:
3385 3686 3656 3734 monasteo

2067 3773 2148 3825 rio
2194 3773 2462 3826 concessit
2509 3771 2827 3840 possidenda
2877 3790 2889 3826 :
2941 3771 3034 3826 sed
3073 3781 3127 3827 et
3166 3772 3454 3826 ecclesiam
3484 3770 3653 3822 sancti

2069 3866 2327 3932 Marcelli,
2361 3867 2478 3920 loco
2503 3865 2591 3934 qui
2621 3863 2815 3920 dicitur
2843 3865 2895 3919 in
2927 3864 3280 3919 ludilombato
3300 3904 3318 3928 ,
3345 3863 3434 3933 qui
3466 3861 3532 3916 ad
3559 3875 3654 3915 uo-

2067 3966 2230 4010 stram
2262 3957 2514 4027 pertinuit
2555 3965 2871 4024 potestatem
2907 3975 2918 4009 :
2951 3967 3132 4011 nostra
3165 3969 3377 4023 quoque
3417 3961 3653 4022 potestas

2069 4047 2123 4101 in
2154 4047 2416 4116 integrum
2442 4045 2694 4114 praedicto
2717 4047 3040 4099 monasterio
3061 4052 3261 4098 sancta:
3283 4043 3500 4111 Sophia:
3524 4056 3652 4096 cou-

2066 4138 2227 4193 cessit
2254 4137 2594 4206 possidenda.
2625 4137 2729 4192 Sed
2759 4146 2810 4191 et
2849 4136 3195 4202 substantiam
3245 4134 3510 4203 Thajarisi
3558 4148 3652 4188 no-

2068 4229 2205 4292 turii,
2236 4227 2325 4296 qui
2357 4242 2452 4296 pro
2476 4227 2656 4281 multis
2681 4227 2937 4280 chartulis
2961 4226 3108 4280 falsis
3136 4234 3217 4279 est
3239 4225 3647 4289 condemnatus,

2065 4331 2119 4376 et
2145 4320 2363 4388 insuper
2386 4326 2536 4372 extra
2566 4317 2911 4386 provinciam,
2936 4316 2988 4370 id
3011 4317 3165 4370 estin
3194 4314 3472 4384 Neapolim
3504 4313 3651 4382 fuga-

2066 4419 2150 4465 tus
2175 4420 2288 4475 est;
2319 4407 2459 4462 unde
2497 4406 2702 4476 legibus
2746 4407 2921 4462 omnis
2963 4405 3256 4461 substantia
3297 4405 3364 4458 ad
3411 4398 3650 4458 nostram

2071 4498 2321 4570 pertinuit
2347 4506 2687 4567 potestatem,
2714 4513 2872 4566 quam
2897 4495 3154 4556 integram
3182 4498 3506 4549 monasterio
3527 4499 3643 4547 san.

2064 4600 2167 4646 cla:
2196 4588 2411 4661 Sophia:
2440 4587 2804 4644 concessimus
2838 4578 3232 4653 possidendam.
3272 4583 3650 4639 Concessimus

2064 4693 2118 4734 et
2147 4681 2400 4750 praedicto
2431 4677 2756 4733 monasterio
2783 4683 2982 4730 sancta:
3010 4672 3226 4743 Saphim
3250 4685 3466 4728 col-vain
3485 4708 3504 4734 ,
3533 4681 3653 4738 qua:

2067 4774 2278 4828 videtur
2323 4785 2443 4826 esse
2492 4770 2547 4823 iu
2587 4783 2774 4836 campo
2817 4764 3180 4830 Scncrcunis,
3219 4777 3378 4834 quam
3420 4760 3652 4817 Arotarii

2069 4867 2172 4920 lilia
2203 4866 2565 4934 comparavit,
2597 4861 2891 4915 secundum
2914 4912 2918 4916 ,
2940 4867 3145 4912 textum
3187 4853 3478 4918 chartulas,
3519 4853 3652 4906 inte-

2067 4972 2213 5026 gram
2244 4963 2443 5011 sancta:
2485 4951 2696 5023 Sophiae
2727 4950 3050 5004 monasterio
3079 4945 3443 5002 concessimus
3483 4941 3654 5009 possi-

2067 5051 2296 5106 dendam
2339 5066 2354 5101 :
2395 5056 2450 5104 et
2494 5047 2707 5111 insuper
2757 5043 2807 5095 itt
2859 5041 3046 5095 eodem
3103 5037 3428 5092 monasterio
3480 5033 3654 5101 largiti

2070 5157 2254 5196 sumus
2282 5140 2334 5193 in
2368 5138 2621 5206 pratdieto
2653 5138 2770 5188 loco
2795 5134 2861 5186 de
2891 5133 3008 5200 galo
3048 5139 3230 5184 nostro
3269 5129 3319 5181 in
3369 5123 3654 5194 longitudio

2071 5249 2193 5289 nem
2234 5231 2474 5285 milliaria
2505 5229 2638 5294 tria,
2684 5225 2735 5278 itt
2779 5223 3112 5277 latitudinem
3152 5235 3348 5282 unum,
3398 5233 3517 5285 qua:
3557 5216 3652 5272 fui

2071 5325 2136 5379 de
2168 5322 2478 5379 subactioue
2505 5316 2747 5374 Faroaldi
2776 5330 2940 5369 mare.
2969 5311 3074 5367 Sed
3099 5321 3152 5366 et
3179 5324 3396 5364 rorvam
3425 5306 3492 5360 ad
3524 5305 3655 5358 Pon-

2073 5430 2177 5474 tem
2225 5417 2486 5482 Biauuut,
2537 5425 2696 5481 quam
2746 5405 3172 5476 comparavimus
3218 5416 3246 5453 a
3298 5399 3505 5456 Joanne
3545 5397 3655 5449 lilio

2075 5509 2194 5566 Ursi
2214 5548 2229 5574 ,
2257 5509 2408 5578 juxta
2440 5511 2645 5558 textum
2677 5498 2933 5555 chartula:
2965 5495 3142 5549 omnia
3169 5493 3222 5546 in
3248 5490 3509 5558 integrum
3539 5499 3656 5540 mo-

2074 5601 2307 5656 nastet-‘io
2354 5606 2550 5652 sancta:
2595 5593 2808 5662 Sophia:
2853 5589 3216 5645 concessimus
3265 5579 3584 5652 possidenda
3636 5595 3651 5630 :

1999 5698 2007 5706 ’
2074 5709 2276 5750 uecuon
2310 5689 2487 5747 omnia
2516 5705 2632 5760 qua:
2679 5682 3104 5756 computavimus
3148 5676 3216 5734 ab
3258 5673 3505 5748 llprando
3546 5671 3655 5725 tilio
