4056 6178
344 464 361 515 i
381 459 479 515 125

1407 447 1654 506 DII‘LOM
1666 448 1798 503 ATA
1840 444 2119 501 ECCLES.
2168 438 2478 499 SELECTA
2496 482 2509 497 .

3481 441 3503 491 1
3516 442 3616 493 426

340 574 589 643 Alerissi,
622 586 840 639 servos,
874 580 929 627 et
949 570 1200 634 ancillas,
1229 582 1412 631 casas,
1444 577 1499 621 et
1522 568 1733 632 vineas,
1764 565 1921 621 terri-
1955 564 1997 621 Α
2029 562 2237 625 omnia,
2271 570 2324 615 et
2363 563 2415 613 in
2461 557 2710 613 omnilms
2734 601 2746 621 ,
2792 557 3005 611 mobilia
3030 599 3042 621 ,
3074 565 3125 611 et
3166 557 3487 625 immobilia,
3529 573 3615 614 se—

340 671 504 729 toria,
536 678 785 732 campos,
821 672 876 717 et
908 662 1115 731 sylvas,
1158 667 1306 729 prata
1327 699 1342 723 ,
1372 658 1585 712 mobilia
1608 703 1620 719 ,
1653 664 1708 710 et
1735 657 1927 709 immo-

353 759 471 812 bilia
520 758 572 809 in
608 755 847 824 partibus
891 751 1167 816 Lucaniae,
1210 749 1501 804 secundum
1546 759 1743 802 textum
1775 748 1929 802 char-

343 851 466 903 ωιτη
509 849 773 918 integrum
815 844 1143 899 monasterio
1173 851 1373 896 sancta:
1409 840 1623 909 Sophia:
1661 838 1930 893 concessi-

341 956 462 992 mus
504 936 882 1005 possidendum
932 951 945 988 :
990 933 1083 987 sed
1130 941 1183 986 et
1222 932 1363 1001 quod
1407 932 1836 997 comparavimus
1877 928 1928 981 in

346 1028 638 1082 Ponticello
666 1040 817 1081 casas
846 1039 965 1079 cum
994 1023 1232 1079 curtibus
1263 1024 1373 1077 suis
1400 1024 1467 1078 de
1502 1023 1706 1093 Egypto
1737 1020 1932 1074 ﬁuvius

342 1122 557 1188 quidam
588 1120 677 1188 qui
718 1127 803 1173 est
841 1118 978 1173 inter
1012 1116 1144 1169 duas
1190 1118 1333 1178 vias,
1374 1131 1474 1169 una
1506 1130 1623 1180 qum
1663 1113 1832 1167 tendit‘
1865 1112 1931 1167 ad

344 1222 586 1265 sanctum
621 1209 984 1269 Valentinum,
1015 1206 1181 1260 altera
1214 1207 1278 1259 ad
1305 1215 1545 1258 sanctum
1579 1204 1810 1257 Marcum
1842 1218 1934 1269 per

344 1303 446 1356 lius
480 1303 612 1356 ﬁnes
637 1300 704 1355 de
733 1299 908 1365 capite
940 1298 1065 1351 ﬁnis
1086 1311 1251 1364 usque
1273 1296 1338 1349 ad
1371 1310 1456 1349 res
1492 1304 1691 1349 sancta:
1716 1293 1935 1362 Sophia:

344 1397 413 1449 de
441 1398 547 1449 line
570 1395 629 1447 in
654 1394 768 1462 ipso
792 1392 912 1445 rivo
932 1430 950 1457 ,
980 1391 1244 1455 integrum
1273 1388 1598 1442 monaSIerio
1619 1396 1815 1439 sancta:
1840 1385 1935 1439 So-

345 1487 487 1552 phia!
514 1484 881 1539 concessimus
905 1482 1319 1553 possidendum;
1352 1495 1555 1534 necnon
1588 1489 1641 1532 et
1670 1477 1933 1532 Gualdum

346 1581 400 1632 in
424 1588 606 1633 monte
636 1575 917 1645 Virginea,
950 1574 1039 1644 qui
1082 1572 1336 1642 pertinuit
1365 1573 1429 1625 ad
1473 1570 1785 1625 Lucerinum
1815 1584 1935 1625 cum

346 1671 557 1736 integro
589 1667 694 1723 ﬁne
728 1681 859 1729 suo.
900 1664 1080 1719 omnia
1114 1664 1435 1719 monasteria
1477 1672 1676 1716 sanctae
1721 1661 1937 1729 Sophiac

346 1759 665 1814 donavimus
696 1755 1014 1824 possidenda
1042 1774 1055 1808 :
1082 1755 1173 1811 sed
1196 1764 1251 1811 et.
1276 1755 1627 1809 subSIantiam
1656 1752 1934 1807 Calendini

345 1851 616 1906 Cortisani
648 1850 848 1915 nostri,
877 1850 966 1919 qui
1000 1848 1239 1903 habitare
1269 1848 1411 1901 visus
1445 1848 1544 1900 fuit
1576 1848 1626 1898 in
1659 1845 1937 1910 Uriniano,

348 1944 525 1996 omnia
570 1942 773 2011 integra
805 1941 1049 2011 insuper,
1079 1950 1133 1996 et
1171 1941 1224 1995 in
1267 1940 1541 1993 nominato
1572 1939 1688 1993 loco
1715 1937 1941 2006 qualiter

352 2034 418 2085 ad
440 2042 635 2085 nosti-:e
662 2031 941 2100 potestatis
970 2046 1182 2085 manum
1209 2029 1442 2093 devenit,
1468 2028 1793 2083 monasterio
1820 2042 1943 2082 sm-

350 2134 454 2177 ctre
497 2122 707 2189 Sepbia:
734 2121 1099 2175 concessimus
1140 2120 1458 2188 perﬁ'ucnda
1495 2138 1507 2172 :
1541 2134 1748 2173 necnon
1775 2128 1827 2173 et
1856 2133 1945 2169 ca-

351 2231 441 2269 sas
492 2217 628 2269 intra
675 2214 1103 2269 Beneventanam
1143 2212 1444 2275 civitatem;
1490 2210 1584 2263 sed
1635 2220 1691 2265 et
1741 2210 1947 2263 casales

351 2307 502 2374 ejus,
533 2320 666 2373 quos
690 2306 898 2360 Grauso
926 2302 1168 2357 notarius
1196 2317 1290 2370 per
1327 2317 1440 2356 sua:
1467 2299 1761 2354 offertionis
1785 2299 1945 2353 char-

356 2406 555 2467 tulam,
582 2405 879 2471 integrata,
920 2408 973 2453 et
1014 2396 1151 2453 cum
1176 2398 1384 2451 duobus
1424 2398 1594 2451 servis
1637 2395 1845 2453 Pitulo,
1895 2404 1949 2447 et

359 2494 541 2546 Mauro
588 2507 706 2547 cum
750 2490 1039 2553 uxoribus,
1087 2500 1141 2543 et
1188 2486 1307 2541 ﬁliis
1344 2487 1455 2541 suis
1496 2494 1693 2541 sanctre
1734 2485 1948 2551 Sophim

358 2584 686 2638 monasterio
714 2582 941 2647 obtulit;
987 2590 1169 2633 nostra
1202 2593 1331 2633 vero
1375 2586 1611 2647 potestas
1651 2575 1946 2630 secundum

360 2688 562 2732 textum
601 2673 895 2728 oﬁ‘crtionis
924 2671 1203 2737 chartulae,
1246 2670 1509 2738 integrum
1553 2668 1807 2737 pra‘dictn
1835 2681 1949 2719 mu-

361 2768 597 2821 nasterio
622 2763 852 2818 ﬁrmavit
880 2761 1308 2832 possidendum:
1342 2775 1550 2815 necnon
1571 2767 1625 2813 el.
1654 2758 1706 2811 in
1736 2757 1951 2811 Iliarino

359 2874 516 2913 casas
542 2858 610 2911 de
639 2854 987 2917 Caballariis,
1019 2868 1138 2907 cum
1170 2850 1387 2906 caballis
1409 2890 1425 2914 ,
1458 2857 1515 2904 et
1548 2848 1827 2915 stadariis;
1873 2851 1951 2901 liae

359 2961 484 3004 sunt
517 2968 527 3001 :
560 2962 682 3003 casa
710 2961 830 3015 quae
868 2945 1071 3013 regitur
1114 2958 1207 3010 per
1250 2941 1439 2997 Ursum
1487 2956 1609 2993 cum
1653 2954 1853 3005 uxore,
1900 2948 1953 2992 et

364 3043 483 3095 liliis
512 3040 621 3095 suis
647 3080 663 3104 ,
705 3048 761 3093 et
795 3037 1045 3092 omnibus
1082 3033 1181 3088 sibi
1228 3031 1650 3100 pertinentibus;
1683 3044 1805 3084 casa
1835 3044 1954 3097 quae

362 3134 562 3200 regitur
590 3145 685 3199 per
713 3129 940 3198 Lupum,
966 3135 1019 3179 et
1043 3124 1331 3178 Fuscillum
1361 3134 1646 3191 germanos
1674 3134 1795 3171 cum
1823 3132 1954 3172 uxo-

364 3224 511 3276 ribus
531 3263 547 3288 ,
578 3230 632 3275 et
662 3220 783 3274 ﬁliis
803 3260 818 3283 ,
849 3228 901 3273 et
941 3216 1188 3271 omnibus
1218 3214 1320 3268 sibi
1362 3211 1750 3282 pertinentibus
1785 3228 1797 3262 :
1831 3223 1950 3263 casa

362 3331 483 3383 quae
514 3312 718 3381 regitur
749 3324 843 3380 per
876 3307 1178 3362 Vitoaldum
1209 3320 1329 3358 cum
1362 3318 1530 3357 uxore
1554 3342 1569 3368 ,
1611 3311 1667 3357 et
1706 3300 1860 3366 ﬁliis,
1902 3308 1955 3352 ct

362 3405 615 3459 iminibus
655 3401 757 3457 sibi
806 3398 1229 3470 pertinentibus;
1271 3409 1429 3457 casa,
1472 3410 1591 3462 qua:
1636 3393 1834 3461 regitur
1861 3404 1955 3458 per

365 3498 627 3552 Joannem
658 3510 778 3550 cum
808 3507 1010 3554 uxore,
1044 3502 1096 3543 et
1130 3490 1279 3552 ﬁliis,
1306 3499 1359 3541 et
1384 3486 1630 3543 omnibus
1654 3484 1751 3537 sibi
1786 3483 1952 3553 perti-

367 3590 617 3645 nentibus
646 3604 661 3642 :
693 3600 814 3641 casa
844 3600 964 3654 quae
994 3585 1195 3651 regitur
1225 3597 1317 3648 per
1346 3578 1622 3640 In~talum,
1648 3587 1696 3630 et
1729 3575 1955 3629 (laudis-

366 3699 486 3736 sum
516 3695 830 3749 germanos,
864 3693 983 3729 cum
1008 3691 1203 3740 uxore,
1231 3684 1286 3728 et
1315 3671 1466 3735 ﬁliis,
1498 3681 1552 3724 et
1575 3670 1821 3721 oinuibus
1852 3667 1953 3721 sibi

369 3770 762 3842 pertinentibus
789 3787 801 3821 :
832 3768 1127 3823 secundum
1149 3764 1379 3834 qualiter
1404 3763 1515 3815 halt:
1539 3760 1710 3813 omnia
1738 3774 1951 3825 pascua,

365 3862 630 3919 clausaria
648 3903 662 3926 ,
687 3860 849 3914 silvas
866 3901 878 3924 ,
908 3860 1089 3911 vineas
1110 3897 1123 3917 ,
1150 3865 1293 3925 prata
1313 3895 1327 3917 ,
1355 3867 1573 3919 campos
1594 3893 1607 3912 ,
1633 3849 1870 3914 mobilia,
1903 3856 1959 3901 et

376 3954 701 4018 immobilia,
732 3959 989 4020 quantum
1028 3946 1128 4015 ipsi
1174 3943 1313 3998 servi
1358 3942 1628 4010 possidere
1675 3939 1770 3991 visi
1810 3944 1953 4001 sunt,

372 4058 427 4101 ct
459 4047 525 4100 ad
551 4054 788 4099 nostram
820 4048 1137 4111 patestatem
1178 4037 1586 4106 pertinuerunt.
1616 4030 1791 4083 omnia
1822 4029 1957 4083 inte-

373 4155 467 4208 gra
508 4136 831 4191 iuonasterio
877 4143 1076 4187 sancta-
1124 4131 1338 4199 Sapinia:
1386 4126 1750 4183 concessimus
1788 4121 1959 4192 possi-

372 4232 547 4286 denda
582 4250 594 4284 :
628 4245 833 4285 necnon
880 4236 936 4283 et
973 4240 1125 4280 casas
1167 4225 1333 4287 duas,
1377 4237 1495 4291 qua:
1545 4226 1802 4288 reguntur
1835 4229 1956 4269 cum

371 4340 574 4387 uxore,
600 4334 655 4379 et
685 4322 805 4376 ﬁliis
828 4320 959 4375 suis.
990 4317 1051 4371 Et
1077 4316 1361 4379 olivetum,
1387 4330 1479 4367 seu
1510 4312 1695 4365 vineas
1715 4352 1728 4375 ,
1761 4308 1814 4362 in
1843 4306 1960 4361 loco

370 4415 462 4484 qui
486 4414 683 4468 dicitur
708 4412 892 4475 Sessa,
917 4425 1038 4478 qua:
1063 4406 1273 4461 fuerunt
1299 4402 1572 4459 Godel’ridi
1604 4399 1813 4460 notarii,
1842 4412 1960 4467 qua:

374 4514 593 4575 propter
629 4503 824 4556 multas
853 4498 1127 4553 chartulas
1171 4494 1331 4549 falsas
1372 4492 1577 4562 legibus
1617 4487 1878 4557 perdidit,
1908 4496 1962 4541 et

376 4598 443 4649 ad
484 4603 720 4647 nostram
760 4591 1026 4645 devenere
1062 4594 1380 4655 potestatem
1428 4604 1440 4637 :

377 4697 574 4751 testas,
607 4685 784 4738 omnia
807 4723 823 4745 ,
853 4693 905 4735 et
935 4682 987 4734 iu
1018 4680 1299 4743 omnibus,
1330 4684 1587 4745 quantum
1621 4672 1672 4726 in
1700 4673 1815 4742 ipso
1844 4670 1964 4725 loco

378 4779 577 4830 habere
611 4774 757 4828 visus
785 4781 868 4827 est
908 4771 1213 4825 nominatus
1251 4766 1570 4822 Godefridus
1591 4805 1607 4828 ,
1640 4760 1965 4818 monasterio

378 4881 576 4923 sanctae
613 4866 829 4933 Sophia:
861 4864 1079 4918 donavit
1122 4859 1463 4931 possidenda.
1506 4857 1723 4911 Necnon
1762 4868 1963 4919 casam,

378 4974 536 5030 quam
564 4956 947 5013 Rodemundus
969 4952 1151 5007 illicite
1178 4950 1349 5006 tenuit
1369 4964 1488 5003 cum
1514 4946 1801 5016 nepotibus
1830 4943 1964 5007 suis,

382 5052 501 5105 loco
527 5048 616 5118 qui
645 5049 839 5102 dicitur
864 5045 1105 5100 Peretola
1125 5083 1142 5110 ,
1166 5053 1221 5097 et
1251 5041 1456 5111 legibus
1487 5039 1552 5093 ad
1585 5050 1821 5092 nostram
1851 5049 1969 5103 per-

382 5143 534 5194 tinuit
563 5145 912 5207 potestatem,
952 5150 1110 5205 quam
1141 5147 1318 5188 casam
1350 5132 1609 5199 integram
1641 5135 1837 5182 sancta:
1862 5126 1963 5180 So-

384 5230 522 5297 phia:
567 5229 891 5282 monasterio
922 5225 1287 5281 concessimus
1319 5220 1715 5291 possidendam.
1765 5216 1873 5273 Sed
1913 5225 1969 5270 et

383 5320 665 5373 ecclesiam
709 5316 874 5371 sancti
922 5314 1222 5375 Laurentii,
1265 5326 1422 5382 qnam
1462 5308 1742 5364 Tiroaldus
1782 5319 1969 5360 mona-

383 5410 516 5462 chus
548 5408 856 5470 aediﬁcavit,
893 5408 1012 5460 loco
1039 5403 1128 5471 qui
1159 5402 1348 5457 dicitur
1374 5400 1761 5461 Tenetentum,
1798 5395 1883 5449 ubi
1913 5404 1968 5449 et

384 5516 442 5554 se
460 5542 475 5566 ,
504 5509 559 5554 et
585 5514 804 5554 uxorem
826 5514 974 5553 suam
1000 5496 1216 5552 nomine
1237 5496 1487 5550 Gesloara
1510 5536 1522 5560 ,
1547 5503 1597 5546 et
1624 5490 1784 5543 ﬁlium
1811 5504 1965 5543 suum

387 5594 601 5646 nomine
622 5592 950 5659 Stephanum
973 5588 1281 5643 mouastica:
1304 5586 1519 5640 tradidit
1540 5581 1962 5645 convcrsationi;

388 5694 569 5749 postea
602 5694 765 5747 vero,
800 5693 855 5734 et
880 5680 1158 5735 ecclesiam
1182 5720 1196 5742 ,
1224 5690 1277 5731 et
1306 5690 1493 5730 omnes
1534 5673 1811 5726 facultates
1842 5688 1967 5725 suas

387 5775 455 5830 ad
482 5774 748 5841 scipsum,
782 5781 838 5827 et
862 5786 1079 5826 uxorem
1101 5784 1250 5823 suam
1271 5809 1286 5833 ,
1315 5776 1369 5823 et
1400 5767 1565 5821 ﬁlium
1595 5780 1751 5819 suum
1782 5778 1965 5817 inena-

387 5865 546 5921 sterio
582 5873 782 5921 sancta
810 5863 1022 5935 Sophia:
1047 5863 1275 5927 obtulit;
1323 5869 1502 5917 nostra
1537 5872 1662 5915 vero
1703 5864 1961 5929 potestas,

2031 650 2261 703 enminm
2292 658 2492 703 textum
2521 648 2817 703 olfertionis
2850 647 3121 715 praedicta:
3162 657 3364 702 sanctm
3402 649 3617 718 Sephi:e

2034 742 2359 794 monasterio
2386 740 2625 793 ﬁrmavit
2646 738 2986 807 possidenda.
3011 737 3262 795 Concessi
3292 750 3490 793 sanitas
3522 739 3620 795 So-

2035 834 2176 899 phiaz
2215 834 2543 888 monasterio
2591 834 2970 903 possidendum
3015 833 3243 887 Corvcm
3288 836 3339 887 in
3389 833 3619 887 Lucania

2036 930 2153 983 loco
2181 928 2270 998 qui
2300 929 2492 983 dicitur
2516 928 2711 997 Quatra
2744 929 2809 982 ad
2838 928 3129 984 condomas
3159 928 3471 992 duodecim,
3503 944 3623 996 qua:

2036 1018 2149 1073 haec
2170 1029 2295 1073 sunt
2327 1036 2339 1073 :
2368 1034 2489 1074 casa
2516 1035 2633 1088 qua:
2661 1021 2862 1086 regitur
2894 1031 2990 1089 per
3023 1018 3253 1074 Fuscum
3286 1035 3406 1075 cum
3433 1036 3621 1085 uxore,

2035 1119 2090 1166 et
2120 1110 2272 1177 ﬁliis,
2302 1122 2357 1167 et
2399 1113 2652 1165 omnibus
2699 1113 2798 1166 sibi
2844 1113 3231 1178 pertinentibus
3281 1132 3291 1165 :
3335 1128 3456 1168 casa
3506 1128 3624 1183 qua:

2037 1205 2236 1273 regitur
2263 1220 2356 1273 per
2389 1205 2725 1275 Pelagiouem
2756 1220 2876 1259 cum
2912 1222 3105 1274 uxore,
3148 1216 3203 1263 et
3242 1208 3393 1274 ﬁliis,
3430 1217 3482 1263 et
3512 1226 3622 1262 om.

2040 1295 2194 1351 nibus
2224 1296 2324 1351 sibi
2356 1298 2745 1363 pertinentibus
2776 1318 2788 1352 :
2818 1314 2973 1363 casa,
3001 1316 3118 1367 qum
3148 1303 3347 1369 regitur
3370 1317 3461 1370 per
3484 1302 3611 1356 Man

2040 1388 2212 1442 rinum
2237 1404 2356 1443 cum
2382 1404 2573 1450 uxore.
2606 1398 2660 1444 et
2691 1390 2808 1443 ﬁliis
2830 1433 2843 1453 ,
2879 1399 2933 1445 et
2958 1390 3204 1445 onmibus
3226 1392 3323 1446 sibi
3359 1392 3621 1459 perlinem

2041 1482 2182 1536 tibus
2217 1500 2231 1536 :
2263 1498 2385 1537 casa
2425 1498 2544 1550 qum
2587 1485 2789 1551 regitur
2821 1500 2913 1550 per
2955 1484 3241 1537 Gutaulum
3285 1499 3406 1538 cum
3441 1501 3625 1548 uxore,

2039 1582 2095 1628 et
2142 1574 2295 1634 ﬁliis.
2341 1584 2393 1627 et
2435 1574 2684 1628 omnibus
2725 1574 2826 1629 sibi
2876 1574 3262 1643 pertinentibus
3306 1593 3316 1625 :
3361 1590 3478 1627 casa
3510 1589 3629 1642 quae

2042 1664 2243 1731 regitur
2270 1678 2365 1731 per
2397 1664 2703 1718 Fermotnm
2734 1678 2853 1718 cum
2888 1680 3073 1727 uxore,
3108 1674 3159 1717 et
3192 1665 3333 1729 ﬁliis,
3368 1674 3419 1718 et
3451 1668 3627 1716 omni-

2044 1755 2140 1807 bus
2169 1755 2266 1808 sibi
2301 1757 2693 1822 pertinentibus
2723 1775 2735 1809 :
2758 1771 2878 1810 casa
2904 1772 3021 1825 quae
3048 1757 3244 1820 regitur
3270 1773 3360 1824 per
3387 1758 3631 1810 Bonitum

2044 1862 2165 1898 cum
2199 1862 2365 1901 uxore
2387 1888 2401 1910 .
2432 1856 2486 1901 et
2514 1848 2664 1911 ﬁliis,
2695 1855 2750 1902 et
2778 1848 3026 1903 omnibus
3066 1848 3164 1900 sibi
3200 1849 3587 1916 pertinentibus
3620 1866 3632 1901 :

2049 1953 2172 1991 casa
2203 1953 2320 2005 qua:
2351 1940 2555 2005 regitur
2587 1954 2680 2004 per
2705 1938 2937 1992 Marcum
2965 1953 3083 1992 cum
3118 1954 3299 1994 uisere.
3328 1949 3380 1994 et
3415 1940 3552 2001 ﬁliis,
3582 1949 3634 1992 et

2049 2030 2299 2082 omnibus
2341 2028 2439 2082 sibi
2490 2028 2885 2095 pertinentibus
2925 2047 2936 2080 :
2982 2043 3102 2081 casa
3149 2045 3265 2097 quae
3306 2029 3504 2095 regitur
3544 2044 3633 2096 per

2052 2121 2312 2190 Populum
2343 2137 2464 2176 cum
2492 2138 2689 2187 uxore,
2720 2132 2774 2177 et
2810 2123 2964 2186 ﬁliis,
2996 2135 3043 2178 et
3078 2125 3324 2177 omnibus
3353 2124 3451 2177 sibi
3478 2127 3636 2191 perti-

2051 2218 2298 2271 nentibus
2325 2238 2335 2271 :
2360 2232 2481 2272 casa
2509 2234 2627 2286 qum
2654 2218 2854 2289 regitur
2881 2234 2974 2286 per
3006 2217 3242 2272 llrutium
3260 2260 3276 2282 ,
3301 2235 3423 2271 cum
3452 2234 3637 2281 uxore.

2051 2319 2103 2363 et
2131 2309 2272 2374 liliis,
2303 2319 2356 2364 et
2383 2310 2632 2363 omnibus
2661 2310 2758 2363 sibi
2792 2311 3177 2377 pertinentibus
3220 2314 3271 2363 in
3302 2311 3489 2363 eodem
3524 2311 3639 2363 loco

2056 2416 2174 2451 cum
2209 2401 2429 2470 integris
2460 2401 2674 2467 ﬁnibus,
2700 2404 3024 2457 monasterio
3048 2411 3246 2455 sancta:
3277 2404 3489 2468 Sophia:
3514 2417 3639 2456 con-

2051 2492 2311 2545 cessimus
2334 2492 2677 2559 possidenda,
2703 2508 2820 2560 quae
2847 2494 3056 2547 inerunt
3078 2494 3145 2547 de
3168 2492 3477 2546 subactione
3496 2491 3641 2546 Crai‘

2053 2582 2275 2635 mcdarii
2316 2581 2668 2637 referendarii
2702 2583 2904 2645 nostri;
2947 2583 3040 2635 Sed
3090 2593 3141 2635 et
3180 2582 3402 2635 Corvem
3444 2584 3494 2634 in
3540 2581 3645 2635 ﬁne

2055 2684 2176 2723 cum
2210 2670 2441 2724 Consina
2475 2670 2594 2725 loco
2622 2672 2711 2739 qui
2753 2671 2947 2726 dicitur
2990 2672 3067 2726 Ad
3111 2682 3549 2733 monumentum.
3592 2683 3645 2725 et

2055 2761 2406 2825 condomam;
2438 2762 2718 2815 duodecim
2758 2776 2942 2829 casas,
2984 2778 3106 2829 qua:
3144 2774 3397 2831 rguntur
3430 2779 3521 2831 per
3552 2762 3643 2818 Ur-

2055 2866 2171 2903 sum
2196 2893 2210 2913 ,
2242 2863 2289 2905 et
2325 2850 2660 2917 Lupnaldum
2694 2867 2979 2918 germanos
3006 2867 3126 2906 cum
3168 2869 3371 2917 uxore,
3413 2863 3465 2906 et
3499 2853 3642 2911 ﬁliis.

2055 2954 2108 2997 et
2130 2944 2382 2997 omnibus
2406 2943 2504 2996 sibi
2533 2946 2923 3010 pertinentibus
2946 2963 2959 3010 ;
2984 2961 3164 3000 casam
3194 2962 3310 3013 qua!
3336 2948 3532 3012 regitur
3557 2962 3645 3014 per

2057 3035 2333 3090 Ancellnm
2364 3049 2485 3089 cum
2516 3052 2682 3092 uxore
2702 3078 2717 3102 ,
2748 3048 2801 3091 et
2834 3037 2987 3103 ﬁliis,
3019 3048 3073 3094 et
3111 3039 3361 3093 onmibns
3389 3039 3485 3091 sibi
3529 3054 3645 3103 pcr«

2060 3128 2387 3193 tiucntibns;
2441 3145 2619 3183 casam
2667 3146 2786 3196 quae
2835 3132 3035 3199 regitur
3085 3147 3179 3199 per
3224 3131 3480 3184 Malunciu
3526 3144 3647 3182 cum

2062 3234 2227 3274 uxore
2246 3260 2261 3283 ,
2289 3228 2340 3273 et
2373 3220 2526 3284 ﬁliis,
2555 3230 2607 3272 ct
2629 3219 2876 3273 nniuibus
2898 3220 2995 3273 sibi
3029 3220 3444 3288 pertinentibus;
3471 3234 3647 3272 casam

2063 3330 2180 3382 qua:
2210 3316 2411 3382 regitur
2444 3329 2536 3380 per
2566 3306 2893 3367 Candiosum
2923 3324 3044 3366 cum
3079 3327 3272 3380 uxore,
3319 3320 3374 3366 et
3412 3312 3533 3365 ﬁliis
3555 3353 3569 3376 ,
3601 3323 3649 3365 et

2062 3422 2186 3457 omn
2213 3406 2313 3460 bus
2353 3406 2451 3458 sibi
2495 3406 2877 3472 pertinentibus
2912 3422 2922 3456 :
2957 3418 3133 3458 casam
3165 3420 3284 3472 qua:
3325 3403 3525 3471 regitur
3558 3420 3649 3471 per

2065 3496 2293 3551 Fuscum
2336 3512 2455 3549 cum
2489 3512 2685 3558 uxore,
2721 3504 2775 3549 et
2807 3496 2958 3561 ﬁliis,
2988 3504 3044 3550 et
3078 3496 3325 3550 munibus
3354 3497 3453 3550 sibi
3488 3499 3647 3562 perti-

2064 3588 2348 3650 nentilius;
2391 3602 2569 3641 casam
2609 3603 2727 3655 qua:
2770 3586 2972 3654 regitur
3012 3602 3103 3651 per
3148 3586 3570 3652 Theospcrtum,
3601 3596 3654 3640 et

2062 3694 2155 3746 per
2182 3677 2443 3733 Goaldnm
2471 3718 2486 3743 ,
2531 3695 2649 3731 cum
2684 3694 2878 3737 uxote,
2915 3687 2967 3729 ct
3002 3678 3127 3731 ﬁliis
3151 3720 3163 3739 ,
3196 3687 3251 3731 et
3278 3676 3525 3731 ontuibns
3549 3677 3650 3733 sibi

2064 3770 2484 3839 pertinentibus;
2517 3784 2694 3823 casam
2732 3786 2848 3835 qua:
2880 3770 3082 3839 regitur
3112 3785 3203 3837 per
3234 3768 3501 3824 Catullum
3532 3786 3652 3823 cum

2061 3875 2233 3914 uxore
2253 3900 2268 3925 ,
2299 3870 2349 3913 et
2376 3859 2527 3922 ﬁliis,
2557 3868 2607 3913 ct
2628 3860 2875 3913 omnibus
2896 3859 2995 3913 sibi
3023 3859 3441 3925 pertinentibus;
3474 3874 3653 3913 casam

2060 3968 2177 4018 qua:
2228 3952 2427 4019 regitur
2476 3968 2570 4021 per
2614 3953 2865 4005 Gntulum
2917 3966 3037 4005 cum
3084 3967 3280 4016 uxore,
3323 3960 3374 4005 et
3416 3953 3570 4015 ﬁliis,
3604 3965 3656 4005 et

2063 4043 2315 4097 omnibus
2356 4042 2455 4095 sibi
2489 4043 2914 4111 pertinentibus;
2959 4058 3137 4095 casam
3169 4059 3287 4111 qua:
3330 4044 3531 4112 regitur
3563 4060 3655 4113 per
3718 4050 3721 4055 '

2062 4134 2332 4187 Albinium
2361 4149 2482 4188 cum
2512 4149 2711 4198 uxore,
2744 4144 2790 4185 ct
2828 4132 2982 4197 ﬁliis,
3016 4142 3064 4185 et
3097 4133 3349 4187 omnilms
3389 4134 3488 4187 sibi
3534 4150 3651 4202 per-

2063 4224 2381 4287 tinentibus,
2412 4238 2527 4290 qum
2559 4222 2775 4275 fuerunt
2805 4222 2871 4275 de
2899 4222 3211 4276 subactione
3249 4222 3366 4277 Ursi
3408 4223 3659 4288 gastraldi

2063 4313 2231 4367 nostri
2270 4332 2279 4365 :
2317 4327 2522 4367 necnon
2555 4312 2776 4364 Corvam
2811 4312 2861 4364 in
2897 4312 3115 4365 Luceria
3138 4354 3151 4378 ,
3188 4312 3305 4365 loco
3336 4315 3424 4382 qui
3457 4314 3652 4367 dicitur

2063 4403 2327 4474 Aquilone
2352 4405 2400 4457 in
2432 4404 2699 4457 territorio
2724 4402 2935 4455 Ccrboli
2968 4406 3106 4456 servi
3138 4403 3343 4472 nostri,
3375 4413 3428 4457 et
3454 4405 3658 4458 condo-

2068 4510 2182 4550 mas
2214 4507 2321 4549 trcs
2353 4494 2546 4547 ibidem
2581 4502 2952 4560 permanentes
2973 4537 2987 4559 ,
3035 4492 3136 4547 hoc
3180 4504 3291 4557 est,
3332 4509 3508 4549 casam
3538 4512 3658 4563 quae

1486 4590 1663 4636 "08'"il
1704 4592 1830 4632 νετο
1869 4590 1962 4645 Ρο-
1987 4612 2039 4671 D
2066 4590 2269 4659 regitur
2300 4603 2394 4657 per
2420 4586 2736 4641 Teroaldum
2768 4601 2888 4639 cum
2920 4601 3119 4650 uxore,
3149 4598 3200 4639 et
3230 4588 3378 4652 ﬁliis,
3408 4597 3459 4640 et
3486 4588 3657 4641 omnia

2067 4681 2165 4735 bus
2193 4680 2294 4734 sibi
2335 4678 2759 4745 pertinentibus;
2804 4690 2981 4730 casam
3010 4692 3129 4745 qum
3172 4678 3370 4747 regitur
3410 4694 3501 4747 per
3532 4679 3657 4732 Fers

2067 4770 2295 4824 randum
2326 4784 2448 4823 cum
2476 4782 2683 4829 uxore,
2718 4778 2768 4820 et
2801 4767 2921 4820 ﬁliis
2943 4810 2956 4832 ,
2992 4778 3045 4822 ct
3083 4771 3334 4823 oninibus
3361 4771 3459 4824 sibi
3492 4770 3655 4838 pertic

2066 4860 2348 4923 nentibus;
2401 4873 2578 4914 casam
2627 4873 2746 4927 qua:
2791 4858 2995 4925 regitur
3042 4873 3137 4927 per
3187 4858 3439 4929 Pepiuum
3468 4899 3481 4919 ,
3532 4872 3656 4910 cum

2068 4970 2240 5009 uxore
2267 4996 2283 5021 ,
2312 4961 2369 5009 et
2395 4953 2552 5018 ﬁliis,
2592 4962 2646 5007 et
2683 4953 2931 5007 omnibus
2975 4952 3076 5007 sibi
3119 4950 3545 5021 pertinentibus,
3590 4950 3657 5004 de

2067 5049 2380 5103 subactione
2426 5045 2636 5101 Gastari
2686 5046 2906 5100 trasaldi
2957 5046 3143 5100 nostri.
3191 5042 3294 5098 Sed
3344 5044 3393 5096 in
3434 5042 3657 5111 Siponto

2066 5138 2359 5193 condomas
2401 5147 2546 5202 tres,
2597 5137 2716 5192 loco
2754 5138 2843 5208 qui
2886 5138 3078 5191 dicitur
3118 5135 3349 5203 Sapcsso
3408 5150 3423 5185 :
3476 5148 3654 5187 casam

2067 5245 2184 5300 qua:
2209 5230 2411 5296 regitur
2439 5244 2530 5296 per
2560 5230 2877 5283 Auditusnm
2902 5269 2917 5293 ,
2949 5243 3068 5281 cum
3100 5239 3267 5279 uxore
3292 5267 3305 5288 ,
3339 5233 3391 5277 et
3421 5224 3571 5291 ﬁliis,
3605 5237 3657 5281 et

2068 5320 2317 5373 omnibus
2348 5334 2534 5373 eorum
2566 5318 2905 5387 pertinentiis
2939 5334 2952 5369 :
2985 5332 3159 5370 casam
3192 5331 3308 5384 qua:
3341 5317 3538 5386 regitur
3564 5333 3656 5387 per

2068 5410 2404 5465 Andualdum
2430 5426 2550 5465 cum
2584 5426 2777 5473 uxore,
2809 5419 2861 5462 et
2885 5407 3035 5472 ﬁliis,
3068 5417 3119 5460 et
3140 5409 3389 5461 omnibus
3410 5407 3510 5462 sibi
3538 5426 3653 5476 per-

2070 5500 2399 5564 tinentibus;
2444 5515 2659 5564 casam,
2701 5512 2818 5565 qua:
2860 5495 3057 5564 regitur
3085 5511 3179 5564 per
3210 5496 3500 5560 Malonem,
3534 5512 3653 5551 cum

2069 5605 2266 5655 tixore,
2299 5600 2353 5645 ct
2382 5592 2501 5644 liliis
2527 5633 2541 5653 ,
2573 5599 2626 5644 et
2656 5587 2906 5641 omnibus
2944 5585 3045 5640 sibi
3081 5586 3469 5653 pertinentibus
3497 5629 3510 5651 ,
3538 5604 3656 5657 quae

2070 5685 2282 5739 luerunt
2305 5684 2373 5738 de
2404 5685 2715 5737 subactione
2746 5680 2995 5735 Emerissi
3036 5681 3256 5750 gastaldi
3289 5683 3453 5736 nostri
3487 5699 3500 5735 :
3531 5696 3653 5739 nec-

2071 5789 2174 5827 non
2222 5783 2275 5827 et
2323 5774 2372 5825 in
2424 5773 2652 5827 Salerno
2696 5770 3041 5839 piscatorias,
3077 5787 3229 5825 casas
3268 5772 3427 5837 duas,
3471 5773 3519 5826 id
3549 5781 3651 5833 est,

2065 5883 2242 5923 casam
2294 5882 2410 5936 qua:
2458 5864 2656 5935 regitur
2700 5880 2791 5935 per
2835 5864 3141 5921 Malcrinum
3190 5882 3309 5921 cum
3356 5879 3561 5928 uxore.
3603 5875 3657 5919 et
