3976 6186
424 396 564 457 1227

1598 389 2200 447 ιικουιιΑιιυυιιυΜ
2243 391 2485 445 REGUM

3558 400 3695 452 iii?

422 514 571 578 ﬁliis,
604 523 658 567 et
685 513 932 566 munibus
974 513 1074 569 sibi
1106 512 1525 580 pertinentibus;
1554 525 1733 565 casam
1762 523 1876 577 quze
1905 522 1989 560 rs-
2021 513 2071 565 Λ
2102 507 2262 571 Petri,
2293 515 2347 562 et
2375 506 2490 575 ipso
2512 508 2687 563 Monte
2713 523 2835 563 cum
2861 508 2977 576 ipso
3006 510 3181 578 plano,
3208 523 3264 565 et
3293 514 3404 582 ipsa
3433 516 3649 571 ferrara
3679 534 3693 575 ;

421 604 561 672 gitur
592 619 683 670 per
707 602 1047 658 Radichisum
1071 618 1189 657 cum
1218 618 1409 669 uxore,
1426 611 1481 657 et
1504 602 1643 666 llliis,
1667 610 1722 657 et
1748 598 1995 653 omnibus

422 693 519 747 sibi
550 691 954 759 pertinentibus.
988 692 1050 746 Et
1076 691 1247 747 lacum
1271 692 1336 746 ad
1363 691 1672 761 piscandum
1705 689 1994 755 integrum,

426 783 540 837 loco
567 783 655 851 qui
686 783 876 837 dicitur
904 783 983 839 Ad
1011 796 1253 837 sanctum
1277 782 1625 849 Salvatorem,
1650 779 1743 835 sed
1774 789 1826 833 et
1849 779 1992 845 ipsas

419 889 569 930 casas
600 876 731 928 duas
760 875 824 928 ad
853 875 1017 929 salem
1049 874 1421 941 laborandum,
1452 872 1504 927 id
1526 883 1627 939 est,
1664 886 1841 927 casam
1874 884 1991 939 qua:

419 965 615 1035 regitur
647 981 739 1034 per
766 966 971 1021 Sircam
1007 982 1128 1022 cum
1161 981 1359 1033 uxore,
1389 974 1444 1020 et
1486 966 1661 1019 liberis
1684 1005 1699 1029 ,
1731 976 1783 1019 et
1821 964 1994 1017 omni-

417 1058 515 1109 ‘nus
540 1055 639 1109 sibi
672 1056 1061 1125 pertinentibus
1092 1075 1103 1109 :
1134 1070 1335 1111 necnon
1367 1055 1491 1110 etin
1524 1056 1761 1110 Viviamo
1791 1054 1988 1108 condo-

419 1160 557 1201 mam
588 1161 765 1211 unam,
800 1147 1015 1201 nomine
1046 1145 1295 1201 Lumchis
1321 1159 1441 1198 cum
1470 1158 1652 1206 uxore,
1685 1152 1740 1198 et
1769 1142 1910 1208 libis,
1940 1154 1997 1197 et

417 1237 665 1292 omnibus
711 1238 810 1292 sibi
858 1238 1277 1308 pertinentibus,
1316 1251 1447 1306 quos
1490 1237 1795 1305 Stephanus
1833 1235 1990 1291 Sarto

421 1345 513 1396 per
543 1339 867 1398 praeceptum
898 1329 1088 1382 falsum
1125 1327 1399 1395 liberavit,
1430 1336 1483 1381 et
1504 1338 1591 1382 res
1617 1328 1869 1390 abstulit,
1898 1328 1991 1381 sed

416 1429 470 1472 et
499 1421 735 1489 legibus,
767 1428 823 1475 et
864 1419 964 1488 ipsi
998 1430 1050 1473 et
1082 1434 1168 1473 res
1194 1435 1377 1473 eorum
1408 1419 1472 1471 ad
1505 1429 1735 1472 nostram
1766 1418 1994 1473 devene-

418 1519 541 1563 runt
589 1518 905 1578 potestatem
962 1528 973 1562 :
1018 1522 1195 1562 nostra
1237 1524 1365 1564 vero
1412 1520 1645 1579 potestas
1698 1510 1995 1562 nominatas

414 1602 704 1656 eondomas
732 1603 1065 1656 monasterio
1098 1612 1295 1656 sancta:
1331 1604 1541 1671 SOphize
1570 1604 1833 1657 concessit
1874 1618 1994 1670 per-

414 1694 706 1757 fruendas;
749 1708 955 1747 necnon
999 1705 1051 1748 et
1096 1709 1161 1749 ex
1212 1694 1331 1763 galo
1377 1705 1559 1749 nostro
1601 1694 1770 1763 largiti
1814 1709 1996 1748 sumus

414 1782 671 1848 ιιι-καῖριο
699 1790 895 1834 sancta:
929 1781 1145 1849 Sophia:
1186 1785 1509 1838 monasterio
1546 1784 1722 1853 aliqua
1753 1784 1990 1837 facienda

2100 596 2215 652 haac
2250 599 2427 654 omnia
2474 608 2669 654 sanetae
2716 599 2927 668 Sophim
2975 605 3309 657 monasterio
3360 608 3696 671 possidenda

2097 689 2482 744 concessimus.
2511 688 2724 744 Necnon
2754 700 2808 744 et
2835 691 3005 755 ipsam
3033 694 3325 747 ecclesiam
3354 708 3563 751 sancta:
3590 700 3695 759 Ila-

2098 778 2191 833 τίω
2216 779 2267 833 in
2295 774 2488 835 ﬁnibus
2515 777 2853 834 Janieusibus
2874 820 2889 843 ,
2918 780 3038 835 loco
3062 783 3151 851 qui
3174 784 3377 839 dicitur
3406 785 3697 843 Gnaianns

2097 883 2216 923 cum
2256 871 2501 925 omnibus
2536 872 2646 927 suis
2694 873 3027 940 pertinentiis
3054 913 3069 937 .
3116 878 3455 931 monasterio
3499 891 3696 933 sancta

2095 957 2306 1027 Sophia:
2328 960 2571 1016 dedimus
2592 962 2991 1030 possidendam.
3015 962 3120 1018 Sed
3143 974 3201 1019 et
3222 966 3527 1022 ecclesiam
3551 968 3693 1023 Beati

2096 1050 2397 1120 archangeli
2425 1051 2697 1107 Michaelis
2716 1093 2731 1119 ,
2756 1069 2875 1123 qua:
2904 1054 3123 1107 fundata
3147 1056 3311 1109 estin
3332 1057 3455 1125 galo
3484 1070 3689 1123 nostra,

2098 1149 2292 1196 terram
2322 1142 2617 1198 modiorum
2647 1154 2861 1199 centum
2889 1159 3016 1213 erga
3040 1145 3218 1215 ipsam
3253 1147 3538 1201 ecclesiam
3556 1189 3576 1214 ,
3603 1150 3695 1204 ubi

2099 1231 2394 1287 Dacoaldus
2447 1235 2773 1289 venerabilis
2822 1235 2991 1291 abbas
3035 1238 3242 1292 servire
3285 1237 3542 1303 videtur;
3578 1256 3697 1307 qna:

2099 1321 2194 1375 fuit
2222 1322 2322 1375 sub
2359 1323 2569 1377 actione
2609 1323 2903 1392 Ferdolphi
2942 1324 3170 1393 gastaldi
3210 1326 3425 1390 nostri,
3462 1330 3699 1381 secundo

2097 1411 2164 1466 de
2186 1411 2409 1466 ecclesia
2439 1413 2606 1467 sancti
2639 1412 2869 1468 Mercuri
2902 1414 2954 1467 in
2980 1414 3099 1482 gnlo
3129 1426 3343 1481 nostro,
3372 1415 3495 1471 haec
3521 1420 3700 1471 omnia

2097 1513 2299 1560 sancta:
2342 1504 2556 1573 Sepliize
2600 1506 2925 1560 monasterio
2951 1508 3316 1563 concessimus
3345 1506 3703 1576 possidenda,

2099 1596 2241 1664 quod
2292 1605 2616 1665 prmeeptum
2666 1597 2951 1652 oblationis
2997 1613 3062 1653 ex
3098 1598 3347 1667 iussione
3390 1613 3456 1654 ac
3502 1600 3704 1655 dictata

2100 1695 2296 1741 nostra:
2344 1688 2624 1757 potestatis
2659 1689 2847 1757 scripsi
2877 1703 2977 1757 ego
3009 1689 3272 1746 Entaldus
3303 1692 3581 1746 notarius.

2171 1779 2362 1832 Actum
2402 1779 2689 1833 Beneventi
2721 1780 2773 1834 in
2810 1779 3116 1835 felicissimo
3150 1782 3351 1851 palatio
3373 1823 3390 1848 ,
3423 1797 3575 1837 anno
3610 1783 3707 1837 de-

413 1846 715 1933 annualiter
751 1873 803 1925 in
835 1888 899 1926 eo
931 1875 1081 1939 loco,
1130 1874 1181 1927 in
1212 1889 1316 1942 quo
1345 1874 1697 1930 commoditas
1728 1875 1889 1929 fuerit
1926 1875 1993 1929 ad
2025 1846 2073 1907 Β
2101 1868 2240 1923 cimo
2275 1871 2505 1934 seDlimO
2552 1885 2739 1927 mense
2777 1870 3037 1927 Novemb.
3084 1872 3387 1930 indiﬂionc
3435 1890 3537 1929 xlu
3581 1875 3705 1931 feli-

413 1964 686 2018 nominata
712 1962 849 2029 ligna
879 1964 1205 2019 adtrahenda
1237 1985 1247 2017 :
1274 1967 1365 2019 sed
1388 1976 1441 2020 et
1464 1967 1719 2034 porticum
1746 1982 1809 2022 ex
1837 1966 1995 2037 lignis

412 2070 511 2124 per
540 2055 777 2124 singulas
810 2066 988 2123 portas
1016 2057 1247 2111 civitatis
1278 2066 1474 2111 nostra:
1506 2057 1909 2120 Beneventano),
1942 2059 1995 2112 id

412 2157 532 2210 i-st,
563 2147 629 2198 de
673 2156 824 2213 porta
873 2146 1073 2200 Turrea
1114 2148 1180 2203 de
1210 2147 1363 2217 lignis
1407 2163 1557 2202 carra
1587 2149 1995 2219 quinquaginta;

411 2236 480 2289 tle
508 2246 658 2301 porta
696 2236 870 2289 [inlini
901 2252 1049 2291 carra
1084 2238 1293 2307 triginta
1328 2255 1343 2293 :
1376 2238 1488 2292 hanc
1516 2241 1692 2293 omnia
1721 2251 1994 2296 monaste-

411 2329 494 2380 rio
532 2337 733 2381 sancite
773 2329 987 2398 Sophia}
1014 2330 1375 2384 concessimus
1408 2330 1747 2399 possidenda.
1782 2330 1997 2386 Necnon

412 2427 467 2472 ct
496 2419 592 2475 Sili
618 2463 633 2487 ,
670 2437 830 2491 quem
862 2438 983 2475 cum
1018 2437 1082 2476 ex
1112 2435 1343 2475 mercatu
1371 2424 1536 2477 sancti
1570 2421 1826 2477 Valentini
1858 2422 1997 2477 intc-

413 2526 566 2577 grnm
596 2513 786 2577 secuti,
820 2522 869 2566 et
897 2514 962 2564 ad
991 2524 1226 2565 nostram
1255 2523 1572 2581 potestatem
1608 2514 1893 2582 pervenire
1922 2513 2001 2567 vi-

411 2619 531 2657 sum
565 2603 684 2668 fuit,
717 2604 787 2656 ita
818 2611 1019 2657 sanctze
1044 2605 1253 2674 Sophia:
1282 2606 1607 2659 monasterio
1636 2604 1997 2659 concessimus

413 2696 735 2765 exigendum
774 2713 784 2746 :
821 2696 913 2749 sed
945 2706 997 2749 et
1027 2696 1323 2750 annualiter
1349 2695 1415 2748 de
1445 2710 1600 2749 sacro
1632 2704 1813 2748 nostro
1844 2694 1998 2747 Pala-

415 2790 493 2840 tio
519 2787 584 2841 ad
615 2786 833 2841 cardum
866 2788 1036 2841 eidem
1070 2787 1394 2842 monasterio
1423 2788 1661 2841 concessi
1691 2802 1881 2855 porcos
1910 2803 1998 2839 ca-

411 2880 522 2947 pita
544 2891 781 2933 centum.
806 2880 1203 2945 Concessimus,
1222 2882 1379 2935 etiam
1403 2882 1544 2935 dicto
1565 2892 1763 2935 sancta:
1785 2882 1998 2948 Sophia:

407 2969 771 3037 monasterio,
804 2979 859 3023 nt
903 2970 1091 3023 habeat
1130 2986 1195 3025 ex
1244 2986 1394 3024 sacro
1435 2980 1616 3024 nostro
1659 2972 1853 3040 palatio
1898 2988 1996 3025 an-

408 3062 638 3116 nualiter
667 3076 861 3117 aureos
901 3063 1101 3116 solidos
1130 3064 1385 3118 ducentos
1419 3079 1513 3132 pro
1552 3067 1743 3117 vestitu
1774 3077 1993 3133 compa-

408 3155 601 3218 rando,
632 3165 686 3208 et
708 3155 793 3209 illa
823 3170 941 3223 qum
964 3169 1098 3223 opus
1128 3155 1321 3209 fuerint
1346 3173 1361 3216 ;
1390 3170 1595 3210 necnon
1630 3154 1787 3209 etiam
1816 3164 1868 3209 et
1897 3160 1992 3208 tios

408 3250 646 3298 statuere
688 3241 783 3297 visi
837 3256 1057 3305 sumus,
1092 3256 1143 3296 ut
1190 3257 1365 3299 nostra
1412 3247 1686 3300 concessio
1724 3246 1794 3299 sit
1841 3245 1991 3298 ﬁrma

411 3336 686 3393 nominato
715 3344 1072 3401 monasterio;
1106 3348 1157 3389 cl
1200 3338 1415 3405 insuper
1462 3336 1830 3392 concessimus
1863 3351 1995 3405 pra:-

409 3427 554 3479 dieto
585 3431 912 3481 monasterio
936 3429 1105 3493 ipsum
1138 3428 1419 3481 terminum
1448 3428 1589 3481 intus
1618 3436 1822 3497 portam
1850 3442 1996 3481 suta-

410 3532 548 3570 niam
581 3532 700 3570 cum
733 3534 865 3586 aqua
894 3564 906 3586 ,
947 3532 996 3573 et
1032 3520 1202 3573 fistula
1236 3536 1329 3588 pro
1361 3520 1474 3587 ipso
1504 3520 1692 3574 balneo
1718 3520 1771 3575 in
1801 3521 1992 3575 eodem

409 3610 759 3672 monasterio,
792 3610 841 3662 id
876 3621 956 3664 est
999 3614 1066 3665 de
1108 3622 1252 3678 porta
1294 3612 1530 3665 Liscardi
1562 3614 1628 3666 de
1659 3612 1816 3681 lignis
1844 3627 1994 3666 carra

409 3699 627 3768 viginti,
671 3710 727 3754 et
765 3701 962 3756 ibidem
1006 3718 1183 3755 casam
1226 3719 1345 3756 cum
1388 3703 1676 3772 parietibus
1706 3704 1838 3757 suis.
1872 3702 1995 3757 llaac

409 3790 587 3843 omnia
636 3792 776 3846 sicut
824 3808 982 3860 supra
1026 3794 1213 3860 legitur
1261 3796 1627 3848 concessimus
1676 3794 1993 3861 possidenda

407 3882 663 3949 praedicto
697 3882 1021 3937 monasterio
1061 3893 1255 3937 sancta:
1300 3884 1512 3951 Sophia:
1545 3883 1817 3951 possidere
1855 3898 1996 3937 sem-

407 3988 526 4042 per.
570 3973 784 4028 Necnon
827 3974 988 4029 etiam
1030 3985 1081 4030 et
1116 3976 1215 4029 hoc
1244 3977 1607 4033 concessimus
1638 3978 1854 4046 prmlato
1881 3994 1994 4033 mo-

408 4065 644 4118 nasterio
670 4066 849 4118 omnia
885 4067 1147 4120 territoria
1190 4078 1243 4121 ct
1279 4066 1635 4123 fundamentis
1676 4071 1992 4137 pertinentia

411 4164 595 4209 nostro
626 4170 781 4209 sacro
823 4157 1050 4225 palatio,
1095 4174 1211 4225 qua:
1252 4173 1373 4212 cum
1413 4159 1568 4214 terris
1607 4162 1996 4229 pertinentibus

408 4251 607 4305 fuerint
636 4251 946 4323 conjuncta,
980 4262 1084 4306 tam
1128 4254 1179 4306 in
1222 4254 1415 4309 linibus
1464 4254 1784 4320 Beneventi,
1832 4270 1992 4325 quam

408 4344 465 4397 in
512 4346 703 4415 Apulia
734 4386 749 4409 ,
797 4355 853 4400 et
900 4346 1199 4417 ubicunque
1243 4362 1330 4403 res
1357 4362 1421 4402 ex
1461 4347 1817 4405 fundamentis
1854 4352 1992 4404 sacri

409 4436 577 4487 nostri
610 4436 791 4503 palatii
822 4438 1215 4509 pertinentibus
1236 4478 1252 4501 ,
1280 4449 1333 4494 et
1364 4439 1413 4493 in
1457 4440 1647 4495 ﬁnibus
1675 4440 1867 4508 Capua:
1891 4482 1906 4507 ,
1938 4451 1993 4497 et

2102 1961 2258 2015 citer.

2101 2074 2413 2129 Donationes
2440 2074 2586 2141 facta:
2616 2075 2918 2128 monasterio
2953 2074 3249 2128 Pistoriensi
3279 2078 3452 2129 sancti
3479 2075 3705 2131 Ballio-

2357 2146 2523 2197 lomaai
2556 2143 2640 2214 (ab
2669 2160 2805 2199 anno
2834 2146 2937 2199 748
2966 2148 3035 2197 ad
3059 2162 3252 2200 annum
3282 2146 3445 2219 784.)

2396 2235 2487 2297 (Es
2513 2234 2758 2285 Zacharia.
2778 2237 3028 2286 Anecdota
3055 2238 3205 2289 medii
3225 2238 3372 2299 aevi.)

2172 2411 2475 2478 Exemplar.
2522 2412 2577 2465 In
2630 2412 2846 2464 nomine
2889 2410 3095 2465 Domini
3140 2412 3227 2466 die
3270 2421 3470 2466 octavo
3518 2428 3705 2468 mense

2102 2500 2429 2569 Septembris
2459 2511 2711 2569 regnante
2741 2501 2958 2554 domino
2999 2500 3191 2555 liachis
3223 2502 3304 2555 vir
3344 2505 3702 2559 excellentis-

2102 2592 2267 2643 simus
2310 2605 2487 2660 regem
2536 2605 2677 2645 anno
2721 2602 2911 2661 quarto
2959 2606 3051 2659 per
3096 2592 3395 2649 indictione
3440 2599 3702 2651 secanda.

2104 2680 2419 2735 Feliciter...
2470 2680 2754 2751 Batpertus
2786 2686 3050 2752 quondam
3082 2685 3224 2742 ﬁlius
3255 2690 3535 2759 quondam
3567 2692 3698 2747 Gui-

2102 2772 2276 2826 lichisi
2299 2787 2515 2841 sperare
2547 2774 2597 2827 in
2630 2792 2713 2828 me
2734 2776 2908 2830 divina
2940 2781 3195 2844 potentia,
3222 2779 3352 2834 dum
3374 2783 3702 2851 complexus

2100 2867 2337 2933 rejacere
2366 2864 2420 2919 in
2452 2867 2785 2936 inﬁrmitate,
2828 2870 2945 2924 sine
2984 2870 3087 2926 line
3117 2871 3205 2926 ubi
3240 2872 3390 2928 iures
3430 2888 3542 2928 non
3570 2875 3701 2929 etio-

2097 2958 2269 3025 diunl,
2296 2973 2393 3013 nec
2415 2960 2675 3025 iurantur,
2701 2973 2753 3013 ut
2783 2961 2871 3015 illa
2903 2977 3032 3018 voce
3060 2964 3249 3019 audire
3268 2980 3519 3037 merear,
3540 2982 3700 3034 quam

2103 3046 2361 3103 Dominus
2404 3061 2586 3103 noster
2624 3049 2784 3105 Jesus
2820 3050 3083 3118 Christus,
3123 3066 3185 3106 ac
3224 3054 3544 3122 redemptor
3580 3069 3697 3107 om-

2101 3140 2244 3195 nium
2278 3142 2329 3195 in
2369 3155 2428 3196 se
2456 3143 2791 3196 credentibus
2819 3146 3128 3212 premittere
3154 3146 3409 3215 dignatus
3439 3158 3560 3212 est,
3601 3148 3701 3201 ι’(-

2101 3232 2223 3298 nite,
2278 3232 2525 3285 benedicti
2558 3230 2753 3298 Patris,
2806 3235 3053 3304 percipite
3097 3254 3311 3309 regnum
3366 3240 3516 3309 quod
3564 3243 3702 3295 vobis

2096 3334 2333 3394 paratum
2360 3334 2435 3379 est
2474 3324 2537 3378 ab
2566 3326 2764 3396 origine
2803 3329 3020 3394 mundi,
3066 3340 3119 3383 et
3158 3331 3355 3385 iterum
3395 3336 3699 3387 ammonuit

2097 3417 2282 3471 dicens
2306 3426 2365 3482 ﬂ;
2390 3416 2526 3473 tilias
2556 3418 2822 3473 masculus
2850 3423 3049 3488 p'revidi
3084 3424 3209 3477 mihi
3239 3424 3292 3478 in
3327 3429 3552 3494 proprio
3580 3443 3701 3483 meo

2097 3508 2348 3566 editicare
2392 3509 2617 3565 eaclesia
2665 3516 2989 3568 monasterio
3037 3515 3477 3574 beatissimorum
3523 3525 3693 3574 sancti

2098 3599 2271 3666 Petri,
2313 3610 2366 3654 et
2411 3600 2589 3665 Pauli,
2638 3612 2800 3672 atque
2840 3605 3142 3671 Anastasii,
3191 3619 3248 3663 et
3294 3610 3426 3664 inivi
3483 3628 3572 3667 me
3620 3618 3695 3668 vet

2098 3693 2273 3746 anima
2307 3707 2424 3746 mea
2452 3695 2852 3762 commendare,
2892 3710 3051 3765 atque
3089 3699 3270 3755 oll'erri
3305 3704 3601 3760 medietate
3625 3706 3693 3760 de

2096 3797 2309 3838 omnem
2341 3786 2649 3853 parvitatem
2676 3790 2951 3857 pecuniam
3008 3790 3090 3845 vel
3125 3792 3458 3862 adquisitum
3490 3811 3691 3863 meum,

2096 3876 2234 3946 quod
2286 3891 2425 3930 nunc
2474 3880 2706 3945 presenti
2751 3880 2837 3933 die
2879 3896 3061 3945 avere,
3113 3893 3168 3937 et
3213 3893 3370 3940 tuere
3422 3898 3533 3942 tam
3571 3904 3691 3944 case

2095 3965 2407 4021 avitacionis
2431 3982 2585 4036 meze,
2618 3982 2775 4037 quam
2804 3980 2858 4022 et
2886 3984 3024 4024 casae
3056 3965 3386 4040 masarician,
3418 3991 3519 4030 seu
3542 3993 3665 4031 casa

2096 4057 2186 4123 lia,
2216 4057 2404 4123 vinea,
2439 4067 2613 4124 terra,
2644 4060 2829 4128 pratis,
2863 4063 3092 4127 pascuis,
3124 4063 3301 4131 silvis,
3334 4067 3579 4131 salectis,
3607 4084 3693 4121 sa-

2097 4147 2355 4213 tionibus,
2386 4149 2621 4215 cultum,
2651 4160 2809 4216 atque
2842 4151 3121 4215 incultum,
3156 4154 3438 4221 movilem,
3474 4159 3558 4211 vel
3595 4160 3693 4209 iiu-

2096 4238 2341 4293 movilem
2366 4279 2380 4306 ,
2409 4226 2636 4309 seseque
2664 4241 2999 4296 moventibus
3030 4247 3243 4309 omnia,
3272 4258 3325 4299 et
3359 4248 3411 4300 in
3438 4251 3691 4304 omnibus

2093 4331 2159 4383 ad
2198 4329 2370 4399 ipsum
2407 4343 2671 4394 sanetum,
2716 4343 2768 4386 et
2808 4334 3107 4388 veneravile
3153 4335 3330 4389 locum
3371 4338 3590 4405 otl'erri,
3637 4352 3695 4395 et

2093 4422 2399 4478 condonare
2437 4424 2663 4492 providi,
2708 4439 2800 4478 seu
2841 4436 2896 4481 et
2926 4429 3217 4492 ostruelda,
3261 4431 3355 4499 qui
3387 4442 3538 4489 veste
3575 4449 3693 4487 mo-

408 4522 645 4577 Alisana:
673 4522 896 4595 ﬁnibus,
926 4535 977 4580 et
1011 4530 1058 4579 in
1087 4527 1205 4581 aliis
1235 4528 1540 4583 civitatibus
1567 4539 1621 4584 et
1645 4532 1905 4597 castellis,
1937 4541 1989 4586 et

2100 4515 2298 4568 nastica
2340 4514 2523 4569 induta
2554 4531 2677 4570 esse
2711 4517 2935 4571 videtur.
2979 4518 3035 4574 in
3067 4536 3188 4574 eum
3230 4537 3362 4576 vero
3392 4533 3603 4590 tenore,
3636 4539 3691 4580 ut

409 4612 589 4671 omnia
618 4630 736 4681 quae
765 4614 957 4669 [ιιωίιιι
981 4617 1262 4687 conjuncta
1288 4634 1409 4673 cum
1437 4618 1595 4674 rebus
1614 4620 1852 4689 ejusdem
1877 4638 1990 4677 mo-

409 4702 631 4759 nasterii
654 4743 667 4766 .
694 4703 837 4756 dono
866 4706 1037 4759 eidem
1071 4718 1395 4765 monasterio
1424 4723 1617 4766 sancta:
1655 4711 1868 4781 Sopntze
1905 4716 1992 4768 illa

411 4797 774 4852 concessimus
816 4801 1134 4865 possidenda
1178 4823 1189 4858 :
1236 4804 1330 4860 sed
1368 4815 1422 4859 et
1468 4806 1744 4860 ecclesiam
1792 4813 1993 4861 sancta

412 4890 620 4955 Alarim,
644 4905 760 4957 quae
784 4890 879 4941 sila
910 4902 992 4942 est
1020 4892 1156 4945 intra
1182 4893 1315 4947 duas
1340 4895 1451 4949 vias
1477 4894 1606 4950 loris
1634 4904 1757 4949 ante
1785 4904 1992 4963 portam

410 4994 671 5035 Summam
700 4995 820 5033 cuin
868 4981 1074 5047 propria
1120 4992 1256 5035 terra
1295 4997 1413 5050 sua,
1442 4999 1560 5053 qua:
1588 4986 1780 5040 dicitur
1817 4985 1993 5041 Domi-

413 5071 531 5123 nica
558 5086 651 5139 per
677 5073 773 5131 hos
803 5070 934 5125 ﬁnes
962 5070 1027 5123 de
1050 5071 1221 5139 capite
1243 5086 1409 5140 usque
1431 5075 1495 5127 ad
1525 5076 1692 5143 ipsam
1713 5077 1991 5131 ecclesiam

416 5161 577 5214 habet
622 5176 809 5229 passus
848 5161 1079 5215 SCdCt'illl
1112 5162 1177 5215 de
1207 5176 1311 5214 uno
1341 5162 1509 5216 latere
1537 5165 1652 5231 via,
1684 5175 1739 5220 et
1776 5167 1843 5222 de
1890 5167 1994 5223 alio

413 5253 581 5316 latere
623 5271 837 5325 quoque
875 5257 957 5308 via
1004 5258 1264 5324 integrum
1304 5257 1625 5312 monasterio
1662 5272 1857 5315 sancta:
1895 5261 1994 5316 So-

414 5350 550 5417 phia:
580 5352 941 5404 concessimus
980 5350 1361 5419 possidendum
1398 5369 1410 5403 :
1443 5364 1647 5404 necnon
1671 5395 1684 5418 ,
1726 5362 1779 5406 et
1822 5354 1992 5409 eccle-

412 5442 546 5493 siam
577 5444 743 5495 sancti
776 5441 1007 5507 Martini,
1039 5458 1158 5510 qua:
1192 5444 1242 5496 in
1272 5441 1463 5495 Matulo
1490 5441 1590 5494 sita
1613 5450 1695 5494 est
1723 5456 1841 5495 cum
1870 5460 1990 5497 om-

412 5536 569 5587 nibus
596 5536 707 5589 suis
737 5535 1018 5598 reditibus,
1045 5534 1372 5589 monasterio
1401 5543 1598 5587 sancta:
1620 5532 1835 5602 Sophia:
1864 5548 1992 5589 con-

412 5625 668 5677 cessimus
700 5643 711 5676 :
740 5626 833 5678 sed
875 5634 929 5678 et
971 5626 1138 5692 ipsam
1168 5637 1371 5680 curtem
1414 5634 1679 5690 nostram,
1714 5636 1897 5693 prata,
1938 5627 1991 5682 in

413 5714 528 5770 loco
571 5718 659 5781 qui
710 5718 952 5771 Pazaano
988 5718 1214 5785 dicitur,
1248 5735 1370 5776 cum
1410 5721 1525 5791 ipsa
1565 5722 1789 5776 ecclesia
1820 5724 1989 5781 sancti

484 5840 506 5863 ιι
551 5824 708 5887 Forte
739 5828 823 5885 hic
856 5829 1047 5886 lineam
1079 5834 1251 5889 omisit
1282 5836 1573 5895 dormitans
1605 5839 1859 5894 notarius.

2096 4606 2141 4660 si
2187 4605 2299 4674 jam
2352 4606 2490 4662 dicta
2539 4607 2645 4661 ﬁlia
2697 4625 2813 4663 mea
2849 4611 3065 4667 voluere
3105 4628 3227 4666 cum
3266 4618 3532 4683 genitrice
3570 4636 3687 4673 mea

2096 4699 2318 4765 Muntia,
2340 4706 2500 4768 atque
2526 4701 2752 4769 Coniuge
2780 4716 2897 4756 mea
2926 4702 3275 4769 Persedrada,
3307 4720 3405 4760 seo
3429 4722 3687 4775 germana

2096 4804 2210 4845 mea
2243 4789 2495 4859 Ratperta
2527 4794 2578 4846 in
2612 4793 2785 4862 ipsum
2817 4798 3145 4849 monasterio
3174 4812 3298 4851 meo
3324 4797 3605 4854 deservire
3636 4804 3687 4856 in

2096 4883 2361 4940 nodochio
2400 4884 2532 4956 [lege
2563 4885 2917 4953 xenodocbio]
2946 4903 3143 4957 egenos
3174 4890 3257 4946 vel
3289 4906 3558 4960 pauperes
3597 4911 3689 4951 re-

2094 4978 2432 5047 cipiendum,
2467 4990 2521 5032 ct
2548 4980 2841 5033 elemosina
2873 4978 3209 5034 tribuendum
3230 5022 3248 5047 ,
3288 4992 3347 5037 et
3381 4999 3692 5052 gnv‘ernanc

2095 5072 2221 5121 dum
2250 5084 2342 5139 per
2370 5068 2653 5123 ebdomota
2688 5085 2792 5124 una
2824 5084 3086 5139 pauperes
3118 5072 3202 5126 vel
3231 5078 3549 5143 peregrinas
3572 5078 3691 5131 ani-

2096 5176 2230 5223 mas,
2275 5171 2328 5215 et
2374 5177 2475 5215 una
2514 5176 2634 5214 cunt
2682 5163 2951 5215 dominico
2995 5163 3189 5218 abbate
3237 5177 3475 5231 rectore,
3521 5184 3685 5239 quem

2095 5253 2224 5307 inibi
2251 5253 2498 5307 ordinare
2530 5252 2765 5319 prevnli;
2797 5252 2998 5316 omnia,
3028 5263 3080 5307 ut
3109 5254 3250 5317 dixi.
3281 5255 3335 5310 in
3365 5271 3463 5311 sua
3493 5258 3685 5312 habeat

2096 5355 2355 5415 potestate
2400 5346 2724 5414 regendum,
2781 5345 3133 5400 elemosinam
3183 5347 3565 5418 trilmendnsn,
3613 5352 3687 5404 de

2094 5439 2286 5507 quibus
2330 5440 2456 5493 inibi
2498 5439 2745 5492 dominus
2790 5438 3100 5493 condonare
3138 5438 3390 5508 dignatus
3426 5443 3583 5496 fuerit
3627 5453 3684 5496 et

2096 5546 2191 5601 pro
2219 5533 2395 5587 anima
2431 5547 2548 5587 mea
2573 5542 2786 5602 gravata
2820 5532 3140 5600 ponderibus
3166 5532 3403 5603 peccatis
3426 5535 3562 5590 meis
3588 5535 3685 5592 die

2094 5634 2360 5695 noctuque
2389 5623 2807 5693 omnipotentem
2843 5623 3155 5691 Dominum,
3195 5634 3251 5681 et
3278 5625 3522 5695 ejusdem
3552 5642 3679 5682 tam.

2094 5717 2381 5787 nipotentis
2431 5714 2639 5773 Domini
2693 5714 2951 5786 genitrice
2996 5716 3195 5785 Maria,
3248 5719 3334 5777 vel
