4056 6178
407 354 432 408 1
447 350 548 406 429

1507 346 1897 402 υινιοδιΑτΑ
1940 344 2221 402 ECCLES.
2265 345 2594 402 SELECTA.

3551 351 3572 403 l
3589 351 3683 403 13a

405 466 577 522 salicti
608 464 770 528 Petri,
801 473 855 516 et
884 461 1030 516 Pauli
1060 477 1153 518 seu
1178 461 1440 515 Anastasii
1471 460 1648 514 ine....
1687 459 1841 514 nimis
1871 473 1993 526 pec-
2025 461 2070 518 A
2097 461 2360 526 voluerit,
2410 460 2498 529 qui
2551 458 2682 513 inivi
2727 458 2887 513 luerit
2929 458 3234 524 ordinatus,
3287 467 3342 512 et
3392 458 3571 513 nullus
3619 462 3686 517 de

409 571 558 614 cator
585 558 651 610 de
683 554 912 607 vinculis
953 567 1206 620 penarum
1237 552 1449 618 eripere
1479 551 1748 618 dignetur,
1775 561 1831 604 et
1859 550 1996 604 inter

407 649 631 713 sanctis,
661 657 712 701 ct
753 645 941 702 electis
971 645 1083 698 suis
1124 643 1297 711 aliqua
1337 654 1488 711 parte
1531 644 1608 696 vel
1644 643 1874 695 societas
1903 642 1998 694 tri-

414 742 574 794 bucre
616 739 824 808 jubeas,
874 738 996 804 quia
1039 739 1298 806 scriptum
1343 745 1425 792 est
1471 750 1562 804 per
1601 734 1896 804 eloquium,
1943 744 1999 789 et

412 827 859 884 ministrationem
892 820 1105 880 Domini
1134 826 1300 879 nostri
1335 823 1462 878 Jesu
1494 822 1724 887 Christi,
1759 822 1922 877 Petita
1949 833 1998 877 et

411 921 615 972 dabitur
642 919 806 982 vobis,
837 918 1034 986 querite
1072 927 1118 970 et
1172 917 1453 973 invenietis.
1491 916 1594 971 Pro
1625 916 1742 971 ideo
1771 931 1870 986 ego
1899 915 1998 971 mi-

411 1030 522 1080 ser,
570 1023 621 1068 et
679 1012 900 1066 nimium
959 1019 1205 1080 peccator
1250 1010 1487 1063 creditus
1539 1012 1590 1064 in
1641 1010 1758 1078 ejus
1809 1024 1998 1081 magna

410 1102 795 1168 misericordia,
841 1101 932 1171 qui
977 1112 1056 1154 est
1106 1099 1222 1168 pius
1271 1099 1543 1165 Dominus,
1587 1115 1650 1155 ac
1694 1101 2000 1169 redemptor

408 1184 647 1248 «iiiinium
677 1194 778 1248 celi
807 1203 860 1248 et
891 1203 1053 1253 terre,
1087 1191 1155 1244 de
1194 1192 1472 1260 parvitatis
1509 1206 1625 1247 mea
1656 1192 1881 1248 terrenis
1909 1191 2001 1246 tri-

411 1287 678 1342 buendum
717 1285 783 1340 ad
817 1285 928 1354 ipsa
971 1297 1155 1338 saneta
1189 1285 1384 1338 virtute
1427 1282 1660 1339 nominis
1703 1284 1996 1338 beatissimi

408 1377 579 1432 sancti
611 1377 776 1446 Petri,
805 1385 858 1431 et
889 1375 1066 1440 Pauli,
1099 1389 1192 1428 seu
1231 1373 1493 1428 Anastasii
1525 1375 1723 1429 eeleste
1750 1375 1998 1444 gaudium

407 1468 633 1536 coniuge
683 1480 799 1519 mea
841 1463 1131 1518 Perterada
1176 1463 1393 1516 carnale
1436 1463 1564 1518 vitio
1606 1461 1765 1518 fuerit
1804 1479 1997 1519 conse-

407 1572 532 1613 cuta
554 1599 570 1623 ,
603 1568 656 1614 et
688 1558 740 1611 in
771 1556 890 1626 ipso
919 1556 1271 1617 SCIiOthC'IiO,
1295 1555 1384 1608 vel
1417 1555 1743 1609 monasterio
1773 1553 2002 1608 noluerit

409 1652 713 1714 deservire,
754 1649 898 1704 nulla
930 1648 996 1702 de
1037 1649 1197 1703 rebus
1228 1649 1360 1702 meis
1391 1663 1550 1702 avere
1586 1647 1850 1712 debeant,
1899 1647 2000 1702 nisi

411 1760 598 1808 vat-ua,
631 1753 685 1797 ct
729 1743 892 1796 inane
931 1741 1124 1795 exinde
1171 1740 1298 1794 iuris
1338 1742 1486 1795 exire
1526 1743 1774 1803 deveant.
1817 1742 2001 1796 ambu-

2099 550 2412 616 beredibus,
2457 549 2854 618 ‘proheredilms
2907 549 3076 608 meis.
3125 562 3460 615 quocumque
3507 550 3682 621 aliqua

2099 656 2352 709 posses...
2397 642 2502 695 tuis
2534 641 2864 708 temporibus
2903 642 3194 695 stavilitmn
3237 653 3571 710 permaneat.
3623 645 3688 696 Et

2097 739 2185 806 qui
2215 744 2397 790 contra
2433 735 2572 788 hanc
2600 735 2860 788 eartulam
2881 773 2898 798 ,
2934 734 3018 787 vel
3059 735 3177 802 ipso
3219 739 3564 800 monasterio,
3596 747 3688 790 aut

2099 838 2339 883 sanctum
2371 827 2697 882 senodochio
2725 826 2803 881 ire
2829 824 3150 896 quandoque
3181 827 3525 895 presumserit
3550 868 3566 893 ,
3599 839 3690 881 aut

2098 935 2214 974 eam
2243 920 2549 988 inrumpere
2575 919 2836 984 voluerit,
2869 918 3114 988 inprimis
3142 919 3193 971 in
3225 921 3298 972 ira
3334 919 3461 984 Dei,
3491 930 3545 973 et
3573 935 3687 973 om-

2101 1013 2183 1066 nis
2222 1011 2432 1066 virtutis
2476 1012 2748 1075 eelorum,
2800 1012 3280 1081 archangelorum,
3335 1013 3686 1080 angelorum,

2101 1118 2266 1172 pro...
2295 1101 2668 1174 [proletarum]
2699 1115 2726 1144 α
2755 1103 2967 1159 Scariot
2986 1143 3000 1169 ,
3034 1104 3125 1173 qui
3158 1105 3376 1160 tradidit
3407 1105 3688 1161 Dominum

2101 1202 2342 1248 nostrum
2393 1193 2576 1247 Jesum
2623 1193 2928 1260 Christum,
2979 1203 3038 1249 et
3083 1195 3139 1248 in
3190 1204 3390 1249 tartaro
3439 1199 3510 1250 sit
3562 1211 3691 1252 eon—

2099 1293 2390 1353 sumptum.
2423 1283 2564 1338 Ecce
2595 1292 2652 1337 ut
2684 1299 2800 1338 mea
2831 1284 3040 1337 luerunt
3077 1285 3366 1349 desideria,
3399 1287 3688 1356 adiuplevi,

2101 1387 2155 1432 et
2184 1377 2435 1430 Avandus
2467 1378 2707 1430 notarius
2734 1375 2970 1430 serivere
3013 1380 3214 1444 rogavi.
3249 1379 3438 1432 Actum
3469 1379 3693 1433 [δίεισι-εει

2103 1483 2322 1538 regnum
2353 1477 2406 1522 et
2449 1467 2740 1522 indictione
2778 1468 3138 1536 suprascripta
3181 1468 3426 1523 feliciter.
3467 1471 3696 1539 Signum

2104 1575 2291 1614 manus
2316 1561 2428 1612 lt...
2457 1557 2636 1612 iredus
2659 1558 2896 1612 medicus
2918 1571 3134 1627 r0gatus
3153 1560 3218 1611 ad
3247 1558 3504 1627 llatperto
3533 1574 3690 1613 manu

2106 1666 2222 1704 mea
2251 1651 2461 1718 pr0pria
2496 1658 2636 1705 teste
2659 1649 2970 1718 subscripsi.
3007 1651 3119 1720 Ego
3152 1651 3388 1705 Lazarus
3418 1662 3633 1720 rogatus
3662 1669 3691 1708 a

2114 1743 2365 1811 llatperto
2395 1756 2555 1796 manu
2584 1757 2700 1796 mea
2729 1742 2849 1796 testi
2882 1743 3193 1811 subscripsi.
3226 1744 3338 1814 Ego
3371 1744 3693 1814 llacbiperto

411 1807 593 1898 laudo,
623 1833 711 1886 tibi
742 1832 1000 1895 Voluerit,
1029 1840 1082 1884 et
1111 1830 1329 1884 forsitan
1362 1831 1537 1884 lilia...
1570 1832 1651 1884 rio
1676 1832 1850 1904 “orte,
1883 1845 1998 1886 mo-
2037 1807 2082 1866 Β
2108 1807 2323 1902 rogatus
2349 1834 2413 1887 ad
2440 1832 2699 1902 Ratperto
2736 1833 2888 1888 testis
2916 1848 3038 1889 ss...
3069 1807 3299 1903 Signum
3324 1851 3513 1891 manus
3541 1807 3685 1891 illau-

408 1923 668 1996 nasterio]
713 1924 946 1977 residere
985 1938 1106 1978 cum
1151 1923 1394 1992 portione
1429 1938 1524 1976 sua
1559 1922 1744 1989 vadat,
1779 1923 1869 1977 ubi
1909 1940 1999 1976 vo-

411 2021 597 2078 luerit,
631 2015 861 2083 amplius
889 2015 954 2068 de
983 2014 1142 2068 rebus
1175 2016 1331 2079 meis,
1371 2014 1454 2068 vel
1493 2015 1545 2067 iu
1587 2014 1704 2083 ipso
1733 2025 2000 2072 monaste-

410 2109 492 2162 rio
523 2108 668 2162 nulla
701 2116 884 2176 posset
909 2085 1100 2172 arere,
1133 2107 1216 2161 vel
1249 2105 1604 2173 intperatione
1635 2107 1829 2161 facere.
1869 2107 1999 2161 Nam

410 2201 455 2254 si
500 2199 626 2253 inivi
657 2198 1040 2266 permanserit,
1073 2189 1252 2250 ouiitia
1282 2213 1403 2250 cum
1433 2198 1741 2265 supradicm
1769 2211 2000 2262 reetore,

410 2290 494 2343 vel
536 2289 828 2358 genitrice,
867 2297 1027 2353 atque
1068 2287 1324 2353 coniuge,
1371 2287 1455 2340 vel
1492 2288 1606 2339 si...
1641 2285 1814 2357 [{‘orte,
1848 2285 2001 2356 mihi!

413 2385 670 2437 Dominus
709 2383 869 2434 vitam
912 2383 1241 2435 concesserit
1283 2379 1336 2432 in
1378 2378 1518 2434 hunc
1557 2379 1772 2432 exilium
1818 2379 2000 2436 mundi

409 2477 718 2530 avitandum
742 2515 756 2538 ,
787 2473 969 2548 omnia
1001 2487 1118 2525 inea
1145 2473 1218 2524 sit
1250 2479 1512 2539 potestate
1540 2471 1831 2540 regendum
1853 2509 1870 2534 ,
1905 2485 2002 2523 re-

413 2566 826 2629 miliorandum,
879 2565 1154 2617 usul'ructu
1200 2562 1550 2631 Capiendum,
1606 2576 1728 2616 nam
1779 2577 1884 2616 non
1934 2562 2000 2616 ad

411 2657 743 2713 secularibus
792 2671 887 2725 per
941 2654 1086 2709 nullo
1140 2653 1353 2722 ingenio
1403 2653 1852 2715 subtrahendum,
1904 2653 2001 2707 nisi

415 2764 513 2815 pro
535 2748 710 2801 anima
741 2760 857 2798 mea
889 2745 1040 2798 liveri
1067 2742 1470 2804 demittendum,
1502 2755 1552 2795 et
1584 2744 1628 2795 si
1823 2741 2000 2815 [fol-te,

415 2837 630 2909 iuerint]
672 2837 832 2891 michi
879 2837 1122 2899 heredes,
1168 2849 1285 2888 esse
1321 2833 1551 2886 deveant
1588 2833 1880 2884 secundum
1921 2832 2001 2884 lex

411 2930 588 2999 gentis
632 2941 857 2992 HDSN'iB,
903 2936 956 2980 et
1003 2927 1114 2992 ipse
1155 2922 1482 2978 senodoebio
1521 2922 1574 2975 in
1617 2936 1770 2975 suam
1817 2923 2007 2975 haveat

411 3030 706 3092 potestate,
738 3019 818 3074 vel
848 3021 936 3087 qui
968 3033 1060 3084 iter
1092 3019 1204 3081 ipso
1235 3014 1362 3068 inibi
1397 3013 1555 3066 fuerit
1582 3013 1917 3075 ordinatum,
1953 3019 2008 3067 et

413 3117 456 3166 si
488 3112 552 3165 ad
581 3111 915 3166 secularibns
944 3109 1174 3162 Volucrit
1212 3121 1545 3174 permanere,
1581 3105 1880 3174 portionem
1909 3119 2004 3159 sua

412 3203 694 3270 suscipiat,
722 3213 777 3256 et
806 3203 860 3254 in
891 3199 1006 3267 ipso
1035 3197 1360 3252 monasterio
1390 3197 1530 3252 nulla
1560 3196 2000 3263 imperatione....

411 3295 752 3350 ordinatione
782 3293 917 3347 iusta
953 3292 1175 3346 Domino
1209 3291 1369 3344 luerit
1396 3289 1696 3354 ordinatus,
1726 3298 1780 3342 et
1805 3289 1945 3357 quod
1973 3304 2004 3343 a

411 3405 500 3443 me
525 3387 813 3456 optandum
834 3386 944 3455 jam
971 3395 1071 3448 est,
1091 3385 1134 3439 si
1160 3386 1278 3438 sine
1299 3383 1437 3437 lilius
1459 3383 1698 3437 masculo
1721 3383 2003 3448 transiero,

340 3520 341 3523 η
409 3489 467 3534 et
495 3489 650 3532 antea
678 3478 746 3532 de
776 3477 876 3530 hac
907 3478 1024 3529 luce
1055 3476 1312 3544 migratus
1345 3472 1516 3540 fuero,
1546 3488 1704 3544 quam
1737 3474 1850 3540 ipse
1885 3491 2008 3528 san-

409 3579 558 3625 ctum
586 3580 636 3622 et
671 3567 976 3622 veneravile
1007 3565 1181 3620 locum
1221 3573 1572 3618 consecratus
1611 3565 1712 3628 sit,
1745 3565 1888 3629 volo,
1928 3574 2003 3616 at-

411 3677 520 3730 que
557 3661 815 3726 decerno,
855 3668 913 3713 ut
954 3661 1071 3725 ipso
1109 3657 1369 3720 oratorio,
1411 3656 1492 3710 vel
1534 3656 1863 3710 senodochio
1895 3656 2004 3724 jam

410 3753 637 3807 dieti....
665 3766 729 3819 ge
757 3750 932 3822 (forte,
969 3747 1239 3818 coniuge],
1273 3761 1370 3802 seu
1410 3762 1619 3812 sorore,
1651 3757 1706 3801 et
1734 3747 1835 3800 lilia
1868 3760 2006 3812 mea,

412 3854 469 3898 et
507 3844 688 3897 omnia
725 3839 1012 3895 medietate
1054 3841 1214 3893 rebus
1256 3840 1413 3905 meis,
1455 3839 1597 3906 quod
1639 3838 1767 3891 inivi
1806 3838 2008 3892 condo.

415 3949 545 3988 nare
583 3933 727 3986 visus
768 3948 886 3984 sum
929 3931 1118 3984 diebus
1149 3929 1255 3983 vite
1286 3944 1401 3992 Sne,
1437 3929 1488 3981 in
1530 3944 1679 3982 suam
1720 3938 1872 3982 aveat
1916 3944 2009 3997 po-

413 4036 701 4090 testatem,
735 4021 790 4079 et
841 4035 962 4094 post
1012 4026 1157 4078 ι)νίιο
1201 4041 1409 4088 eorum,
1455 4025 1543 4093 qui
1595 4040 1686 4090 per
1733 4023 1832 4093 ipsi
1883 4024 2010 4078 inivi

413 4117 579 4172 fuerit
626 4118 935 4180 ordmatus,
987 4125 1040 4169 et
1092 4117 1267 4176 servi,
1316 4116 1397 4169 vel
1444 4115 1664 4167 ancillas
1717 4131 1865 4169 meas
1915 4129 2012 4183 pro

412 4212 592 4263 anima
628 4222 744 4261 mea
777 4208 928 4260 liver't
971 4207 1429 4259 demittendum...
1476 4214 1650 4258 ratum
1694 4208 1772 4259 sic
1817 4207 1870 4259 itt
1914 4207 2012 4273 ipsi

415 4302 638 4355 Iivertas
687 4309 1031 4370 permaneat,
1079 4298 1217 4352 sicut
1272 4297 1522 4365 princeps
1573 4297 1829 4351 Dominus
1875 4298 2014 4352 bone

414 4392 679 4447 memorie
720 4389 1058 4459 Luiprandus
1099 4404 1191 4442 rex
1238 4403 1332 4455 per
1371 4387 1606 4441 edictum
1653 4388 2011 4455 conﬁrmavit,

2108 1927 2225 1980 relli
2269 1925 2534 1994 quondam
2566 1926 2674 1978 lilio
2703 1926 2970 1994 quondam
3017 1926 3212 1980 Statari
3256 1938 3474 1997 rogatus
3519 1933 3688 1984 testis.

2109 2019 2330 2085 Signum
2359 2033 2548 2070 ntanus
2577 2016 2810 2070 Anselmi
2843 2017 3111 2085 quondam
3134 2018 3224 2070 lilii
3261 2018 3394 2071 Baro
3421 2020 3687 2074 fulitestis.

2107 2107 2330 2176 Signum
2361 2122 2548 2161 manus
2575 2107 2762 2159 'l‘atoni
2794 2108 3060 2175 quondam
3095 2109 3164 2161 lili
3195 2109 3462 2176 quondam
3497 2110 3690 2164 Fusoni

2110 2205 2284 2258 testis.
2313 2204 2422 2271 Ego
2448 2204 2718 2267 Avantius,
2743 2205 2831 2268 qui
2863 2220 3022 2270 supra
3054 2205 3284 2273 scriptor
3317 2208 3472 2259 huius
3493 2212 3693 2262 cartule

2110 2305 2226 2365 post
2274 2310 2302 2346 a
2354 2295 2578 2350 testibus
2624 2306 2902 2356 rovorata,
2953 2305 3008 2350 et
3059 2299 3259 2362 hadita,
3317 2301 3482 2366 ipsius
3531 2301 3694 2356 abbas

2110 2395 2357 2454 presente
2402 2385 2616 2438 Andrca
2662 2383 2753 2438 lilii
2797 2385 3001 2439 domini
3041 2387 3218 2441 Caroli
3261 2390 3404 2460 [num
3449 2390 3635 2445 lim-Itis
3654 2389 3695 2462 2]

2109 2492 2252 2530 anno
2297 2474 2446 2542 regni
2486 2475 2604 2528 eius
2633 2485 2824 2543 quarto
2865 2491 2960 2545 per
3001 2466 3290 2534 indictione
3337 2481 3505 2547 prima
3547 2497 3694 2534 com-

2111 2568 2272 2637 plevi,
2305 2580 2356 2620 et
2383 2566 2527 2620 dedi.
2575 2567 2686 2634 Ego
2709 2566 3007 2636 Gansperto
3034 2568 3281 2623 Notarius
3323 2572 3466 2623 sicut
3510 2573 3560 2623 in
3605 2589 3694 2624 au-

2110 2660 2305 2714 tettlica
2335 2658 2513 2713 inveni
2541 2659 2821 2726 scriptum,
2854 2659 3082 2714 ﬁdeliter
3111 2663 3427 2728 cxetnplavi.

2181 2747 2295 2819 Ego
2341 2751 2666 2804 Gualbertus
2727 2752 2967 2804 notarius
3025 2763 3080 2805 et
3125 2753 3287 2820 jutlex
3333 2754 3470 2806 sat-ri
3522 2754 3696 2822 palatii

2108 2848 2338 2912 scriptor
2363 2844 2690 2896 auteuticum
2721 2843 2854 2896 illud
2883 2845 3010 2909 vidi,
3039 2855 3091 2896 et
3121 2846 3220 2913 legi
3258 2862 3270 2896 :
3308 2847 3384 2899 sic
3417 2847 3545 2898 ittibi
3577 2863 3702 2900 con,

2112 2935 2401 2999 tim-batur,
2435 2933 2704 3002 quomodo
2753 2935 2804 2986 in
2850 2933 2949 2985 hoc
2992 2936 3265 3001 exemplar
3306 2937 3565 3002 scriptum
3595 2950 3696 3001 ρει,

2113 3039 2290 3095 preter
2336 3026 2491 3080 litera
2539 3025 2658 3095 plus
2701 3024 2967 3091 minusve,
3013 3035 3069 3080 et
3113 3040 3273 3079 manu
3325 3043 3439 3080 mea
3488 3029 3696 3096 propria

2113 3119 2323 3190 scripsi.
2878 3187 2920 3243 η

2187 3283 2490 3350 Exemplar.
2548 3281 2604 3336 In
2662 3295 2879 3337 nomine
2938 3283 3145 3336 Domini
3205 3284 3298 3340 Dei
3348 3286 3519 3339 nostri
3573 3285 3700 3340 Jesu

2109 3376 2308 3430 Christi
2361 3375 2448 3430 die
2503 3389 2647 3429 nono
2695 3390 2883 3431 mense
2934 3375 3079 3431 Julio
3125 3393 3267 3432 anno
3318 3380 3465 3448 regni
3518 3379 3702 3433 domui

2113 3467 2398 3531 Desiderii,
2431 3477 2485 3522 et
2514 3466 2730 3536 Adelgis
2761 3469 2874 3536 regi
2902 3483 3044 3523 anno
3072 3482 3284 3537 octavo,
3313 3481 3369 3526 et
3389 3472 3576 3539 quinto
3607 3488 3700 3538 per

2111 3558 2401 3613 indictione
2451 3559 2684 3612 secunda
2746 3559 2996 3616 feliciter.
3059 3561 3190 3616 Dum
3243 3564 3294 3617 in
3353 3564 3492 3617 hunc
3540 3566 3702 3619 exilio

2112 3649 2267 3704 huius
2298 3650 2464 3704 seculi
2500 3650 2704 3705 avitare
2743 3655 3126 3723 meruerimus,
3168 3665 3414 3724 opertum
3445 3669 3530 3712 est
3557 3664 3700 3712 enim

2109 3740 2344 3809 cogitare
2371 3740 2438 3794 de
2470 3740 2561 3794 Dei
2591 3743 2980 3812 omnipotentis
3005 3747 3394 3812 misericordia,
3425 3759 3475 3804 et
3507 3753 3698 3804 remis-

2112 3833 2264 3887 sione
2290 3833 2588 3889 animarum
2621 3845 2946 3902 nostrarum,
2975 3850 3239 3907 quatenus
3270 3857 3367 3895 nos
3393 3843 3460 3896 de
3489 3847 3702 3900 vinculo

2115 3943 2370 3996 peuarum
2421 3928 2565 3982 Dnus
2605 3944 2668 3983 ac
2711 3929 3034 3999 Redemptor
3079 3933 3322 3986 omnium
3368 3933 3696 4003 indulgentia

2114 4018 2329 4086 pietatis
2356 4033 2452 4073 sue
2486 4019 2789 4074 condonare
2819 4022 3088 4088 dignetur,
3119 4032 3172 4076 et
3207 4024 3273 4076 ad
3317 4038 3440 4078 vera
3475 4027 3590 4079 luce
3620 4028 3697 4080 lu-

2118 4109 2278 4162 minis
2309 4109 2522 4178 pietatis
2549 4126 2646 4164 sue
2679 4112 2817 4164 inter
2853 4116 3073 4177 sanctis,
3102 4124 3156 4167 et
3185 4115 3371 4169 electis
3399 4118 3514 4170 eius
3553 4129 3701 4185 parte

2114 4202 2310 4269 aliqua,
2354 4201 2436 4254 vel
2476 4203 2706 4255 societas
2744 4203 2982 4256 invenire
3023 4215 3352 4270 mereantur,
3393 4221 3551 4275 quam
3585 4213 3700 4275 qui-

2116 4292 2238 4346 dem
2293 4308 2488 4361 magno
2535 4292 2760 4346 consilio
2806 4303 2889 4346 est
2939 4295 3101 4348 seculi
3152 4295 3485 4365 relinquere,
3532 4305 3591 4351 et
3637 4301 3702 4352 ad

2118 4383 2342 4445 sanctis,
2373 4392 2428 4435 et
2461 4381 2528 4435 ad
2557 4382 2946 4436 venerabiltbus
2980 4386 3108 4438 locis
3135 4401 3231 4438 nos
3261 4388 3606 4454 comendae,
3649 4398 3707 4440 ut.

413 4494 469 4538 et
513 4485 702 4536 iterum
730 4481 1052 4536 conﬁrmare
1095 4480 1325 4548 previdi,
1367 4492 1420 4533 et
1458 4479 1557 4534 sub
1598 4479 1793 4534 nullus
1837 4490 2007 4536 mater
2045 4515 2092 4572 Β
2119 4473 2247 4528 dmn
2291 4475 2472 4528 ultima
2514 4473 2602 4530 die
2643 4475 2971 4542 convinerit,
3017 4486 3075 4530 ut
3115 4492 3214 4532 nos
3253 4480 3303 4531 in
3342 4480 3454 4533 suis
3498 4481 3706 4536 iudiciis

418 4576 660 4630 Ecclesia
687 4575 1054 4628 subiacentem
1090 4573 1264 4642 ipsum
1295 4584 1538 4626 sanctum
1567 4576 1858 4627 oratorium
1879 4615 1892 4637 ,
1926 4575 2010 4628 vel

414 4667 807 4722 senodochiutn
859 4667 1122 4734 parvitate
1171 4680 1359 4719 mea...
1403 4664 1671 4719 dominico
1710 4665 1875 4720 abbas
1919 4681 2014 4735 per

417 4775 506 4813 me
547 4758 677 4811 inivi
727 4757 950 4824 positus,
992 4765 1048 4809 et
1093 4754 1206 4824 ipsa
1253 4757 1533 4825 genitrice,
1563 4765 1722 4825 atque
1761 4756 2010 4826 coniuge,

417 4864 513 4904 seu
543 4861 798 4917 germana
827 4854 990 4915 atque
1020 4845 1123 4898 lilia
1156 4860 1272 4899 mea
1305 4844 1356 4897 in
1387 4859 1538 4898 suam
1579 4853 1734 4898 aveat
1777 4855 2012 4913 potesta-

419 4953 528 4997 tem
567 4940 756 4995 diebus
796 4941 906 4993 vite
946 4954 1063 5002 sue,
1103 4947 1196 4992 aut
1238 4939 1382 4992 lratri
1427 4939 1511 4991 vel
1550 4940 1746 5008 sorori,
1790 4942 1879 5010 qui
1922 4957 2016 5010 per

420 5036 522 5104 ipsi
553 5033 680 5088 inivi
715 5034 872 5102 positi
901 5032 1096 5086 fuerint
1120 5073 1133 5096 ,
1164 5033 1248 5086 Vel
1279 5031 1616 5099 postmodum
1651 5033 2016 5103 unusquisque

419 5126 715 5182 secundum
751 5125 1030 5179 Dominum
1063 5124 1249 5179 electis
1287 5125 1526 5193 spiriti...
1574 5139 1782 5192 preces,
1824 5135 1881 5180 et
1922 5140 2017 5193 pro

420 5219 627 5274 scelera
661 5231 777 5270 mea
810 5215 1091 5268 Dominum
1120 5214 1552 5283 deprecandum,
1586 5229 1708 5269 nam
1749 5230 1841 5284 per
1870 5215 2019 5271 nullo

423 5309 578 5363 titulo
620 5309 674 5363 in
714 5306 876 5360 alium
912 5307 1181 5360 hominem
1211 5304 1554 5359 alienandum
1577 5345 1594 5372 ,
1637 5314 1730 5360 aut
1773 5321 1865 5374 per
1894 5321 2016 5360 cor-

425 5402 676 5472 euptione
717 5399 846 5455 inivi
892 5399 1000 5454 alio
1039 5398 1532 5469 superponendum,
1582 5399 1685 5453 nisi
1725 5413 1888 5469 quem
1929 5397 2020 5454 ille

501 5567 528 5595 α
559 5555 664 5610 ilic
687 5554 1010 5610 Gualbertus
1039 5553 1268 5622 scriptor
1295 5550 1484 5605 lineam
1510 5550 1770 5622 integram
1803 5548 2017 5622 omisit,

426 5642 584 5693 quam
614 5643 678 5680 ex
722 5626 825 5680 alio
859 5621 1212 5678 instrumento
1253 5624 1328 5676 sic
1368 5621 1592 5693 supplet)
1625 5637 1638 5671 :
1669 5621 2020 5693 apostolorum

430 5687 734 5767 martyrum,
767 5707 811 5751 et
838 5697 1189 5767 confessornm
1219 5687 1482 5749 incurrat.
1510 5687 1731 5758 Insuper
1759 5692 1925 5744 socius
1955 5700 2017 5744 stt

427 5766 461 5822 J
468 5766 588 5822 mla.

2117 4566 2394 4620 electionis
2423 4565 2691 4628 ostendat,
2712 4576 2768 4620 ut
2807 4568 2961 4622 novis
2989 4571 3284 4636 peccatoris
3317 4575 3590 4640 proveniat
3620 4589 3706 4628 sa-

2120 4656 2280 4709 lutem
2300 4697 2313 4719 ,
2344 4665 2398 4711 et
2443 4658 2679 4710 remedio
2709 4657 2918 4710 aninnc.
2965 4659 3090 4712 Ideo
3119 4659 3170 4712 in
3208 4661 3300 4715 Dei
3331 4663 3704 4732 omnipotentis

2119 4751 2336 4805 nomine
2365 4766 2469 4820 ego
2503 4750 2725 4805 Aivaldu
2769 4753 3028 4818 presbiter
3064 4753 3131 4807 de
3172 4759 3496 4810 tuonasterio
3533 4758 3703 4810 sancti

2118 4843 2400 4898 Silvatoris
2430 4843 2479 4908 ι),
2512 4845 2599 4910 qui
2630 4852 2713 4897 est
2739 4845 2841 4896 situ
2875 4859 3038 4912 prope
3067 4862 3222 4900 muro
3256 4848 3484 4900 civitatis
3523 4855 3705 4900 nostra

2119 4934 2350 4989 Pistorie
2387 4936 2524 4988 iusta
2560 4935 2844 4989 ecclesiam
2883 4938 3050 4990 sancti
3097 4939 3386 4991 beatissimi
3432 4937 3702 4988 Bartholo-

2120 5029 2256 5093 mei,
2290 5028 2416 5081 dum
2447 5028 2608 5081 michi
2638 5027 2813 5080 divina
2854 5029 3142 5084 adveniens
3182 5029 3584 5096 inspirationem
3627 5029 3704 5080 iu-

2120 5119 2327 5174 troendi
2367 5120 2418 5174 in
2459 5119 2602 5173 avito
2636 5129 2824 5174 sancto
2860 5133 3203 5174 monacorum
3245 5119 3380 5171 inter
3421 5118 3557 5170 alius
3603 5119 3703 5171 l'ra-

2122 5222 2250 5276 tres,
2300 5222 2558 5281 quatenus
2608 5228 2692 5267 me
2735 5212 3101 5273 considerari,
3148 5220 3205 5264 et
3253 5215 3595 5278 pertractavit
3639 5215 3706 5265 de

2121 5307 2443 5359 n'tonasteria
2502 5305 2926 5360 beatissimorum
2985 5303 3292 5365 Silvatoris,
3351 5313 3510 5370 atque
3567 5304 3704 5356 beati

2121 5397 2291 5452 sancti
2341 5396 2558 5466 Angeli,
2611 5394 2698 5464 qui
2753 5403 2836 5448 est
2885 5395 2985 5447 sito
3039 5394 3206 5457 lotus,
3264 5393 3357 5461 qui
3411 5394 3708 5460 appellatur

2196 5551 2222 5589 ι)
2262 5550 2451 5605 Silvris
2486 5569 2496 5601 :
2540 5547 2773 5602 Silvestri
2814 5546 2998 5612 siglam
3042 5548 3298 5614 explicuit
3344 5548 3525 5602 nescio
3564 5565 3704 5618 quis,

2122 5637 2280 5691 quam
2329 5621 2517 5674 ducem
2566 5618 2751 5672 habuit
2791 5618 3035 5684 Salvius;
3083 5621 3244 5674 malui
3293 5635 3393 5690 ego
3439 5619 3708 5674 Situatmis

2125 5691 2483 5763 interpretari.
