4056 6178
358 348 483 406 “Si

1549 334 2161 397 LANGOBARDOBUM
2203 331 2443 390 REGUM

3496 336 3517 387 l
3529 333 3636 387 452

359 463 523 522 Monii
558 461 762 519 Cunuie
804 474 969 531 prope
1008 457 1156 514 Dutio
1198 456 1391 521 Neore,
1430 470 1587 526 quem
1629 455 1936 510 felicissimo
1966 460 2010 518 Α
2112 451 2329 519 Signum
2381 454 2440 511 ᾖ(
2492 460 2680 501 manus
2728 444 3042 516 Luitpertuii
3090 445 3355 517 quondam
3399 446 3638 504 Cbicbisi

361 554 645 625 presbiter,
684 566 778 605 sco
814 550 1131 606 Geminiano
1170 564 1199 602 a
1241 547 1582 602 fundamenta
1621 553 1934 607 erexerunt,

358 661 451 703 seu
484 656 536 701 et
563 645 787 707 Totone,
819 650 873 698 et
902 642 1129 712 Raspert
1158 640 1398 708 Autperti
1626 640 1677 694 in
1705 652 1805 693 suo
1834 637 1938 705 pri-

358 737 555 807 vilegio
605 734 985 790 edificaverunt
1032 750 1046 786 :
1097 732 1256 787 modo
1302 732 1417 785 viro
1464 746 1594 800 ego,
1643 730 1733 800 qui
1780 740 1938 798 supra

358 826 545 881 Aivald
586 824 848 895 presbiter
886 823 977 889 do,
1014 822 1177 888 dono,
1220 821 1391 888 trado,
1432 829 1590 888 atque
1620 820 1805 888 offero,
1847 820 1937 885 do,

358 924 652 989 datumque
695 931 818 972 esse
861 915 983 969 volo
1025 924 1132 968 tam
1182 914 1295 983 ipse
1344 912 1579 982 pretiicte
1622 912 1938 966 monasteria

356 1012 529 1068 sancti
568 1010 871 1074 Silvatoris,
900 1017 954 1064 et
993 1007 1165 1062 sancti
1206 1006 1391 1077 Angeli
1422 1019 1581 1061 omne
1617 1005 1776 1059 rebus
1813 1004 1938 1058 sub-

355 1102 553 1158 stantia
589 1102 658 1156 de
695 1100 947 1170 quidquid
985 1097 1182 1167 ubique
1220 1096 1377 1151 modo
1414 1109 1444 1148 a
1487 1094 1717 1164 presenti
1750 1093 1835 1149 die
1870 1092 1939 1148 ad

356 1200 474 1265 ipse
501 1204 805 1249 sanctorum
838 1192 952 1247 loca
986 1200 1266 1259 pertenere
1293 1189 1634 1253 denescetur,
1665 1198 1719 1242 et
1753 1201 1855 1241 unc
1886 1188 1938 1240 in

356 1298 511 1346 antea
554 1286 665 1341 Deo
706 1292 1020 1353 protegente
1050 1282 1243 1336 ividem
1274 1282 1660 1336 condnnaverit
1696 1280 1937 1347 inlivato,

357 1390 413 1433 et
439 1376 632 1433 exinde
663 1374 851 1442 fuerit,
881 1382 970 1426 aut
999 1372 1139 1443 quod
1168 1371 1233 1425 ad
1262 1372 1360 1441 ipsi
1388 1373 1557 1427 sancti
1583 1382 1636 1426 et
1665 1368 1939 1424 venerabi-

357 1470 499 1523 libus
528 1465 658 1523 locis
685 1465 866 1519 datum
888 1505 902 1527 ,
934 1463 1018 1519 vel
1047 1460 1333 1517 autfertum
1376 1460 1504 1525 fuit,
1545 1460 1810 1530 quomodo
1836 1459 1936 1513 ivi-

355 1560 474 1613 dem
522 1572 643 1612 esse
693 1556 963 1621 videntur,
1011 1553 1189 1608 omnia
1237 1563 1291 1607 et
1337 1553 1389 1606 in
1430 1552 1678 1606 omnibus
1721 1551 1941 1605 inlivato

354 1649 548 1704 olIerre
578 1649 722 1702 visus
751 1660 870 1699 sum
900 1645 965 1698 ad
996 1644 1226 1699 ecclesia
1267 1642 1558 1697 beatissimi
1599 1642 1767 1696 sancti
1814 1641 1939 1695 Bar-

355 1737 633 1794 tbolomei.
663 1737 718 1791 in
751 1736 839 1789 tali
871 1751 996 1790 vero
1028 1742 1233 1799 tenore,
1267 1741 1326 1787 ut
1350 1732 1528 1787 omnia
1571 1733 1643 1785 ris
1688 1732 1801 1801 ipsa
1834 1744 1935 1784 una

2041 550 2258 608 rogatus
2290 538 2461 593 testis.

2109 629 2324 699 Signum
2361 635 2419 693 ἥδ
2455 643 2643 683 manus
2689 628 2995 684 Guinefredi
3039 630 3307 700 quondam
3349 630 3637 687 Guilifredi

2041 731 2257 791 rogatus
2284 722 2454 774 testis.

2112 814 2225 884 Ego
2254 813 2343 883 qui
2385 825 2547 881 supra
2587 812 2755 866 Lucio
2794 812 3033 866 notarius
3060 813 3296 880 scriptor
3329 814 3486 869 huius
3515 831 3639 870 car-

2042 906 2150 961 tule
2169 914 2287 974 post
2307 919 2337 957 a
2357 905 2577 961 testibus
2596 907 2901 959 roboratam
2926 903 3116 958 tradita
3136 905 3395 976 complevi
3414 916 3469 962 et
3486 907 3638 963 dedi.

2110 1019 2221 1090 Ego
2263 1019 2582 1074 Gualbertus
2626 1017 2902 1083 notarius,
2952 1027 3005 1073 et
3050 1019 3211 1089 judex
3257 1024 3397 1075 sacri
3447 1022 3635 1087 palatii

2039 1115 2271 1183 scriptor
2317 1113 2645 1167 autenticum
2698 1111 2827 1166 illud
2871 1111 3010 1179 vidi,
3061 1122 3114 1167 et
3160 1112 3292 1183 legi,
3345 1114 3478 1167 unde
3528 1115 3636 1168 hoc

2039 1206 2313 1275 exemplar
2353 1204 2713 1273 exemplatum
2754 1214 2867 1271 est,
2914 1213 2967 1259 et
3010 1202 3151 1273 quod
3194 1205 3322 1258 inibi
3371 1206 3632 1273 scriptum

2042 1298 2220 1353 inVeni
2239 1338 2255 1365 ,
2286 1296 2513 1353 fideliter
2541 1297 2865 1365 exemplari.

2794 1435 2881 1491 ill.

2110 1550 2166 1605 in
2194 1549 2410 1605 nomine
2441 1549 2648 1605 Domini
2675 1549 2768 1604 Dei
2795 1548 3094 1605 Salvatoris
3116 1551 3281 1605 nostri
3307 1550 3441 1607 Jesu
3468 1553 3631 1608 Citri-

2040 1641 2110 1697 sti
2153 1641 2242 1697 die
2289 1642 2477 1712 quinto
2531 1656 2717 1696 mense
2766 1640 3057 1696 Februario
3104 1652 3359 1710 regnante
3401 1644 3636 1698 donmus

2044 1732 2355 1788 Desiderius
2382 1744 2437 1789 et
2484 1732 2740 1802 Adelgbis
2769 1733 2983 1803 regibus
3013 1748 3154 1788 anno
3180 1736 3327 1805 regni
3358 1750 3547 1790 eorum
3580 1739 3636 1791 ia

354 1845 477 1885 cum
518 1829 632 1899 ipsa
672 1826 996 1883 monasteria
1044 1826 1183 1882 sicut
1226 1824 1410 1895 regula
1457 1823 1627 1877 sancti
1672 1823 1939 1877 Benedicti
1977 1812 2019 1873 Β
2048 1823 2139 1878 Dei
2192 1825 2411 1880 nomine
2460 1826 2674 1880 decimo
2731 1825 2745 1855 ¹
2801 1826 3092 1880 indictione
3146 1826 3328 1893 quinta
3386 1828 3637 1882 feliciter.

354 1920 624 1987 condoce,
659 1933 779 1975 esse
806 1918 1015 1973 deveat.
1052 1916 1105 1971 in
1147 1916 1237 1970 tali
1267 1916 1410 1970 enim
1445 1914 1559 1968 viro
1586 1914 1850 1983 capetulo,
1885 1930 1917 1966 u

358 2030 516 2069 unam
549 2012 1032 2082 perordinationem
1057 2010 1123 2065 de
1150 2009 1265 2079 ipso
1293 2007 1618 2062 monasterio
1645 2006 1943 2063 beatissimi

354 2105 525 2160 sancti
559 2102 945 2167 Bartitolotnei,
973 2102 1053 2156 vel
1081 2100 1152 2155 de
1178 2100 1294 2155 eius
1324 2098 1641 2165 rectoribu<,
1673 2098 1942 2168 quomodo

355 2206 474 2263 est,
507 2194 587 2249 vel
628 2193 976 2261 iinposterum
1018 2190 1256 2255 fuerent,
1298 2202 1352 2243 ut
1385 2192 1619 2259 predicte
1648 2189 1742 2243 Dei
1768 2188 1942 2244 eccle-

355 2294 471 2354 sie,
516 2296 574 2343 ut
620 2286 711 2356 qui
762 2285 952 2340 ividem
1002 2298 1095 2353 per
1144 2282 1245 2351 ipsi
1293 2283 1594 2336 ordinatum
1646 2280 1802 2335 fuerit
1850 2294 1943 2349 per

355 2388 544 2436 sancto
574 2379 769 2435 iudicio
796 2376 1076 2442 canonica,
1107 2375 1186 2429 vel
1218 2385 1399 2429 sancta
1432 2374 1611 2445 regula
1639 2374 1848 2437 deveat,
1880 2383 1943 2427 ut

358 2481 618 2539 quatenus
645 2482 844 2538 egenus
871 2466 1027 2521 vidua
1061 2465 1384 2535 pauperibus
1409 2462 1717 2517 elemosinis
1748 2462 1945 2518 facien-

353 2565 483 2618 dum
533 2576 630 2630 pro
674 2559 1044 2615 remissionem
1087 2556 1385 2611 animarum
1429 2554 1720 2610 felicissimi
1762 2555 1945 2611 Gemi-

360 2651 505 2706 niani
557 2650 839 2721 presbiter,
888 2649 979 2719 qui
1027 2656 1151 2702 tunc
1197 2657 1351 2701 antea
1402 2660 1622 2716 presens
1668 2644 1837 2700 fuerat
1877 2646 1943 2701 de

357 2743 477 2811 ipso
507 2740 859 2805 monasteria,
892 2738 987 2793 sed
1017 2748 1072 2793 et
1102 2737 1345 2807 Autperti
1367 2777 1381 2801 ,
1410 2736 1598 2791 Tatoni
1617 2773 1633 2800 ,
1668 2735 1939 2804 liatperti,

361 2836 453 2891 vel
492 2844 675 2891 nostra
718 2832 988 2896 facinora,
1022 2839 1079 2885 ut
1118 2830 1268 2884 novis
1309 2829 1530 2883 minime
1573 2828 1848 2897 perveniat
1874 2829 1942 2883 ad

360 2925 828 2990 condonationeni,
869 2922 1050 2978 omnia
1098 2930 1158 2975 ut
1200 2935 1360 2990 supra
1406 2920 1653 2985 decrevi;
1700 2919 1845 2986 volo,
1888 2928 1943 2974 ut

357 3021 460 3088 ipsi
507 3016 677 3075 sancti
721 3014 1032 3071 monasterii
1082 3012 1375 3069 beatissimi
1424 3012 1812 3078 Bartliolomei,
1859 3010 1941 3066 vel

358 3114 473 3171 eius
503 3111 946 3175 deservientibus,
979 3109 1065 3177 qui
1098 3107 1258 3163 modo
1286 3116 1439 3173 sunt,
1473 3107 1555 3162 vel
1593 3108 1938 3177 imposterum

360 3205 553 3273 fuerit,
582 3202 806 3259 firmiter
835 3200 1135 3270 possedire,
1169 3198 1314 3253 avire
1340 3198 1561 3262 deveas,
1594 3207 1649 3252 ut
1679 3205 1942 3266 quatenus

359 3304 429 3356 ab
456 3301 557 3355 bac
583 3298 692 3364 die,
720 3309 777 3351 ut
808 3312 912 3351 non
944 3309 1062 3365 ego,
1093 3294 1181 3363 qui
1210 3305 1370 3361 supra
1400 3289 1623 3344 Aivaldu
1655 3288 1940 3357 presbiter,
1974 3324 1978 3329 -

359 3410 465 3448 non
494 3392 686 3462 aliquis
712 3393 779 3445 de
809 3387 1114 3452 heredibus,
1142 3397 1299 3454 atque
1325 3384 1551 3454 posteris
1581 3383 1683 3436 mei
1712 3396 1941 3450 unquam

359 3483 470 3537 ullo
510 3489 754 3549 tempore
791 3480 966 3546 aliqua
1016 3476 1184 3546 possit
1232 3474 1418 3530 inferri
1467 3473 1730 3537 molestia,
1772 3486 1944 3541 neque

365 3569 789 3633 tziolestandum,
830 3580 1005 3636 neque
1045 3581 1137 3631 per
1177 3564 1323 3619 nullo
1354 3571 1689 3634 argumento,
1732 3562 1943 3631 ingenio

362 3660 565 3715 exinde
587 3658 786 3728 aliquid
817 3655 1257 3724 suptrabendum,
1286 3669 1458 3723 neque
1481 3654 1545 3706 ad
1569 3652 1667 3705 alia
1694 3651 1940 3716 ecclesia,

360 3767 536 3822 neque
563 3750 631 3806 ad
659 3749 919 3805 seculaiia
953 3747 1053 3802 nisi
1083 3757 1286 3801 tantum
1319 3744 1588 3814 perpetuis
1618 3743 1944 3811 temporibus

359 3847 571 3897 lirmum
592 3885 607 3908 ,
636 3851 691 3895 et
717 3838 1005 3893 stavilitum
1035 3844 1341 3907 permaneat
1368 3834 1433 3887 ad
1464 3832 1580 3901 ipso
1616 3842 1801 3887 sancto
1832 3846 1945 3886 nio-

360 3933 597 3987 nasterio
638 3927 935 3986 beatissimi
972 3926 1143 3983 sancti
1183 3923 1576 3991 Bartbolomei,
1615 3923 1753 3977 sicut
1784 3937 1945 3989 supra

360 4029 633 4080 decretum
666 4034 767 4078 est.
814 4023 949 4076 Ecce
988 4028 1044 4075 ut
1085 4018 1217 4073 meis
1263 4016 1437 4071 taliter
1466 4015 1659 4070 fuirum
1694 4013 1945 4069 desiderii

358 4132 484 4186 rrga
517 4130 602 4171 me
628 4114 955 4184 adimplevit,
988 4123 1041 4166 et
1070 4127 1137 4166 ne
1167 4110 1323 4164 michi
1353 4110 1451 4163 lice
1481 4108 1656 4163 facere
1684 4108 1788 4162 ullo
1814 4116 1947 4162 temo

362 4225 494 4275 pore
543 4209 704 4272 nolle,
751 4207 893 4277 quod
940 4203 1126 4270 voluit,
1170 4203 1265 4258 sed
1305 4202 1443 4272 quod
1484 4217 1513 4255 a
1558 4215 1643 4255 me
1684 4200 1822 4254 facto
1861 4199 1945 4254 vel

359 4297 676 4360 confirmato
706 4295 1082 4352 inviolabiliter
1108 4294 1426 4349 confirmare
1470 4294 1752 4363 promitto;
1785 4305 1943 4359 quam

356 4395 476 4446 viro
505 4392 682 4464 iram,
716 4387 855 4461 iuro]
882 4389 1085 4443 cartula
1126 4386 1454 4441 remissionis
1485 4399 1660 4439 rerum
1691 4383 1945 4438 dotalium

361 4482 529 4538 Lucio
558 4481 765 4535 notario
794 4479 1027 4535 srrivere
1059 4476 1285 4546 rogavit.

437 4578 626 4628 Actum
652 4571 880 4627 Pistoria
910 4585 1150 4641 regnum,
1173 4577 1229 4623 et
1252 4566 1539 4621 indictione
1560 4565 1939 4635 suprascripta.

363 4665 633 4721 Felieiter.

442 4760 501 4817 p3
539 4754 649 4823 Ego
677 4752 900 4807 Aivaldu
929 4751 1211 4821 presbiter,
1244 4749 1330 4818 qui
1362 4750 1501 4804 lianc
1530 4748 1729 4802 cartula
1766 4762 1943 4801 rerum

363 4847 623 4905 dotalium
648 4846 761 4900 fieri
793 4844 993 4912 rogavi,
1020 4852 1070 4897 et
1100 4859 1256 4897 manu
1286 4858 1399 4895 mea
1432 4842 1643 4910 propria
1672 4841 1944 4909 suscripsi.

446 4944 504 5001 ὦ
540 4939 651 5008 Ego
671 4934 930 4992 Teudeiat
960 4934 1219 5005 presbiter
1245 4942 1457 5002 rogatus
1483 4933 1546 4986 ad
1574 4931 1797 4986 Aivafdu
1829 4947 1946 5002 pre-

361 5031 529 5085 sbiter
556 5029 706 5084 testis
733 5043 809 5083 ss.

441 5123 660 5191 Signum
696 5128 754 5185 >14
787 5136 975 5176 manus
1013 5116 1283 5173 Tanicltisi
1322 5118 1585 5188 quondam
1616 5117 1822 5171 Tanolli
1862 5131 1949 5171 ro-

359 5222 514 5282 gatus
545 5214 714 5268 testis.

440 5313 499 5369 ὦ
538 5305 650 5377 Ego
672 5304 963 5375 Comperto
989 5302 1247 5357 diaconus
1277 5312 1488 5371 rogatus
1509 5299 1575 5352 ad
1606 5300 1791 5353 Aiaidn
1822 5313 1942 5368 pre-

361 5398 529 5454 sbiter
557 5397 704 5453 testis
729 5410 804 5450 ss.
1771 5442 1778 5451 .

440 5497 498 5554 ᾖ(
526 5489 639 5561 Ego
656 5488 903 5547 Guidolfo
920 5497 1132 5560 rogatus
1152 5486 1415 5543 adAiaidu
1434 5486 1694 5558 presbiter
1716 5487 1865 5542 testis
1880 5502 1956 5544 ss.

2044 1913 2367 1970 Gaidoaldus
2411 1916 2649 1971 medicus
2695 1930 2876 1985 regum
2926 1920 3193 1986 cogitante
3240 1932 3325 1973 me
3353 1917 3421 1973 de
3450 1921 3636 1975 omni-

2043 2008 2243 2077 potenti
2294 2009 2709 2075 misericordia,
2768 2018 2823 2065 et
2880 2010 3197 2064 remissione
3245 2014 3426 2066 anime
3487 2027 3641 2078 mee,

2042 2099 2300 2166 quoniam
2332 2099 2437 2153 vite
2466 2108 2789 2169 temporum,
2838 2108 2893 2154 et
2941 2100 3128 2155 mortis
3156 2102 3357 2155 exitum
3386 2103 3640 2167 omnipo-

2043 2197 2159 2245 tens
2187 2190 2442 2244 Dominus
2470 2205 2567 2245 sue
2607 2191 2628 2220 ³
2659 2191 2817 2244 modo
2846 2200 2991 2245 tanta
3047 2189 3068 2220 ³
3098 2192 3367 2246 reservavi
3407 2193 3595 2246 notitia
3619 2234 3640 2257 ,

2041 2280 2113 2335 ob
2139 2281 2241 2335 boc
2272 2290 2399 2336 ante
2446 2296 2606 2352 quam
2638 2282 2951 2349 repentinus
2982 2282 3324 2349 superveniat
3363 2283 3639 2343 interitus.

2042 2371 2205 2427 nicbil
2232 2387 2393 2428 omne
2423 2372 2444 2402 ⁸
2471 2383 2652 2428 nostra
2692 2373 2937 2428 deveniat
2966 2372 3273 2440 disponere,
3298 2384 3636 2443 “quea...”

2042 2476 2162 2516 cum
2195 2464 2499 2517 venerimus
2545 2472 2670 2517 ante
2720 2462 2953 2517 tribunal
3000 2459 3232 2526 Christi,
3270 2477 3376 2517 non
3423 2478 3521 2517 nos
3570 2464 3643 2517 de

2042 2553 2373 2623 neglegentia
2393 2552 2621 2623 indicet,
2646 2553 2741 2608 sed
2767 2553 2834 2608 de
2857 2553 3010 2609 bonis
3032 2554 3293 2621 operibus
3310 2556 3637 2623 gratuletur,

2042 2658 2099 2702 ut
2126 2647 2270 2716 prius
2297 2662 2401 2717 qua
2434 2647 2454 2678 ⁸
2484 2647 2550 2702 de
2582 2661 2641 2701 re
2682 2661 2782 2716 ego
2819 2646 2908 2717 qui
2940 2662 3099 2715 supra
3146 2644 3470 2701 Gaidoaldus
3520 2662 3639 2701 uie-

2042 2737 2215 2805 dicus,
2262 2737 2388 2792 dum
2441 2751 2529 2792 me
2584 2736 2879 2805 previdissc
2926 2735 2947 2766 ⁶
2980 2738 3033 2790 in
3083 2750 3186 2791 unc
3237 2736 3403 2791 exilio
3447 2737 3638 2790 mundi

2044 2836 2415 2898 permanente,
2451 2828 2650 2896 previdi
2679 2828 2746 2882 de
2792 2827 2953 2882 rebus
2978 2828 3112 2882 meis
3143 2842 3238 2895 per
3264 2830 3480 2882 decreta
3517 2828 3635 2881 loca

2037 2921 2250 2990 'olierri,
2280 2934 2335 2979 et
2362 2925 2669 2979 condonare
2715 2937 2809 2992 pro
2856 2923 3032 2977 anima
3064 2938 3205 2986 mea,
3240 2922 3321 2977 vel
3348 2922 3417 2976 de
3445 2937 3639 2991 paren-

2044 3016 2186 3071 tilius
2212 3019 2370 3083 meis,
2403 3030 2460 3070 ut
2509 3018 2561 3070 in
2595 3024 2907 3085 perpetuum
2962 3017 3171 3068 firmum
3223 3024 3533 3083 permaneat
3562 3016 3635 3067 ad

2044 3109 2349 3174 ecclesiam,
2375 3120 2427 3164 et
2449 3110 2833 3165 monasterium
2859 3108 3029 3163 sancti
3058 3107 3475 3174 Bartliolomaei,
3500 3122 3639 3176 quas

2048 3203 2193 3258 foras
2236 3218 2420 3258 muros
2464 3203 2697 3259 civitatis
2741 3202 3068 3258 Pistoriense
3098 3200 3151 3255 in
3208 3200 3437 3270 prOpriis
3475 3202 3643 3254 rebus

2045 3298 2181 3351 meis
2212 3298 2276 3350 ad
2308 3294 2672 3351 fundamentis
2700 3293 2997 3359 construxi,
3031 3295 3114 3348 vel
3158 3293 3275 3349 eius
3298 3301 3481 3348 sancte
3511 3307 3643 3347 con-

2044 3388 2371 3458 gregationis
2421 3387 2712 3444 Domenico
2756 3386 2943 3453 albati,
2993 3395 3048 3441 et
3093 3386 3495 3451 monachorum,
3545 3384 3640 3463 qui

2044 3478 2177 3534 inibi
2220 3479 2525 3552 congregati
2578 3493 2698 3536 esse
2747 3480 3017 3547 videntur,
3074 3492 3163 3534 aut
3220 3481 3272 3533 in
3326 3492 3479 3533 antea
3532 3480 3646 3534 Deo

2046 3571 2263 3626 iuvante
2308 3572 2327 3603 ⁷
2554 3570 2882 3626 facinoribus
2932 3572 3018 3626 die
3064 3580 3330 3637 noctuque
3383 3571 3645 3639 operibus

2045 3661 2339 3717 elemosina
2383 3662 2618 3719 tribuere
2644 3674 2699 3718 et
2728 3664 3010 3718 Dominum
3055 3664 3349 3732 deprecare
3378 3679 3485 3717 non
3518 3678 3641 3717 ces-

2045 3764 2187 3823 sent,
2220 3762 2275 3810 et
2314 3755 2469 3809 nobis
2514 3754 2746 3825 indignis
2786 3755 3063 3825 perveniat
3100 3754 3167 3808 ad
3207 3754 3433 3809 salutem
3461 3765 3513 3808 et
3556 3769 3639 3808 re-

2046 3846 2281 3901 medium
2322 3847 2500 3902 anime
2527 3865 2538 3900 :
2567 3848 2795 3917 primum
2832 3849 3073 3903 omnium
3104 3855 3257 3901 curte
3285 3846 3339 3901 in
3378 3847 3517 3911 loco,
3547 3848 3637 3915 qni

2045 3944 2334 3990 voceturus
2358 3936 2532 3991 Neure
2559 3951 2680 3991 cum
2707 3935 2887 3991 omnia
2914 3936 3207 3991 adiacentia
3236 3945 3291 3991 et
3318 3937 3637 4005 pertinentia

2050 4028 2115 4081 ad
2144 4028 2255 4097 ipsa
2301 4038 2449 4082 curte
2482 4029 2781 4095 pertinente
2828 4029 2879 4082 in
2925 4028 3191 4097 integrum
3237 4028 3393 4081 simul
3440 4037 3491 4081 et
3537 4027 3643 4080 alia

2050 4127 2201 4172 curte
2228 4132 2365 4187 quae
2406 4118 2598 4173 dicitur
2624 4119 2862 4174 Adosare
2892 4118 3085 4173 finibus
3114 4118 3354 4174 Lucense
3391 4132 3512 4171 cum
3546 4132 3635 4183 ea,

2049 4222 2166 4277 qua
2182 4208 2250 4263 ad
2266 4210 2377 4278 ipsa
2404 4219 2555 4264 curte
2570 4210 2591 4241 ⁸
2608 4210 2873 4279 pertinent
2894 4211 2945 4264 in
2975 4211 3258 4278 integrum,
3273 4224 3432 4279 quam
3454 4208 3639 4271 etiam,

2050 4307 2106 4353 et
2136 4309 2343 4354 curtem
2378 4300 2431 4354 in
2456 4302 2742 4355 antuniana
2776 4300 3058 4357 Lunisiaua
3090 4301 3110 4331 ’
3134 4302 3222 4355 ubi
3260 4310 3314 4356 et
3342 4301 3641 4355 oratorium

2049 4388 2342 4444 beatissimi
2371 4390 2542 4443 sancti
2575 4389 2757 4460 Angeli
2788 4389 3174 4451 dedicavimus,
3203 4404 3414 4444 necnon
3440 4398 3495 4443 et
3514 4404 3639 4443 cur-

1973 4505 2025 4567 D
2048 4490 2155 4535 tem
2187 4480 2239 4536 in
2274 4480 2540 4535 Barbiano
2587 4480 2781 4536 finibus
2808 4480 2951 4535 Creti
2985 4480 3027 4511 ²⁰
3056 4495 3179 4535 cum
3219 4480 3399 4534 omnia
3430 4479 3494 4532 ad
3523 4478 3640 4547 ipsa

2050 4578 2202 4624 curte
2234 4568 2535 4639 pertinente
2563 4578 2787 4640 excepto
2817 4572 2921 4626 due
2949 4584 3072 4626 case
3120 4572 3223 4625 due
3254 4568 3552 4624 masseritie
3574 4569 3643 4623 ad

2049 4662 2189 4727 rivo,
2221 4664 2310 4733 qui
2344 4680 2529 4737 regere
2552 4665 2663 4719 vise
2696 4665 2910 4720 fuerunt
2941 4680 3032 4735 per
3061 4665 3418 4719 baronaccuio
3454 4673 3507 4718 et
3544 4678 3644 4733 go-

2049 4756 2221 4812 disteo
2244 4759 2331 4827 qui
2366 4759 2405 4789 “
2432 4758 2588 4813 nobis
2608 4758 2672 4813 da
2706 4758 2863 4813 Aolfu
2890 4760 2931 4790 ¹²
2958 4769 3256 4814 evenerunt
3282 4774 3404 4811 cum
3438 4755 3641 4811 familie

2050 4848 2136 4902 vel
2165 4849 2343 4902 omnia
2371 4845 2438 4901 ad
2466 4847 2582 4917 ipsa
2628 4852 2953 4918 pertinente,
2986 4864 3109 4903 nam
3150 4857 3204 4905 et
3231 4849 3335 4903 alia
3363 4849 3539 4903 omnia
3565 4847 3635 4900 ad

2055 4943 2169 5009 ipsa
2209 4949 2361 4996 curte
2407 4944 2712 5011 pertinente
2760 4945 2814 4999 in
2860 4944 3126 5014 integrum
3171 4958 3265 4998 seu
3305 4951 3361 4997 et
3404 4953 3553 4996 curte
3581 4940 3639 4996 in

2055 5031 2298 5088 Bucardo
2336 5049 2458 5093 cum
2504 5036 2705 5099 omnia,
2756 5048 2811 5091 et
2859 5037 2913 5092 in
2961 5036 3233 5105 omnibus,
3281 5034 3541 5105 quidquid
3567 5034 3639 5087 ad

2054 5125 2168 5193 ipsa
2196 5135 2347 5181 curte
2375 5126 2663 5195 pertinent,
2695 5138 2750 5183 et
2774 5128 2839 5183 ad
2872 5129 3044 5198 ipsum
3074 5128 3435 5183 venerandum
3458 5129 3638 5182 locum

2054 5218 2402 5273 dilectissima
2458 5219 2727 5290 Rotperga
2774 5222 3001 5290 coniuge
3056 5237 3171 5276 mea
3206 5221 3274 5277 de
3320 5224 3433 5277 suis
3473 5221 3642 5275 rebus

2053 5326 2173 5366 cum
2224 5326 2343 5365 mea
2389 5312 2663 5367 voluntate
2706 5312 2833 5368 inivi
2874 5312 2918 5346 ¹³
2966 5314 3168 5379 offerri,
3220 5324 3274 5368 et
3322 5313 3644 5369 condonare

2052 5402 2267 5471 previde
2297 5400 2340 5432 “
2370 5410 2476 5456 tam
2504 5403 2638 5471 ipsa,
2662 5417 2818 5473 quam
2840 5414 2894 5460 et
2916 5404 3277 5474 suprascripta
3301 5404 3463 5471 curti,
3494 5405 3639 5472 quod

2066 5493 2309 5562 superius
2342 5492 2554 5548 decrevi
2595 5508 2719 5550 cum
2744 5497 2923 5552 omnia
2953 5495 3304 5552 adiacentiam
3346 5495 3430 5552 vel
3475 5498 3639 5567 perti-

1580 5601 1668 5655 γλ
1682 5601 1719 5653 ii
1732 5602 1979 5658 IANTES
2021 5604 2424 5661 LECTIONES.

441 5693 453 5721 ί
482 5692 710 5774 decimo,
733 5700 787 5746 et
808 5700 995 5746 octavo
1009 5705 1148 5776 per“
1187 5691 1207 5721 ²
1233 5704 1326 5742 sua
1358 5693 1722 5776 tantmumodo
1796 5692 1817 5722 ³
1845 5702 1985 5776 tanta
2026 5680 2191 5776 quifit.
2270 5695 2289 5724 ’⁵
2313 5697 2489 5776 otimia
2567 5698 2588 5728 ⁵
2612 5713 2768 5768 quam
2844 5700 2863 5729 ‘
2887 5702 3231 5769 previdissem
3305 5705 3326 5736 "
3349 5703 3633 5776 adjuvame

372 5759 588 5830 fuerint,
610 5765 699 5831 qui
738 5776 833 5831 pro
857 5762 1052 5816 nostris
1128 5761 1369 5817 “curtem
1442 5760 1774 5817 ’lainiscana
1852 5763 2047 5833 logreti
2129 5766 2163 5795 “
2194 5780 2296 5835 que
2374 5767 2580 5824 “aolt‘o
2629 5759 2696 5799 ’¹³
2735 5771 2863 5827 inibi

2941 5773 2981 5803 “
3007 5774 3231 5845 previdi.
