4056 6178
346 360 491 416 uss
1421 356 1829 415 DlPLOMATA
1869 356 2158 416 seems.
2196 342 2541 418 semen;
3484 361 3615 420 tisi

342 474 582 532 nentiam
612 485 745 537 seu.
797 472 813 505 ¹
845 486 993 541 case,
1027 470 1327 527 masseritia
1359 471 1378 500 ²
1410 479 1466 526 et
1509 469 1575 525 de
1604 468 1931 535 aldionibus,
1964 480 2013 539 Α
2039 472 2149 526 sint
2193 472 2298 527 nisi
2338 487 2525 526 eorum
2579 472 2781 529 utilitas
2826 472 2994 530 luisse
3020 475 3065 505 "
3096 487 3256 530 cause
3300 475 3613 531 adiutorium

344 568 535 632 vineis,
569 564 747 629 terris,
778 566 965 634 pratis,
997 561 1232 633 pascuis,
1263 562 1434 631 silvis,
1481 561 1717 627 salectis,
1749 561 1937 616 statio-
2041 565 2356 632 prestando.
2418 565 2486 620 Et
2538 563 2639 621 hoc
2687 567 2809 621 volo
2856 576 3014 637 atque
3060 571 3320 624 conllrmo
3365 580 3420 624 ut
3446 571 3625 627 omnia

346 660 522 725 nibus,
556 656 837 726 padulibus
889 655 909 686 ³
941 655 1168 720 cultum,
1222 664 1278 709 et
1300 653 1599 719 lincultum,
1651 652 1938 707 movilihus

346 769 399 809 et
418 754 757 809 inmubilibus
788 766 872 805 res
897 764 1061 819 seque
1095 749 1117 781 ⁸
1149 750 1414 803 moventia
1440 749 1639 814 omnia,
1666 756 1721 803 et
1747 747 1799 801 in
1824 761 1940 801 om-

347 846 509 900 nibus
537 842 797 914 quidquid
846 841 912 895 ad
946 840 1047 896 iste
1093 840 1266 895 curtis
1296 840 1379 895 vel
1412 853 1536 894 case
1580 839 1847 907 pertinent
1873 836 1940 891 ad

349 939 527 1007 ipsum
579 934 947 991 venerabilem
999 932 1199 997 locum,
1250 931 1333 985 vel
1364 931 1478 986 eius
1502 936 1686 984 sancte
1710 941 1939 996 congre-

347 1028 575 1098 galiunis
604 1041 699 1096 pro
727 1025 910 1079 anime
941 1037 1061 1079 mee
1091 1022 1388 1078 remedium
1416 1020 1559 1075 dono
1584 1034 1729 1089 meo,
1766 1018 1938 1083 trado,

352 1134 404 1175 at
424 1136 508 1187 ,ue
549 1118 716 1174 oll‘ero
744 1114 1144 1187 possidendum,
1179 1113 1337 1168 simul
1365 1113 1527 1168 etiam
1555 1122 1610 1166 et
1636 1122 1786 1165 curte
1817 1125 1936 1165 mea

352 1214 490 1283 quod
521 1226 681 1267 avere
720 1210 742 1242 ⁸
783 1210 928 1264 visus
965 1224 1083 1261 sum
1133 1206 1327 1260 linibus
1375 1204 1641 1258 maritima
1690 1201 1745 1256 in
1794 1202 1944 1256 locus

351 1305 441 1371 qui
474 1313 692 1359 vocatur
716 1301 955 1357 Cornino
985 1314 1106 1354 cum
1150 1297 1171 1328 ‘
1207 1298 1384 1353 omnia
1421 1295 1486 1350 ad
1516 1310 1632 1350 eam
1674 1294 1943 1362 pertinen-

355 1408 464 1451 tem
513 1396 534 1427 τ
587 1394 653 1449 ad
702 1392 951 1449 eumdem
999 1398 1240 1444 sanctum
1284 1388 1591 1443 convivium
1638 1385 1842 1450 olIerri,
1890 1392 1945 1439 et

354 1484 661 1541 condonare
691 1482 914 1552 previdi.
965 1479 1021 1536 In
1066 1495 1132 1534 eo
1181 1479 1361 1543 modo,
1409 1485 1466 1531 ut
1512 1476 1830 1546 prepositus,
1861 1474 1944 1528 vel

356 1586 537 1633 rector
586 1574 677 1643 qui
726 1573 779 1627 in
830 1571 1121 1628 senodocio
1174 1584 1295 1624 meo
1350 1566 1437 1623 hic
1474 1566 1495 1597 ⁸
1536 1566 1678 1621 foras
1728 1565 1945 1619 civ.tate

360 1667 689 1723 Pistoriense
736 1665 1036 1734 propinquo
1078 1661 1196 1731 ipso
1245 1660 1572 1715 monasterio
1616 1658 1819 1727 positus
1864 1656 1944 1711 vel

358 1759 637 1813 ordinatus
680 1754 860 1819 fuerit,
887 1751 1246 1807 communiter
1296 1763 1425 1804 suus
1452 1748 1472 1778 ⁹
1503 1748 1789 1804 nutrimina
1819 1761 1942 1802 cum

2038 654 2290 722 quidquid
2332 656 2577 723 superius
2622 656 2870 727 leguntur
2898 658 2967 712 ad
3016 659 3127 727 ipsa
3177 660 3402 715 ecclesia
3454 665 3625 718 sancti

2041 745 2401 803 Bartbolomei
2429 750 2745 805 confirmavi
2772 750 2855 806 vel
2895 754 3067 822 ipsum
3116 754 3499 808 monasterium
3535 770 3625 807 tls~

2040 853 2145 908 que
2173 855 2315 895 nunc
2362 856 2666 910 possessum
2696 854 2796 900 aue
2823 843 2870 875 ”
2899 853 2954 899 ut
2979 845 3124 901 omni
3168 848 3220 900 in
3268 858 3507 915 tempore
3537 849 3625 899 lir—

2042 946 2189 986 mum
2238 947 2303 987 ac
2356 934 2649 990 stabilitum
2699 946 3028 1005 permaneat.
3087 937 3164 992 De
3210 947 3387 992 autem
3429 938 3626 1007 reliqua

2043 1024 2364 1079 monasteria
2415 1025 2497 1079 vel
2544 1026 2868 1081 senodochia
2915 1027 3001 1083 hic
3031 1026 3079 1059 “
3107 1028 3333 1085 Pistoria
3362 1028 3445 1083 vel
3484 1029 3628 1082 Tici-

2045 1115 2226 1168 uensis
2257 1116 2476 1171 civitate
2522 1132 2685 1187 quam
2735 1129 2790 1173 et
2818 1119 3003 1174 Cassio
3030 1130 3086 1176 et
3133 1121 3338 1191 reliqua
3368 1122 3467 1176 alia
3516 1123 3629 1176 loca

2043 1211 2134 1277 qui
2167 1222 2261 1277 per
2290 1223 2377 1263 me
2415 1208 2659 1262 ordinata
2691 1211 2775 1265 vel
2817 1221 3127 1266 constructa
3171 1223 3297 1266 sunt
3325 1215 3390 1267 ita
3437 1214 3627 1268 decre-

2048 1301 2222 1356 vimus
2243 1308 2302 1353 ut
2322 1315 2420 1369 per
2444 1303 2613 1370 ipsum
2647 1303 3030 1357 monasterium
3062 1303 3233 1357 sancti
3266 1304 3625 1359 Bartholomei

2048 1393 2097 1425 "
2251 1395 2497 1448 ordinata
2524 1403 2580 1448 et
2604 1395 2863 1462 disposita
2904 1397 2981 1451 sic
3027 1398 3096 1449 ita
3142 1407 3197 1451 ut
3236 1395 3416 1450 nullus
3443 1396 3633 1450 abbate

2045 1481 2136 1552 qui
2167 1483 2327 1538 modo
2353 1493 2439 1538 est
2463 1495 2553 1538 aut
2586 1486 2927 1553 postmodum
2980 1487 3144 1543 fuere
3174 1488 3518 1542 minuandmn
3564 1487 3632 1541 de

2048 1574 2160 1643 ipsa
2199 1574 2493 1629 elemosina
2520 1576 2587 1642 ",
2619 1587 2711 1632 aut
2763 1579 2975 1648 qualive
3006 1595 3091 1634 res
3120 1580 3244 1635 inde
3271 1582 3634 1635 subtrahendo

2049 1664 2148 1717 nisi
2201 1665 2426 1733 qualiter
2479 1664 2664 1735 scripti
2712 1667 2754 1697 ³⁷
2801 1666 3141 1723 instituemus
3194 1668 3338 1723 omni
3396 1678 3634 1736 tempore

2048 1754 2341 1809 stabilitum
2374 1768 2684 1825 permaneat
2713 1757 2763 1812 in
2792 1758 3100 1814 elemosinis
3131 1760 3177 1790 ’⁸
3210 1775 3516 1829 pauperum.
3570 1762 3634 1815 Et

361 1870 375 1905 ι
387 1850 532 1919 ,sius
563 1844 873 1902 monasterii
905 1844 959 1898 in
986 1844 1174 1899 eodem
1206 1842 1325 1896 loco
1363 1840 1598 1896 Cornino
1628 1845 1873 1909 pasceret
1903 1838 1944 1868 ¹⁰
1982 1836 2025 1895 Β
2052 1845 2100 1901 si
2128 1847 2320 1916 aliquis
2356 1847 2423 1903 de
2462 1849 2592 1917 ipsis
2638 1850 2921 1905 abbatibus
2971 1852 3222 1921 prepositi
3254 1852 3298 1883 ³³
3328 1852 3635 1907 custodibus

360 1944 405 1994 si
436 1954 523 1994 me
553 1951 752 2008 ponere
774 1933 1023 1989 debeant.
1054 1932 1165 1988 llec
1191 1941 1371 1987 autem
1397 1930 1542 1984 omni
1565 1930 1619 1983 in
1644 1938 1883 1998 tempore
1905 1927 1946 1958 ¹⁸

362 2048 462 2099 r30
491 2028 707 2084 decrevi
736 2026 801 2081 ad
841 2026 1015 2096 ipsum
1060 2035 1304 2080 sanctum
1350 2031 1406 2079 et
1431 2021 1738 2077 venerabile
1775 2022 1951 2075 locum

365 2131 437 2183 sit
479 2126 731 2182 traditum
760 2134 815 2180 et
840 2122 1214 2179 conﬁrmatum
1244 2129 1301 2173 ut
1345 2119 1460 2189 ipse
1506 2116 1700 2173 abbate
1729 2115 1811 2171 vel
1839 2128 1954 2170 mo—

368 2222 522 2276 nachi
551 2220 605 2273 in
637 2218 753 2289 ipso
776 2214 1100 2273 monasterio
1126 2213 1419 2269 secundum
1450 2210 1614 2267 Deum
1638 2219 1693 2266 et
1712 2218 1953 2265 sanctam

366 2314 603 2384 regulam
646 2312 825 2366 vivere
870 2316 925 2364 et
954 2306 1228 2362 deservire
1271 2304 1501 2359 debeant
1531 2303 1678 2357 omni
1711 2302 1764 2355 in
1819 2313 1955 2354 tem-

371 2420 502 2473 pore
529 2412 773 2456 sanctum
818 2399 1099 2455 cenobium
1139 2394 1567 2452 confirmandum
1597 2403 1655 2447 ut
1682 2405 1952 2460 nunquam

366 2497 675 2548 destruatur
718 2500 797 2545 set
836 2490 889 2544 in
944 2497 1258 2558 perpetuum
1307 2484 1598 2540 stabilitum
1650 2489 1956 2553 permaneat

366 2587 469 2641 sub
510 2585 707 2640 nullius
739 2582 1041 2637 hominibus
1087 2579 1172 2635 vel
1219 2580 1405 2633 matris
1448 2577 1676 2632 ecclesie
1723 2583 1957 2643 potestas

369 2679 680 2731 aubiaccnte
710 2674 811 2729 nisi
840 2677 892 2728 in
924 2688 1022 2728 suo
1053 2672 1165 2725 iure
1197 2676 1540 2738 permanente
1586 2668 1637 2720 iu
1671 2666 1712 2696 "
1742 2667 1823 2719 ius
1851 2663 1957 2733 Spi-

373 2768 635 2824 ritualiter
654 2775 709 2821 et
728 2765 1044 2835 regulariter
1064 2761 1401 2817 (leservicnte
1427 2768 1482 2813 et
1506 2759 1643 2811 inter
1670 2771 1729 2811 se
1759 2757 1812 2811 in
1840 2755 1957 2823 ipsa

370 2857 789 2929 cungregatioue
817 2851 1047 2925 digentis
1078 2850 1121 2881 ¹³
1149 2851 1361 2911 abbate,
1393 2845 1486 2916 qui
1527 2845 1578 2899 in
1611 2844 1730 2913 ipso
1770 2857 1958 2903 mona-

374 2948 542 3003 serio
574 2948 656 3000 vel
685 2952 873 2999 sancta
902 2943 1315 3011 congregatione
1361 2936 1655 2991 secundum
1711 2933 1875 2987 Deum
1906 2939 1960 2985 et

374 3046 622 3095 sanctam
648 3036 885 3108 regulam
906 3033 1147 3089 continet
1168 3043 1353 3100 regere
1377 3038 1432 3084 et
1452 3024 1703 3081 ordinare
1732 3024 1960 3078 debeant

375 3131 643 3188 licentiam
689 3129 917 3183 habeant
964 3140 1123 3196 quem
1164 3124 1233 3178 de
1279 3122 1443 3191 ipsius
1490 3116 1799 3174 monasterii
1827 3130 1956 3170 con—

375 3224 682 3294 gregatione
710 3222 778 3276 de
810 3220 948 3275 inter
976 3233 1036 3274 se
1066 3218 1119 3271 in
1150 3216 1341 3271 abbate
1370 3212 1628 3282 elegerint
1665 3209 1959 3265 stabihtum

379 3324 708 3386 permaneat.
746 3311 878 3366 Nam
909 3325 1015 3363 nun
1062 3308 1128 3362 de
1157 3308 1275 3361 aliis
1307 3304 1613 3359 hominibus
1664 3304 1747 3356 vel
1781 3314 1965 3355 mona—

378 3408 543 3462 strrio
591 3420 697 3461 non
744 3412 962 3474 possent
989 3401 1032 3432 “
1061 3399 1451 3457 ordinationem
1505 3396 1682 3450 lacere
1734 3403 1828 3447 aut
1872 3392 1967 3446 ab-

379 3502 557 3556 batem
585 3511 787 3569 ponere
816 3496 917 3550 nisi
949 3495 1038 3565 qui
1078 3493 1145 3548 de
1171 3491 1283 3561 ipsa
1327 3487 1741 3558 congregatione
1772 3484 1967 3538 I’uerint

381 3592 523 3645 sicut
547 3598 735 3644 sancta
791 3583 972 3657 regula
1008 3585 1268 3649 continet,
1294 3581 1475 3636 iuivibi
1509 3578 1553 3608 ¹⁶
1581 3578 1826 3635 abbatem
1854 3574 1967 3630 lieri

382 3683 618 3733 debeant
665 3676 751 3731 vel
805 3680 852 3730 si
903 3673 1125 3728 iursitan
1175 3670 1352 3738 aliqua
1400 3667 1719 3723 necessitate
1766 3667 1971 3719 venerit

380 3785 545 3827 causa
574 3772 630 3824 in
661 3769 835 3838 ipsum
882 3776 1124 3820 sanctum
1172 3761 1557 3817 monasterium
1586 3757 1670 3812 vel
1700 3757 1813 3812 eius
1839 3769 1966 3810 con-

383 3864 703 3941 gregationis
732 3862 852 3917 volo
898 3874 1059 3930 atque
1104 3857 1338 3913 decerno
1370 3863 1429 3909 ut
1475 3855 1521 3908 si
1550 3867 1580 3906 a
1610 3862 1762 3922 parte
1788 3864 1972 3907 mona-

383 3956 533 4010 sterii
564 3955 763 4010 utilitas
806 3954 951 4007 tuere
978 3958 1032 4005 et
1061 3950 1174 4004 tilio
1200 3962 1321 4004 meo
1358 3945 1666 4014 Gaiprando
1710 3944 1973 3999 adiuvare

387 4051 649 4103 meruerit
678 4048 792 4116 ipse
818 4046 901 4100 vel
934 4043 1246 4109 heredibus,
1271 4040 1406 4097 meis
1426 4040 1480 4094 in
1508 4039 1622 4110 ipso
1648 4037 1973 4094 monasterio

388 4140 711 4195 adiutorium
758 4137 982 4207 preheas
1022 4144 1077 4190 et
1114 4148 1331 4189 causam
1374 4131 1654 4189 delendas.
1703 4130 1837 4185 Nam
1867 4145 1974 4183 non

389 4233 623 4302 amplius
651 4233 794 4286 nulla
822 4228 1172 4299 imperatione
1202 4235 1294 4282 aut
1319 4225 1464 4296 quali
1495 4223 1538 4255 “
1572 4239 1698 4281 vere
1726 4223 1766 4255 ³⁷
1798 4223 1975 4278 subte-

390 4325 617 4379 tendum
650 4322 691 4353 ³⁸
719 4323 867 4376 nullo
894 4320 1052 4375 modo
1075 4320 1251 4375 facere
1267 4326 1501 4387 possent.
1530 4315 1593 4371 Et
1619 4316 1742 4371 dum
1764 4331 1863 4386 ego
1885 4315 1975 4385 qui

388 4430 553 4483 supra
580 4414 905 4471 Gaidoaldus
934 4413 1176 4468 medicus
1219 4412 1472 4466 adiuvare
1498 4418 1742 4466 metuere
1768 4410 1822 4464 in
1856 4424 1976 4464 mea

389 4515 463 4560 sit
510 4513 771 4575 putestate
816 4506 957 4559 sicut
1008 4519 1176 4573 usque
1224 4516 1365 4558 nunc
1414 4500 1800 4557 defensandum
1846 4499 1974 4555 dum

390 4613 577 4651 curam
604 4597 963 4668 impendenda
1008 4611 1105 4667 pro
1134 4610 1321 4651 eorum
1350 4594 1653 4672 dilensione
1678 4607 1800 4647 nam
1828 4592 1975 4648 nulla

390 4693 457 4745 de
491 4706 553 4745 ea
583 4707 686 4760 que
732 4692 858 4745 inivi
904 4707 933 4745 a
962 4706 1048 4746 me
1094 4699 1220 4745 sunt
1260 4690 1452 4746 collata
1501 4698 1595 4744 aut
1634 4688 1777 4745 unde
1805 4689 1846 4720 ³⁵
1874 4704 1977 4759 que

393 4780 611 4835 advenit
638 4780 816 4852 alique
841 4782 1226 4836 subterendum
1257 4780 1300 4811 ²⁰
1331 4789 1413 4836 est
1434 4789 1552 4847 post
1571 4779 1776 4836 obitum
1798 4793 1974 4835 meum

392 4876 573 4929 omnia
603 4876 738 4929 sicut
765 4874 1014 4944 superius
1042 4875 1254 4929 decrevi
1300 4874 1594 4929 stabilitum
1641 4884 1975 4943 permaneat,

395 4976 454 5023 et
496 4968 675 5022 nullus
718 4967 787 5021 de
837 4967 1124 5025 heredibus
1155 4982 1253 5036 pro
1304 4967 1591 5021 heredibus
1631 4966 1763 5022 meis
1791 4975 1977 5019 contra

399 5061 537 5114 hanc
585 5076 760 5114 meam
810 5062 1069 5114 eartulam
1112 5058 1363 5112 dicdonis
1393 5058 1436 5087 ’ί
1467 5072 1561 5112 seu
1609 5058 1978 5126 dispositionis

399 5152 696 5206 oli’ertimiis
725 5166 843 5205 tnee
889 5153 965 5205 ire
994 5150 1311 5221 quandoque
1359 5162 1636 5217 presumas
1684 5156 1777 5203 aut
1801 5148 1979 5218 aliquo

401 5245 631 5314 amplius
658 5246 709 5297 in
739 5244 854 5312 ipso
882 5241 1209 5301 mmasterio
1253 5239 1603 5309 itnperatiune
1646 5237 1824 5295 facere
1855 5256 1980 5308 pos-

2052 1939 2120 1995 de
2141 1940 2255 2007 ipsa
2282 1941 2573 1998 elemosina
2603 1942 2647 1974 ³ο
2679 1943 2955 1999 subtraere
2984 1945 3026 1976 ³¹
3064 1947 3330 2001 voluerint
3368 1947 3436 2001 de
3480 1963 3636 2015 pecu-

2053 2032 2141 2085 nia
2191 2039 2286 2085 aut
2338 2034 2523 2101 quales
2580 2048 2668 2088 res
2721 2050 2826 2088 non
2883 2035 3081 2090 habeas
3134 2035 3424 2090 licentiam.
3490 2036 3554 2089 Et
3591 2038 3636 2091 si

2054 2120 2253 2178 factum
2285 2132 2378 2177 aut
2424 2126 2753 2179 subtractum
2802 2127 2950 2181 fuere
2994 2136 3048 2180 et
3096 2129 3160 2181 ad
3198 2142 3377 2182 veram
3423 2141 3638 2181 causam

2054 2228 2353 2283 apparuere
2396 2215 2517 2269 (iliis
2563 2216 2645 2271 vel
2677 2216 2965 2270 heredibus
2996 2218 3129 2272 meis
3178 2233 3281 2270 non
3334 2219 3640 2286 permittant

2054 2307 2251 2363 exinde
2279 2311 2522 2365 minuare
2550 2318 2645 2364 aut
2679 2311 2853 2380 aliqua
2894 2310 3262 2365 subtractiOne
3291 2310 3407 2365 lieri
3446 2313 3642 2365 simul-

2057 2414 2161 2468 que
2188 2398 2392 2454 “titius
2420 2411 2506 2453 aut
2540 2401 2826 2455 heredibus
2876 2402 3010 2456 meis
3054 2402 3251 2457 exinde
3295 2404 3536 2457 mimiare
3573 2404 3642 2458 de

2058 2489 2171 2559 ipsa
2200 2491 2493 2546 elemosina
2525 2491 2570 2522 ³³
2604 2494 2746 2547 sicut
2772 2509 2802 2547 a
2833 2508 2918 2547 me
2949 2493 3245 2546 institutum
3275 2505 3355 2547 est
3383 2506 3468 2546 aut
3493 2496 3642 2548 exiu-

2059 2582 2127 2637 de
2156 2583 2300 2652 quali
2349 2584 2464 2638 iure
2492 2582 2537 2614 “
2560 2584 2836 2637 subiraere
2880 2584 3095 2637 voluere
3141 2583 3307 2637 simili
3350 2585 3507 2637 modo
3539 2602 3643 2639 nun

2061 2674 2333 2745 permittat
2362 2676 2609 2729 abbatem
2638 2676 2705 2729 de
2747 2675 2864 2743 ipso
2889 2675 3218 2729 monasterio
3262 2676 3427 2730 sancti
3460 2675 3645 2731 Bartu-

2062 2767 2221 2823 lomei
2254 2765 2370 2821 ﬁeri
2415 2767 2505 2841 qui
2538 2766 2699 2820 modo
2743 2774 2828 2820 est
2855 2774 2946 2819 aut
2974 2764 3066 2835 qui
3114 2768 3451 2834 postmodum
3498 2768 3647 2822 luere

2062 2859 2163 2923 nisi
2195 2858 2352 2912 ambe
2382 2858 2575 2925 partim
2598 2856 2646 2887 ³⁵
2670 2854 3056 2910 defensaudum
3090 2871 3274 2910 curam
3304 2857 3495 2911 exinde
3524 2873 3637 2926 per.

2062 2948 2326 3018 agendum
2399 2959 2457 3001 ut
2512 2962 2685 3017 neque
2753 2949 3044 3002 minuatam
3099 2962 3272 3016 neque
3320 2948 3645 3002 subtractam

2065 3042 2212 3095 nullo
2265 3042 2423 3094 modo
2470 3039 2543 3094 sit
2593 3039 2873 3095 elimosina
2908 3040 2953 3071 ³³
2995 3055 3308 3109 pauperum.
3361 3040 3467 3094 Sed
3516 3041 3649 3095 sicut

2067 3146 2160 3199 per
2181 3131 2365 3199 scripti
2394 3129 2600 3184 lirmavi
2644 3130 2699 3185 in
2731 3133 2842 3200 ipsa
2868 3131 3160 3186 stabilitate
3185 3129 3501 3186 defendatur
3535 3132 3650 3185 nu!-

1991 3205 2036 3278 C
2068 3224 2117 3275 la
2155 3221 2349 3277 exinde
2378 3220 2721 3289 subripiendo
2770 3230 2826 3276 et
2872 3220 2993 3291 quis
3024 3219 3113 3275 ille
3157 3219 3444 3277 immemor
3465 3228 3649 3276 contra

2065 3312 2204 3367 hanc
2254 3328 2426 3367 meam
2480 3312 2888 3383 dispositionem
2940 3321 2995 3368 ct
3040 3311 3394 3368 ordinationis
3449 3322 3651 3368 cartuta

2068 3421 2244 3459 rerum
2272 3416 2577 3461 sanctorum
2608 3406 2863 3462 dotalium
2916 3406 2993 3462 ire
3021 3408 3341 3477 quandoque
3403 3422 3652 3479 presum-

2069 3495 2235 3564 pseiit
2264 3504 2356 3549 aut
2386 3511 2502 3550 eam
2529 3497 2823 3562 irrumpere
2853 3498 3080 3551 voluerit
3100 3496 3152 3550 in
3182 3498 3364 3564 primis
3392 3496 3523 3551 iram
3562 3498 3652 3553 Dei

2067 3598 2121 3641 et
2150 3600 2339 3641 omnes
2366 3586 2408 3619 ³⁷
2444 3587 2669 3641 virtutes
2696 3586 2741 3618 ³⁸
2772 3589 3009 3641 celerum
3064 3587 3507 3658 archangelorum
3558 3605 3655 3642 an-

2068 3681 2312 3750 gelorum
2347 3680 2727 3749 prophetarum
2758 3672 3121 3749 apostolorum
3153 3682 3430 3734 martirum
3452 3691 3505 3735 et
3529 3697 3656 3735 con-

2071 3772 2337 3828 lessorum
2367 3772 2664 3828 incurrant.
2713 3772 2934 3842 Insuper
2960 3771 3141 3826 socius
3166 3772 3266 3826 sibi
3295 3770 3340 3802 "
3367 3770 3501 3826 Juda
3530 3771 3659 3827 Sca-

2073 3865 2297 3920 riotthes
2329 3864 2418 3934 qui
2467 3879 2563 3934 per
2592 3878 2834 3918 amarum
2881 3864 3124 3919 osculum
3170 3863 3448 3917 Dominum
3477 3877 3539 3916 ac
3570 3880 3657 3918 re-

2072 3954 2321 4024 demptor
2349 3956 2588 4009 omuium
2616 3954 2854 4009 tradidit.
2910 3953 2975 4007 Et
3024 3954 3073 4007 in
3125 3961 3382 4007 tartarum
3434 3954 3659 4008 sitcon-
3702 3967 3704 3969 ‘

2073 4056 2339 4116 sumptus.
2377 4047 2518 4102 Ecce
2548 4059 2601 4100 ut
2627 4047 2761 4101 meis
2793 4046 3009 4099 {ueniat
3036 4045 3318 4099 desideriis
3349 4046 3567 4111 implevi
3606 4056 3659 4099 et

2073 4140 2120 4195 si
2142 4139 2379 4210 qualibet
2404 4140 2510 4194 alio
2538 4139 2829 4193 iudicatum
2858 4153 3157 4207 apparuere
3180 4137 3292 4191 in"o
3309 4153 3368 4193 se
3396 4138 3593 4192 habeas
3613 4139 3656 4168 δ’

2077 4231 2269 4286 rubore
2299 4230 2346 4260 δ’
2371 4231 2472 4284 nisi
2519 4230 2621 4285 iste
2658 4227 2706 4260 “
2737 4231 2826 4299 qui
2858 4228 2901 4261 "'
2932 4244 3072 4284 nunc
3123 4228 3280 4283 modo
3327 4228 3659 4283 conﬁrmavi.

2077 4324 2144 4381 Et
2171 4323 2472 4381 Gaubertus
2504 4324 2740 4378 notarius
2770 4322 3007 4379 scribere
3038 4322 3239 4393 rogavi.

2148 4421 2339 4471 Actum
2371 4416 2595 4470 Pistorie
2636 4414 2927 4469 indictione
2954 4414 3003 4445 “‘
3033 4415 3133 4467 ista
3163 4413 3210 4445 ⁴⁶
3238 4414 3481 4469 feliciter.

2148 4508 2367 4577 Signum
2401 4507 2603 4563 domini
2648 4505 2927 4561 Gaidualdi
2960 4506 3151 4560 medici
3203 4506 3293 4576 qui
3324 4510 3460 4560 hanc
3487 4517 3663 4560 cartu-

2085 4599 2189 4654 lam
2234 4600 2349 4657 lieri
2372 4599 2575 4670 rogavit
2604 4607 2656 4654 et
2682 4598 2761 4654 eis
2791 4598 2835 4629 ⁸⁷
2863 4596 3045 4653 omnia
3091 4599 3287 4654 relecta
3327 4607 3411 4654 est
3435 4598 3483 4629 ⁵⁸
3508 4614 3666 4653 com-

2084 4692 2279 4760 placuit

2150 4781 2371 4851 Signum
2393 4780 2576 4835 domui
2610 4777 2835 4833 Bautoni
2857 4778 3211 4834 decembrone
3232 4795 3287 4834 ss
3311 4780 3378 4833 ⁸⁵⁸.

2151 4875 2374 4945 Signum
2420 4873 2652 4926 domnus
2691 4874 2879 4924 ‘Ainati
2931 4871 2999 4925 de
3051 4872 3282 4926 alatiune
3327 4886 3401 4924 ss.
3456 4868 3500 4898 ⁸³
3556 4869 3665 4936 ligo

2084 4967 2301 5026 Gisilari
2334 4974 2550 5035 rogatus
2579 4964 2645 5017 ad
2678 4963 2981 5018 Gadoaldus
3006 4965 3240 5019 medicus
3272 4965 3419 5016 testis
3450 4976 3527 5014 ss.

2155 5058 2375 5127 Signum
2402 5058 2628 5109 domnus
2656 5055 2946 5109 Stanecl.es
2974 5056 3039 5107 de
3067 5062 3308 5107 materno
3336 5066 3391 5105 ss
3418 5051 3484 5104 ⁵⁸.

2157 5148 2379 5217 Signum
2406 5145 2634 5199 domnus
2679 5142 2940 5200 Ansuloni
2971 5143 3081 5197 lilio
3106 5141 3372 5211 quondam
3427 5139 3666 5194 llinl'redl

2089 5239 2258 5296 testis.

1654 5353 2042 5413 VAliiANTES
2083 5352 2479 5411 LECTIONES.

479 5454 495 5485 ⁸
513 5466 571 5505 se
642 5448 1068 5513 ’massarichias,
1145 5446 1165 5477 ³
1184 5446 1459 5515 paludibus
1534 5445 1673 5514 “que
1688 5460 1745 5499 se
1820 5446 2010 5500 “abere
2083 5449 2238 5501 6cum
2256 5444 2547 5499 adiacentia
2567 5443 2658 5515 vel
2686 5514 2693 5515 ί
2722 5442 2742 5471 τ
2763 5434 3073 5515 pertinentia
3189 5448 3251 5486 ac
3314 5433 3469 5515 (sua.
3495 5435 3560 5515 .¹⁰
3582 5454 3672 5504 ρει*

403 5504 619 5577 scerent
685 5504 1459 5586 “temporeetque'suiierius
1519 5504 1707 5571 "inibi
1772 5515 2064 5580 ueligeute
2142 5517 2343 5572 “inibi
2420 5516 2464 5547 ιδ
2489 5512 2697 5586 etintbi
2766 5504 3066 5586 ἰδηῳείιιίιωι
3088 5504 3172 5586 ﬂ"
3200 5521 3259 5586 [ε
3335 5505 3672 5586 ίῗδυὺξξιυωιι

404 5594 534 5646 dum
604 5589 646 5620 "
672 5604 901 5656 unquam
958 5589 1002 5619 ²⁰
1023 5589 1400 5642 subtracutlum
1461 5587 1503 5616 ²¹
1545 5587 1847 5642 doliatiouis

1924 5574 2177 5644 “fuisset
2252 5586 2481 5641 “fuerit
2561 5581 2608 5612 "
2647 5594 2740 5646 pro
2814 5577 3017 5629 "ﬁant
3088 5574 3412 5646 ’fa'itIIOIliil
3491 5577 3533 5606 ³⁷
3579 5594 3672 5643 per

405 5645 664 5729 scriptum
738 5645 784 5729 ’ῖῗ
813 5658 1076 5713 alimoniis
1150 5658 1195 5688 ²⁹
1229 5657 1509 5729 prepositis
1584 5656 1628 5687 ³⁰
1655 5657 1901 5729 alitiiorita
1978 5658 2020 5689 ³¹
2050 5662 2290 5713 minuale
2321 5666 2405 5729 aut
2437 5645 2749 5729 subtrahere
2775 5646 2877 5729 __“_
2909 5656 2963 5729 et
2987 5646 3049 5729 si
3108 5645 3421 5729 ’faalin-ionia
3563 5663 3672 5729 rem

410 5733 457 5762 ³⁵
488 5741 665 5801 partes

415 5804 459 5832 *"
489 5798 628 5873 quod
720 5800 767 5832 ³³
799 5808 852 5857 ct
876 5799 1020 5856 indie
1110 5801 1152 5830 ³⁸⁵
1187 5798 1543 5869 suprascripta
1637 5799 1680 5831 ³⁷
1716 5802 1766 5855 ci

741 5728 786 5759 ”
824 5731 934 5795 ipsa
976 5724 1241 5782 trimetria
1300 5728 1342 5759 ³⁷
1388 5729 1628 5782 οιηιιίυῐιι
1700 5728 1746 5758 ³⁸
1786 5730 2037 5786 virtutum
2112 5730 2157 5760 ³³
2199 5730 2270 5782 sit
2344 5726 2390 5755 ⁵ο
2419 5727 2615 5775 nullam
2647 5724 2698 5773 in

748 5800 767 5831 ὕ
800 5808 846 5831 ..ι
877 5799 1020 5831 ἰηιιὲο
1110 5801 1152 5830 515
1188 5798 1541 5831 cunis-scrutinia:
1637 5799 1680 5831 '41
1716 5802 1762 5831 ni
1862 5802 1906 5831 se
1946 5814 1995 5831 ..ι
2036 5812 2152 5831 mm:
2249 5799 2293 5827 ιθ
2324 5800 2472 5831 nmis
2569 5793 2610 5823 δί’
2641 5794 2698 5831 nl:

1889 5805 1906 5831 ”
1946 5814 1999 5857 ut
2035 5812 2156 5856 sunt
2249 5805 2293 5827 ⁸³
2324 5806 2473 5850 testis

2773 5719 2817 5749 δι
2866 5717 3058 5771 haheat
3132 5715 3178 5745 ”
3211 5717 3371 5771 l'tllllll‘
3446 5717 3491 5749 ’⁸³
3532 5720 3670 5775 istud

2569 5793 2610 5823 δί’
2640 5793 2868 5846 alatiauo
2910 5796 3061 5844 testis
3155 5787 3196 5818 ⁸⁸
3233 5795 3383 5844 testis
