4056 6178
432 345 573 398 H35

1600 342 1981 396 'LANiiOliAll
1994 338 2169 393 DOIiU
2181 342 2225 394 Μ
2270 342 2308 393 li
2321 340 2404 394 EG
2417 341 2453 395 U
2466 340 2508 393 Si

3558 340 3697 394 Ιὸῗιῖὶ

498 459 609 528 Ego
634 457 904 512 Jobaunes
930 465 1141 524 rogatus
1168 456 1231 508 ad
1276 454 1582 511 Gadualdus
1612 456 1849 510 medicus
1878 454 1998 508 har—
2033 457 2076 512 Α
2110 454 2197 506 tali
2224 456 2363 509 enim
2398 456 2588 520 tiuore,
2622 468 2678 510 ut
2708 474 2893 509 omnes
2938 456 3187 520 Romani,
3219 458 3305 518 qui
3344 459 3509 511 modo
3537 472 3687 525 sunt,

429 550 613 605 banius
644 549 659 579 ¹
693 548 841 602 testis
878 563 953 602 ss.

499 639 607 706 Ego
645 637 734 706 qui
784 651 942 703 supra
982 636 1284 691 Gaubertus
1332 636 1562 705 scriptor
1602 636 1760 689 huius
1806 638 2010 691 cartu‘c

436 740 553 797 post
582 727 805 783 testibus
834 728 1081 781 roborata
1113 728 1301 781 tradita
1326 728 1588 795 complevi
1619 736 1674 780 et
1696 727 1844 779 dedi.

510 819 623 889 Ego
665 818 876 887 quidem
923 816 1194 874 Gerardns
1236 818 1471 873 notarius
1507 817 1832 872 autenticum
1879 816 2007 870 illud

433 910 538 964 vidi
573 919 626 965 et
657 910 758 979 legi
789 918 1042 981 quantum
1074 910 1250 979 legere
1276 918 1330 965 et
1354 910 1661 966 discernere
1698 909 1843 981 potui
1870 910 2009 965 unde

432 1002 531 1057 hoc
559 1003 829 1072 exemplar
855 1001 1173 1071 exemplavi.

1185 1093 1277 1150 IV.

502 1186 557 1241 ln
582 1192 799 1241 nomine
831 1187 1036 1241 Domini
1069 1185 1162 1242 Dei
1187 1185 1353 1241 nostri
1380 1185 1508 1241 Jesu
1528 1184 1731 1241 Christi
1763 1186 1849 1241 die
1873 1200 2016 1242 nono

432 1292 619 1332 mense
663 1277 1014 1347 Aprile.......
1048 1276 1322 1345 Regnante
1364 1277 1564 1332 domno
1611 1276 1915 1343 Desiderio,
1960 1287 2016 1333 et

436 1368 655 1438 Adelgis
706 1382 847 1421 anno
910 1367 1187 1422 undecimo
1246 1378 1298 1422 et
1346 1378 1537 1423 octavo
1585 1382 1679 1435 per
1726 1367 2016 1422 indictione

434 1461 618 1526 quinta
667 1460 906 1515 feliciter.
962 1460 1163 1514 Christi
1209 1460 1391 1516 Jesttm
1443 1460 1648 1514 Domini
1676 1460 1841 1514 nostri
1891 1458 2015 1515 Jesu

434 1550 632 1605 Christi
676 1551 888 1605 assidue
916 1566 1015 1606 nos
1052 1552 1302 1605 convenit
1341 1562 1586 1620 precepta
1630 1550 1921 1619 complere,
1960 1558 2018 1605 ut

435 1645 588 1699 cuius
618 1644 949 1714 providentia
982 1659 1134 1699 mens
1164 1653 1343 1697 nostra
1388 1643 1744 1697 adcomedare
1772 1643 2016 1713 dignatus

435 1744 537 1804 est,
575 1736 741 1806 ipsius
784 1737 1075 1792 auxiliante
1104 1737 1355 1804 quoniam
1403 1735 1565 1789 vitam
1610 1745 1930 1805 temporum,
1963 1740 2018 1787 et

2112 547 2197 601 vel
2223 562 2405 602 eorum
2454 550 2738 604 heredibus
2765 551 2891 603 dare
2917 551 3115 605 debeas
3146 566 3241 619 per
3280 553 3482 605 circulo
3523 569 3700 610 anuus

2114 652 2208 707 per
2234 655 2497 709 quemque
2523 655 2645 700 casa
2672 656 2765 694 sua
2792 640 3070 694 luminaria
3103 643 3153 694 in
3183 644 3291 707 ipsa
3321 644 3549 709 ecclesia
3577 661 3692 699 ora

2119 731 2255 785 torio
2285 742 2473 786 nostra
2512 733 2561 786 in
2591 733 2835 787 valliente
2880 733 3142 799 tremis'se,
3174 733 3313 788 olleo
3344 708 3537 789 contra
3566 751 3701 791 auro

2112 817 2182 874 de
2212 821 2307 874 ista
2340 822 2436 875 tris
2476 837 2562 876 res
2593 837 2695 877 una
2723 823 2884 892 quale
2926 820 3192 888 habuerit,
3221 835 3271 878 et
3303 825 3546 877 massarii
3577 828 3701 893 ipsi,

2115 910 2203 978 qui
2255 911 2412 964 modo
2457 921 2602 977 sunt,
2637 926 2730 981 per
2776 912 3010 980 singulas
3059 927 3206 976 case,
3261 913 3343 966 vel
3400 913 3699 969 heredibus

2116 1016 2321 1069 eorum,
2354 1002 2509 1058 faciat
2554 1002 2619 1058 ad
2666 1005 2779 1073 ipsa
2824 1006 3048 1060 ecclesia
3098 1006 3346 1073 angarias
3377 1015 3432 1059 et
3473 1007 3707 1062 edumas

2117 1106 2367 1164 quattuor
2395 1112 2490 1163 per
2520 1110 2713 1165 annos,
2747 1112 2870 1152 nam
2912 1098 3051 1151 nulla
3084 1098 3318 1162 reddito,
3345 1099 3427 1154 vel
3458 1100 3705 1171 angaria,

2119 1199 2291 1255 neque
2336 1188 2418 1240 via
2468 1188 2938 1256 superponendum
2991 1189 3140 1242 nulltt
3198 1189 3359 1243 homo
3410 1191 3601 1257 possit,
3652 1200 3708 1243 et

2120 1276 2337 1344 insuper
2362 1277 2613 1332 dedimus
2638 1280 2836 1334 ividem
2866 1279 2995 1333 silva
3020 1280 3268 1341 donniea,
3299 1284 3384 1348 qui
3407 1282 3707 1349 appellatur

2116 1366 2444 1424 Calamccca.
2478 1368 2617 1424 Idem
2647 1383 2771 1425 case
2792 1370 3097 1425 massaricie
3121 1356 3344 1434 sttn't,‘iu
3371 1372 3559 1440 primis
3579 1388 3703 1427 casa

2117 1458 2395 1529 Godiperti
2425 1460 2475 1515 di
2519 1460 2842 1525 Calamicea,
2871 1476 2990 1516 casa
3024 1462 3216 1516 lslavili
3241 1464 3311 1519 de
3354 1464 3700 1525 Calatnecra,

2119 1562 2242 1604 casa
2286 1549 2592 1604 Gandimari
2633 1550 2701 1605 de
2748 1552 2975 1618 Cil0nia,
3022 1561 3246 1620 excepto
3290 1554 3427 1607 silva
3480 1554 3709 1608 douuica

2119 1639 2189 1694 de
2213 1636 2442 1702 Cilonio,
2469 1654 2592 1694 casa
2622 1638 2867 1709 Crespuli
2899 1640 2967 1696 de
2994 1642 3274 1707 fremiano,
3307 1654 3537 1712 excepto
3559 1652 3709 1698 sorte

2123 1728 2331 1794 fosculi,
2379 1729 2467 1796 qui
2511 1730 2598 1786 fue
2649 1730 2888 1786 barbann
2926 1733 3061 1798 eius,
3101 1735 3239 1803 quod
3272 1736 3428 1788 nobis
3468 1750 3712 1790 reserva-

434 1834 625 1887 mortis
657 1834 855 1887 exitum
898 1832 1158 1888 debemus
1199 1832 1468 1900 obseripta
1509 1832 1832 1902 patefacere,
1860 1842 2017 1902 atque

2128 1834 2263 1876 mus.
2311 1820 2692 1901 Supraseripta
2724 1821 2839 1876 viro
2885 1824 3061 1876 omnia
3108 1823 3336 1893 qualiter
3362 1825 3612 1893 superius
3642 1826 3712 1878 ad

435 1925 649 1979 adversi
673 1924 839 1979 sancti
866 1933 916 1979 et
941 1924 1273 1979 venerabiles
1297 1924 1428 1978 locis
1448 1938 1546 1977 nos
1564 1923 2013 1990 comendandum,

435 2015 506 2069 ibi
547 2013 785 2069 volemus
830 2014 1082 2069 festinare
1129 2013 1215 2068 ubi
1259 2029 1472 2080 semper
1514 2013 1767 2068 debemus
1812 2027 2020 2081 perma-

439 2122 589 2172 nere,
618 2107 707 2161 ubi
735 2106 885 2161 iustis
911 2116 964 2161 et
988 2107 1455 2161 benemerentihus
1479 2105 1597 2159 sine
1626 2105 1729 2159 fine
1749 2106 1800 2159 in
1824 2106 2018 2174 gaudio

435 2211 725 2267 repaosare
770 2197 1042 2263 festinant,
1092 2206 1148 2252 ut
1175 2212 1270 2263 pro
1310 2198 1396 2253 his
1427 2197 1810 2268 temporalibus
1840 2212 2017 2252 rerum

437 2292 593 2347 nobis
652 2292 991 2357 omnipotens
1050 2292 1303 2345 Dominus
1364 2291 1669 2359 centuplum
1738 2290 2019 2346 restituere

437 2384 705 2450 dignetur.
760 2381 912 2437 Unde
958 2384 1118 2437 modo
1142 2398 1240 2452 ego
1267 2382 1566 2437 Guiuifredi
1599 2385 1864 2450 quondam
1911 2384 2018 2437 filio

436 2470 705 2538 quondam
750 2471 1016 2540 Guillipad
1048 2488 1147 2526 una
1196 2487 1315 2527 cum
1348 2474 1681 2527 dilectissimi
1717 2476 1837 2528 filiis
1862 2475 2019 2540 meis,

438 2562 490 2614 id
515 2571 595 2615 est
632 2560 925 2627 Guillerad,
979 2563 1153 2629 Agvafi
1205 2562 1525 2617 unanimiter
1557 2563 1692 2617 bona
1720 2572 1775 2617 et
1818 2564 2020 2633 integra

440 2651 767 2704 \olutttatcm
794 2661 973 2705 nostra
997 2652 1086 2712 de.
1110 2651 1322 2719 damus,
1346 2653 1624 2719 tradimus,
1649 2663 1804 2721 atque
1826 2655 2023 2711 oil'ert'e

437 2740 534 2795 visi
566 2754 750 2795 sumus
778 2755 967 2797 omnes
1006 2755 1112 2809 res,
1142 2743 1281 2811 quod
1332 2744 1659 2800 nominative
1705 2745 2019 2812 dixertntus,

441 2831 510 2885 de
537 2847 624 2885 res
655 2832 935 2900 pecuuiola
959 2842 1160 2900 nostra,
1186 2836 1326 2904 quod
1358 2836 1614 2891 habemus
1635 2838 1701 2892 de
1728 2854 1849 2893 cura
1877 2842 2024 2910 geni-

440 2920 541 2974 tori
564 2922 777 2987 nostris,
812 2924 894 2977 vel
916 2923 982 2979 de
1003 2939 1186 2979 eorum
1217 2925 1537 2993 conquisite,
1560 2928 1808 2983 similiter
1834 2929 1901 2984 de
1927 2946 2025 2985 no-

438 3021 552 3065 stro
575 3011 627 3065 in
663 3013 932 3082 aliquanto
955 3016 1225 3071 offerimus
1246 3015 1297 3070 in
1318 3018 1541 3073 ecclesia
1583 3022 1814 3075 oratorio
1843 3031 2026 3078 nostro

440 3101 582 3157 beati
612 3102 806 3170 Petris,
837 3114 891 3159 et
924 3118 1107 3161 sancte
1152 3106 1337 3175 Marie,
1369 3109 1509 3177 quod
1540 3125 1637 3163 nos
1667 3111 1867 3183 indigni
1897 3128 2023 3181 pec.

439 3195 639 3249 catoris
668 3195 719 3250 in
765 3207 950 3251 neStro
976 3198 1254 3268 privilegio
1284 3214 1312 3251 a
1343 3197 1702 3257 fundamentis
1731 3204 2024 3269 ereximus,

442 3287 638 3342 ibidem
686 3288 980 3356 oﬁ'eritnus,
1031 3288 1082 3343 id
1106 3301 1186 3343 est
1218 3290 1268 3343 itt
1318 3292 1502 3360 primis
1540 3308 1664 3348 ease
1694 3294 2032 3352 habitationis

440 3380 531 3434 ubi
582 3379 904 3446 habitamus,
955 3382 1124 3446 locus,
1173 3384 1263 3451 qui
1309 3385 1604 3453 appellatur
1642 3387 1861 3455 pioute;
1903 3404 2026 3456 una,

443 3486 563 3526 cum
594 3473 898 3528 solamentu
929 3474 996 3529 de
1028 3475 1142 3544 ipse
1170 3491 1314 3544 case,
1350 3492 1445 3532 seo
1474 3490 1645 3541 curte,
1675 3480 1763 3533 ubi
1797 3480 1913 3549 ipse
1940 3495 2032 3535 ec-

445 3562 609 3616 clesia
638 3565 972 3632 superposita
1004 3575 1090 3620 est
1135 3583 1239 3621 una
1267 3583 1389 3622 cum
1436 3580 1555 3624 orto
1583 3570 1722 3624 circa
1749 3570 1863 3639 ipse
1888 3587 2031 3638 case,

444 3666 540 3706 sco
569 3662 623 3708 et
652 3666 803 3722 prato
840 3672 1006 3724 prope
1052 3658 1166 3726 ipse
1194 3674 1319 3715 case
1364 3675 1465 3714 una
1496 3676 1617 3715 eum
1646 3662 1948 3728 arboribus,
1980 3671 2035 3717 et

447 3745 669 3815 insuper
699 3746 895 3800 ibidem
924 3749 1111 3802 damus
1131 3764 1255 3804 casa
1280 3750 1647 3816 habitationis,
1669 3752 1810 3822 quod
1834 3754 2033 3808 habere

445 3837 544 3893 visi
581 3851 785 3905 sumus,
838 3840 1006 3904 locus,
1056 3843 1142 3909 qui
1188 3844 1489 3911 appellatur
1531 3844 1730 3911 casule,
1778 3861 1877 3899 una
1909 3861 2030 3899 cum

445 3929 742 3985 solamento
766 3946 885 3997 suo,
919 3943 1087 3995 curte.
1121 3943 1263 4000 orto,
1293 3936 1467 3999 vinea,
1509 3944 1672 4000 terra,
1719 3936 1907 4006 pratis,
1939 3951 2030 4004 pa-

448 4021 618 4090 senis,
646 4023 873 4089 cultum,
901 4032 952 4077 et
986 4025 1238 4080 itzenltum
1270 4025 1337 4081 de
1360 4026 1614 4094 quidquid
1656 4026 1845 4080 ividem
1876 4028 2034 4081 modo

448 4112 514 4166 ad
549 4122 733 4168 nostra
790 4114 1154 4169 dominatione
1200 4116 1425 4183 pertinet
1456 4116 1507 4171 itt
1562 4117 1845 4184 integrum,
1892 4118 2031 4186 quod

446 4219 667 4261 avemus
693 4204 747 4260 in
773 4209 1137 4277 suprascripto
1181 4209 1321 4275 loco,
1365 4218 1593 4277 excepto
1622 4209 1767 4280 sylva
1797 4209 1910 4275 illa,
1943 4211 2031 4277 qui

448 4301 536 4353 foe
560 4301 627 4359 de
657 4301 766 4368 ipsa
792 4310 993 4364 curtes,
1020 4301 1160 4371 quod
1190 4311 1345 4357 antea
1375 4303 1620 4359 dedimus
1648 4304 1816 4363 sancti
1845 4304 2029 4369 Justis,

447 4400 501 4445 et
552 4392 767 4461 insuper
812 4394 1058 4450 dedimus
1108 4394 1303 4449 ibidem
1352 4408 1473 4450 casa
1524 4394 1868 4451 habitationis
1909 4411 2030 4452 cum

2118 1913 2228 1982 ipsa
2257 1911 2484 1969 ecclesia
2532 1926 2627 1983 per
2676 1928 2774 1969 nos
2822 1912 3023 1980 datum,
3074 1925 3127 1969 et
3173 1916 3548 1969 confirmatum
3579 1928 3709 1980 est;

2115 2005 2233 2076 ipsa
2262 2005 2438 2059 omnia
2466 2004 2729 2071 volemus,
2756 2016 2812 2059 ut
2842 2021 3002 2061 avcas
3034 2008 3148 2076 ipse
3172 2017 3354 2062 sancta
3388 2008 3481 2061 Dei
3510 2008 3713 2061 virtute

2118 2098 2358 2152 oratorio
2389 2107 2596 2163 nostro,
2631 2106 2687 2153 ut
2714 2113 2818 2153 non
2851 2115 2948 2153 nos
2990 2100 3337 2169 suprascripti
3383 2100 3710 2165 Guiuifredi,

2116 2189 2290 2255 Saxu,
2335 2189 2627 2256 Guillerad,
2678 2191 2881 2260 Agrall,
2928 2206 3034 2245 non
3067 2191 3258 2261 aliquis
3288 2193 3357 2248 de
3391 2192 3712 2253 heredibus,

2124 2293 2284 2353 atque
2314 2286 2543 2353 posteris
2574 2286 2770 2341 nostris
2798 2287 3098 2341 nullatenus
3141 2287 3433 2344 habeamus
3462 2289 3713 2343 facundia

2120 2372 2300 2440 alique
2328 2374 2396 2429 de
2425 2372 2499 2428 rls
2543 2376 2656 2444 ipsa
2707 2376 3114 2446 suptraendum,
3168 2394 3338 2449 neque
3380 2379 3445 2433 da
3480 2396 3593 2447 ipsa
3625 2394 3715 2434 ec-

2117 2461 2301 2525 clesia,
2332 2479 2503 2535 neque
2530 2467 2595 2521 da
2628 2467 2829 2523 homini
2870 2468 2966 2534 illi,
2999 2485 3095 2523 nec
3120 2470 3174 2524 in
3224 2472 3572 2536 monasterio,
3618 2472 3707 2524 ubi

2122 2566 2219 2620 per
2264 2569 2361 2610 nos
2409 2559 2765 2613 contraditum
2797 2600 2812 2624 ,
2864 2560 2945 2614 vel
2999 2561 3317 2615 confirmato
3374 2561 3552 2616 fuerit.
3612 2561 3702 2614 Sic

2123 2657 2301 2702 tamen
2350 2647 2600 2713 dicimus,
2648 2660 2808 2720 atque
2848 2652 3205 2721 decernimus,
3256 2655 3381 2708 dum
3433 2654 3597 2708 fuerit
3628 2654 3715 2707 die.

2123 2738 2234 2793 vite
2263 2748 2449 2794 nostre
2475 2750 2711 2795 totorum
2737 2742 2975 2797 omnium
3018 2744 3091 2797 ris
3118 2753 3320 2809 nostra,
3346 2744 3474 2798 dum
3509 2760 3618 2797 uno
3648 2745 3717 2797 de

2128 2830 2283 2883 nobis
2310 2845 2474 2900 super
2519 2832 2769 2897 vixerint,
2819 2831 3079 2889 omniain
3130 2835 3394 2905 integrum
3439 2846 3634 2889 aveant
3665 2836 3717 2888 in

2129 2935 2223 2975 sua
2258 2932 2604 2991 potestatem,
2632 2926 2749 2994 quis
2796 2924 2864 2981 de
2907 2927 3065 2981 nobis
3108 2939 3264 2982 antea
3308 2944 3412 2982 uno
3440 2928 3509 2983 de
3546 2931 3718 2983 altero

2126 3011 2377 3067 defunctn
2404 3014 2585 3079 fuerit,
2619 3024 2745 3070 tunc
2767 3016 2879 3081 ille,
2907 3018 2994 3085 qui
3022 3034 3351 3087 remansere,
3375 3022 3441 3075 de
3469 3022 3719 3088 portione

2129 3102 2396 3159 defunctis
2456 3104 2652 3159 faciant
2715 3107 2968 3161 lemosina
3000 3149 3017 3174 ,
3085 3109 3227 3164 unde
3276 3110 3429 3165 nobis
3488 3121 3717 3165 tutorum

2131 3193 2327 3248 iustum
2355 3195 2673 3264 comparuit,
2706 3207 2761 3251 ttt
2787 3197 2911 3251 dum
2964 3198 3121 3254 fuerit
3149 3200 3234 3254 die
3258 3203 3365 3256 vite
3392 3212 3573 3255 nostre
3598 3217 3720 3255 nso—

2133 3282 2329 3350 fructo,
2362 3284 2413 3339 iu
2447 3295 2626 3339 nostra
2658 3287 2911 3343 abeamus
2961 3300 3281 3358 potestatem
3314 3291 3515 3345 homini
3548 3291 3722 3347 liber-

2135 3377 2379 3442 tandum,
2413 3386 2467 3430 et
2517 3390 2705 3432 omnes
2753 3381 3015 3435 triuseeus
3045 3396 3189 3449 case,
3235 3392 3532 3441 eramvntu.
3566 3382 3716 3435 εἰπε-

2136 3476 2343 3533 meatu,
2386 3469 2714 3525 nutrimento
2759 3471 2912 3525 nobis
2961 3474 3349 3527 reservavintus
3396 3474 3549 3542 eipso
3577 3474 3718 3541 quod

2134 3569 2296 3626 Super
2347 3560 2744 3626 exceptavitntts
2790 3560 3090 3615 faciendum
3140 3562 3367 3631 quodvis
3412 3565 3636 3626 bonum,
3665 3576 3719 3618 et

2136 3645 2237 3702 hoc
2266 3648 2405 3718 qttod
2452 3659 2609 3703 antea
2639 3651 2818 3705 dicere
2865 3652 3181 3719 debuemus,
3228 3653 3295 3708 de
3326 3655 3571 3723 portione
3601 3655 3717 3709 bel-

2135 3740 2299 3808 lisarj,
2335 3741 2384 3795 itt
2423 3744 2535 3811 ipsa
2572 3743 2871 3812 subiaceat,
2902 3745 3038 3799 sicut
3083 3753 3137 3799 et
3176 3744 3263 3798 illa
3312 3755 3492 3801 nostra
3521 3746 3721 3815 portio-

2135 3846 2257 3885 nem
2287 3833 2451 3897 nttde,
2487 3836 2628 3889 inter
2659 3850 2756 3890 nos
2793 3837 3083 3902 conviune,
3114 3834 3235 3906 quia
3284 3836 3505 3891 minime
3529 3838 3720 3892 abente

2134 3924 2249 3987 filii,
2282 3927 2366 3980 vel
2402 3927 2532 3992 lilie,
2570 3939 2663 3982 aut
2711 3938 2954 3996 parente,
3006 3929 3057 3982 itt
3089 3945 3245 3998 quem
3276 3928 3429 3983 nobis
3472 3940 3718 3997 eportutu

2132 4017 2342 4082 cadere,
2375 4030 2465 4072 aut
2493 4033 2654 4074 causa
2685 4030 2864 4075 nostra
2895 4022 3295 4087 commendare,
3327 4023 3425 4075 nisi
3459 4023 3723 4088 volemus,

2135 4121 2190 4165 ut
2236 4121 2355 4180 post
2411 4123 2594 4168 nostro
2643 4114 3072 4183 quandoquidem
3126 4123 3359 4168 tutorum
3413 4114 3562 4169 obito
3611 4124 3718 4168 tam

2133 4202 2247 4271 ipse
2273 4204 2523 4269 ecclesia,
2570 4220 2725 4273 quant
2778 4218 2862 4259 res
2911 4206 3157 4275 pecunia,
3207 4205 3351 4275 quod
3394 4206 3594 4261 ibidem
3624 4224 3720 4275 per

2135 4308 2231 4347 nos
2277 4294 2484 4360 datum,
2543 4295 2625 4350 vel
2674 4296 3047 4351 confirmatum
3093 4308 3198 4363 est,
3252 4306 3309 4350 ut
3351 4298 3621 4351 subiaceat
3669 4301 3724 4351 in

2134 4388 2459 4442 monasterio
2507 4388 2797 4444 beatissimi
2847 4390 3016 4445 sancti
3073 4390 3455 4455 B.trtltulotuei,
3503 4406 3563 4445 se
3605 4397 3724 4459 ipse

448 4482 772 4550 solameuto,
802 4496 975 4551 curte,
1003 4495 1143 4551 orto,
1177 4487 1358 4553 pratis,
1394 4488 1624 4555 pascuis,
1677 4488 1851 4552 silvis,
1882 4487 2022 4543 sale-

2133 4477 2297 4532 abbas
2339 4479 2639 4547 Dominico,
2676 4482 2759 4535 vel
2801 4483 2909 4549 ille,
2962 4483 3049 4552 qui
3099 4500 3194 4552 pos
3226 4485 3341 4551 ipso
3376 4491 3422 4536 itt
3454 4485 3570 4552 ipso
3602 4500 3723 4537 m0—

448 4573 571 4639 ctis,
620 4574 933 4640 sationibus,
983 4576 1210 4643 cultum,
1239 4585 1293 4632 et
1340 4577 1594 4633 incultum
1642 4578 1820 4633 omnia
1853 4579 1904 4632 in
1937 4579 2030 4632 itt-

452 4677 681 4732 tegrum,
733 4666 873 4731 qttod
912 4667 1074 4721 abere
1114 4667 1210 4721 visi
1262 4682 1467 4731 sumus,
1518 4668 1687 4732 locus,
1720 4670 1810 4738 qui
1842 4670 2027 4738 appel-

454 4758 589 4810 lultlr
616 4755 870 4821 ducenta,
920 4766 1145 4825 excepto
1187 4757 1394 4827 cafagio
1438 4758 1529 4811 illo
1577 4759 1629 4812 in
1665 4752 1937 4826 integrum
1968 4760 2032 4813 nd

449 4846 763 4903 eatarattula
809 4847 874 4899 da
929 4848 1137 4914 padu'e,
1181 4848 1321 4916 quod
1371 4848 1524 4903 nobis
1574 4863 1933 4917 reservamus,
1982 4863 2035 4902 et

453 4939 666 5008 insuper
693 4952 837 5002 casa,
866 4937 1008 5005 (ιηοά
1061 4937 1257 4992 habere
1307 4938 1403 4992 visi
1455 4954 1659 5004 sumus,
1711 4939 1850 5005 quod
1884 4941 2036 4996 nobis

450 5032 518 5086 de
545 5029 840 5085 Guillerard
869 5030 1132 5100 gastaldio
1164 5031 1213 5083 itt
1240 5032 1451 5085 catubio
1481 5048 1704 5097 «venue,
1742 5035 1912 5100 locus,
1943 5037 2031 5103 qui

458 5131 683 5177 Vocatur
737 5123 1114 5191 Cinquantula.
1171 5122 1507 5190 adutediaua,
1561 5140 1683 5178 cum
1738 5128 1914 5179 omnia
1970 5128 2037 5181 de

453 5214 713 5285 quidquid
755 5216 823 5268 ad
872 5217 982 5283 ipsa
1025 5229 1146 5268 casa
1195 5222 1436 5281 pertenet
1465 5227 1637 5282 curte,
1689 5227 1828 5281 orto,
1860 5220 2033 5283 vinea,

454 5316 619 5371 terra,
654 5306 843 5375 pratis,
872 5306 1104 5374 pascuis,
1135 5319 1257 5360 eum
1281 5306 1460 5360 omnia
1485 5305 1550 5360 ad
1578 5306 1689 5374 ipsa
1716 5322 1839 5363 casa
1864 5322 2040 5378 pertu-

457 5405 549 5450 uet
579 5395 635 5458 in
666 5396 951 5465 integrum,
976 5396 1171 5451 ibidem
1200 5395 1464 5463 dedimus,
1492 5409 1721 5466 excepto
1745 5414 1848 5452 una
1873 5400 2040 5466 petias

452 5489 519 5543 de
551 5498 715 5554 tersa,
748 5505 851 5557 que
895 5489 1006 5544 fora
1051 5489 1163 5558 ipsa
1184 5489 1432 5544 clausura
1463 5500 1566 5555 est,
1597 5489 1736 5559 quod
1765 5491 1920 5544 nobis
1948 5506 2036 5544 rc-

455 5596 753 5641 Servamus.
784 5582 909 5637 Item
941 5583 1009 5639 de
1035 5594 1160 5650 case
1180 5582 1487 5640 inassaricie
1516 5580 1711 5638 ividem
1736 5580 1948 5651 damus,
1982 5581 2035 5635 in

2135 4570 2369 4623 naslerio
2416 4570 2717 4625 ordinatum
2776 4574 2954 4637 fuerit,
3003 4585 3105 4627 tam
3158 4576 3267 4640 ipsa
3318 4577 3543 4628 ecclesia
3597 4591 3723 4628 cum

2135 4663 2310 4715 omnia
2340 4663 2404 4716 ad
2438 4663 2545 4731 ipsa
2594 4665 2823 4718 ecclesia
2856 4674 3187 4734 pertenente,
3242 4667 3343 4735 ipsi
3374 4684 3489 4717 eam
3521 4667 3726 4719 abeant

2138 4753 2189 4806 in
2219 4768 2312 4808 sua
2344 4764 2657 4823 potestatem
2690 4757 3000 4825 regendum,
3058 4757 3479 4829 gubernandum,
3537 4772 3725 4811 sacer-

2139 4845 2315 4899 dotem
2339 4847 2416 4899 vel
2442 4845 2684 4901 monachi
2715 4847 2907 4901 ividem
2930 4845 3378 4918 congregandum,
3405 4851 3492 4915 qui
3521 4849 3723 4902 ibidem

2141 4936 2432 4990 secundum
2477 4948 2658 4991 sancta
2692 4938 2870 5006 regula
2921 4937 3162 4994 habitare
3190 4952 3244 4994 et
3286 4940 3469 4993 vivere
3500 4938 3722 5008 debeas,

2137 5036 2192 5081 et
2224 5041 2317 5096 pro
2346 5028 2541 5082 nostris
2568 5029 2818 5098 peccatis,
2849 5029 2932 5083 vel
2964 5029 3031 5083 de
3063 5029 3373 5099 parentibus
3411 5030 3611 5082 nostris
3637 5029 3726 5085 die

2142 5129 2408 5189 noctuque
2442 5120 2553 5174 Deo
2580 5120 2871 5188 deprecare
2915 5120 3135 5186 dBVEJS,
3177 5130 3235 5172 ut
3264 5119 3417 5175 nobis
3446 5120 3513 5172 ad
3544 5136 3725 5174 reme-

2141 5210 2250 5279 dio,
2283 5218 2338 5265 et
2360 5210 2529 5266 salute
2554 5212 2733 5265 anime
2764 5222 2944 5267 uostre
2974 5220 3275 5282 perteneat,
3304 5222 3354 5264 et
3383 5212 3501 5280 quis
3532 5211 3623 5265 ille
3650 5211 3721 5265 de

2146 5303 2451 5368 heredibus,
2507 5313 2668 5375 atque
2715 5303 2942 5372 posteris
2993 5304 3189 5378 nostris
3234 5312 3419 5356 contra
3467 5302 3580 5369 ipsa
3628 5317 3723 5356 ec-

2145 5395 2326 5460 clesia,
2358 5398 2442 5451 vel
2473 5395 2591 5465 ejus
2639 5395 2994 5450 deservicntis
3040 5409 3222 5463 agere,
3253 5403 3343 5447 aut
3371 5407 3595 5448 caesare
3635 5403 3728 5447 aut

2146 5488 2343 5556 alquid
2390 5488 2688 5553 subtraere,
2722 5495 2815 5539 aut
2856 5485 3219 5540 controversia
3246 5483 3445 5537 facere
3473 5482 3728 5546 voluerit,

2148 5590 2241 5635 aut
2271 5580 2516 5647 rectoris,
2556 5581 2644 5652 qui
2692 5576 2843 5635 fuere
2913 5588 2967 5634 ct
3015 5576 3317 5649 neglectum
3364 5573 3603 5645 posuerit
3630 5590 3730 5646 pro

1680 5692 2072 5752 VARIANTES
2114 5694 2515 5752 LECTIONES.

454 5820 457 5821 ν
536 5765 549 5794 ³
593 5766 825 5818 ltaritano
857 5778 997 5819 meo.
