4056 6178
380 391 404 444 1
425 390 515 444 ίῦἹ

1479 388 1870 446 ΒιιίΟΜᾹΤᾹ
1911 384 2192 442 ECCLES.
2229 385 2558 442 SELECTA.

3493 399 3624 451 H58

378 515 496 567 nos,
529 499 734 567 orandi,
787 502 838 556 in
893 503 1078 572 primis
1111 505 1162 558 in
1216 505 1292 560 ira
1344 506 1431 561 Dei
1464 517 1516 560 et
1565 508 1728 574 ipsius
1759 510 1940 558 sancte
1968 497 2019 555 A
2047 499 2287 568 prietatc,
2303 501 2614 555 etlibertate
2630 516 2786 556 avere
2804 503 3015 575 deveas,
3034 507 3627 577 l'aciendum,velaven-

376 592 587 646 virtutis
635 593 869 648 incurrat
918 593 1226 663 periculum,
1278 610 1330 652 et
1369 601 1411 651 si
1450 597 1703 652 forsitans
1757 598 1950 666 aliquis

377 681 446 738 de
493 682 798 748 heredibus,
850 694 1007 753 atque
1065 689 1293 754 posteris
1331 687 1526 742 nostris
1581 697 1766 741 contra
1815 687 1953 741 hanc

377 773 638 827 cartulam
693 788 852 842 agere
905 775 1153 843 voluerit,
1211 777 1276 830 ad
1332 777 1396 831 da
1456 779 1570 846 ipso
1629 777 1953 834 monasterio

379 865 549 920 sancti
585 865 936 920 Bartholomei
964 869 1037 922 ris
1063 869 1173 938 ipsa
1202 871 1515 925 subtrahere
1539 873 1781 933 voluerit,
1808 886 1955 924 como

381 958 614 1026 ponituri
647 959 717 1013 sit
744 959 809 1014 ad
839 959 1000 1014 abbas
1039 961 1345 1017 monasterii
1377 963 1546 1016 sancti
1599 961 1955 1018 Bartholomei

382 1049 583 1103 solidos
631 1049 794 1115 mille,
837 1060 891 1104 et
938 1060 1057 1120 post
1093 1051 1215 1105 data
1260 1053 1601 1121 compositio,
1634 1062 1685 1107 et
1734 1067 1863 1120 pena
1888 1052 1956 1105 ab

382 1142 497 1210 ipso
527 1139 722 1205 soluta,
757 1155 973 1208 presens
998 1141 1197 1195 cartula
1231 1141 1281 1195 in
1312 1158 1405 1195 sua
1453 1152 1663 1196 maneat
1700 1141 1956 1195 ﬁrmitate

381 1248 537 1301 quam
568 1247 692 1286 vero
723 1233 921 1286 cartula
969 1230 1303 1288 autfertionis
1353 1233 1418 1286 ad
1467 1246 1568 1288 nos
1610 1233 1743 1287 facta
1795 1232 1960 1288 Lucio

382 1323 622 1377 notarius
650 1322 885 1375 scribere
916 1322 1240 1390 rogavimus.

452 1413 640 1466 Actum
676 1412 895 1466 Pistoria
927 1427 1145 1482 regnum
1176 1422 1230 1466 et
1257 1412 1549 1470 indictione
1595 1415 1960 1485 suprascripta

382 1503 622 1560 feliciter.

455 1596 673 1661 Signum
718 1600 775 1656 >14
805 1608 992 1650 manus
1020 1593 1334 1650 Guioil‘redi.

455 1686 674 1754 Signum
708 1693 765 1748 ὦ
801 1701 988 1741 manus
1017 1688 1234 1743 Saxoni.

459 1778 676 1844 Signum
714 1782 770 1838 >14
807 1792 992 1832 manus
1025 1777 1314 1834 Guillerad.

2051 589 2176 643 dum
2205 590 2456 660 quidquid
2475 630 2490 657 ,
2518 599 2610 646 aut
2640 591 2694 647 in
2726 594 2884 660 quale
2907 595 2988 649 lex
3022 599 3272 664 voluerit,
3301 609 3356 655 ct
3376 603 3626 671 quicquid

2052 695 2146 749 per
2192 682 2292 750 ipsi
2323 681 2520 737 factum
2567 682 2718 740 fuere
2762 687 2906 741 omni
2960 696 3233 756 tempore,
3283 691 3336 743 in
3380 707 3476 746 sua
3506 709 3629 760 per-

2053 782 2268 827 maneat
2287 774 2583 830 stavilitate
2603 791 2670 831 eo
2688 819 2702 843 ,
2739 779 2883 847 quod
2911 795 3009 849 pro
3035 781 3266 850 benigno
3293 785 3514 838 servitio
3538 799 3628 838 eo-

2054 881 2170 920 rum
2189 904 2204 932 ,
2235 883 2339 936 que
2367 883 2493 939 erga
2524 885 2612 925 me
2637 869 2934 941 inpendere
2962 872 3061 927 visi
3099 882 3252 936 sunt,
3285 875 3356 928 ita
3384 890 3567 928 eorum
3599 892 3628 928 a

2057 970 2143 1009 me
2172 955 2350 1009 datum
2383 959 2465 1012 vel
2497 976 2592 1028 pro
2618 963 2900 1017 animabus
2929 964 3035 1019 mei
3061 961 3259 1018 ﬁrmari
3292 965 3517 1033 previdi,
3562 966 3630 1020 de

2055 1060 2233 1101 autem
2264 1047 2366 1101 alia
2417 1065 2503 1103 res
2545 1066 2663 1105 mea
2709 1053 2761 1106 in
2806 1055 3172 1124 suprascripto
3213 1055 3334 1108 loco
3376 1055 3630 1110 Pacciana

2059 1152 2161 1191 una
2191 1151 2310 1191 cum
2340 1142 2707 1209 suprascripto
2743 1143 3106 1210 monasterio,
3148 1145 3231 1199 vel
3264 1159 3350 1200 res
3382 1144 3506 1198 inivi
3539 1144 3631 1198 ﬁr-

2059 1234 2199 1279 mata
2226 1265 2241 1290 ,
2290 1226 2469 1281 omnia
2513 1240 2566 1282 et
2611 1230 2663 1283 in
2690 1231 2937 1286 omnibus
2977 1232 3029 1286 in
3069 1232 3332 1302 integrum
3367 1235 3420 1287 in
3453 1244 3505 1288 te
3524 1234 3633 1303 jam

2060 1312 2201 1368 dicto
2234 1315 2551 1371 Domenicus
2591 1319 2862 1384 quondum
2912 1319 3078 1375 abbas
3127 1323 3388 1375 conﬁrmo
3413 1362 3429 1385 ,
3475 1325 3519 1376 si
3552 1339 3636 1376 me

2062 1407 2404 1474 omnipotens
2452 1409 2706 1464 Dominus
2754 1411 2824 1466 de
2877 1413 3188 1468 inﬁrmitate
3239 1414 3338 1469 ista
3379 1430 3637 1470 ax'voeare

2061 1495 2257 1564 jusseci
2290 1498 2343 1552 in
2391 1500 2569 1554 omnia
2617 1502 2906 1556 secundum
2950 1504 3116 1558 Deum
3144 1505 3518 1572 ordinandum,
3554 1508 3638 1560 vel

2067 1588 2424 1656 peragendum
2451 1605 2545 1657 pro
2570 1591 2852 1646 animabus
2874 1593 3096 1659 nostris,
3124 1594 3208 1649 vel
3239 1594 3307 1648 de
3332 1596 3640 1663 parentibus

2066 1679 2199 1732 meis
2239 1679 2496 1749 quidquid
2541 1681 2737 1736 melius
2783 1693 2876 1736 aut
2921 1685 3213 1738 secundum
3246 1686 3410 1740 Deum
3455 1688 3640 1754 appari

2068 1766 2203 1821 [ueri
2230 1768 2582 1823 ordinandum
2612 1771 3094 1840 elemosinandum,
3129 1783 3181 1827 tu
3201 1816 3214 1839 ,
3247 1776 3324 1828 vel
3352 1777 3440 1844 qui
3473 1791 3566 1843 per
3588 1787 3640 1829 te

456 1867 675 1936 Signum
711 1872 766 1929 ᾖ(
800 1881 985 1920 manus
1015 1868 1188 1937 Agran
1238 1871 1372 1924 hanc
1423 1869 1628 1924 cartula
1658 1869 1768 1925 ﬁeri
1809 1885 1962 1940 roga-
1996 1851 2038 1908 Β
2069 1862 2196 1916 inivi
2229 1863 2388 1918 fuerit
2413 1863 2768 1918 ordinandum
2789 1905 2805 1930 ,
2852 1867 2903 1919 in
2936 1876 3112 1921 vestra
3142 1868 3212 1920 sit
3240 1877 3501 1936 potestate
3533 1877 3638 1921 tant

386 1971 513 2011 vere
540 1969 590 2010 ct
622 1958 856 2026 ipsorum
890 1959 1082 2013 reiecta
1119 1968 1222 2014 est.

354 2049 385 2074 ⁸
465 2049 686 2118 Signum
723 2054 779 2112 >14
819 2063 1006 2105 manus
1037 2051 1237 2106 Lazaro
1264 2051 1377 2106 ﬁlio
1406 2053 1670 2123 quondam
1698 2051 1967 2110 Casintluli

387 2142 559 2196 testis.

459 2233 680 2303 Signum
713 2240 770 2298 ὦ
807 2249 996 2290 manus
1025 2235 1254 2293 Johanni
1284 2237 1392 2294 ﬁlio
1432 2238 1697 2308 quondam
1745 2240 1966 2309 Gregori

386 2338 600 2396 rogatus
631 2328 800 2381 testis.

465 2420 574 2488 Ego
599 2419 832 2474 Anselmi
890 2429 1112 2490 rogatus
1155 2421 1218 2475 ad
1265 2420 1579 2490 Guinil‘redi,
1624 2437 1776 2488 saxo,
1825 2423 1971 2478 Guil-

391 2508 558 2576 lerad,
587 2510 760 2579 Agraﬁ
793 2511 941 2566 testis
973 2525 1048 2565 ss.

464 2601 682 2669 Signum
715 2607 771 2664 ὦ
808 2617 992 2657 manus
1042 2601 1268 2672 Rotpulo
1317 2601 1425 2658 ﬁlio
1469 2602 1734 2671 quondam
1792 2600 1967 2658 Ermi-

393 2691 525 2746 fredi
558 2691 730 2746 testis.

474 2783 588 2853 Ego
623 2789 680 2847 ᾖ
717 2783 1078 2839 Tachimandu
1129 2794 1338 2856 rogatus
1386 2786 1451 2839 ad
1502 2786 1853 2856 Cuinitreddi,
1907 2789 1972 2843 ad

393 2874 558 2940 Saxn,
593 2876 658 2929 ad
685 2875 976 2942 Guillerad,
1010 2879 1184 2947 Agraﬁ
1213 2879 1360 2932 testis
1383 2893 1458 2932 ss.

469 2967 578 3032 Ego
607 2967 696 3034 qui
727 2981 881 3034 supra
932 2967 1094 3020 Lucio
1128 2967 1363 3021 norarius
1410 2983 1450 3020 si
1471 2967 1640 3036 riptor
1673 2966 1828 3021 huius
1857 2982 1976 3023 car-

396 3059 503 3112 tule
540 3068 661 3129 post
689 3074 719 3112 a
765 3060 987 3115 testibus
1034 3061 1302 3128 roborata,
1359 3063 1547 3116 tradita
1593 3063 1882 3132 coinplevi,
1923 3071 1977 3118 et

393 3149 538 3202 dedi.

470 3242 580 3311 Ego
617 3241 935 3298 Gualbertus
984 3244 1250 3310 notarius,
1302 3253 1355 3298 et
1396 3244 1558 3313 judex
1610 3245 1747 3298 sacri
1795 3244 1972 3313 palatii

397 3333 631 3400 scriptor
682 3335 914 3403 qualiter
971 3335 1023 3388 in
1079 3335 1403 3389 autcuticum
1459 3337 1719 3406 setiptum
1776 3335 1972 3400 inveni,

397 3424 622 3479 ﬁdeliter
648 3425 970 3494 exemplavi.

1162 3560 1223 3614 V.

472 3693 780 3760 Exemplar.
822 3693 878 3747 In
903 3695 1120 3749 nomine
1149 3693 1454 3759 Domini,et
1477 3696 1767 3751 Salvator-is
1801 3695 1965 3749 nostri

400 3786 530 3841 Jesu
563 3784 754 3839 Christi
787 3785 870 3840 die
899 3784 1107 3840 decimo
1147 3800 1333 3840 mense
1372 3785 1683 3840 Decemhrio
1714 3796 1970 3853 regnanto

401 3877 600 3931 domno
626 3874 850 3930 Carolus
900 3893 991 3931 rex
1026 3875 1349 3930 Francorum
1389 3887 1440 3930 et
1483 3877 1978 3945 Longobardorum,

402 3987 521 4040 qua
545 3971 597 4025 in
629 3972 774 4025 Italia
817 3970 976 4038 Papia
1016 3970 1230 4024 civitate
1275 3972 1545 4041 ingressus
1574 3979 1652 4024 est
1673 4012 1687 4037 ,
1718 3985 1857 4024 anno
1887 3985 1976 4026 se-

402 4063 617 4126 cundo,
682 4076 777 4130 per
824 4061 1116 4116 indictione
1167 4071 1351 4130 qttarta
1401 4061 1626 4115 decima.
1705 4062 1976 4118 Felicitcr.

404 4153 628 4208 Fermus
660 4154 887 4208 clericus
919 4152 1028 4206 ﬁlio
1057 4153 1326 4221 quondam
1360 4154 1683 4220 Austripert,
1729 4152 1853 4205 dum
1895 4166 1980 4207 me

407 4244 700 4314 previdisse
730 4245 782 4297 in
818 4241 1126 4297 inlirmitate
1165 4247 1391 4313 positum
1416 4287 1429 4309 ,
1476 4259 1626 4299 meus
1657 4260 1768 4298 mei
1799 4243 1864 4298 de
1892 4259 1979 4298 re-

406 4348 488 4392 cta
523 4337 576 4390 in
618 4336 866 4390 omnibus
909 4343 1053 4391 recte
1108 4335 1429 4402 loquendum
1478 4335 1786 4390 manifestus
1838 4349 1981 4401 sum,

405 4444 472 4483 eo
503 4427 643 4495 quod
689 4437 845 4480 antea
892 4425 1001 4495 jam
1049 4427 1230 4495 plures
1261 4434 1472 4495 tempus
1508 4426 1737 4494 judicavi
1763 4467 1776 4487 ,
1809 4435 1862 4481 et
1893 4440 1986 4493 per

1995 3195 2047 3257 (ἶ

2067 1957 2182 2022 ipso
2213 1941 2540 2010 monasterio
2584 1955 2668 2011 vel
2717 1971 2804 2011 res
2846 1956 3024 2010 omnia
3054 1958 3412 2026 suprascripta
3433 1997 3447 2018 ,
3475 1972 3642 2027 quan-

2069 2054 2177 2099 tum
2203 2045 2394 2100 melius
2421 2085 2437 2112 ,
2477 2055 2531 2100 et
2580 2047 2874 2100 secundum
2908 2046 3072 2100 Deum
3125 2048 3494 2117 previderitis,
3546 2063 3644 2115 pro

2069 2136 2349 2190 animabus
2379 2137 2576 2191 nostris
2601 2137 3039 2206 dispensandum,
3074 2138 3155 2192 vel
3186 2138 3230 2191 si
3263 2137 3439 2208 alique
3469 2139 3520 2191 in
3541 2136 3641 2206 ju-

2068 2227 2302 2283 dicatum
2348 2228 2657 2298 reliquero,
2703 2229 2865 2284 simili
2918 2229 3076 2282 modo
3124 2231 3302 2283 omnia
3333 2245 3428 2297 pro
3465 2233 3641 2284 an'una

2069 2334 2187 2373 mea
2218 2319 2498 2382 tribuatur,
2531 2321 2607 2374 sic
2635 2321 2861 2375 tamensi
2897 2320 3057 2374 michi
3099 2322 3436 2388 omnipotens
3466 2320 3645 2375 Dami-

2073 2426 2172 2464 nus
2211 2418 2449 2476 prestare
2477 2412 2662 2464 iusseri
2688 2410 3016 2465 evadendum
3035 2445 3052 2474 ,
3078 2410 3272 2472 omnia,
3307 2419 3358 2463 et
3387 2410 3438 2463 in
3466 2409 3641 2462 omni-

2074 2499 2168 2553 bus
2197 2501 2246 2554 iu
2277 2515 2392 2554 mea
2435 2501 2503 2554 sit
2534 2510 2796 2570 potestate
2825 2502 3086 2554 avendum
3114 2542 3129 2566 ,
3175 2499 3528 2554 ordinandum
3564 2498 3643 2552 fa-

2073 2590 2320 2644 ciendum
2353 2591 2547 2644 exinde
2583 2591 2838 2661 quidquid
2879 2593 3102 2647 voluero
3134 2602 3226 2646 aut
3253 2592 3413 2646 michi
3449 2592 3644 2643 bonum

2075 2683 2224 2737 fuere
2249 2726 2264 2748 ,
2313 2697 2470 2752 quam
2516 2682 2631 2737 iuro
2676 2684 2812 2738 forte
2840 2683 2953 2736 viro
3003 2699 3098 2752 pro
3135 2699 3259 2738 vero
3282 2684 3482 2738 cartula
3512 2683 3649 2736 sicut

2076 2771 2238 2826 michi
2266 2774 2574 2840 complacue
2599 2811 2616 2839 ,
2663 2773 2714 2826 in
2766 2781 2816 2828 te
2847 2772 3108 2843 Gautpert
3147 2775 3387 2829 notarius
3413 2771 3650 2830 scribere

2077 2863 2279 2931 rogavi.

2147 2954 2336 3008 Actum
2376 2953 2598 3010 Pistoria
2649 2965 2775 3023 aput
2809 2955 2927 3025 ipso
2965 2959 3289 3012 monasterio
3327 2974 3570 3028 regnum,
3597 2971 3653 3014 et

2081 3046 2370 3102 indictione
2394 3049 2777 3118 suprascripta.
3494 3047 3502 3056 ’

2152 3136 2371 3206 Signum
2409 3143 2466 3200 PB
2503 3153 2689 3193 manus
2721 3137 2992 3204 Fermoni,
3020 3139 3107 3208 qui
3136 3140 3270 3193 hanc
3297 3141 3498 3194 cartula
3538 3141 3650 3196 ﬁeri

2081 3243 2305 3296 rogave,
2353 3237 2406 3282 et
2457 3238 2672 3298 propter
2713 3228 3024 3285 inﬁrmitate
3069 3246 3163 3285 sua
3210 3233 3439 3289 menime
3488 3244 3650 3301 potue

2080 3320 2336 3374 scribere.

2152 3413 2261 3481 Ego
2291 3411 2570 3481 Gu:lipadu
2606 3411 2869 3482 presbiter
2893 3422 3121 3483 rogatus
3162 3430 3189 3468 a
3233 3413 3424 3470 Fertno
3452 3416 3652 3470 clerico

2083 3503 2230 3555 testis
2263 3516 2338 3555 ss.

2155 3590 2264 3661 Ego
2293 3588 2522 3646 Lazarus
2551 3593 2831 3660 diaconus,
2863 3604 2914 3651 et
2939 3597 3178 3652 notarius
3209 3607 3425 3668 rogatus
3451 3600 3518 3653 ad
3543 3599 3659 3654 Fir-

2086 3697 2201 3736 mus
2230 3682 2453 3738 clericus
2484 3686 2632 3739 testis
2661 3701 2737 3742 ss.

2155 3777 2266 3848 Ego
2294 3778 2506 3833 Gisilari
2538 3791 2753 3849 rogatus
2784 3783 2848 3836 ad
2882 3782 3076 3838 Fermo
3104 3785 3301 3838 clerico
3337 3785 3486 3840 testis
3517 3800 3594 3838 ss.

2157 3869 2266 3939 Ego
2296 3871 2553 3925 Martinus
2595 3873 2862 3942 presbiter
2890 3885 3106 3944 rogatus
3146 3877 3210 3928 ad
3241 3877 3432 3931 Fermo
3462 3878 3661 3931 clerico

2087 3961 2239 4015 testis
2263 3963 2538 4032 suscripsi,
2575 3976 2625 4018 et
2654 3965 2752 4020 hec
2781 3980 3143 4022 rcmemorare
3173 3968 3395 4035 previdi,
3425 3979 3481 4021 ut
3511 3972 3662 4038 quid-

2087 4050 2211 4120 quid
2244 4051 2293 4104 itt
2323 4053 2570 4106 omnibus
2597 4055 2728 4108 meis
2768 4056 2965 4124 aliquid
2997 4055 3150 4121 dedi,
3185 4067 3272 4108 aut
3301 4058 3507 4126 largiri,
3539 4073 3661 4125 per.

2088 4145 2277 4212 scripsi
2312 4153 2368 4199 ut
2395 4146 2572 4198 omnia
2603 4149 2653 4199 in
2683 4163 2775 4200 sua
2802 4159 3148 4214 permaneant
3178 4149 3483 4203 staxilitate.

2163 4237 2271 4302 Ego
2300 4236 2386 4306 qui
2434 4251 2592 4304 supra
2643 4237 2899 4301 Gautpert
2946 4238 3174 4304 scriptor
3225 4239 3378 4290 huius
3419 4237 3663 4298 cartul.e,

2093 4338 2211 4398 post
2240 4343 2271 4381 a
2300 4329 2524 4381 testibus
2556 4337 2798 4382 rovoiate
2827 4327 3020 4380 tradita
3048 4328 3312 4396 complevi
3339 4338 3389 4382 et
3420 4327 3562 4381 dedi.

2167 4421 2275 4489 Ego
2307 4417 2624 4473 Gualbertus
2673 4417 2953 4485 notarius,
3001 4427 3056 4474 et
3090 4418 3254 4488 judex
3305 4420 3441 4472 sacri
3492 4419 3667 4486 palatii

407 4517 593 4585 scripti
640 4516 951 4570 conﬁrmavi
994 4517 1045 4571 itt
1089 4526 1141 4571 te
1188 4515 1494 4571 Dominicus
1523 4518 1791 4586 quondam
1819 4515 1984 4571 abbas
2018 4535 2067 4594 ι)
2097 4517 2345 4584 scriptor,
2379 4517 2706 4570 antenticum
2761 4515 2890 4569 illud
2945 4517 3071 4580 vidi,
3116 4526 3168 4570 et
3225 4517 3325 4585 legi
3379 4517 3518 4569 unde
3569 4518 3668 4569 hoc

409 4609 716 4663 monasterii
741 4609 880 4662 beati
905 4608 1074 4662 sancti
1104 4607 1464 4662 Bartholomei
1490 4607 1832 4672 monasterio,
1857 4621 1989 4676 quas

410 4703 548 4772 bone
575 4702 831 4755 memorie
864 4701 1160 4769 Austripert
1191 4701 1399 4770 genitor
1426 4714 1576 4755 meus
1608 4703 1658 4754 ln
1691 4699 1801 4755 suis
1827 4701 1990 4770 privi-

412 4792 536 4862 legii
563 4794 782 4847 nomine
829 4792 1098 4848 dedicavit
1141 4791 1283 4848 foras
1330 4807 1482 4848 muro
1530 4793 1759 4850 civitatis
1791 4802 1989 4850 nostra:

413 4885 766 4946 Pistoriense,
813 4884 897 4939 vel
938 4899 1024 4938 res
1066 4884 1194 4939 inivi
1239 4886 1442 4939 ﬁrmata
1470 4893 1552 4940 set
1582 4885 1801 4940 minime
1833 4894 1990 4954 poteo

415 4973 645 5031 cartulas
672 4973 815 5044 ipsas
846 4974 1064 5044 iungere
1089 4975 1200 5030 ﬁeri
1225 4976 1277 5030 in
1303 4987 1352 5030 te
1375 4976 1482 5045 jam
1515 4976 1656 5032 dicto
1683 4975 1869 5041 abbas,
1896 4991 1992 5045 per

426 5067 556 5124 hanc
596 5067 855 5122 cartulam
898 5068 1160 5121 conﬁrmo
1207 5068 1322 5137 ipso
1368 5069 1715 5136 monasterio,
1760 5068 1848 5138 qui
1897 5083 1991 5136 per

417 5163 534 5227 ipso
560 5163 802 5230 genitore
833 5175 952 5215 meo
979 5160 1075 5214 luit
1104 5159 1675 5227 constructum,adque
1706 5164 1758 5215 in
1789 5160 1994 5216 honore

418 5251 630 5307 Domini
645 5262 698 5308 et
723 5252 890 5306 sancti
916 5242 1054 5305 beati
1084 5250 1388 5320 archangeli
1407 5249 1648 5304 Michaeli
1665 5249 1990 5317 dedicatum,

417 5343 500 5397 vel
528 5357 715 5397 omnes
739 5356 824 5396 res
845 5343 968 5397 inivi
998 5344 1205 5397 ﬁrmata
1229 5357 1331 5395 una
1359 5356 1477 5395 cum
1507 5357 1665 5397 omne
1692 5343 1848 5396 rebus
1874 5382 1890 5408 ,
1941 5352 1996 5397 et

420 5436 696 5505 pecuniola
719 5451 858 5503 mea,
890 5436 1138 5506 quidquid
1163 5435 1214 5489 in
1237 5436 1340 5490 ﬁne
1365 5435 1622 5490 Pacciatta
1655 5450 1815 5491 avere
1853 5437 1994 5491 visus

417 5545 535 5582 sum
565 5536 668 5582 tam
695 5528 762 5583 de
785 5528 1101 5597 conquisita,
1121 5527 1564 5594 velondecunque
1585 5527 1709 5579 inivi
1736 5540 1894 5580 avere
1921 5527 1996 5579 vi-

420 5622 551 5675 deor
575 5622 752 5675 omnia
779 5635 879 5674 una
902 5636 1019 5675 cum
1044 5621 1160 5689 ipso
1183 5620 1527 5685 monasterio,
1543 5619 1623 5674 vel
1649 5636 1732 5674 res
1757 5619 1997 5688 imperti-

424 5720 601 5774 nentc,
631 5721 856 5778 excepto
885 5725 1036 5774 casa,
1084 5719 1138 5764 et
1178 5709 1419 5804 portio.ne
1449 5710 1588 5779 quod
1618 5710 1912 5764 Landuloui
1944 5719 1998 5765 et

429 5801 603 5869 Vitali,
632 5803 771 5874 quod
799 5803 1143 5874 Gumpertulo
1165 5813 1216 5860 et
1238 5801 1443 5873 iaculo,
1472 5804 1647 5861 omnia
1682 5805 1731 5860 in
1760 5820 1851 5862 sua
1877 5821 1999 5874 pro-

2097 4607 2369 4676 exemplar
2417 4608 2775 4674 exemplatnm
2810 4617 2931 4673 est,
2978 4617 3032 4661 et
3071 4607 3211 4677 quod
3257 4606 3384 4662 inibi
3414 4607 3665 4676 scriptum

2095 4700 2296 4770 inveni,
2330 4701 2554 4755 ﬁdeliter
2581 4700 2904 4769 exetnplavi.

2843 4809 2925 4864 VI.

2165 4883 2470 4953 Exemplar.
2513 4881 2567 4936 in
2599 4882 2817 4936 nomine
2860 4880 3066 4935 Domini
3111 4880 3198 4936 die
3227 4881 3440 4936 decimo
3483 4895 3670 4933 mense

2096 4975 2238 5030 Julio
2270 4981 2527 5044 regnante
2560 4974 2775 5027 domino
2803 4974 2997 5028 Carulo
3036 4984 3314 5041 postquam
3357 4971 3512 5038 Papia
3543 4971 3672 5024 civi—

2098 5075 2205 5121 tale
2231 5065 2506 5135 ingressus
2545 5075 2626 5117 est
2669 5073 2822 5118 sexto
2871 5079 2966 5132 pro
3014 5063 3301 5118 indictione
3329 5061 3565 5115 secunda
3596 5062 3674 5115 fc-

2095 5156 2268 5211 liciter
2289 5156 2491 5209 Auluns
2521 5155 2786 5222 quondam
2816 5154 2926 5207 ﬁlio
2955 5150 3222 5222 quondam
3263 5151 3472 5203 Donuti.
3539 5151 3671 5202 llum

2099 5262 2165 5303 ex
2193 5247 2433 5316 iussione
2467 5245 2634 5315 ipsius
2688 5245 2939 5314 principis
2983 5240 3374 5308 predestinatus
3417 5255 3592 5294 essem
3625 5242 3675 5291 in

2100 5337 2337 5407 partibus
2386 5337 2494 5391 illis
2531 5335 2905 5391 ambulandum
2932 5374 2948 5400 ,
3000 5332 3205 5402 previdi
3235 5333 3302 5386 de
3332 5332 3491 5386 rebus
3541 5335 3676 5386 meis

2095 5429 2335 5499 judicare
2359 5439 2417 5484 ut
2455 5430 2500 5484 si
2545 5443 2630 5483 me
2664 5427 2916 5481 Dominus
2954 5424 3008 5478 in
3043 5425 3185 5478 hunc
3228 5425 3386 5478 itiner
3416 5424 3675 5477 advocare

2099 5523 2345 5590 dignatus
2367 5520 2537 5584 fuere,
2567 5516 2813 5588 quatinus
2837 5515 3144 5570 Dominicus
3170 5513 3336 5567 abbas
3360 5512 3674 5568 monasterii

2101 5612 2268 5668 sancti
2297 5608 2648 5665 Bartholomei
2703 5605 2932 5660 vendere
2961 5605 3126 5661 devca
3165 5621 3352 5661 onnies
3387 5621 3473 5659 res
3503 5605 3678 5670 portio

2104 5721 2220 5760 mea
2251 5704 2302 5757 in
2331 5704 2628 5770 integrum,
2674 5708 2728 5754 ct
2774 5699 2951 5753 omnia
3003 5714 3098 5767 pro
3140 5701 3314 5753 anima
3348 5717 3463 5753 mea
3489 5700 3538 5752 in
3568 5697 3678 5752 cle-

2106 5800 2308 5856 mosina
2358 5810 2645 5865 pauperum
2690 5793 2755 5849 ad
2795 5795 2941 5850 iuxta
2973 5792 3255 5849 Dominum
3291 5795 3476 5850 melius
3506 5795 3671 5865 ptCtl~
