4056 6178
408 366 543 424 “'59

1604 334 2218 398 LANCOBARDORUM
2264 336 2503 394 llEGUM

3528 338 3673 394 HM)

406 486 535 539 dere
564 479 825 535 tribuatur
851 477 1078 539 excepto
1105 466 1359 533 auliveto,
1392 463 1454 518 ad
1487 460 1627 532 quod
1654 472 1814 512 avere
1838 457 1981 509 visus
2013 461 2053 511 Α
2084 452 2312 520 apostoli
2354 454 2561 509 Domini
2592 455 2763 509 nostri
2792 454 2920 511 Jesu
2946 455 3145 510 Christi
3177 454 3229 508 in
3254 454 3423 519 locus,
3455 454 3543 523 qui
3572 455 3671 507 di—

407 588 526 628 sum
554 571 618 623 ad
661 566 955 623 Orbiniano
978 603 993 628 ,
1041 558 1181 630 quod
1213 557 1357 620 volo,
1388 560 1447 607 ut
1469 557 1624 604 aveat
1653 543 1980 601 monasterio

407 663 575 718 sancti
619 653 979 714 Bartholomei
1006 694 1021 718 ,
1064 662 1116 707 et
1157 649 1225 703 de
1256 657 1394 702 terra
1422 645 1610 705 vinea,
1650 637 1790 709 quod
1824 648 1981 689 avere

407 755 581 807 vissus
618 764 737 803 sum
787 748 838 800 in
885 744 1043 805 loco,
1080 740 1180 808 qui
1229 737 1425 791 dicitur
1471 730 1761 801 petianese,
1809 736 1862 779 et
1914 723 1980 776 ad

406 854 590 898 uncto
616 842 768 896 Justo
788 834 964 892 omnia
988 832 1127 886 quod
1149 830 1213 883 ad
1245 829 1355 897 ipsa
1385 838 1507 879 casa
1534 831 1815 891 pertenere
1835 815 1979 880 volo,

409 948 464 993 at
510 942 665 990 aveat
709 916 983 998 Lucida'pt
1028 928 1116 980 die
1162 923 1268 976 vite
1313 932 1443 982 sue,
1502 917 1549 969 si
1590 912 1781 968 marito
1821 917 1980 977 nupta

407 1042 514 1086 ,ιυιι
527 1008 714 1088 fuerit,
745 1025 810 1077 ad
840 1016 1258 1078 nsulrnendum,
1310 1020 1365 1065 et
1399 1017 1521 1078 post
1553 1006 1835 1059 decessum
1866 1000 1982 1066 ejus

407 1119 585 1174 omnia
630 1117 698 1169 sit
728 1114 779 1167 in
811 1118 1073 1180 potestate
1099 1102 1266 1174 ipsius
1297 1099 1507 1161 abbati,
1549 1098 1631 1150 vel
1666 1094 1834 1162 ipsius
1863 1105 1982 1144 suc-

406 1207 710 1266 cessoribus
744 1204 809 1257 ad
848 1196 1172 1268 implendum
1192 1232 1209 1260 ,
1240 1200 1292 1247 et
1321 1186 1624 1244 faciendum
1660 1186 1795 1239 sicut
1822 1196 1980 1248 supra

406 1300 765 1356 decrevimus.
824 1293 881 1348 Si
932 1288 1127 1343 marito
1164 1292 1327 1351 nupta
1378 1280 1545 1341 fuere,
1596 1275 1738 1329 nulla
1786 1272 1983 1327 exinde

407 1408 565 1447 avere
587 1392 818 1451 deveas,
866 1382 994 1437 utsi
1028 1378 1154 1433 mihi
1197 1374 1533 1440 omnipotens
1573 1368 1831 1423 Dominus
1872 1366 1981 1419 vita

407 1497 750 1545 concessere,
785 1489 837 1533 et
864 1478 927 1529 ad
957 1473 1171 1545 propria
1204 1483 1318 1523 mea
1350 1478 1627 1536 regressus
1659 1463 1835 1525 fuere,
1866 1474 1986 1515 om-

411 1577 496 1630 nia
527 1576 597 1627 sit
624 1575 676 1626 in
707 1584 820 1625 mea
853 1568 923 1622 sit
959 1572 1218 1634 potestate
1245 1561 1297 1614 in
1333 1568 1487 1611 antea
1516 1554 1811 1616 avendum,
1845 1550 1984 1606 iudi-

407 1669 633 1720 candum
660 1701 676 1725 ,
722 1655 1021 1714 faciendum
1042 1696 1057 1718 ,
1111 1650 1251 1721 quod
1301 1660 1393 1702 aut
1430 1646 1656 1717 qualiter
1685 1642 1846 1697 michi
1875 1642 1985 1709 pla-

406 1771 607 1818 cuere,
655 1761 710 1807 et
747 1751 792 1805 si
842 1750 982 1802 lilins
1026 1743 1317 1813 Iegittimus
1361 1739 1427 1793 de
1472 1737 1707 1806 legitima
1752 1733 1983 1789 muliere

410 1856 631 1915 abin-ro,
665 1849 781 1917 ipse
809 1843 967 1898 michi
991 1840 1045 1893 in
1076 1836 1320 1892 omnibus
1345 1832 1568 1887 heredes
1591 1829 1760 1884 exista
1785 1869 1801 1891 ,
1844 1836 1896 1881 et
1935 1826 1982 1879 si
2022 1801 2061 1859 Β

419 1946 523 1997 tilia
557 1940 792 2009 legitima
817 1943 907 1988 aut
930 1932 1069 1985 filius
1098 1943 1204 1983 non
1231 1925 1487 1988 habuero,
1513 1921 1710 1985 omnia,
1734 1918 1873 1972 sicut
1897 1931 1986 2009 su-

411 2050 503 2104 pra
532 2008 782 2092 decrevi,
834 2024 1205 2091 adimp'catur,
1247 2025 1301 2072 et
1327 2015 1371 2069 si
1400 2015 1554 2067 aliter
1592 2011 1905 2087 indicavero
1931 2008 1985 2061 in

414 2101 478 2181 eo
502 2124 661 2177 modo
689 2131 972 2190 perinanea
992 2155 1007 2180 ,
1036 2123 1084 2165 et
1112 2114 1155 2166 si
1181 2110 1431 2165 forsitans
1463 2120 1547 2160 me
1584 2118 1726 2157 mors
1763 2101 1840 2156 sic
1866 2114 1984 2171 pre-

416 2227 785 2283 orrupavere,
831 2207 970 2278 quod
1018 2204 1171 2258 aliter
1213 2216 1242 2255 a
1291 2215 1376 2254 me
1420 2198 1707 2253 indicatum
1761 2209 1863 2248 non
1896 2195 1985 2259 sit,

416 2306 594 2359 omnia
622 2300 851 2372 qualiter
882 2297 1124 2365 superius
1152 2290 1403 2354 decrevi,
1444 2297 1497 2343 et
1527 2303 1620 2355 per
1653 2286 1787 2338 hanc
1812 2291 1989 2338 cartn-

419 2398 522 2451 lam
561 2392 780 2464 jndieati
830 2390 935 2442 mei
977 2383 1189 2440 decrevi
1221 2385 1272 2437 in
1310 2395 1377 2437 eo
1415 2379 1575 2434 modo
1604 2375 1985 2443 adimpleatur,

420 2486 713 2542 stabilitum
761 2486 1067 2551 permaneat
1091 2514 1107 2539 ,
1157 2486 1210 2530 et
1241 2475 1283 2528 si
1318 2481 1373 2527 ut
1415 2470 1523 2524 dixi
1576 2469 1626 2521 in
1661 2468 1800 2520 hunc
1831 2464 1989 2520 itiner

420 2587 663 2634 mortuus
693 2574 866 2635 fuero,
910 2583 1095 2623 omnes
1140 2565 1312 2627 servi,
1357 2562 1440 2616 vel
1478 2558 1716 2613 ancellas
1749 2571 1892 2609 meas
1922 2555 1987 2607 li-

418 2680 625 2725 vertare
652 2666 861 2726 deveat,
894 2663 935 2714 si
967 2667 1022 2712 ut
1052 2657 1159 2711 dixi
1194 2667 1466 2721 regressus
1499 2649 1650 2705 fuero
1681 2649 1731 2701 in
1760 2662 1875 2701 mea
1920 2646 1990 2701 sit

419 2768 709 2829 poteslale.
772 2753 923 2810 Unde
971 2752 1196 2820 qmlitcr
1237 2745 1399 2800 michi
1450 2742 1805 2810 complacne,
1856 2740 1991 2793 hanc

421 2854 675 2911 cartulant
720 2846 947 2905 Judirati
990 2843 1091 2898 mei
1138 2838 1392 2895 Avundus
1437 2838 1699 2891 diaconus
1750 2834 1991 2887 scrivere

421 2945 623 3015 rogavi.
670 2942 856 2996 Datum
904 2932 1125 2990 l'istoria
1173 2944 1435 2999 regnum,
1486 2935 1541 2979 et
1590 2922 1874 2977 indictione
1904 2936 1991 2975 su-

423 3052 592 3109 pra~ci
609 3037 733 3104 ipta.

494 3132 714 3199 S'guunt
763 3136 953 3179 manus
996 3118 1239 3182 Aufuno,
1291 3114 1381 3184 qui
1424 3111 1559 3166 hanc
1587 3110 1843 3165 cartulam
1878 3108 1986 3162 fieri
2017 3155 2065 3217 ο

425 3234 643 3275 rosave.

777 3318 966 3361 manus
1010 3298 1245 3357 Gualfuli
1306 3297 1414 3351 filio
1454 3294 1719 3365 quondam
1759 3291 1991 3347 Fabelmi

428 3417 641 3473 rogatus
670 3401 846 3454 testis.
1706 3456 1718 3470 '

495 3498 714 3564 Signum
769 3484 982 3545 Gisilari
1050 3484 1162 3539 lilio
1213 3484 1482 3553 quondam
1542 3479 1726 3536 Gisoni
1781 3487 1996 3548 rogatus

429 3587 599 3640 testis.

498 3680 717 3748 Signum
767 3688 954 3729 manus
993 3670 1295 3739 Rachiperti
1351 3668 1460 3723 lilio
1497 3666 1761 3736 quondam
1810 3664 1996 3721 Padari

431 3780 645 3841 rogatus
676 3768 848 3821 testis.

508 3865 618 3933 Ego
649 3860 896 3917 Sclviuus
927 3862 1140 3925 rogatus
1170 3854 1232 3905 ad
1266 3851 1451 3906 anfusn
1488 3850 1640 3906 testis
1681 3849 1995 3919 subscripsi.

502 3954 721 4022 S'gutun
754 3961 941 4002 manus
967 3945 1204 4013 Gregorii
1236 3941 1445 3997 Ciavari
1476 3952 1687 4011 rogatus
1719 3942 1891 3996 testis.

508 4045 618 4112 ligo
644 4041 732 4109 qui
762 4053 922 4104 supra
951 4036 1203 4090 Avondus
1234 4033 1421 4103 scripsi
1453 4032 1741 4102 complevi,
1772 4043 1825 4087 et
1855 4031 1998 4086 dedi.

506 4135 613 4201 ligo
646 4128 962 4183 Gualbertus
1011 4125 1248 4177 notarius
1273 4162 1287 4183 ,
1329 4130 1385 4174 et
1424 4120 1585 4187 iudex
1634 4121 1772 4174 sacri
1820 4119 2000 4187 palatii

434 4228 693 4293 scriptor,
740 4220 1065 4274 autcnlicunt
1122 4215 1249 4269 illud
1302 4213 1406 4266 vidi
1463 4224 1516 4266 et
1570 4213 1669 4280 legi
1712 4214 1854 4266 unde
1903 4213 2003 4265 hoc

433 4315 707 4383 exemplar
755 4311 1115 4375 exeinplatum
1166 4314 1268 4372 est,
1314 4312 1369 4358 et
1413 4302 1553 4373 quod
1584 4301 1708 4356 inibi
1742 4304 2000 4371 scriptum

435 4406 610 4461 iuveni
643 4402 866 4456 lideliter
899 4396 1222 4465 esetuplavi.

1160 4487 1264 4540 Vll.

504 4589 561 4641 ln
593 4585 805 4638 nomine
832 4581 1038 4635 Domini
1068 4592 1119 4633 et
1147 4576 1439 4633 Salvatoris
1469 4576 1635 4631 nostri
1659 4576 1783 4633 Jesn
1806 4576 2002 4631 Christi

434 4684 622 4750 quinto
650 4677 765 4730 Kal.
819 4676 1015 4742 Magius
1049 4681 1301 4740 regnante
1334 4670 1561 4724 dominis
1606 4669 1799 4723 nostris
1838 4668 2003 4722 Carn-

437 4780 508 4838 lo,
533 4786 583 4829 et
616 4770 841 4839 Pippino
871 4767 976 4818 liti.»
998 4766 1113 4818 eius
1143 4762 1353 4831 regibus
1385 4760 1748 4824 Francorum,
1781 4769 1836 4812 et
1866 4758 2003 4813 Lon-

434 4865 830 4937 gobardormn,
891 4858 991 4911 hac
1041 4856 1263 4923 patricio
1312 4855 1673 4908 Romanorum
1728 4853 1786 4906 in
1832 4852 2001 4918 italia,

435 4956 575 5025 quod
627 4954 678 5008 in
728 4949 888 5018 Papia
931 4948 1143 4999 civitate
1184 4945 1457 5014 ingressus
1488 4954 1588 5009 est,
1614 4959 1755 4996 anno
1786 4954 2001 5008 octavo,

436 5056 493 5101 et
521 5043 758 5100 secundo
782 5055 877 5111 per
903 5036 1191 5092 indictione
1220 5034 1401 5103 quinta
1446 5034 1687 5087 feliciter.
1738 5033 2005 5101 Teuperto

437 5148 492 5194 et
516 5137 877 5192 Teuderamus
904 5173 916 5186 .
943 5168 961 5185 .
987 5169 1001 5185 .
1028 5169 1043 5183 .
1093 5127 1269 5183 clerici
1314 5127 1510 5181 Barhas
1538 5168 1551 5191 ,
1597 5136 1650 5180 et
1698 5140 1864 5194 nepos
1911 5124 2004 5180 filii

439 5228 703 5300 quondam
728 5223 991 5287 Blancari,
1016 5230 1070 5274 et
1096 5218 1460 5281 Teuderadus,
1490 5219 1579 5287 qui
1605 5218 1699 5270 fuit
1722 5218 2004 5286 presbiter,

443 5318 707 5379 manifesti
736 5330 950 5379 sumus,
992 5327 1057 5368 eo
1089 5312 1227 5382 quod
1265 5320 1388 5364 ante
1428 5309 1523 5362 hos
1556 5309 1809 5378 plurimos
1837 5326 2006 5367 annos

442 5426 543 5481 ego
587 5408 856 5473 Teuperto
905 5420 1007 5457 una
1049 5420 1169 5457 cum
1213 5401 1322 5472 jam
1372 5399 1513 5455 dicto
1557 5399 2004 5470 Tcuderado,qui

439 5505 537 5558 fuit
560 5500 844 5573 presbiter,
873 5508 924 5551 et
945 5510 1198 5566 germano
1224 5510 1345 5548 meo
1390 5494 1441 5547 iu
1487 5492 1681 5547 nostris
1716 5493 2006 5562 privilegiis

444 5596 660 5650 nomine
688 5608 716 5646 a
748 5588 1107 5645 fundamentis
1129 5598 1461 5650 construere,
1489 5602 1644 5654 quam
1677 5596 1731 5639 et
1760 5584 2007 5640 dedicare

445 5684 763 5753 previdimus
793 5682 1020 5736 ecclesia
1068 5677 1303 5733 oratorio
1336 5679 1385 5729 in
1416 5691 1634 5730 onorem
1666 5676 1819 5731 beate
1865 5690 2003 5730 sein-

446 5790 642 5844 perque
685 5772 903 5842 virginis
934 5772 1030 5830 Dei
1060 5770 1332 5841 genitricis
1374 5768 1557 5836 Marie,
1602 5779 1652 5825 et
1699 5770 1835 5825 beati
1868 5768 2002 5827 l‘cu'i

2085 546 2222 599 citur
2249 544 2429 610 Croci,
2462 556 2514 601 et
2544 545 2705 601 rebus
2736 547 2929 601 uestris
2960 547 3082 602 inivi
3124 564 3217 615 per
3246 548 3429 617 scripti
3462 552 3669 603 conﬁr-

2085 642 2348 693 mavimus
2392 640 2552 694 modo
2588 641 2806 709 quidem
2854 657 2952 696 nos
2998 639 3100 695 iam
3143 642 3269 697 dicti
3313 643 3588 711 'I‘euperto
3611 655 3667 697 et

2083 730 2449 789 Deuderemus
2502 749 2605 788 una
2650 750 2769 788 cum
2813 737 3083 788 communi
3133 735 3359 788 consilio
3388 739 3658 806 eligimus,

2083 834 2137 878 et
2164 826 2482 880 confirmare
2527 827 2855 895 previdimus
2904 829 2956 883 in
2997 829 3112 901 ipso
3140 840 3324 884 saneto
3360 843 3414 884 et
3441 847 3659 887 venera-

2086 915 2191 969 vile
2247 916 2364 971 loco
2416 917 2497 970 vel
2548 916 2709 971 rebus
2762 918 2888 971 inivi
2939 919 3295 976 servientibus
3354 922 3669 978 Dominicns

2085 1007 2352 1077 quondam
2379 1007 2543 1062 abbas
2572 1010 2889 1064 monasterii
2913 1010 3051 1065 beati
3084 1013 3256 1066 sancti
3278 1012 3670 1076 Bartholomei,

2087 1098 2171 1152 vel
2204 1099 2255 1153 in
2286 1100 2694 1155 successoribus
2736 1104 2847 1154 suis
2892 1103 3121 1170 qualiter
3158 1105 3473 1158 subteranos
3505 1106 3672 1159 fuerit

2087 1191 2426 1256 institutum,
2479 1191 2604 1245 dum
2652 1193 2716 1244 ad
2764 1193 2941 1246 vivere
2987 1196 3339 1249 meruerimus
3385 1195 3563 1249 omnia
3614 1196 3666 1248 in

2089 1291 2268 1338 nostra
2298 1284 2366 1336 sit
2395 1290 2658 1351 potestate
2687 1283 3002 1351 regendum,
3031 1299 3133 1337 usu
3161 1284 3331 1337 fructu
3358 1286 3666 1345 vivendum,

2086 1375 2295 1438 serbus,
2345 1375 2427 1428 vel
2474 1374 2697 1429 ancillas
2746 1384 2992 1440 nostras,
3047 1376 3131 1430 vel
3159 1392 3317 1430 omne
3350 1389 3671 1444 parlcttcute

2088 1476 2299 1520 nostras
2346 1482 2441 1533 pro
2486 1467 2661 1520 anima
2708 1476 2887 1522 nostra
2933 1468 3101 1523 livere
3141 1470 3552 1535 apsolveudnm,
3586 1472 3672 1524 vel

2088 1571 2246 1611 omne
2272 1557 2464 1612 movile
2494 1572 2579 1612 res
2604 1573 2699 1626 pro
2721 1559 2896 1612 anima
2930 1567 3110 1613 nostra
3136 1558 3371 1613 dandum
3417 1572 3537 1629 post
3574 1562 3675 1615 bo—

2092 1649 2199 1702 vito
2241 1648 2455 1715 quidem
2503 1658 2704 1717 quanto
2731 1657 2919 1705 nostro
2946 1650 3169 1704 decessu
3198 1652 3525 1706 Monasterio
3564 1668 3675 1707 una

2091 1753 2209 1792 eum
2241 1739 2347 1793 alia
2376 1741 2553 1793 omnia
2582 1730 2774 1802 rebus,
2810 1749 2987 1795 nostra
3009 1740 3154 1795 sitin
3183 1750 3475 1811 potestate,
3503 1754 3558 1797 et
3582 1758 3677 1796 0'-

2088 1833 2359 1887 dinatione
2390 1842 2475 1886 tua
2508 1833 2609 1888 iam
2639 1834 2811 1888 dictus
2854 1835 3179 1889 Domenicus
3222 1834 3421 1899 abbas,
3470 1836 3554 1889 vel
3602 1836 3679 1890 de

2088 1922 2497 1979 subcessoribus
2528 1926 2630 1979 tuis
2659 1936 2975 1980 comanente
3018 1926 3093 1980 ad
3117 1926 3341 1980 ecclesia
3373 1927 3515 1982 beati
3546 1918 3696 1981 san?

2088 2014 2159 2068 eti
2212 2012 2574 2068 Barlbolotnei
2622 2014 2916 2069 secandum
2968 2015 3133 2070 Deum
3187 2019 3527 2083 monachus,
3579 2029 3681 2072 aut

2093 2121 2349 2162 rnonacas
2393 2106 2747 2162 ordinandum
2778 2108 3078 2177 regulario,
3130 2109 3319 2162 or.liue
3348 2123 3677 2177 permanen-

2092 2200 2216 2253 dum
2267 2200 2558 2268 regendum
2587 2240 2602 2265 ,
2653 2199 3150 2256 helemosinaudum
3192 2218 3287 2270 pro
3318 2207 3552 2271 peccatis
3579 2221 3680 2259 no-

2090 2289 2237 2353 stris,
2284 2288 2367 2343 vel
2405 2288 2473 2343 de
2504 2288 2814 2358 parentibus
2855 2291 3057 2345 nostris
3085 2292 3347 2346 defunctis
3381 2293 3547 2347 Deum
3577 2295 3671 2349 de-

2093 2382 2442 2449 precandum,
2468 2392 2524 2437 ut
2549 2383 2844 2440 dixerimus
2872 2387 3162 2442 secondum
3193 2387 3356 2442 Deum
3382 2398 3435 2443 et
3464 2391 3675 2455 regula-

2092 2470 2221 2526 riter
2253 2475 2671 2542 permanendnm
2698 2477 2841 2530 omni
2884 2486 3121 2546 tempore
3164 2478 3265 2533 sub
3292 2468 3674 2547 imperatione,

2091 2572 2146 2618 et
2178 2574 2439 2632 potestate
2466 2576 2553 2620 tua
2582 2567 2686 2623 iam
2714 2568 2860 2624 dicto
2902 2567 3226 2625 Domenicus
3249 2572 3411 2628 abbas
3431 2610 3447 2635 ,
3475 2573 3559 2625 vel
3604 2573 3674 2627 de

2092 2660 2496 2716 subcessoribus
2544 2662 2648 2718 tuis
2698 2675 3074 2733 permaneant;
3118 2665 3193 2720 de
3233 2676 3409 2719 autem
3459 2669 3670 2718 Austri~

2092 2755 2266 2809 eonda
2312 2754 2511 2810 damna
2536 2797 2552 2823 ,
2598 2765 2653 2810 et
2680 2756 2935 2827 genitrice
2977 2774 3091 2811 mea
3124 2758 3409 2813 Teudeiam
3427 2798 3445 2822 ,
3472 2760 3594 2811 volo
3619 2768 3674 2812 et

2096 2860 2188 2911 per
2220 2844 2353 2897 hanc
2385 2844 2646 2898 cartulam
2677 2847 2938 2901 confirmo
2958 2888 2974 2915 ,
3014 2858 3069 2903 ut
3097 2850 3139 2901 si
3174 2863 3259 2902 me
3280 2848 3670 2916 supervixerei,

2094 2944 2149 2987 ut
2170 2934 2361 2987 diebus
2392 2935 2514 2988 vita:
2545 2951 2657 2989 suae
2683 2936 2737 2990 in
2768 2938 3044 2991 usufructu
3075 2952 3234 2992 avere
3260 2938 3458 2993 deveas
3481 2937 3548 2991 de
3585 2938 3672 2992 illa

2094 3041 2207 3080 mea
2258 3028 2464 3081 ratione
2508 3043 2570 3081 ex
2622 3028 2873 3082 omnibus
2907 3030 3191 3084 medietate
3235 3030 3567 3098 ajntaudum,
3620 3041 3674 3083 et

2093 3117 2491 3171 desciviendum
2525 3118 2597 3170 ad
2641 3119 2752 3185 ipsa
2802 3119 3046 3184 ecclesia,
3073 3127 3123 3173 et
3174 3120 3219 3173 si
3249 3123 3365 3174 eius
3396 3120 3543 3174 fuere
3574 3136 3674 3173 vo-

2097 3208 2272 3260 luntas
2300 3249 2315 3271 ,
2365 3207 2733 3276 accipiendum
2766 3209 2829 3262 da
2866 3211 3005 3278 ipsas
3047 3211 3251 3275 abbas,
3276 3210 3546 3278 quomodo
3575 3225 3675 3277 per

2099 3306 2308 3366 tempus
2338 3298 2571 3352 evadere
2601 3306 2694 3352 aut
2736 3299 2854 3353 sine
2908 3298 3228 3354 necessitate
3269 3298 3452 3354 vivere
3484 3301 3675 3367 possit,

2096 3388 2141 3441 si
2167 3389 2282 3442 eius
2330 3389 2475 3443 fuere
2517 3388 2813 3455 volnmtas,
2867 3389 3225 3458 recipiendum
3257 3405 3344 3444 res
3373 3390 3483 3459 ipsa
3512 3392 3576 3444 sit
3613 3391 3666 3442 in

2100 3489 2364 3546 potestate
2392 3482 2459 3534 de
2490 3481 2601 3550 ipsa
2656 3480 2880 3536 ecclesia
2900 3522 2914 3547 ,
2944 3480 3029 3537 vel
3062 3482 3226 3550 ipsius
3265 3481 3467 3544 abbas,
3497 3482 3575 3536 vel
3606 3482 3679 3535 de

2098 3572 2504 3627 subeessoribns
2542 3571 2660 3642 ejus
2687 3614 2701 3637 ,
2748 3574 2885 3627 sicut
2926 3587 3085 3642 supra
3112 3573 3394 3635 dixemus,
3426 3572 3677 3627 ordinan-

2100 3664 2255 3728 dum,
2287 3673 2341 3718 et
2366 3665 2543 3719 omnia
2573 3679 2668 3732 pro
2688 3665 2964 3719 animabus
2986 3665 3182 3721 nostris
3210 3663 3673 3732 pertractandum,

2103 3768 2160 3815 et
2201 3759 2246 3813 si
2298 3760 2393 3814 hee
2440 3762 2678 3829 recipere
2708 3762 2961 3829 noluere,
3008 3761 3146 3816 sicut
3189 3763 3298 3817 dixi
3334 3778 3396 3816 ex
3428 3762 3678 3817 erunibus

2106 3848 2270 3907 rebus
2302 3852 2437 3907 meis
2473 3854 2523 3907 in
2554 3868 2649 3907 usu
2684 3853 2856 3909 fructu
2885 3854 3165 3909 medietate
3194 3856 3245 3907 in
3275 3869 3370 3908 sua
3407 3865 3559 3909 aveat
3582 3869 3674 3922 po-

2104 3952 2320 4007 testate.
2353 3954 2472 4012 post
2505 3942 2689 3998 hovito
2715 3943 2832 3998 eius
2861 3953 3171 4012 permaneat
3197 3945 3249 3998 in
3279 3959 3389 4008 ipsa
3421 3947 3675 4010 ecclesia,

2102 4034 2241 4091 sicut
2284 4050 2441 4102 supra
2492 4034 2846 4091 decrevimus.
2903 4036 3163 4090 Similiter
3190 4039 3451 4101 volemus,
3487 4046 3543 4091 et
3578 4051 3676 4104 per

2106 4127 2241 4183 hanc
2295 4129 2553 4183 cartnlam
2586 4125 2962 4181 confirmamus
2990 4126 3041 4179 in
3072 4136 3123 4180 te
3144 4166 3159 4190 ,
3208 4126 3414 4179 Gisolfo
3448 4126 3676 4191 clerico,

2106 4226 2165 4271 ut
2194 4217 2239 4272 si
2269 4232 2365 4272 nos
2417 4217 2809 4285 supervixeris,
2855 4226 2913 4270 ut
2939 4217 3248 4285 regendum,
3278 4232 3374 4271 usu
3402 4218 3674 4271 fruiudum

2104 4308 2218 4362 sine
2246 4309 2491 4377 qualined
2520 4308 2697 4362 atioue
2722 4347 2736 4371 ,
2791 4307 2845 4362 in
2880 4316 2963 4360 tua
2994 4310 3312 4375 proprietate
3346 4322 3438 4373 pro
3465 4308 3676 4360 anima-

2108 4402 2204 4454 bus
2236 4400 2433 4455 nostris
2458 4415 2619 4456 avere
2646 4399 2875 4467 deveas,
2912 4413 3034 4453 casa
3074 4409 3129 4453 et
3158 4402 3326 4467 portio
3358 4398 3515 4453 rebus
3544 4400 3673 4451 tuis.

2026 4505 2081 4566 ι)
2106 4492 2359 4546 Similiter
2388 4491 2666 4556 volumus,
2711 4500 2767 4545 et
2810 4491 3188 4546 confirmamus
3224 4498 3278 4544 in
3309 4501 3379 4555 te,
3409 4490 3675 4558 Teupnlo,

2096 4594 2290 4639 actore
2340 4592 2545 4648 nostro,
2596 4592 2653 4637 ut
2681 4584 2727 4638 si
2770 4597 2867 4637 nos
2895 4584 3283 4652 supervixeris,
3318 4582 3404 4638 die
3432 4584 3535 4637 vite
3562 4599 3681 4637 sua

2108 4688 2206 4742 pro
2233 4672 2461 4728 medella
2492 4673 2767 4727 animabus
2811 4674 3005 4727 nostris
3047 4674 3261 4728 datione
3304 4673 3389 4726 illa
3436 4674 3504 4728 de
3548 4688 3679 4727 casa

2108 4764 2418 4830 Gnntnloni,
2449 4773 2503 4820 et
2531 4764 2807 4829 Octaloni,
2838 4765 2929 4816 tivi
2960 4763 3251 4827 avendnm,
3291 4764 3374 4818 vel
3416 4766 3468 4817 in
3495 4766 3679 4819 omnia

2107 4845 2494 4910 occurrendum
2535 4868 2588 4910 et
2629 4865 2745 4924 post
2786 4856 2964 4909 hovito
3001 4856 3222 4910 decessu
3264 4865 3445 4909 vestro
3486 4857 3674 4910 omnia

2112 4960 2200 5000 res
2227 4945 2338 5013 ipsa
2369 4945 2436 4999 sit
2467 4947 2517 4999 in
2544 4956 2801 5014 potestate
2831 4946 2899 5001 de
2928 4946 3041 5015 ipsa
3069 4945 3315 5010 ecclesia,
3345 4947 3425 5001 vel
3458 4948 3682 5000 ordina-

2111 5039 2253 5093 tione
2300 5039 2783 5108 supraseriptorum
2826 5039 3139 5103 abbatibus,
3172 5048 3226 5093 et
3254 5053 3413 5094 oume
3440 5041 3645 5107 acquisi
3672 5070 3679 5075 -

2111 5138 2219 5183 tum
2269 5140 2547 5195 nostrum,
2594 5129 2734 5197 quod
2782 5131 3238 5199 aequistauimus,
3292 5140 3386 5184 aut
3431 5132 3484 5184 in
3521 5138 3683 5184 antea

2108 5222 2386 5293 acquirere
2415 5222 2779 5291 potuerimus,
2814 5222 2865 5275 in
2913 5222 3023 5290 ipsa
3071 5223 3297 5277 ecclesia
3344 5222 3430 5276 vel
3459 5224 3680 5277 ordina-

2112 5318 2253 5372 tione
2282 5314 2349 5369 de
2380 5316 2481 5368 iam
2526 5314 2670 5369 dicto
2698 5314 2888 5370 abbate
2920 5314 3239 5371 Domenicus
3278 5314 3362 5370 vel
3404 5315 3679 5370 subcisso—

2108 5407 2256 5461 ribus
2286 5406 2401 5461 eius
2424 5419 2732 5474 permanea,
2761 5406 3069 5474 sicutsupra
3097 5407 3366 5471 dixemus,
3386 5405 3684 5461 secundum

2110 5498 2276 5553 Deum
2300 5506 2354 5551 et
2388 5495 2616 5566 regulari
2644 5495 2831 5548 ordine
2862 5496 3277 5562 permanendum
3297 5535 3314 5560 ,
3346 5504 3403 5549 et
3428 5495 3683 5549 ordinan-

2109 5592 2233 5644 dum
2264 5604 2431 5657 usque
2478 5588 2529 5640 in
2561 5587 2941 5655 sempiternum
2987 5585 3284 5652 anteposito
3324 5600 3517 5640 omnes
3564 5600 3681 5652 per-

2110 5695 2269 5736 sonas
2298 5676 2619 5741 honiiuibus,
2648 5687 2706 5732 et
2745 5674 2937 5731 m‘ovile
2966 5688 3075 5741 res,
3105 5674 3358 5745 quidquid
3380 5675 3539 5729 modo
3562 5689 3679 5727 ave.

2112 5788 2228 5827 mus
2270 5780 2355 5823 aut
2398 5768 2447 5821 in
2482 5779 2631 5820 antea
2664 5767 2729 5822 de
2770 5766 2965 5823 monile
2996 5781 3082 5821 res
3112 5766 3407 5837 arquistare
3437 5765 3673 5835 potue:i-
