4056 6178
329 283 457 336 Hii

1431 276 1818 331 le’LOMATA
1870 273 2150 330 ECCI.ES.
2192 274 2521 331 SEl.ECTA.

3425 281 3572 338 Hi"!

320 418 460 465 nios,
494 398 630 464 quod
662 401 711 451 in
754 405 931 450 nostra
974 411 1360 451 reservavtmns
1391 408 1654 465 potestate
1682 440 1695 461 ,
1730 413 1888 452 aven-

1999 390 2252 445 ﬁrmarct.
2297 392 2417 443 Ideo
2446 407 2543 458 ego
2571 390 2815 459 indignus
2865 390 2985 446 odie
3016 392 3066 445 in
3096 390 3187 445 Dei
3218 391 3431 447 nomine
3470 395 3561 458 do,

322 496 444 543 lllllll
476 490 555 542 vel
598 486 891 541 faciendum
934 488 1183 554 quidquid
1229 488 1583 553 voluerimus,
1630 501 1685 543 et
1710 491 1883 544 adhuc

321 581 604 641 volumus,
650 588 704 632 et
751 593 843 644 per
890 578 1145 631 curtnlant
1190 579 1571 633 conﬁrmamus
1616 582 1666 635 in
1702 592 1751 635 te
1788 583 1889 635 iam

320 672 465 723 dicto
491 667 806 721 Domenicus
830 668 994 721 abbas
1014 707 1030 732 ,
1064 668 1145 721 vel
1177 669 1227 721 in
1261 670 1665 726 siibcessoribus
1692 674 1812 739 tuis,
1838 683 1891 728 ut

318 760 572 829 quidquid
602 760 669 813 de
718 759 1018 812 hominibus
1064 761 1467 825 pertenentibns
1512 763 1749 824 nostris,
1797 772 1892 817 aut

318 852 386 905 de
413 848 610 904 monile
648 863 735 903 res
769 857 979 901 nostras
1019 849 1132 902 sine
1176 848 1400 904 iudicata
1445 864 1606 904 causa
1648 861 1767 919 post
1794 853 1889 908 de-

318 957 473 997 cesso
500 948 683 996 nostro
709 940 979 996 resteterit
1002 982 1016 1006 ,
1060 951 1115 996 ut
1162 945 1338 997 omnia
1373 958 1467 1012 pro
1489 947 1663 999 anima
1697 957 1882 1002 nostra

322 1034 621 1087 hominibus
647 1032 969 1097 liveandum,
995 1043 1047 1088 et
1070 1035 1262 1089 movile
1289 1050 1377 1090 res
1403 1046 1612 1091 nostras
1645 1054 1739 1105 pro
1771 1040 1885 1094 ani-

319 1140 405 1179 ma
437 1132 616 1179 nostra
641 1124 1089 1191 dispensandum,
1134 1125 1188 1179 in
1228 1136 1399 1182 vestra
1429 1129 1496 1181 sit
1524 1140 1785 1198 potestate
1814 1134 1894 1185 fa-

318 1214 567 1269 ciendum
590 1255 605 1278 ,
647 1223 701 1268 et
729 1215 867 1267 nulla
906 1216 975 1268 sit
1004 1216 1306 1271 detenentia
1333 1220 1398 1273 ad
1432 1220 1528 1275 hec
1559 1221 1878 1289 faciendum,

322 1306 405 1360 vel
456 1321 550 1374 per
591 1308 788 1359 cartnla
833 1307 1046 1360 livertas
1091 1309 1142 1363 in
1182 1310 1309 1380 ipsis
1351 1313 1650 1367 hominibus
1690 1316 1891 1369 conﬁr-

326 1399 578 1451 mandum
624 1398 834 1466 quidem
883 1399 1158 1464 volomus,
1204 1409 1257 1455 et
1307 1417 1401 1472 per
1450 1403 1583 1458 banc
1628 1407 1885 1461 cartalam

320 1491 738 1553 conﬁrmamus,
787 1498 841 1542 ut
881 1499 1070 1544 aveant
1100 1490 1188 1545 ﬁlii
1219 1494 1483 1561 quondam
1517 1495 1887 1564 Maurechioli,
1917 1528 1919 1530 -

323 1586 376 1632 et
409 1579 671 1632 Pertualdi
696 1580 747 1633 in
774 1580 934 1633 fundu
958 1580 1275 1635 Ischliniano
1300 1592 1416 1650 post
1446 1595 1682 1639 nostrum
1706 1586 1893 1643 deces-

320 1683 439 1721 sum
471 1669 537 1722 de
569 1678 707 1723 terra
735 1683 860 1722 arva
894 1669 1100 1723 modico
1131 1687 1266 1735 uno,
1314 1682 1365 1727 et
1394 1675 1444 1727 in
1476 1683 1676 1730 tantum
1706 1676 1774 1731 sit
1808 1677 1891 1732 sui

323 1769 604 1813 Contentus
638 1777 649 1812 :
694 1774 816 1813 nam
847 1760 949 1813 alia
982 1762 1159 1815 omnia
1181 1803 1196 1829 ,
1228 1763 1457 1831 qualiter
1485 1768 1729 1835 superius
1759 1768 1892 1837 legi-
1930 1742 1970 1801 Β

326 1860 427 1912 tnr,
463 1851 606 1903 onini
652 1858 891 1917 tempore
913 1852 1204 1907 stauilitum
1248 1867 1589 1923 permaneat,
1621 1867 1673 1913 et
1717 1860 1892 1913 nullus

322 1940 389 1992 de
420 1940 706 1994 heredibus
739 1956 834 2009 pro
866 1942 1151 1997 heredibus
1179 1946 1376 1999 nostris
1407 1956 1589 2001 contra
1624 1949 1757 2002 hanc
1780 1965 1896 2004 car-

322 2031 484 2082 tnlam
514 2031 567 2084 in
595 2031 774 2100 aliquo
804 2032 973 2099 possit
999 2034 1180 2089 inferri
1207 2037 1449 2092 molestia
1472 2080 1487 2104 ,
1514 2040 1608 2093 sed
1639 2040 1775 2094 sicut
1800 2057 1894 2096 su-

323 2135 417 2186 pra
451 2122 666 2189 legitur,
698 2124 877 2176 omnia
909 2124 960 2177 in
1007 2140 1102 2180 sua
1151 2137 1458 2197 permaneat
1504 2132 1812 2197 stavilitate,
1843 2144 1896 2188 et

323 2225 391 2264 ne
422 2226 519 2264 nos
548 2211 641 2266 lite
663 2210 842 2267 facere
869 2213 978 2267 ullo
1006 2222 1267 2284 tempore,
1292 2218 1432 2273 nolle
1458 2221 1598 2289 quod
1628 2222 1895 2287 volumus,

320 2301 417 2354 sed
437 2303 578 2368 quod
604 2302 670 2354 ad
703 2318 799 2357 nos
828 2304 996 2358 semel
1030 2304 1221 2359 factum
1245 2347 1259 2372 ,
1290 2307 1372 2361 vel
1401 2311 1757 2377 conscriptum
1792 2321 1895 2377 est,

326 2390 704 2445 inviolaviliter
732 2406 1053 2449 conservare
1087 2402 1142 2449 et
1184 2396 1475 2452 subsistere
1520 2400 1795 2467 volumus,
1841 2411 1898 2457 et

324 2482 461 2534 hanc
481 2484 740 2537 cartulam
766 2484 1056 2553 Gantperto
1076 2489 1283 2541 notario
1312 2488 1548 2545 scrivere
1574 2493 1892 2561 rogavimus.

392 2572 584 2629 Actum
627 2575 851 2631 Pistoria
899 2578 963 2631 ad
1006 2593 1125 2634 casa
1157 2581 1463 2635 avitationis
1487 2594 1666 2638 nostra
1697 2585 1754 2639 in
1779 2600 1897 2653 pre—

319 2664 463 2719 dicto
506 2666 623 2722 loco
670 2669 859 2737 Croci,
893 2685 1080 2740 regno,
1122 2679 1178 2728 et
1217 2673 1503 2731 indictione
1535 2677 1893 2747 suprascripta

320 2754 567 2812 feliciter.

395 2846 506 2913 Ego
534 2846 831 2903 Teudcram
864 2852 1132 2915 notarios,
1178 2853 1264 2921 qui
1297 2852 1432 2905 hanc
1460 2854 1715 2907 cartalam
1744 2854 1893 2908 ordi-

320 2938 565 3003 nationis,
582 2948 635 2993 et
657 2940 1071 2996 conﬁrmationis
1094 2959 1249 2997 manu
1273 2958 1357 2998 me
1370 2959 1444 3001 ss.
1477 2954 1531 3000 et
1551 2945 1663 3001 ﬁeri
1693 2948 1892 3015 rogavi.

394 3028 503 3095 Ego
534 3029 747 3085 Gisilari
802 3043 1018 3101 rogatus
1057 3050 1086 3088 a
1128 3034 1425 3104 Teuperto,
1468 3045 1522 3091 et
1560 3036 1894 3093 Teuderamo

321 3119 469 3172 testis
496 3134 570 3174 ss.

392 3210 504 3279 Ego
545 3211 683 3266 Fuso
715 3223 944 3292 .rogatus
974 3228 1004 3268 a
1031 3214 1320 3285 Tecperto,
1352 3226 1408 3271 et
1448 3216 1779 3275 Teuderamo
1810 3229 1891 3274 tc-

317 3314 412 3357 MIS
434 3318 509 3357 SS.

396 3394 504 3461 Ego
550 3394 851 3449 Austrifons
897 3397 1122 3451 clericus
1166 3408 1386 3468 rogatus
1428 3414 1457 3453 a
1507 3399 1807 3469 Teuperto,
1839 3410 1895 3456 et

320 3481 652 3538 'l'euderamo
686 3487 895 3540 notario
924 3490 1074 3540 testis
1102 3502 1178 3542 ss.

394 3576 504 3643 Ego
547 3574 806 3629 Johannis
859 3577 1122 3643 presbiter
1171 3587 1387 3649 rogatus
1432 3593 1459 3632 a
1504 3580 1792 3651 Tcuperto,
1839 3591 1894 3636 et

317 3664 655 3718 'l'eoderamo
683 3667 866 3721 clerici
899 3668 1049 3722 testis
1077 3683 1152 3722 ss.

392 3755 502 3823 Ego
549 3756 840 3810 Avuondus
890 3758 1145 3811 diaconus
1186 3770 1399 3828 rogatus
1430 3774 1460 3815 a
1482 3760 1805 3830 Teuderam,
1836 3773 1890 3818 et

318 3845 587 3912 Teuperto
613 3846 779 3899 Barba
813 3858 867 3901 et
888 3860 1079 3917 nepote
1112 3851 1264 3904 teStis
1293 3866 1369 3908 ss.

394 3933 502 4003 Ego
533 3935 618 4003 qui
668 3951 828 4004 supra
878 3938 1172 4007 Gautperto
1214 3940 1445 4008 scriptor
1491 3941 1650 3995 huius
1687 3944 1890 3998 cartnlc

321 4036 440 4092 post
466 4040 495 4078 a
526 4026 749 4080 testibus
777 4037 1019 4082 rovorata
1039 4068 1055 4093 ,
1089 4030 1281 4084 tradita
1310 4031 1570 4099 complevi
1597 4042 1648 4086 et
1674 4032 1821 4086 dedi.

1046 4120 1177 4175 Vlll.

388 4206 690 4275 Exemplar.
738 4208 794 4261 In
826 4208 1042 4263 nomine
1077 4211 1282 4265 Domini
1318 4211 1404 4267 die
1444 4213 1671 4281 septimo
1703 4226 1886 4266 men~e

315 4296 502 4364 Magio,
531 4311 671 4349 anno
699 4298 847 4367 regni
877 4298 1080 4353 domini
1118 4300 1299 4355 Garuli
1318 4342 1335 4367 ,
1374 4314 1647 4372 postquam
1671 4305 1886 4357 civitate

316 4389 476 4455 Papia
500 4387 773 4457 ingressus
802 4401 883 4444 est
907 4430 923 4454 ,
970 4390 1202 4455 decimo,
1233 4402 1287 4447 et
1312 4392 1509 4446 domno
1557 4395 1740 4461 Pipino
1772 4395 1883 4447 ﬁlio

312 4482 427 4532 eius
456 4494 596 4533 anno
630 4483 806 4544 tertio,
833 4481 1118 4536 indictione
1152 4484 1375 4550 septima
1411 4483 1652 4539 feliciter.
1716 4485 1884 4539 Matti-

312 4567 482 4621 festns
512 4584 627 4622 sum
652 4584 750 4638 ego
784 4570 942 4625 Falco
968 4572 1166 4625 clerico
1192 4571 1304 4625 filio
1335 4573 1601 4641 quondam
1635 4574 1879 4631 Faleual-

309 4656 362 4711 di
394 4698 409 4721 ,
453 4671 518 4712 eo
544 4660 683 4726 quod
712 4668 835 4712 ante
873 4674 933 4714 os
974 4662 1231 4727 plurimos
1258 4675 1428 4715 annos
1458 4662 1873 4733 obbligationem

310 4744 452 4800 facta
489 4748 645 4802 habui
680 4764 779 4803 una
818 4765 939 4805 cum
963 4752 1231 4808 Amicastu
1258 4752 1494 4808 barbanu
1534 4770 1675 4820 meo,
1707 4764 1763 4809 ut
1792 4771 1885 4824 per

313 4835 463 4890 nullo
485 4845 782 4907 argumenti
814 4840 1060 4909 ingenio,
1094 4856 1190 4896 nec
1214 4856 1343 4912 ego,
1374 4858 1471 4899 nec
1492 4846 1623 4899 meis
1655 4846 1882 4900 heredi-

312 4929 410 4981 bus
440 4927 554 4984 sine
581 4929 843 4997 premisso
880 4931 1027 4995 eius,
1062 4934 1144 4988 vel
1177 4935 1242 4989 de
1268 4935 1433 5004 ipsius
1463 4936 1774 5003 heredibus,
1804 4938 1878 4995 de

311 5019 472 5071 rebus
514 5020 708 5073 nostris
755 5021 995 5076 alienare
1041 5031 1134 5077 aut
1180 5024 1417 5095 obligare
1458 5026 1800 5093 devereinus,
1830 5038 1887 5085 et

312 5108 441 5161 dum
467 5107 578 5177 ipsa
610 5109 950 5180 obligatione,
979 5127 1074 5169 seu
1103 5114 1273 5181 dotis,
1306 5130 1439 5183 quas
1466 5117 1578 5184 ipse
1607 5118 1880 5174 Amicastu

311 5201 439 5256 fecit
465 5202 516 5256 in
541 5203 767 5259 ecclesia
798 5205 937 5259 beati
968 5208 1135 5261 sancti
1178 5207 1389 5277 Georgii
1415 5248 1430 5273 ,
1466 5210 1517 5263 in
1549 5221 1632 5264 tua
1664 5212 1869 5270 Dome-

312 5291 432 5346 nico
458 5292 623 5347 abbas
657 5297 970 5349 monasterii
1000 5297 1167 5350 sancti
1200 5288 1556 5353 Bartholomei
1590 5300 1873 5358 devenisse

311 5391 590 5451 potestate,
619 5395 670 5440 et
697 5387 1058 5444 dominatione
1083 5389 1415 5445 consideravi
1438 5433 1451 5455 ,
1496 5394 1613 5461 quia
1649 5394 1700 5448 in
1733 5397 1882 5451 nullo

308 5472 415 5524 alio
446 5488 659 5542 possum
692 5478 892 5546 aliquid
923 5478 990 5533 de
1020 5479 1178 5534 rebus
1207 5481 1339 5534 meis
1367 5482 1517 5547 dare,
1548 5483 1644 5536 nisi
1679 5484 1730 5537 in
1765 5486 1880 5553 ipsa

309 5562 534 5617 ecclesia
554 5565 851 5624 beatissimi
882 5572 1049 5625 sancti
1077 5570 1322 5641 Georgii,
1354 5574 1439 5627 ubi
1465 5578 1871 5642 prenominatus

315 5653 580 5711 Amicasto
612 5658 777 5714 fuerat
806 5664 1182 5733 conﬁrmatus,
1213 5675 1266 5721 et
1294 5666 1452 5722 rebus
1475 5667 1583 5722 suis
1612 5682 1705 5737 per
1729 5668 1870 5727 dotis

1917 3079 1967 3141 C

2000 482 2160 544 dono,
2194 469 2369 547 trado,
2390 480 2555 534 offero
2577 480 2627 534 in
2660 482 2829 551 ipsum
2857 489 3099 536 sanctum
3126 490 3179 536 et
3207 484 3561 538 veneravilem

2002 572 2177 626 locum
2207 588 2418 625 omnem
2448 572 2714 626 modicam
2746 573 2903 626 rebus
2931 588 3075 627 meas
3101 612 3116 635 ,
3151 573 3406 642 quidquid
3430 590 3572 628 nunc

2003 664 2231 730 presenti
2279 662 2365 717 die
2412 677 2573 717 avere
2616 661 2755 717 visus
2801 679 2917 717 sum
2954 674 3059 717 tam
3106 679 3227 717 casa
3267 666 3573 719 avitationis

2001 770 2138 817 mea,
2170 769 2273 823 que
2301 764 2384 808 est
2406 768 2527 824 erga
2553 752 2715 809 fluvio
2749 754 3035 818 Umbrone,
3064 756 3236 822 vinea,
3272 763 3433 822 terra,
3455 771 3578 824 pra-

2002 846 2068 898 tis
2088 887 2101 911 ,
2132 847 2368 914 pascuis,
2399 849 2576 917 silvis,
2604 848 2848 915 salectis,
2903 848 3223 914 sationibus,
3269 847 3563 914 pomiferis,

2002 938 2287 993 fructiferis
2336 949 2388 994 et
2432 940 2801 1006 iul‘ructiferis,
2840 941 3043 998 cultum
3087 954 3246 1011 atque
3283 941 3548 1010 incultum

2002 1029 2179 1082 omnia
2206 1029 2453 1098 quiequid
2476 1045 2640 1086 avere
2670 1033 2841 1087 vissus
2865 1047 2981 1087 sum
3002 1074 3017 1099 ,
3050 1033 3101 1087 in
3132 1033 3303 1102 ipsum
3326 1045 3558 1092 sanctum

2002 1121 2175 1174 locum
2198 1119 2400 1187 oﬁ‘erri,
2424 1120 2727 1176 condonare
2755 1122 2978 1190 previdi,
3009 1138 3112 1178 una
3134 1139 3255 1178 cum
3283 1122 3556 1177 dilectissi-

2002 1212 2069 1263 mi
2101 1209 2312 1264 Gisilari
2333 1251 2351 1277 ,
2371 1221 2423 1263 et
2450 1209 2767 1277 Castiprand
2800 1210 2889 1264 ﬁlii
2921 1214 3024 1266 mel
3056 1210 3145 1279 qui
3170 1227 3270 1282 sup
3303 1221 3567 1280 potestate

1999 1313 2201 1355 sanctae
2244 1303 2440 1372 regulae
2483 1312 2536 1355 et
2576 1309 2697 1357 tuae
2726 1302 3107 1369 dominationi,
3150 1305 3239 1373 qui
3270 1319 3429 1374 supra
3459 1304 3567 1358 Do-

2000 1392 2209 1447 menico
2236 1393 2411 1447 abbati
2439 1433 2455 1458 ,
2488 1392 2539 1446 in
2569 1392 2679 1462 ipsa
2711 1403 2892 1447 sancta
2923 1394 3145 1448 ecclesia
3178 1402 3232 1448 et
3262 1395 3570 1451 monasterii

2001 1484 2140 1539 beati
2170 1486 2335 1539 sancti
2384 1484 2743 1538 Bartholomei
2781 1486 2832 1538 in
2870 1484 3011 1538 avitu
3056 1484 3462 1548 monachorum.
3493 1488 3571 1540 vi-

2003 1589 2150 1638 vere,
2178 1583 2233 1627 et
2258 1573 2527 1628 deservire
2552 1573 2773 1638 deveat,
2820 1574 2957 1628 sicut
2983 1585 3166 1628 sancta
3196 1576 3449 1629 convenit
3482 1590 3569 1629 re-

2001 1665 2121 1735 gula
2153 1706 2167 1731 ,
2202 1664 2254 1718 in
2301 1664 2438 1733 palla
2468 1663 2640 1718 altarii
2670 1663 2848 1718 offerri
2894 1663 3095 1731 previdi
3128 1664 3226 1730 ipsi
3260 1664 3349 1719 ﬁlii
3376 1666 3478 1720 mei
3514 1666 3565 1720 in

2002 1757 2171 1823 ipsum
2202 1765 2445 1811 sanctum
2474 1754 2756 1809 conubium
2789 1754 3095 1808 monasterii
3142 1756 3312 1809 sancti
3341 1755 3563 1809 Bartho-

2003 1844 2220 1911 lomaei,
2254 1853 2310 1898 ut
2331 1843 2461 1898 inibi
2491 1843 2680 1899 diebus
2709 1844 2819 1897 suis
2844 1843 3153 1897 monachica
3178 1844 3366 1899 deveat
3390 1846 3570 1900 vivere

2002 1938 2129 2000 vita,
2160 1951 2262 2005 sup
2293 1944 2556 2005 potestate
2584 1944 2779 2002 vestra,
2813 1936 3008 1990 domno
3040 1937 3326 1992 Domenico
3360 1937 3571 2003 abbate,

2001 2031 2084 2084 vel
2116 2031 2305 2085 vestris
2330 2030 2732 2085 successttribns
2755 2070 2769 2093 ,
2812 2039 2869 2083 ut
2896 2044 2989 2098 per
3019 2040 3194 2085 vestra
3224 2030 3570 2099 preceptione

2001 2120 2295 2176 secundum
2349 2121 2475 2185 Deo,
2527 2130 2581 2174 et
2614 2130 2796 2175 sancta
2832 2120 3013 2188 regula
3042 2122 3219 2176 vivere
3258 2130 3312 2175 et
3344 2120 3570 2176 Domino

2001 2212 2312 2278 deservire,
2366 2225 2462 2279 per
2512 2211 2651 2280 ipsas
2697 2210 2903 2265 modica
2953 2226 3041 2266 res
3083 2226 3199 2266 mea
3228 2220 3336 2266 tam
3379 2213 3572 2268 movile

2000 2317 2158 2372 quam
2188 2309 2239 2356 et
2271 2301 2544 2366 inmovile,
2569 2302 2745 2355 omnia
2773 2301 2824 2355 in
2854 2301 3023 2371 ipsum
3053 2311 3298 2357 sanctum
3325 2312 3378 2357 et
3407 2320 3571 2359 vene-

2005 2390 2229 2446 ravilem
2254 2390 2428 2446 locum
2451 2390 2629 2446 olferri
2653 2400 2706 2445 et
2726 2392 3029 2447 condonare
3055 2392 3284 2461 previdi,
3308 2401 3365 2447 ut
3389 2396 3565 2448 omnia

2002 2480 2056 2537 in
2087 2489 2196 2545 tua,
2228 2480 2318 2551 qui
2350 2495 2546 2550 supra,
2581 2481 2868 2537 Domenico
2911 2483 3120 2548 abbati,
3156 2485 3235 2539 vel
3262 2484 3330 2539 de
3355 2499 3570 2540 succes-

1999 2573 2211 2629 soribus
2251 2574 2363 2628 suis
2391 2613 2408 2641 ,
2451 2572 2522 2628 sit
2570 2581 2832 2643 potestate
2861 2575 3154 2642 avendom,
3193 2575 3573 2642 ordinandmn,

1999 2664 2228 2734 qualiter
2271 2664 2417 2720 iuxta
2464 2664 2633 2719 Deum
2675 2672 2730 2719 et
2776 2673 2959 2719 sancta
3007 2665 3187 2735 regula
3235 2666 3390 2720 nobis
3433 2665 3578 2721 bono

1999 2758 2178 2813 animo
2224 2756 2383 2813 fuerit
2426 2757 2717 2814 stabilitum
2745 2798 2760 2821 ,
2810 2766 3157 2825 permaneat,
3205 2759 3341 2812 sicut
3369 2767 3425 2813 et
3469 2760 3573 2812 iam

2000 2857 2125 2904 ante
2171 2863 2232 2904 os
2262 2864 2432 2904 annos
2478 2848 2569 2902 tibi
2618 2847 2909 2901 Domenico
2950 2846 3126 2901 abbati
3182 2848 3266 2902 vel
3316 2848 3574 2920 in,ipsuin

2000 2950 2241 2992 sanctum
2274 2938 2596 2994 monasterio
2622 2938 2759 2992 beati
2785 2939 2952 2992 sancti
2980 2938 3301 2993 Bartolomei
3339 2956 3435 3008 per
3458 2956 3577 2995 cai-

2005 3029 2070 3083 tis
2097 3029 2474 3084 voluminatam
2502 3028 2684 3093 dotes,
2718 3043 2875 3097 quam
2903 3039 2955 3082 et
2984 3029 3083 3083 alia
3116 3030 3403 3084 monimina
3437 3031 3578 3085 facta

1999 3124 2050 3178 in
2093 3132 2276 3178 sancto
2321 3122 2570 3192 Georgio,
2622 3121 2827 3177 tradedi
2872 3132 3033 3189 atque
3081 3122 3241 3187 dedi,
3293 3134 3351 3177 ut
3391 3130 3577 3179 omnia

1997 3212 2136 3267 iuxta
2162 3212 2259 3281 ipsi
2287 3211 2436 3277 doti,
2487 3226 2619 3280 quas
2648 3212 2773 3266 inivi
2808 3213 3116 3281 parentibus
3146 3214 3300 3279 meis,
3334 3215 3421 3269 vel
3460 3217 3576 3285 ipse

1995 3303 2264 3356 Amicastu
2316 3301 2439 3357 facti
2485 3301 2818 3369 habuerunt,
2862 3318 2956 3373 per
3008 3313 3182 3358 vestra
3213 3305 3577 3371 ordinatione,

1997 3403 2049 3447 et
2076 3403 2259 3447 sancta
2284 3394 2703 3461 congregatione
2731 3393 2884 3448 huius
2911 3396 3221 3450 monasterii
3249 3397 3417 3452 sancti
3445 3397 3575 3451 Bar-

1998 3484 2213 3538 tolomei
2241 3492 2383 3538 esset
2408 3484 2712 3538 ordinatum
2732 3524 2748 3550 ,
2786 3484 2901 3554 lpsa
2929 3487 3155 3541 ecclesia
3202 3488 3372 3542 sancti
3399 3488 3568 3543 Geor-

1996 3576 2065 3645 gii
2087 3575 2231 3629 omni
2261 3586 2503 3643 tempore
2542 3574 2833 3629 stabilitum
2875 3588 3209 3646 permaneat,
3239 3589 3291 3634 et
3318 3579 3567 3635 Arundus

1996 3665 2250 3722 diaconus
2279 3668 2511 3721 scrivere
2532 3666 2738 3737 rogavi.

2066 3760 2199 3814 Actu
2228 3758 2293 3812 ad
2331 3757 2598 3814 Umbrone
2619 3800 2636 3827 ,
2685 3773 2808 3815 casa
2838 3759 3142 3817 avitationts
3176 3776 3317 3829 mea,
3343 3775 3563 3833 regnant

1994 3862 2048 3907 et
2073 3850 2362 3907 indictione
2387 3852 2747 3921 suprascripta
2781 3853 3025 3909 feliciter.

2040 3955 2281 4031 'Signum
2316 3968 2375 4026 ᾗ
2411 3979 2597 4018 manus
2641 3964 2856 4019 Falconi
2887 3965 3103 4031 clerico,
3142 3964 3230 4033 qui
3273 3966 3410 4021 hanc
3451 3981 3570 4021 car-

1995 4054 2159 4107 tulam
2189 4053 2302 4108 ﬁeri
2332 4068 2528 4123 rogave
2549 4094 2563 4118 ,
2596 4063 2650 4108 et
2682 4070 2881 4109 nomen
2912 4070 3064 4109 suum
3097 4065 3153 4109 et
3182 4056 3392 4125 signum
3422 4057 3568 4113 cruci

1994 4143 2238 4199 manibus
2264 4147 2372 4199 suis
2404 4143 2539 4209 fece,
2570 4156 2624 4201 et
2652 4147 2729 4200 eis
2756 4145 2953 4202 reiecta
2983 4147 3317 4216 complacue.

2069 4259 2127 4317 $14
2154 4253 2375 4325 Signum
2423 4269 2610 4310 manus
2659 4254 2886 4323 Altipert
2924 4254 3034 4309 ﬁlio
3082 4255 3351 4325 quondam
3390 4256 3567 4312 Fratri

1995 4356 2207 4412 rogatus
2240 4344 2411 4399 testis.

1920 4429 1967 4488 θ
2059 4453 2278 4525 Signum
2313 4462 2369 4518 ἃ(
2404 4470 2590 4517 manus
2634 4452 2886 4510 Prantluli
2931 4454 3041 4510 ﬁlio
3064 4456 3333 4525 quondam
3363 4457 3566 4514 Finan-

1989 4547 2042 4602 di
2082 4547 2252 4601 testis.

2058 4636 2276 4706 Signum
2305 4641 2363 4699 ᾔ(
2399 4652 2585 4691 manus
2634 4636 2883 4693 Pranduli
2926 4638 3036 4695 ﬁlio
3085 4642 3354 4711 quondam
3406 4644 3561 4701 Booti

1991 4736 2206 4796 rogatus
2238 4729 2407 4783 testis.

2059 4842 2277 4909 Signum
2315 4847 2373 4905 ἧς
2421 4858 2605 4898 manus
2648 4843 2821 4899 FuSoli
2868 4845 2976 4901 ﬁlio
3020 4847 3285 4917 quondam
3335 4848 3557 4905 Bautoni

1991 4946 2203 5005 rogatus
2232 4935 2409 4990 testis.

2057 5025 2277 5094 Signum
2306 5030 2364 5087 »Β
2392 5023 2627 5078 Adunald
2662 5025 2767 5079 lilio
2801 5028 3067 5096 quondam
3104 5026 3335 5095 Achiput
3376 5027 3547 5097 COppi

1989 5128 2203 5189 rogatus
2226 5121 2402 5173 testis.

2058 5212 2275 5281 Signum
2308 5217 2364 5274 is
2397 5226 2583 5267 manus
2630 5214 2861 5270 Gloriosi
2908 5214 2975 5268 de
3014 5211 3280 5268 Cucciano
3330 5225 3545 5284 rogatus

1990 5305 2155 5358 testis.

2059 5395 2164 5463 Eg:
2193 5392 2497 5448 Guilleradu
2542 5393 2736 5455 clerico
2782 5402 2991 5462 rogatus
3035 5394 3102 5449 ad
3151 5395 3309 5454 Falco
3354 5399 3556 5455 clerico

1988 5489 2135 5538 testis
2163 5486 2327 5539 suScri
2336 5487 2438 5554 psi.

2059 5574 2166 5643 Ego
2196 5577 2283 5643 qui
2332 5591 2489 5644 supra
2534 5574 2789 5629 Avundus
2831 5574 3059 5642 scriptor
3088 5590 3207 5648 post
3247 5595 3277 5636 a
3323 5582 3554 5640 testibus

1988 5667 2241 5724 roborata
2268 5667 2459 5722 tradita
2486 5665 2744 5735 complevi
2770 5677 2820 5722 et
2852 5666 2993 5722 dedi.
