4256 6452
622 349 693 412 23
1952 351 2303 416 HUMFRE!

2233 351 2362 411 EDI
2403 348 2620 409 IIOIHI
3835 339 3908 402 24

624 462 869 527 lsaacus,
905 470 955 515 ct
989 460 1153 516 Geor.
1183 461 1453 529 Codinos,
1492 464 1747 519 eumdem
1769 463 1941 519 fuisse
1964 480 2090 519 cum
2129 466 2206 516 al-
2237 472 2276 522 Α
2312 470 2430 513 rato
2454 468 2786 524 ;,cumaut.-a
2814 454 3071 510 tamenin
3096 454 3289 507 eodem
3315 468 3480 523 opere
3503 449 3770 507 Joannem
3798 453 3908 506 Au-

624 564 742 605 tcrn
776 555 895 619 illo,
930 554 1091 621 cujus
1122 564 1347 608 exstant
1384 554 1659 624 Excerpta
1694 556 1828 625 (l7),
1874 555 2017 609 haud
2063 571 2206 624 argre

624 646 756 700 mihi
784 646 1111 715 persuadeo.
1155 644 1227 699 De
1253 645 1466 701 Cudiuo
1493 664 1627 701 sane
1663 648 1762 701 hoc
1796 648 1931 703 satis
1961 656 2203 702 constat.

624 734 757 787 Nam
794 734 972 786 loconi
1009 732 1198 794 istum,
1237 732 1415 805 [xxv]
1441 750 1603 803 quem
1640 750 1704 789 ex
1744 750 1845 789 suo
1874 734 1957 788 Ju.
2016 736 2210 788 Antio-

621 828 798 880 chcno
831 824 1079 891 adducit,
1115 828 1257 895 apud
1309 835 1560 882 nostrum
1592 826 1675 882 J0.
1703 827 1950 881 Malalam
2003 828 2208 881 frustra

620 919 933 989 qtzmsic-ris.
960 916 1333 991 licpcriuntur
1371 919 1591 990 quidem
1628 921 1768 990 apud
1804 920 2060 975 Malalam
2095 935 2210 973 ont-

620 1013 711 1066 nia
761 1013 870 1081 (l8)
922 1028 982 1065 ei
1055 1015 1170 1067 loca
1217 1030 1342 1082 quze
1388 1013 1458 1067 ab
1506 1022 1743 1083 utroque
1791 1012 1991 1067 'l'zetze
2026 1028 2088 1067 ex
2124 1012 2207 1067 Jn.

619 1104 968 1159 Antiochum
1021 1106 1300 1164 citantur;
1336 1116 1390 1157 et
1442 1106 1510 1157 de
1573 1106 1757 1159 fabula
1815 1106 2041 1173 insuper
2082 1106 2211 1168 ista,

621 1214 743 1267 qua:
802 1197 977 1253 estde
1032 1199 1256 1251 ittietiltt
1308 1199 1536 1250 l’ettlhei
1575 1198 2024 1254 animadvertere
2063 1200 2211 1263 licet,

624 1307 731 1345 non
778 1292 955 1344 Solon
992 1291 1227 1359 proferri
1260 1278 1417 1358 apud
1454 1287 1713 1342 Malalam
1757 1292 2037 1344 eamdem'
2067 1292 2217 1346 illius

624 1383 974 1449 allegoriezun
1011 1383 1444 1451 expositionem,
1482 1398 1671 1436 verum
1724 1383 1893 1435 etiam
1956 1384 2025 1435 ab
2057 1399 2122 1437 eo
2149 1384 2215 1437 de

626 1473 804 1527 tabula
832 1474 936 1527 ista
965 1475 1223 1528 advocari
1249 1472 1566 1543 Euripidem
1600 1476 1656 1527 in
1683 1473 1936 1536 Bacchis,
1965 1486 2022 1526 ut
2052 1473 2216 1527 etiam

623 1568 689 1620 de
723 1584 786 1620 ea
811 1568 914 1621 lem
968 1568 1021 1621 in
1048 1569 1170 1621 loco
1227 1567 1490 1634 prmdicto
1526 1569 1732 1621 eitatur
1781 1581 1809 1619 a
1844 1565 2044 1621 Tzz-tze
2090 1566 2221 1621 Chi-

624 1658 804 1711 liasta.
863 1656 1003 1711 llinc
1050 1658 1309 1711 euirisin
1350 1667 1609 1725 promptu
1652 1672 1779 1711 esse
1830 1658 2004 1727 possit
2057 1674 2220 1727 argu-

626 1749 1005 1810 mentumsibi
1035 1750 1172 1804 satis
1202 1749 1517 1819 speciosum
1553 1750 1869 1810 elIormare,
1899 1766 2004 1803 non
2048 1751 2209 1802 alimn

628 1858 791 1912 quam
813 1854 1064 1897 nostrum
1095 1841 1384 1904 Joannem,
1412 1858 1439 1895 a
1465 1841 1682 1895 duobus
1710 1842 1819 1894 illis
1842 1842 2211 1911 scriptoribus

631 1948 726 2001 per
756 1930 1022 1985 Joannem
1044 1933 1459 1986 Antiochenum
1485 1932 1765 2001 designari
1790 1952 1802 1986 :
1824 1945 2210 2001 argumentum

628 2023 889 2092 (inquan.
918 2028 931 2090 )
963 2025 1098 2078 satis
1136 2025 1471 2093 speciosum,
1505 2032 1558 2076 et
1613 2025 1656 2077 si
1694 2026 1855 2077 alit-ui
1897 2028 1998 2077 ista
2030 2028 2214 2089 Opin'o

630 2112 970 2180 probabilior
1007 2113 1278 2177 videatur,
1316 2131 1441 2167 cum
1470 2128 1536 2167 co
1566 2131 1672 2167 non
1706 2132 1807 2183 ego
1843 2118 2208 2171 tiOiilClttl..lll:

629 2217 716 2258 me
752 2211 934 2258 tamen
964 2218 1073 2257 non
1116 2204 1188 2257 ita
1234 2204 1350 2259 litee
1385 2204 1778 2281 movent-quin
1814 2205 1999 2273 potius
2036 2206 2089 2259 in
2122 2205 2211 2261 di-

629 2310 789 2351 versa
838 2297 1136 2365 persistnm
1188 2299 1487 2354 sententia.
1523 2295 1661 2365 Quis
1696 2296 1841 2349 enim
1876 2298 1929 2351 in
1990 2298 2215 2354 (ira-ciae

627 2390 903 2461 sequioris
960 2398 1014 2443 et
1067 2391 1399 2460 posterioris
1449 2393 1824 2446 monumentis
1872 2401 1979 2445 tam
2022 2407 2213 2462 parum

628 2492 881 2538 \et'Sutus
915 2490 1021 2547 cst,
1060 2491 1119 2537 ut
1170 2498 1277 2537 non
1313 2484 1451 2537 sciat
1484 2481 1708 2536 illorum
1744 2483 2046 2554 scriptores
2101 2484 2215 2540 fere

628 2576 817 2631 eadem
851 2575 1054 2645 ubique
1088 2574 1292 2629 litteris
1321 2575 1681 2639 demandare,
1722 2591 1889 2645 seque
1938 2587 2131 2632 mutuo
2159 2587 2212 2633 et

628 2670 769 2726 alios
800 2670 1102 2739 scriptores
1130 2669 1433 2724 liberaliter
1463 2668 1758 2723 admodum
1793 2672 2110 2726 exscribere
2130 2680 2214 2724 at-

631 2779 737 2832 que
760 2764 1008 2833 expilare
1041 2763 1450 2817 consuescere?
1479 2761 1545 2815 Et
1578 2763 1705 2832 quis
1731 2778 1839 2817 non
1865 2764 2018 2819 videt
2048 2766 2130 2819 vel
2148 2780 2213 2819 ex

630 2855 787 2924 ipsis,
822 2871 943 2923 qua!
972 2862 1217 2920 exstant,
1242 2852 1329 2908 J0.
1362 2853 1698 2909 Antiocheni
1725 2855 1981 2909 monachi
2013 2856 2218 2910 Excer-

628 2942 761 3015 ptis,
790 2959 914 2997 eum
945 2944 1132 2999 multis
1167 2946 1220 2998 in
1248 2944 1386 2999 locis
1412 2944 1600 2998 eadem
1630 2960 1754 2997 cum
1783 2942 1991 3000 Joanne
2026 2958 2216 3000 uestro

632 3032 825 3088 Malala
868 3035 923 3088 in
950 3035 1163 3089 litteras
1193 3035 1488 3089 retulisse?
1512 3033 1685 3100 Quem
1719 3036 1851 3090 latet
1878 3038 2025 3091 illius
2043 3035 2216 3089 Chro-

2312 556 2632 607 tiochenum
2678 554 2903 605 citasset
2932 567 2944 603 :
2981 547 3171 601 Ταῦτα
3205 549 3302 616 μὲν
3362 548 3617 616 Ἰωάννης
3643 550 3766 612 τις(
3801 545 3905 600 hoc

2314 648 2475 716 nuto)
2512 645 2762 712 Μελέλης
2817 641 3219 713 χρονογράφος.
3264 639 3392 694 Ila'c
3446 642 3613 691 tradit
3668 637 3805 693 Joan
3849 655 3902 692 es

2314 738 2539 810 quidam
2578 736 2791 790 Eleleles
2821 734 3279 802 chronographum.
3566 728 3579 734 ’

2385 830 2449 885 γ.
2488 831 2613 885 Ηαξυ
2646 845 2770 883 cum
2792 833 2864 881 ita
2904 843 2965 882 se
2993 828 3253 891 habeant,
3285 824 3473 879 lectori
3513 825 3744 877 liberum
3785 832 3905 878 esto

2312 924 2608 993 judicium,
2646 932 2825 976 utrum
2854 920 2999 975 idem
3026 919 3099 974 sit
3130 917 3233 972 iste
3256 915 3343 970 J0.
3376 916 3777 979 Antiochenus,
3809 916 3903 984 qui

2317 1035 2345 1070 a
2386 1015 2583 1071 Tzctze
2611 1025 2845 1083 utroque
2880 1012 3109 1076 citatur,
3160 1024 3283 1063 cum
3312 1008 3521 1064 Joanne
3570 1017 3761 1063 nostro
3793 1007 3906 1060 Ma-

2318 1109 2444 1172 lala,
2503 1125 2570 1161 an
2610 1120 2738 1161 cum
2774 1106 2947 1160 altero
2988 1105 3082 1158 illo
3114 1103 3279 1173 cujus
3308 1110 3531 1158 exstant
3558 1103 3906 1171 Chronogra-

2320 1203 2479 1271 pbica
2533 1200 2824 1269 Excerpta.
2882 1198 2940 1253 Si
2999 1198 3181 1268 placet
3230 1205 3611 1266 postremum,
3644 1202 3761 1247 tum
3797 1193 3904 1248 diei

2320 1302 2578 1362 oportet,
2624 1291 3030 1360 Excerptorum
3085 1288 3320 1343 istorum
3390 1287 3723 1356 scriptorem
3782 1293 3906 1354 post

2320 1383 2617 1453 Georgium
2666 1377 3167 1450 Chronographum
3220 1376 3471 1443 vixisse,
3523 1376 3772 1447 adeoque
3804 1376 3908 1430 sub

2324 1478 2557 1544 imperio
2614 1472 2855 1529 lleraclii
2879 1513 2894 1537 ,
2930 1471 3077 1542 quod
3107 1468 3433 1524 viriernditi
3488 1468 3761 1522 hactenus
3792 1480 3908 1521 Sla-

2322 1578 2546 1622 tuerunt
2562 1610 2574 1629 ,
2593 1584 2703 1620 non
2729 1566 3002 1620 ﬂoruisse.
3020 1562 3155 1616 Nam
3175 1576 3437 1631 expresse
3454 1560 3656 1613 asserit
3676 1558 3907 1612 Tzetzes

2324 1662 2591 1715 Cbiliasta
2636 1658 2719 1711 Jo.
2756 1655 3166 1711 Antiochennm
3201 1669 3231 1706 a
3270 1667 3331 1707 se
3380 1660 3746 1706 memoratum
3786 1659 3903 1720 p0st

2324 1752 2619 1819 Georgium
2660 1745 3161 1816 Cbronographum
3211 1740 3583 1813 (Syncellum
3638 1741 3905 1809 intellige,

2322 1843 2402 1895 vel
2434 1840 2811 1895 llamartolum
2839 1836 2856 1905 )
2882 1838 3171 1893 claruisse.
3206 1833 3263 1889 Si
3294 1835 3453 1905 prius
3483 1835 3756 1899 arrident;
3792 1843 3905 1886 ιιιςιι

2321 1936 2463 1989 idem
2506 1937 2613 1989 erit
2649 1934 2945 1989 dicendum
2988 1931 3057 1986 de
3092 1928 3294 1984 Malala
3351 1939 3545 1984 nostro
3577 1946 3588 1981 :
3642 1928 3711 1982 de
3747 1929 3906 1998 cujus

2317 2036 2476 2081 relate
2508 2041 2609 2080 nos
2631 2025 2795 2079 infra.
2834 2024 2939 2077 l’ro
2965 2028 3251 2093 comperto
3277 2030 3364 2076 est
3400 2021 3657 2084 interim,
3688 2033 3796 2073 non
3819 2036 3907 2075 so-

2319 2124 2431 2174 lum
2457 2128 2681 2174 exstare
2695 2118 2837 2187 apud
2855 2113 3355 2185 imp.Constantini
3378 2111 3905 2183 Porphyrogenneti

2317 2198 2662 2267 Collectim-a
2690 2226 2754 2263 ex
2794 2208 2844 2264 J.
2895 2205 3231 2262 Antiocheni
3263 2203 3518 2259 Monachi
3567 2202 3912 2274 Chronogra-

2319 2303 2447 2372 phia
2478 2285 2845 2372 Fragmenta;
2874 2314 3064 2354 verum
3100 2298 3269 2351 etiam
3304 2295 3578 2364 hodieque
3609 2295 3663 2348 in
3709 2294 3907 2348 biblio-

2319 2396 2607 2450 theearum
2660 2392 2887 2447 scriniis
2942 2389 3257 2456 asservari,
3286 2403 3414 2443 cum
3454 2387 3561 2441 alia
3594 2396 3647 2442 et
3679 2388 3908 2441 omnino

2320 2487 2539 2542 diversa
2574 2504 2637 2540 ex
2668 2501 2733 2540 co
2781 2484 3078 2554 Escerpta,
3111 2494 3226 2537 tum
3264 2492 3318 2535 et
3350 2482 3529 2552 ipsam
3568 2481 3698 2535 alibi
3730 2479 3906 2534 Chro-

2322 2581 2680 2652 nographiam
2716 2581 2988 2649 integram
3017 2595 3031 2644 ;
3065 2578 3145 2632 vel
3178 2577 3329 2630 aliud
3372 2576 3567 2629 saltem
3609 2574 3907 2629 arcltn-olo-

2319 2676 2500 2746 gicutn
2536 2690 2672 2744 opus
2699 2672 2898 2726 Joanui
2932 2670 3587 2726 Antiochenotributum.
3620 2670 3665 2722 Α
3692 2668 3906 2723 doctis-

2316 2768 2817 2831 simoAlemanno,
2854 2765 2908 2818 in
2941 2762 3100 2818 Notis
3151 2762 3436 2818 historicis
3487 2760 3557 2815 ad
3608 2760 3907 2814 Historiam

2322 2875 2578 2913 arcanam
2610 2856 2863 2925 Procopii
2892 2896 2906 2919 ,
2946 2853 3307 2921 proferuntur
3358 2851 3672 2921 fragtnenta
3704 2851 3814 2905 duo
3840 2851 3910 2905 de

2321 2952 2454 3021 imp.
2489 2950 2800 3004 Justiniauo
2831 2963 2895 3002 ex
2936 2945 3023 3001 Jo.
3064 2942 3595 3013 Antiocheni(quze
3642 2942 3908 3013 appellat)

2322 3042 2721 3097 Coliectaneis:
2750 3055 2873 3109 qua:
2896 3038 3122 3108 quidem
3161 3037 3383 3092 diversa
3416 3036 3592 3091 fuisse
3630 3033 3770 3090 alo.
3797 3037 3910 3088 An-

632 3126 991 3196 nographiam
1026 3125 1093 3181 de
1125 3125 1336 3181 eisdem
1370 3126 1529 3195 plane
1561 3141 1686 3181 eum
1720 3125 2014 3181 Malaliana
2052 3129 2211 3182 l'abu-
2244 3148 2286 3204 ρ
2318 3134 2561 3191 tioebeni
2602 3131 2976 3186 Collectaneis
3014 3128 3500 3185 Constantiniani:
3531 3142 3657 3180 rum
3695 3127 3750 3180 in
3799 3127 3911 3181 illis

634 3217 767 3270 losis
796 3216 959 3271 rebus
1001 3216 1315 3271 tractasse?
1370 3216 1533 3271 Hisce
1584 3216 1813 3287 insuper
1866 3218 2040 3283 addo,
2078 3219 2214 3273 mihi

631 3326 755 3366 esse
783 3311 1311 3381 exploratissimttm,
1331 3312 1463 3364 nihil
1484 3309 1630 3365 aliud
1654 3327 1777 3367 esse
1793 3311 2022 3367 Joannis
2043 3316 2213 3368 nostri

632 3403 1378 3473 Malala:Chronograpbiam
1412 3420 1575 3473 quam
1604 3420 1669 3457 ex
1714 3404 1842 3460 aliis
1894 3405 2217 3460 auctoribus

633 3498 951 3564 decerptam
998 3508 1181 3549 rerum
1224 3492 1600 3565 farraginem:
1642 3496 1819 3561 solere
1869 3510 1994 3550 eum
2029 3498 2220 3552 verba-

633 3588 732 3644 tim
762 3604 826 3642 cx
851 3587 980 3643 aliis
1018 3587 1413 3653 transeriberu,
1447 3596 1498 3641 ct
1534 3597 1792 3645 auctores
1819 3591 1984 3644 etiam
2007 3590 2076 3645 ab
2110 3591 2219 3645 illis

636 3682 863 3746 citatos,
897 3682 1056 3750 quasi
1091 3680 1208 3751 ipse
1231 3682 1479 3753 legisset,
1506 3682 1704 3737 citare.
1732 3680 1875 3748 Quid
1904 3683 2090 3752 itaque
2117 3683 2219 3737 lni-

641 3788 762 3823 rmn
795 3772 837 3825 si
877 3770 1152 3838 praedicnt.-
1196 3770 1559 3827 Narrationes
1596 3772 1651 3825 in
1704 3762 1800 3826 illo
1854 3773 2218 3842 reperiantur,

638 3866 769 3921 licet
801 3880 865 3917 ex
916 3863 1024 3917 alio
1064 3863 1250 3933 aliquo
1294 3863 1568 3933 scriptore
1627 3864 1810 3917 citata:
1861 3863 2038 3919 sunt?
2082 3863 2223 3931 Quo-

641 3956 824 4008 minus
854 3963 1037 4010 autem
1069 3956 1381 4010 existimem
1427 3940 1580 4008 illum
1628 3969 1656 4007 a
1688 3954 2056 4024 scriptoribus
2079 3970 2222 4025 prte-

640 4043 807 4097 ilirtis
843 4042 1093 4112 intelligi,
1135 4042 1186 4095 id
1219 4050 1367 4095 certe
1402 4042 1609 4107 obstat,
1637 4040 1781 4111 quod
1814 4041 2033 4097 videtur
2067 4043 2224 4097 colli-

641 4133 879 4201 gendum
942 4150 1005 4187 ex
1041 4134 1173 4203 imp.
1210 4132 1562 4188 Constantini
1620 4133 1827 4205 Porph.
1858 4134 2224 4190 Collectaneis

642 4227 811 4278 toties
839 4225 1095 4290 laudatis,
1125 4242 1229 4277 nou
1265 4225 1490 4278 solitum
1516 4240 1638 4280 eum
1662 4222 1832 4281 fuisse
1860 4226 1964 4282 sub
1990 4227 2224 4296 simplici

641 4317 1007 4387 appellatione
1027 4314 1260 4372 Joannis
1289 4317 1619 4372 Antioclieni
1644 4319 2103 4386 commemorari;
2131 4321 2226 4374 sed

643 4413 711 4462 ab
741 4410 921 4463 altero
953 4409 1043 4463 illo
1089 4424 1185 4479 per
1227 4426 1387 4464 suum
1424 4425 1732 4479 cognomen
1779 4410 1994 4481 seiungi
2056 4412 2227 4468 fuisse

2318 3229 2385 3283 de
2410 3223 2727 3280 Justiniano
2752 3222 2890 3276 nihil
2924 3220 3227 3292 quidquam
3267 3220 3500 3289 legatur,
3536 3232 3765 3273 necesse
3803 3226 3909 3272 est.

2319 3321 2375 3375 In
2407 3316 2687 3372 volumine
2741 3313 2935 3368 Grateo
2977 3330 3081 3368 ms.
3141 3298 3495 3368 bibliotheca
3528 3311 3711 3381 Regia
3756 3309 3909 3365 Pari-

2325 3411 2463 3465 sitne
2485 3423 2637 3463 num.
2679 3405 2844 3469 22w,
2885 3406 3034 3461 inter
3061 3405 3246 3460 varios
3282 3411 3558 3459 tractatus
3585 3403 3790 3458 diversi
3820 3417 3911 3457 ar-

2322 3503 2563 3575 gumenti
2583 3511 2878 3556 occurrunt
2902 3497 3172 3569 Excerpta
3190 3513 3253 3554 ex
3280 3497 3368 3552 Jo.
3386 3497 3721 3552 Antiocheni
3742 3496 3917 3551 Chro-

2324 3596 2492 3649 nico:
2558 3595 2610 3647 iul
2659 3590 2809 3661 quod
2868 3592 3152 3660 colligitur
3205 3605 3269 3644 ex
3316 3587 3506 3643 Indice
3567 3595 3912 3641 tractatuum

2323 3688 2472 3742 illius
2508 3684 2830 3750 voluminis,
2858 3683 2951 3752 qui
2984 3682 3219 3737 habetur
3246 3679 3438 3736 Greece
3471 3683 3615 3734 inter
3652 3680 3912 3750 Stephani

2324 3783 2401 3837 Le
2424 3780 2616 3852 Muyne
2662 3779 2828 3833 Varia
2855 3793 3035 3841 sacra,
3072 3777 3176 3831 sub
3231 3775 3395 3831 titulo
3437 3774 3639 3840 Indicis
3694 3776 3914 3827 Antonii

2329 3876 2560 3947 Epurclii
2586 3872 2923 3945 (Corcyrmi)
2951 3873 3135 3941 legati,
3165 3886 3231 3925 ex
3258 3870 3424 3938 cujus
3454 3857 3603 3924 dono
3632 3870 3781 3922 circa
3811 3883 3915 3922 me-

2326 3971 2473 4025 dium
2499 3969 2684 4023 saeculi
2722 3956 2983 4036 praeteriti
3020 3966 3072 4017 in
3105 3964 3486 4019 illustrissimo
3522 3962 3615 4015 illo
3646 3962 3913 4014 librorum

2329 4077 2464 4115 mss.
2496 4057 2909 4128 Gazophylaeio
2949 4056 3206 4110 volumen
3264 4054 3402 4108 illud
3459 4054 3759 4121 repositum
3807 4061 3910 4104 est.

2332 4154 2384 4207 lu
2431 4154 2523 4206 illo
2553 4152 2732 4204 indice
2773 4166 2926 4203 num.
2968 4148 3058 4211 79,
3101 4148 3179 4203 sic
3215 4147 3457 4216 legitur:
3505 4144 3751 4201 Ἰωάννου
3809 4145 3919 4196 ’Ᾱνο

2330 4245 2554 4314 τιοχέως
2582 4242 2692 4296 ἀπὸ
2746 4240 2840 4294 τοῦ
2892 4240 3148 4311 χρονικοῦ
3198 4239 3364 4294 αὑτοῦ
3412 4240 3794 4305 συντάγματος
3826 4238 3917 4289 ἀπ’

2332 4337 2504 4406 ἀρχῆς
2541 4335 2771 4396 κτίσεως
2805 4334 3035 4401 κόσμου.
3072 4331 3165 4386 Jo.
3216 4332 3525 4384 Antiocheni
3561 4330 3805 4398 qua'dunt
3856 4344 3921 4381 ex?

2336 4424 2531 4496 [sxvnl
2566 4425 2714 4478 illius
2758 4424 3023 4479 Chronico
3052 4426 3191 4493 quod
3217 4423 3403 4491 incipit
3424 4439 3455 4475 α
3480 4422 3740 4490 principio
3769 4437 3919 4474 crea-

643 4511 994 4557 consuelntn.
1046 4504 1271 4557 Accedit
1304 4501 1454 4573 quod
1503 4512 1553 4556 et
1596 4503 1714 4576 ipse
1762 4500 1851 4558 J0.
1908 4503 2136 4560 'l'zetzes
2172 4505 2227 4559 in
2262 4485 2304 4539 θ

2262 4485 2304 4539 D
2335 4520 2490 4571 tionis
2546 4514 2749 4570 mundi.
2808 4514 3194 4570 Memorantur
3238 4512 3509 4580 Excerpta
3542 4511 3734 4567 eadem
3775 4513 3916 4578 apud

645 4596 755 4647 alio
793 4594 913 4648 loco
951 4594 1123 4663 (cbil.
1163 4595 1218 4658 ὅ,
1252 4592 1383 4648 hist.
1423 4593 1556 4663 £9),
1596 4596 1686 4648 ubi
1724 4611 1847 4650 eum
1894 4611 2229 4652 commemo-

646 4696 749 4749 rat,
789 4702 893 4740 nou
932 4686 1087 4740 illum
1120 4687 1354 4756 appellet
1386 4686 2103 4755 JoannemAntiocheuum,
2135 4692 2230 4745 sed

645 4778 911 4833 Joannem
943 4776 1093 4852 [uri
1114 4782 1130 4849 J
1154 4778 1423 4841 MCJl'JL'm,
1453 4781 1645 4833 eodem
1676 4795 1907 4849 prorsus
1930 4784 2092 4837 modo
2123 4799 2232 4853 quo

647 4871 715 4923 ab
748 4870 881 4940 imp.
911 4871 1283 4940 Constantino
1316 4872 1602 4940 prn‘eitalo
1650 4871 1971 4924 nominatur
2025 4871 2232 4941 simpli-

648 4964 790 5019 citer
840 4961 1085 5018 Joannes
1150 4959 1367 5016 Malala.
1415 4960 1509 5016 llis
1559 4961 1717 5023 adde,
1756 4962 1905 5032 quod
1942 4978 2067 5017 cum
2105 4979 2232 5018 eum

649 5054 875 5110 Tchzes
899 5063 1322 5117 commemorat,
1359 5053 1694 5110 mentionem
1721 5052 1789 5109 de
1821 5055 1915 5109 illo
1944 5054 2127 5111 facere
2152 5057 2229 5111 vi.

649 5148 848 5202 deatur
906 5156 1162 5215 tanquam
1191 5144 1258 5199 de
1285 5155 1511 5201 auctore
1548 5161 1579 5199 a
1616 5162 1676 5200 se
1725 5162 1833 5200 non
1870 5157 1996 5202 ante
2030 5164 2235 5203 memo-

2334 4610 2597 4662 Analecta
2632 4622 2699 4663 ex
2726 4608 2975 4676 ejusdem
3030 4606 3386 4660 bibliotheca:
3433 4604 3721 4671 Catalogis
3772 4603 3915 4657 Lab-

2335 4702 2524 4755 bteana
2552 4718 2565 4767 ;
2602 4713 2654 4755 et
2688 4703 2755 4755 ab
2785 4700 3171 4754 eruditissimo
3212 4698 3526 4756 Dul'resnio.
3560 4699 3615 4751 in
3649 4694 3805 4749 Notis
3855 4697 3918 4747 :ul

2334 4790 2630 4846 (ἶΙινυηὶι-υιι
2681 4793 2865 4860 (quod
2920 4790 3219 4859 insertbit)
3272 4787 3568 4851 I’ascltale,
3621 4786 3918 4853 al.qnuties

2337 4882 2652 4935 laudantur.
2694 4880 2771 4933 Ex
2801 4881 2958 4946 cujus
2992 4878 3215 4947 quidem
3243 4878 3625 4937 eitationibus,
3662 4892 3782 4945 qum
3824 4895 3920 4927 au-

2342 4974 2514 5025 ctoris
2550 4972 2809 5025 exhibent
2852 4971 3044 5032 verba,
3076 4953 3679 5039 deprehenditur,eum
3701 4968 3919 5021 diversa

2344 5076 2467 5117 esse
2505 5060 2776 5131 Excerpia
2815 5061 2923 5114 ista
2952 5060 3022 5113 ab
3059 5057 3353 5129 Excerptis
3405 5059 3747 5129 supradictis
3775 5055 3922 5111 Con-

2345 5154 2725 5216 slantinianis,
2763 5163 2877 5207 tum
2927 5152 3094 5205 etiam
3132 5150 3635 5222 chronographiam
3699 5149 3859 5203 istam
3892 5166 3920 5200 ιι

2175 5229 2402 5301 Non;

728 5377 839 5446 (ιτ)
889 5375 944 5429 ιιι
996 5377 1273 5443 exemptis
1328 5377 1434 5429 illis
1492 5377 1721 5430 habetur
1765 5376 2022 5445 periculus
2082 5379 2218 5433 bene

657 5465 853 5518 magna
880 5448 1174 5501 de'l'niide
1205 5448 1235 5499 'l
1257 5449 1465 5514 rojnnn.
1500 5452 1549 5500 in
1580 5466 1684 5515 qua
1738 5459 1919 5500 lnttn-n
1970 5451 2105 5501 nihil
2137 5470 2229 5502 uc-

656 5522 830 5571 curtil
853 5520 919 5572 de
955 5520 1098 5572 illius
1129 5519 1319 5570 Libelli
1359 5522 1409 5572 in
1448 5519 1675 5571 Veneris
1712 5520 2033 5571 i'InCoutiutn
2085 5521 2225 5571 srri-

658 5590 861 5658 ptione,
891 5590 955 5642 de
976 5605 1075 5657 qua
1104 5592 1296 5657 allegat
1324 5590 1405 5641 Jo.
1434 5591 1833 5643 Antiochenam
1855 5590 1937 5641 .lu.
1964 5590 2230 5644 'l'tetzes:

656 5662 749 5712 sed
808 5660 916 5712 dici
972 5666 1038 5711 ad
1087 5660 1185 5711 hoc.
1222 5673 1420 5728 poteSI.
1462 5665 1637 5713 solere
1698 5663 1749 5711 in
1793 5662 1900 5713 illis
1954 5664 2230 5729 t-xcetptis

654 5730 1072 5785 Coosiantiunm
1129 5729 1323 5798 l‘orph.
1361 5747 1465 5783 non
1504 5748 1682 5784 omnia
1714 5745 1831 5798 qua:
1876 5733 2047 5798 ipsius
2099 5751 2231 5784 anc-

657 5811 802 5858 tores
831 5802 883 5856 in
915 5802 1145 5873 singulis
1170 5804 1584 5857 ttati'utiouzbns
1614 5816 1885 5870 scripsere
1919 5805 1982 5857 ad
2013 5807 2232 5856 \Pt'bttln

2338 5381 2616 5439 exhibere.
2654 5383 2746 5435 sed
2774 5398 2965 5435 eorum
2993 5381 3381 5435 euarrationes
3413 5375 3743 5429 contrahere
3774 5382 3826 5426 et
3857 5389 3920 5425 ex

2342 5453 2451 5504 illis
2484 5470 2582 5521 pro
2623 5454 2781 5507 libitu
2843 5456 3104 5505 nonnulla
3145 5450 3375 5521 elidere.
3405 5448 3537 5521 Vide
3591 5458 3770 5521 tamen
3803 5459 3925 5521 qu;._e

2343 5512 2584 5577 «liximns
2636 5525 2691 5576 in
2741 5524 2987 5575 ltiatriba
3048 5532 3240 5576 nostra
3300 5519 3371 5572 De
3418 5518 3669 5584 scriptor.
3725 5512 3923 5569 Grtccis

2344 5595 2541 5651 rariis.
2592 5612 2712 5663 cap.
2783 5596 2834 5657 1,
2868 5594 2955 5646 ubi
2990 5594 3057 5647 de
3108 5592 3453 5645 Antiochcno
3492 5590 3751 5657 eltronog.
3813 5602 3928 5637 ιιιυο

2346 5666 2541 5716 nat-Im.

2433 5737 2542 5791 ιιδι
2600 5732 2672 5786 De
2727 5734 2965 5793 (Zerropc
3019 5738 3107 5788 su.
3165 5732 3413 5789 Palladio
3456 5730 3570 5793 ιῦἷ,
3635 5729 3926 5795 (ζὶεοιιιιιη

2343 5804 2467 5864 980,
2493 5816 2597 5859 etc.
2639 5804 2875 5859 l’cnthco
2911 5804 2992 5857 ξιι.
3026 5804 3237 5859 l’aridis
3270 5806 3422 5858 librzs
3447 5803 3561 5859 liii.
