4256 6452
330 367 399 431 25
1383 378 1949 442 PROLEGOMENA
1992 383 2092 444 AD
2129 384 2517 445 Il'IALALAM.
3186 345 3194 359 θ’
3516 386 3596 451 ea
3680 374 3683 375 ί

321 490 511 539 nostra
535 479 826 536 Malaliana
850 481 1023 538 fuisse
1051 482 1348 539 diversam.
1388 488 1431 538 A
1460 486 1675 541 clariss.
1697 486 1909 541 Salma-
1939 495 1979 547 Α
2010 488 2095 545 .Ιι›.
2130 493 2461 547 Antiochcni
2492 492 2655 561 cujus
2705 498 2927 550 exstant
2964 495 3238 565 Excerpta
3272 494 3416 565 apud
3447 494 3589 550 Par.

323 576 431 641 sio,
461 575 515 629 in
551 573 706 629 Notis
740 574 806 628 ad
856 576 1168 646 scriptores
1203 576 1462 631 Historiae
1504 578 1794 647 Augustm,
1824 567 1905 632 et

325 668 381 722 in
412 665 680 720 Plinianis
718 666 1230 723 Exercitationibus
1261 669 1317 722 in
1345 668 1625 734 Solinum,
1657 678 1713 721 ct
1747 670 1903 722 simi-

324 760 451 815 iiter
478 774 505 811 a
549 747 737 812 Leone
767 758 975 813 Allatio
1006 760 1061 813 in
1102 759 1262 816 Nolis
1291 761 1359 814 ad
1398 760 1677 815 Eustatltii
1712 760 1905 814 Antio.

321 852 482 907 cheni
513 848 925 915 Hexaemeron,
961 852 1652 923 producunturcomplura
1688 855 1803 907 loca
1836 870 1900 907 ex

220 980 227 986 η
319 941 405 998 Jn.
436 941 783 996 Antiocheno
810 942 967 1011 (sive
1001 944 1406 1014 Antiochensi)
1444 947 1576 999 [le-1
1615 946 1905 1016 ἀρχαιολο-

321 1035 466 1103 γίας·
512 1035 616 1090 hoc
652 1049 875 1113 quoque
916 1037 1199 1091 diversum
1238 1037 1411 1092 fuisse
1459 1053 1489 1091 a
1522 1036 1755 1092 Joannis
1799 1055 1903 1092 no.

322 1129 425 1181 sui
466 1125 672 1180 Malalze
711 1114 1201 1197 Chr0n0graphia,
1258 1128 1513 1197 quamvis
1557 1138 1610 1181 et
1646 1128 1736 1182 illa
1768 1129 1904 1198 Περὶ

320 1220 707 1288 ἀρχαιολογίας
742 1236 852 1274 non
891 1220 1194 1289 improprie
1236 1220 1411 1289 possit
1453 1219 1720 1284 inscribi,
1782 1234 1905 1287 qua:

319 1327 385 1364 ex
418 1327 484 1365 eo
520 1312 575 1366 in
610 1312 855 1367 medium
887 1310 1220 1374 afferuntur,
1251 1311 1603 1365 manifestum
1629 1309 1900 1364 redditur.

324 1401 391 1457 Ut
425 1404 654 1457 omnino
692 1403 960 1458 fallantur
981 1403 1185 1457 eruditi
1220 1402 1299 1456 illi
1328 1403 1453 1462 viri,
1486 1404 1581 1470 qui
1620 1403 1901 1470 integrum

320 1511 460 1563 opus
512 1494 750 1550 Joannis
783 1497 964 1550 nostri
1009 1479 1221 1549 Malal'ae
1279 1496 1333 1548 in
1380 1493 1557 1548 Gallia
1594 1496 1899 1549 etiamnum

320 1588 530 1640 servari
564 1587 655 1657 (id
688 1587 836 1640 enim
886 1588 955 1640 ab
987 1587 1274 1655 aliquibus
1305 1576 1527 1657 accepi)
1560 1587 1901 1643 docuerunt.

318 1680 376 1731 Id
414 1678 526 1732 illis
573 1677 722 1731 haud
775 1674 946 1732 dobio
1006 1676 1186 1731 fraudi
1222 1684 1363 1741 erat,
1424 1677 1508 1730 vel
1574 1677 1717 1746 quod
1764 1693 1901 1746 opus

316 1770 454 1841 Περὶ
485 1771 876 1841 ἀρχαιολογίας
914 1786 1041 1825 cum
1090 1769 1377 1824 Chronico
1426 1768 1719 1823 Malaliano
1758 1770 1899 1823 idem

2007 582 2509 651 phyrogennctum,
2566 584 2662 637 sed
2711 586 2897 653 ipsum
2934 585 2988 640 id
3038 600 3179 654 opus
3215 601 3243 639 a
3276 586 3343 641 G.
3373 586 3587 642 Codino

2005 686 2058 728 et
2099 673 2297 729 Tzetze
2342 684 2583 746 utroque
2637 675 2813 731 fuisse
2851 677 3201 748 designatum
3260 679 3351 733 ubi
3411 679 3587 734 citant

2005 764 2090 821 Jo.
2125 766 2553 823 Antiochenum.
2595 769 2693 823 Sin
2738 769 2886 823 idem
2923 768 3099 825 fuisse
3131 770 3312 841 (quod
3353 771 3586 827 ιιιιιιιίιιο

2005 860 2361 921 crediderim)
2412 860 2799 917 evolventibus
2853 873 3134 933 appareat.
3186 880 3252 916 ex
3298 864 3407 918 illis
3444 864 3585 919 locis

2005 966 2130 1020 quae
2156 967 2219 1007 ex
2254 968 2319 1007 eo
2343 951 2625 1006 adducunt
2654 953 2963 1029 Salmasius
2996 961 3053 1008 et
3080 954 3336 1016 Allatius,
3362 955 3412 1008 id
3443 954 3583 1007 ulte-

2007 1045 2127 1098 rius
2168 1056 2223 1099 et
2254 1046 2465 1099 clarius
2503 1054 2812 1109 astruetnr,
2864 1046 3009 1115 quod
3067 1048 3582 1115 supra-posuimus,

2004 1134 2089 1192 Jo.
2122 1137 2526 1191 Antiochenutn
2559 1135 2885 1191 Monachum
2918 1144 2974 1192 et
3016 1136 3287 1192 Joannem
3321 1146 3577 1191 nostrum

2007 1230 2262 1283 Malalam
2285 1230 2337 1282 in
2360 1229 2566 1285 eisdem
2584 1229 3025 1283 narratiunculis
3048 1229 3228 1284 solere
3248 1216 3579 1292 concinere;

1963 1343 1967 1348 ν
2003 1332 2058 1375 et
2112 1322 2236 1375 ideo
2273 1322 2410 1375 nihil
2454 1336 2762 1390 repugnare
2793 1322 3095 1388 quominus
3150 1333 3277 1373 cum
3312 1318 3579 1373 Monaclto

2006 1412 2152 1466 idem
2178 1423 2326 1467 esset
2355 1410 2599 1465 Joannes
2625 1413 2719 1467 ille
2752 1412 3146 1465 Antiochenus
3179 1411 3272 1479 qui
3305 1424 3335 1463 a
3360 1408 3581 1466 Tzetzis

2006 1503 2273 1558 fratribus
2325 1499 2601 1562 laudatur.
2634 1502 2890 1571 quamvis
2933 1501 3289 1570 reperiantur
3318 1502 3461 1568 apud
3493 1501 3581 1570 ip-

2005 1609 2125 1649 sum
2162 1595 2408 1647 Malalam
2443 1609 2530 1647 res
2557 1595 2661 1646 ill-.e
2680 1609 2781 1663 pro
2808 1593 3017 1663 quibus
3066 1592 3293 1644 citatur.
3330 1591 3370 1643 Α
3397 1590 3583 1645 Leone

2006 1685 2208 1739 Allatio
2242 1686 2319 1750 (in
2347 1686 2506 1739 Eust.
2534 1682 2797 1738 Hexaem.
2829 1699 2881 1752 p.
2922 1681 3031 1737 300
3053 1691 3109 1736 et
3135 1683 3261 1752 305)
3280 1698 3343 1735 ex
3361 1680 3450 1735 Jo.
3470 1683 3585 1734 An-

2010 1766 2266 1831 tiocheno
2306 1777 2441 1843 Περὶ
2486 1775 2895 1846 ἀρχαιολογίας,
2961 1774 3105 1828 inter
3152 1774 3282 1837 alia,
3340 1773 3584 1826 citantur

311 1878 442 1916 esse
478 1863 823 1931 putaverint,
858 1862 942 1916 vel
975 1860 1121 1929 quod
1164 1847 1256 1913 illa
1290 1860 1584 1928 Excerpta,
1648 1875 1769 1930 qua:
1797 1875 1899 1914 ex-
1934 1843 1974 1897 Β
2005 1868 2146 1931 loca,
2178 1865 2248 1920 de
2276 1843 2822 1933 Hesiodovquodam,
2856 1862 3002 1931 quod
3035 1862 3260 1916 (ἕτερος
3293 1858 3585 1913 edocuerit

314 1961 464 2006 stant
505 1953 559 2006 in
620 1953 815 2008 codice
875 1954 1019 2022 regis
1062 1950 1393 2021 Galliarum,
1437 1966 1577 2019 Opus
1618 1952 1897 2021 integrum

317 2044 513 2108 fuisse,
569 2054 621 2099 et
660 2046 837 2100 nostri
881 2044 1151 2105 auctoris,
1186 2043 1547 2099 crediderint.
1590 2043 1698 2099 Pro
1744 2054 1899 2099 certo

314 2138 635 2191 mehercule
681 2138 789 2193 hoc
828 2146 1069 2200 constat,
1124 2153 1193 2191 ne
1226 2138 1328 2208 ipsi
1363 2136 1647 2192 Gallorum
1681 2137 1895 2191 doctis-

318 2232 479 2295 simo,
514 2231 820 2299 percelebri
858 2232 936 2284 illi
967 2229 1283 2292 Dufresnio,
1315 2228 1393 2299 τῷ
1432 2230 1802 2302 χαλκεντέρῳ,
1842 2231 1896 2283 in

318 2338 515 2377 manus
540 2340 781 2393 unquam
818 2323 1042 2377 venisse
1071 2321 1305 2375 Joannis
1340 2322 1520 2375 nostri
1545 2321 1898 2386 Clironiron;

318 2416 413 2483 qui
447 2422 632 2468 tamen
683 2416 923 2469 fortasse
979 2417 1032 2467 in
1090 2414 1250 2468 codd.
1290 2413 1502 2468 Graecis
1557 2429 1692 2468 mss.
1732 2429 1898 2483 supra

316 2520 507 2561 omnes
545 2507 709 2576 hujus
757 2507 856 2561 aevi
893 2502 1163 2561 mortales
1194 2517 1445 2561 versatus
1479 2514 1591 2561 est.
1623 2505 1896 2560 Joannem

318 2596 571 2650 Malalam
622 2597 1071 2666 quotiescunque
1129 2598 1176 2651 is
1223 2604 1621 2651 commemorat
1659 2596 1741 2666 (ut
1766 2597 1902 2650 citat

314 2688 537 2758 quidem
569 2689 867 2757 aliquoties
900 2689 953 2741 in
988 2686 1147 2761 Notis
1180 2687 1247 2741 ad
1281 2687 1581 2741 Clironicon
1616 2686 1894 2753 Post/tale,

316 2789 373 2835 et
401 2779 633 2833 Annales
664 2777 898 2834 Joannis
929 2779 1181 2841 Zonarte,
1211 2788 1264 2832 et
1292 2779 1345 2833 in
1390 2777 1586 2833 Media:
1613 2790 1660 2833 et
1699 2780 1899 2847 inﬁma:

315 2870 614 2926 ercitatis
656 2870 986 2941 Glossario),
1029 2871 1350 2925 testimonia
1383 2873 1504 2941 ejus
1534 2870 1761 2925 aliunde
1789 2885 1899 2925 non

319 2962 616 3031 depromit,
649 2978 815 3032 quam
866 2978 933 3017 ex
992 2963 1117 3017 aliis
1148 2964 1543 3032 scriptoribus,
1583 2963 1675 3033 qni
1707 2977 1899 3016 exem-

314 3053 437 3124 plar
481 3066 735 3108 nostrum
777 3052 1096 3109 Oxoniense
1129 3056 1482 3118 evolverant,
1511 3064 1570 3109 et
1603 3039 1730 3109 inde
1761 3071 1900 3107 non-

312 3144 463 3198 nulla
497 3154 895 3215 excerpserant
931 3163 943 3198 :
979 3145 1128 3215 quod
1166 3147 1282 3217 ipse
1317 3146 1371 3199 in
1423 3147 1704 3215 aliquibus
1761 3146 1897 3199 locis

314 3243 507 3303 aperte
537 3234 849 3303 proﬁtetur.
890 3232 1087 3289 Utrum
1121 3251 1263 3304 opus
1298 3235 1621 3304 pt'tcdictum
1669 3234 1897 3289 Joannis

308 3328 645 3383 Antiocheni
679 3328 817 3399 Περὶ
838 3328 1226 3399 ἀρχαιολογίας
1255 3329 1327 3382 sit
1370 3328 1517 3382 idem
1548 3344 1674 3382 cum
1717 3328 1895 3382 Chro-

308 3421 439 3474 nico
471 3422 643 3475 toties
667 3428 995 3485 memorato,
1023 3420 1180 3486 cujus
1223 3421 1366 3490 apud
1398 3419 1751 3474 Constantini
1773 3418 1898 3473 Col-

309 3512 557 3567 lectanea
592 3512 707 3582 jam
738 3522 959 3568 exstant
989 3512 1288 3582 Excerpta.
1328 3513 1363 3566 ii
1402 3515 1598 3566 melius
1636 3521 1897 3582 poterunt

305 3602 584 3671 judicare,
618 3603 827 3672 quibus
874 3602 1041 3658 datur
1092 3602 1334 3658 facultas
1371 3618 1495 3656 cum
1556 3602 1709 3657 hisce
1763 3602 1893 3655 illud

310 3693 655 3749 conferendi.
693 3694 788 3748 Est
830 3694 1055 3747 interim
1089 3693 1389 3747 admodum
1432 3693 1729 3747 verisimile
1769 3709 1782 3747 :
1816 3694 1898 3746 sic

307 3786 459 3841 enim
483 3772 758 3855 Josephus
786 3785 1085 3839 Historiam
1113 3800 1269 3840 suam
1289 3782 1601 3848 Judaicam,
1625 3792 1679 3837 et
1700 3783 1899 3854 Diony-

309 3878 429 3932 sius
452 3876 966 3932 Halicarnassensis
980 3891 1122 3945 opus
1140 3890 1301 3930 suum
1336 3874 1594 3929 Historia:
1617 3860 1891 3938 Romanae,

308 3968 703 4039 ἀρχαιολογίαν
760 3968 1211 4037 inscripserunt;
1259 3984 1494 4036 quorum
1532 3968 1895 4035 posteriorem

309 4060 412 4116 sub
444 4059 626 4124 titulo,
651 4058 898 4128 Dionysii
927 4060 1060 4129 Περὶ
1090 4058 1504 4129 ἀρχαιολογίας,
1541 4058 1772 4131 [xxvm]
1800 4074 1897 4112 eo-

307 4144 431 4207 dem
505 4139 667 4205 modo
726 4151 797 4205 ab
851 4148 1428 4219 eodem‘Salmasio,
1494 4150 1548 4203 in
1602 4149 1762 4203 Notis
1828 4150 1894 4202 ad

310 4243 618 4312 scriptorcs
687 4247 1010 4312 Augustos,
1068 4241 1302 4296 citatum
1372 4241 1574 4310 legisse
1647 4241 1893 4295 ntetnini.

306 4336 499 4407 Neque
529 4337 642 4407 agit
676 4334 729 4389 id
759 4350 900 4403 opus
955 4332 1090 4403 Περὶ
1141 4333 1535 4403 ἀρχαιολογίας
1597 4333 1664 4386 de
1726 4334 1897 4386 re.th

308 4429 488 4482 solum
525 4426 926 4480 vetustioribus
982 4433 1036 4478 et
1086 4426 1185 4478 :cvi
1238 4424 1497 4490 fabulosi,
1553 4426 1649 4478 sed
1702 4434 1754 4478 et
1814 4440 1898 4479 re-

310 4536 431 4574 rum
492 4519 869 4574 recentiorum
912 4517 1243 4581 historiam,
1295 4526 1348 4570 et
1411 4518 1659 4586 ipsormn
1722 4532 1893 4585 unpe-

308 4622 558 4667 ratorum
622 4612 1005 4666 Romanorum
1084 4623 1237 4683 gesta
1307 4610 1719 4681 complectitur.
1776 4611 1891 4662 Hoc

306 4709 574 4760 evincunt
622 4704 899 4773 Excerpta
939 4705 1071 4766 ista,
1110 4718 1233 4773 qua:
1269 4703 1414 4772 apud
1451 4699 1801 4762 Salmasium,
1836 4700 1890 4751 in

306 4799 468 4853 Notis
505 4798 808 4853 novissime
834 4798 1046 4861 citatis,
1086 4813 1153 4850 ex
1190 4812 1255 4851 eo
1286 4795 1686 4867 proferuntur;
1721 4794 1887 4847 nimi-

306 4905 431 4945 rum
462 4890 532 4945 de
570 4895 754 4944 morte
787 4889 921 4959 imp.
954 4888 1179 4941 Adriani
1217 4890 1297 4957 (ι.
1336 4886 1377 4949 l,
1418 4903 1470 4955 p.
1507 4885 1659 4954 £80),
1700 4895 1753 4939 et
1807 4885 1893 4936 in-

228 5054 233 5057 ‘
307 4985 454 5055 signi
527 4983 817 5037 mausoleo
876 4983 930 5036 in
985 4982 1252 5036 honorem
1318 4979 1467 5033 illius
1536 4984 1773 5040 erecto;
1821 4976 1891 5029 de

308 5078 379 5131 Μ.
401 5076 686 5132 Antonino
708 5077 788 5144 (p.
814 5075 965 5147 554),
989 5075 1156 5144 quod,
1181 5073 1382 5127 mrario
1409 5072 1648 5127 inbellis
1670 5063 1889 5125 exhau-

308 5180 418 5238 sto,
453 5179 914 5223 ornamentorum
942 5168 1314 5234 imperialium
1338 5168 1653 5220 auctionem
1690 5166 1740 5218 in
1766 5164 1889 5218 foro

308 5264 543 5328 fecerit;
590 5262 658 5315 de
698 5259 1019 5317 Numeriani
1059 5261 1193 5331 imp.
1230 5261 1308 5332 (t.
1348 5260 1412 5327 ll,
1448 5278 1499 5330 p.
1540 5261 1663 5328 79l)
1717 5276 1891 5314 came-

307 5357 528 5411 catione
558 5364 613 5409 et
645 5354 869 5408 interitu
899 5371 912 5419 ;
943 5356 1117 5423 deque
1140 5353 1327 5406 Carini
1367 5357 1381 5422 (
1410 5370 1461 5424 p.
1499 5353 1625 5421 795)
1685 5352 1888 5420 insigni

307 5447 654 5509 crudelitate,
691 5445 838 5516 quod
877 5462 994 5506 eos,
1038 5447 1129 5513 qui
1181 5461 1413 5513 puerum
1449 5446 1578 5497 olim
1612 5444 1766 5511 pueri
1804 5444 1890 5496 lu-

309 5540 519 5595 sissent
557 5555 622 5591 ac
666 5539 1018 5604 derisisscnt,
1065 5539 1368 5607 imperator
1405 5538 1517 5607 jam
1572 5538 1750 5589 fartus
1784 5553 1888 5589 non

309 5631 584 5685 dimiserit
613 5631 837 5684 inultos.

385 5719 471 5774 Vl.
522 5721 579 5775 Si
616 5721 765 5775 aliud
815 5730 869 5774 rt
931 5723 1214 5776 diversum
1276 5722 1444 5775 luisse
1488 5722 1888 5791 eotnperialur,
1940 5785 1947 5790 ,

318 5822 430 5866 tum
473 5810 630 5865 locus
671 5810 770 5864 erit
819 5810 1151 5881 suspicioni,
1212 5828 1321 5863 non
1376 5810 1695 5864 Uill'tilliCUII
1751 5809 1881 5865 illud

2003 1965 2251 2025 litteras;
2301 1968 2355 2016 et
2408 1961 2478 2015 de
2523 1959 2877 2029 expositione
2938 1957 3139 2013 fabula:
3192 1972 3358 2025 super
3395 1954 3581 2032 Endy-
3668 1980 3673 1986 ο

2003 2054 2208 2117 mione,
2246 2051 2393 2122 quod
2430 2066 2527 2121 per
2585 2051 2847 2122 mysticae
2917 2050 3185 2120 quasdam
3228 2049 3513 2102 orationes
3549 2063 3581 2102 a
3635 2041 3640 2047 ’

2004 2143 2131 2196 luna
2173 2156 2376 2195 nomen
2412 2141 2505 2195 Dei
2539 2140 2831 2195 addiscere
2859 2138 3120 2203 voluerit,
3151 2138 3412 2209 quodque
3446 2138 3579 2189 illud

2004 2250 2099 2304 per
2127 2234 2406 2289 somnium
2435 2234 2669 2287 edoctus
2701 2246 2808 2286 non
2839 2232 3074 2300 amplius
3092 2242 3177 2285 est
3200 2238 3577 2299 experrectus.

2000 2329 2134 2392 Quae
2170 2326 2345 2379 ambae
2398 2325 2751 2377 narrationes
2809 2323 2952 2391 apud
2991 2321 3245 2375 Malalam
3291 2322 3366 2391 (p.
3422 2321 3491 2374 70
3528 2330 3582 2374 et
3638 2312 3647 2319 ’

2004 2420 2097 2476 '25)
2139 2432 2361 2489 quoque
2404 2417 2685 2485 leguntur.
2743 2416 2787 2469 A
2826 2415 3105 2469 Salmasio
3164 2413 3347 2489 [strix]
3380 2414 3435 2467 in
3467 2412 3581 2466 Pli-

2001 2487 2184 2565 nianis
2219 2508 2721 2563 Exercitationibus
2752 2504 2843 2576 (p.
2873 2505 3001 2568 902,
3036 2504 3163 2564 903.
3204 2487 3333 2567 908)
3369 2519 3433 2558 ex
3487 2518 3583 2556 eo-

2000 2604 2123 2657 dem
2149 2617 2337 2672 opere,
2368 2602 2510 2654 inter
2537 2600 2643 2652 alia
2666 2603 2811 2659 loca,
2846 2597 3209 2667 proferuntur
3246 2594 3580 2676 fragmenta,

2000 2694 2069 2749 de
2110 2693 2477 2762 hippodromo
2524 2693 2678 2746 urbis
2712 2692 2900 2744 Romae
2931 2704 2959 2741 a
2995 2687 3231 2742 Romqu
3259 2679 3591 2752 exstructo;

2000 2784 2068 2839 de
2102 2782 2355 2852 ejusdem
2407 2783 2644 2836 diversis
2696 2780 2974 2850 partibus.
3026 2786 3082 2832 et
3123 2778 3312 2846 populi
3384 2776 3584 2832 distin-

2000 2875 2304 2939 etionibus;
2333 2875 2398 2928 dc
2432 2872 2733 2927 factionum
2769 2873 2822 2925 in
2853 2873 3004 2926 circo
3031 2885 3127 2938 per
3144 2884 3337 2938 greges
3354 2876 3409 2923 et
3448 2883 3586 2938 pan-

2003 2984 2107 3023 nos
2148 2967 2457 3021 diseolores
2502 2964 2778 3017 divisione
2811 2963 2882 3016 ab
2924 2960 3210 3016 (Enomao
3248 2975 3374 3029 rege
3415 2960 3582 3014 insti-

2001 3069 2156 3122 tuta;
2191 3060 2373 3127 deque
2404 3058 2562 3119 circi,
2593 3056 2750 3124 juvta
2798 3068 3091 3107 numerum
3146 3052 3518 3121 planetarum,
3548 3049 3581 3099 7

1926 3179 1967 3235 ρ
2004 3153 2218 3220 Spatiis,
2253 3161 2329 3213 et,
2365 3151 2429 3202 ad
2466 3149 2836 3201 imitationem
2873 3146 2939 3199 12
2991 3143 3216 3197 Zodiaci
3268 3144 3579 3212 signorum,

2004 3245 2068 3297 1-2
2093 3243 2276 3296 ostiis.
2302 3240 2434 3306 Quae
2464 3240 2649 3302 omnia
2682 3252 2904 3307 quoque
2926 3236 3066 3305 apud
3090 3233 3343 3287 Malalam
3371 3234 3445 3303 (p.
3474 3232 3581 3287 218

2000 3334 2063 3385 ad
2093 3332 2220 3398 9.9.5)
2277 3340 2529 3384 nostrum
2575 3328 2891 3381 fabulosum
2958 3307 3297 3403 occurrunt;
3335 3324 3484 3377 sicut
3526 3334 3582 3376 ct

2002 3426 2105 3477 ista
2146 3440 2268 3494 qme
2298 3438 2362 3474 ex
2397 3422 2591 3475 eodem
2617 3420 2867 3473 citantur
2902 3418 2959 3471 in
2989 3415 3148 3470 Notis
3177 3414 3244 3469 ad
3281 3414 3581 3483 Scriptores

2002 3512 2257 3567 Historia:
2297 3514 2571 3580 Augusta,
2619 3510 2687 3565 de
2723 3509 2934 3563 Tabula
2968 3508 3177 3563 lusoria
3229 3522 3257 3561 a
3289 3506 3580 3566 Palamede

2003 3607 2245 3668 inventa,
2275 3614 2329 3658 et
2358 3605 2424 3658 de
2451 3601 2698 3656 Palladio
2726 3601 2969 3669 Trojano
2991 3601 3060 3655 ab
3081 3601 3215 3654 Asio
3253 3598 3582 3668 pltilosOpho

1999 3695 2344 3763 excogitato;
2398 3708 2521 3762 qua:
2553 3706 2658 3744 una
2698 3701 2785 3744 est
2825 3690 3046 3760 quidem
3100 3705 3166 3744 ex
3216 3689 3341 3743 iStis
3385 3702 3581 3743 narra-

2000 3786 2289 3851 tiunculis,
2314 3801 2413 3854 pro
2452 3784 2656 3854 quibus
2687 3783 2896 3836 citatur
2931 3782 3000 3836 ab
3030 3779 3102 3834 Is.
3138 3780 3337 3834 Tzetze
3355 3778 3439 3833 Jo.
3473 3781 3584 3831 An-

2000 3880 2314 3934 tiochenus.
2351 3878 2501 3931 Illius
2550 3876 2718 3930 verba
2736 3875 2816 3929 sic
2844 3889 2902 3927 se
2929 3873 3134 3927 habent
3171 3890 3185 3927 :
3219 3871 3293 3924 Τὸ
3323 3874 3382 3925 tv
3409 3870 3583 3941 Τροίᾳ

2001 3971 2299 4025 Παλλάδιον
2325 3968 2514 4033 ζωδίον
2544 3963 2611 4037 ἦν
2641 3966 2837 4038 μικρὸν
2869 3966 2973 4018 ὑπὸ
3027 3965 3208 4017 Ἀσίου
3242 3964 3389 4026 τινὸς
3420 3961 3578 4030 φιλο-

2001 4066 2166 4133 σόφου
2192 4060 2642 4117 κατασκευασθὲν
2665 4062 2742 4124 εἰς
2778 4059 3027 4129 φυλακὴν
3054 4058 3156 4127 τῆς
3186 4056 3415 4119 πόλεως.
3443 4051 3507 4108 Et
3532 4054 3578 4107 si

1999 4156 2126 4225 quis
2159 4154 2347 4223 cupiat
2370 4154 2503 4221 ejus
2533 4152 2698 4205 verba
2737 4150 2804 4204 de
2839 4150 3051 4204 Tabula
3088 4147 3400 4202 Palamedis
3431 4147 3582 4200 luso-

2000 4248 2081 4302 ria
2119 4263 2242 4301 cum
2278 4245 2587 4299 Malalianis
2643 4243 2717 4312 (p.
2774 4242 2899 4311 129)
2952 4232 3307 4309 componere,
3361 4255 3423 4294 ea
3466 4239 3580 4291 lucc

2000 4347 2130 4395 sunt
2167 4359 2178 4393 :
2230 4340 2288 4389 '0
2322 4336 2657 4406 Παλαμήδης
2697 4335 2785 4387 διὰ
2846 4335 2944 4396 τῆς
2978 4332 3200 4395 essm
3248 4331 3339 4383 τὸν
3387 4331 3579 4401 γήϊνον

2001 4432 2205 4503 κόσμον
2242 4430 2464 4502 ᾐνίξατο
2486 4444 2499 4458 ’
2538 4428 2630 4481 τὸν
2667 4426 2932 4491 ζωδιακὸν
2972 4423 3169 4477 κύκλον
3198 4422 3286 4477 διὰ
3313 4422 3422 4475 τῶν
3472 4420 3578 4473 δὼ-

1927 4526 1970 4578 υ
1998 4526 2132 4578 δεκα
2172 4524 2388 4577 κὰσωνο
2427 4521 2513 4574 διὰ
2559 4518 2653 4571 τοῦ
2698 4517 3008 4587 ψηφοΜλου
3045 4516 3138 4569 καὶ
3171 4514 3281 4566 τῶν
3320 4516 3379 4566 ὲν
3428 4512 3579 4582 αὐτῴ

1999 4615 2139 4670 ἑπτὰ
2164 4615 2422 4675 κοκκὶων,
2454 4611 2522 4664 τὰ
2558 4610 2697 4663 ἑπτὰ
2720 4609 2895 4678 ἄστρα
2914 4608 3022 4661 τῶν
3049 4607 3340 4675 πλανήτων
3362 4624 3372 4635 ·
3398 4604 3487 4657 διὰ
3519 4604 3577 4657 δὲ

1994 4708 2089 4760 τοῦ
2126 4706 2336 4777 πύργου
2368 4705 2427 4757 τὸ
2458 4702 2590 4771 ὕψος
2623 4702 2715 4753 τοῦ
2753 4697 3006 4768 οὐρανοῦ,
3040 4686 3098 4762 ἐξ
3126 4690 3189 4750 οὗ
3213 4695 3414 4749 δίδοται
3445 4695 3577 4746 πᾶσι

1997 4794 2138 4849 καλά
2167 4811 2223 4846 τε
2248 4795 2343 4846 καὶ
2375 4793 2576 4860 φαῦλα.
2609 4793 2703 4845 Sic
2734 4792 2979 4843 citantur
3003 4803 3033 4840 a
3068 4785 3364 4841 Dufresnio
3395 4784 3577 4852 (Notis

1997 4888 2063 4942 ad
2106 4888 2303 4941 Chron.
2351 4887 2542 4937 Pasch.
2582 4898 2632 4952 p.
2666 4884 2791 4945 498,
2820 4881 2942 4946 499,
2973 4880 3105 4948 etc.)
3151 4877 3417 4945 Eacerpta
3441 4893 3573 4930 mss.

1996 4998 2059 5037 ex
2096 4980 2359 5035 Chronico
2409 4977 2501 5031 Jo.
2541 4974 2879 5038 Antiocheni,
2935 4974 3081 5027 inter
3123 4971 3254 5035 alia,
3281 4970 3349 5023 de
3402 4968 3574 5023 variis

1996 5075 2163 5128 rebus
2190 5088 2312 5141 qua:
2358 5072 2411 5146 in
2444 5071 2649 5125 Nostro
2680 5068 2791 5135 '(p.
2827 5059 2920 5129 ‘25,
2968 5063 3058 5129 26,
3105 5063 3199 5127 27,
3238 5062 3333 5123 ‘29,
3361 5060 3452 5127 ὅθ,
3480 5057 3579 5128 45)

1995 5165 2158 5219 etiam
2211 5169 2535 5231 comparent
2586 5178 2600 5214 :
2654 5159 2721 5214 de
2785 5157 3090 5212 Homerica:
3154 5153 3352 5208 fabula:
3401 5165 3573 5219 super

1998 5258 2167 5311 Marte
2200 5265 2254 5310 et
2294 5256 2505 5309 Venere
2542 5269 2571 5307 a
2606 5253 2733 5306 Sole
2779 5248 3146 5320 deprehensis
3199 5245 3572 5315 expositione,
3616 5302 3623 5306 .

1995 5366 2060 5402 ex
2096 5348 2429 5417 Palmphato,
2465 5344 2559 5413 qui
2590 5343 2732 5398 idem
2768 5358 2794 5395 a
2822 5340 3021 5395 Nostro
3045 5339 3211 5393 etiam
3238 5334 3571 5396 adducitur;

1995 5442 2062 5496 de
2098 5439 2347 5495 Mercurii
2382 5437 2589 5491 Trism.
2627 5435 2790 5489 dictis
2820 5420 2887 5487 de
2922 5431 3109 5485 divina
3141 5438 3361 5492 natura,
3390 5444 3453 5483 ex
3488 5426 3573 5494 ip-

1996 5538 2115 5588 sius
2163 5532 2462 5599 operibus;
2530 5530 2600 5583 de
2649 5544 2776 5598 rege
2844 5524 3233 5595 .‘Egyptiorum
3288 5518 3578 5574 nominato

1998 5623 2269 5683 lt'uruclis,
2304 5638 2398 5676 seu
2436 5620 2718 5683 Maracha,
2755 5618 2934 5672 Snstri
2972 5616 3111 5677 (sive
3148 5611 3414 5677 Sesostri)
3447 5628 3572 5664 sue-

1996 5716 2251 5780 cctlentc,
2309 5725 2362 5767 et
2404 5714 2472 5766 ab
2511 5713 2604 5765 illo
2659 5711 2832 5765 fuisse
2865 5708 3134 5762 oriundos
3194 5704 3579 5783 succedam“

1997 5808 2382 5882 .Egyptiorutn
2419 5821 2571 5877 rcges
2593 5822 2616 5873 ί
2636 5805 2702 5861 de
2740 5803 2963 5860 Medusa
2989 5813 3040 5857 ιι
3065 5800 3291 5864 Perseo,
3310 5796 3574 5853 docuisse
