4256 6452
308 398 376 463 29
1374 403 1945 467 PROLEGOMENA
1978 407 2081 469 AD
2112 392 2503 477 MALALAM.
3513 423 3589 495 3,,
3654 462 3661 471 .

308 509 498 566 vitatis
527 509 846 580 episcopum
872 512 1215 566 neminatum
1249 512 1541 582 Joannem,
1576 518 1670 587 qui
1696 519 1751 573 in
1792 518 1886 571 illa
1923 525 1967 576 Α
1996 520 2218 578 circiter
2264 526 2402 581 1400
2441 528 2804 597 compositum
2842 538 2946 596 est,
2998 529 3058 585 fit
3094 531 3300 587 mentio
3328 531 3416 589 Jo.
3469 535 3585 590 An-

308 611 488 669 a‘tate,
525 620 634 674 qua
660 605 958 674 scripserit
989 605 1207 671 Malala,
1240 607 1509 663 ﬂoruerit.
1538 610 1653 680 Age
1686 611 1890 680 itaque,

308 692 594 747 videamus
655 701 787 763 quot
837 692 1063 749 ftterunt
1114 693 1357 753 Joannes
1417 700 1749 755 Antiocheni
1802 717 1894 772 pa-

309 783 588 849 triarchae,
621 792 677 838 et
712 782 889 839 fuisse
922 784 1139 840 nullum
1174 788 1366 841 eodem
1397 790 1663 858 temporis
1715 790 1891 846 inter-

306 877 472 941 vallo,
522 892 634 945 quo
672 877 872 932 vixerit
919 878 1140 943 Malala,
1185 880 1570 937 ostendamus.
1613 882 1672 937 lu
1726 882 1891 940 Nice-

309 968 463 1036 phori
509 969 842 1037 patriarchae
874 968 981 1025 (ΣΡ.
1025 971 1473 1041 patriarcharum
1528 973 1893 1030 Antiocheno-

307 1074 432 1112 rum
464 1058 728 1129 Catalogo
762 1061 880 1131 (qui
910 1079 1080 1118 unum
1126 1080 1357 1120 numero
1404 1080 1571 1135 supra
1603 1066 1890 1137 sexaginta

309 1152 719 1219 complectitur,
751 1161 805 1206 et
838 1153 1159 1222 perducitur
1180 1171 1360 1225 usque
1399 1156 1467 1210 ad
1514 1153 1887 1227 patriarcham

308 1244 661 1298 Anastasium
692 1242 999 1309 Juniorem,
1042 1248 1136 1316 qui
1173 1250 1495 1320 martyrium
1528 1250 1697 1305 subiit
1745 1251 1892 1306 circa

309 1347 514 1388 annum
567 1335 969 1392 incarnationis
1018 1336 1323 1395 Dominica'.
1370 1340 1497 1403 608,
1534 1356 1655 1406 seu,
1703 1350 1762 1394 ut
1798 1341 1890 1395 alii

308 1425 526 1488 volunt,
585 1426 734 1496 6H),
793 1438 1150 1485 recensentur
1209 1429 1457 1488 Joannes
1505 1433 1637 1487 duo.
1687 1434 1889 1488 Eorum

307 1517 544 1586 primus,
571 1519 715 1589 apud
751 1535 945 1577 omnes
977 1522 1280 1592 scriptores
1309 1522 1727 1578 ecclesiasticos
1762 1540 1892 1593 pro-

308 1619 430 1681 pter
468 1613 710 1668 schisma
746 1614 802 1668 in
836 1615 1053 1686 synodo
1086 1615 1363 1686 Ephesina
1396 1627 1890 1683 commetnoratus,

306 1714 360 1761 et
395 1703 659 1774 Epistolis
709 1706 925 1776 aliquot
969 1708 1088 1763 suis
1142 1709 1491 1775 netissimus,
1540 1709 1644 1765 fuit
1694 1712 1893 1767 ordine

305 1798 745 1872 patriarcharum
776 1798 905 1853 39‘"
948 1808 1003 1854 et
1028 1813 1176 1854 anno
1217 1798 1282 1854 Ι).
1321 1800 1426 1855 458
1467 1817 1497 1857 e
1526 1801 1667 1857 vivis
1695 1817 1890 1858 exces-

304 1895 397 1960 sit,
437 1901 727 1964 postquam
770 1891 1209 1963 patriarchatum
1249 1908 1344 1959 per
1372 1893 1435 1947 18
1467 1909 1645 1949 annos
1684 1895 1890 1965 guber-

303 1993 509 2040 nasset.
552 1983 846 2039 Secundus
876 1981 979 2037 fuit
1020 1983 1211 2038 ordine
1239 1983 1367 2038 47M
1403 1998 1694 2040 successor
1736 1985 1883 2042 Petri

302 2074 577 2140 Fullonis,
613 2076 719 2130 sub
764 2074 988 2132 Zenone
1018 2074 1149 2147 imp.
1200 2074 1267 2128 A.
1316 2075 1380 2129 D.
1413 2075 1539 2139 476,
1578 2086 1701 2146 post
1735 2093 1888 2133 men-

300 2183 393 2224 ses
422 2170 457 2223 3
492 2168 727 2236 eiectus.
775 2168 908 2224 Post
938 2169 1079 2225 duos
1112 2171 1215 2224 hos
1245 2164 1510 2232 Joannes,
1550 2184 1692 2240 quos
1724 2185 1887 2226 nemo

301 2275 411 2313 non
444 2260 593 2314 videt
638 2256 909 2315 Joannem
958 2269 1214 2317 nostrum
1256 2259 1507 2315 Malalam
1547 2270 1709 2316 aetate
1740 2270 1887 2316 ante-

299 2353 559 2415 cessisse,
605 2367 729 2407 cum
761 2351 1050 2407 ﬂoruerint
1082 2362 1209 2409 ante
1246 2355 1539 2425 imperium
1585 2351 1885 2408 Justiuiani

298 2446 419 2514 ejus
455 2445 692 2499 nominis
730 2446 889 2515 primi
931 2445 1093 2516 cujus
1130 2455 1283 2517 gesta
1306 2462 1335 2501 a
1379 2446 1574 2501 Malala
1601 2445 1884 2500 celebran-

297 2546 410 2604 tur,
450 2552 561 2591 non
586 2539 733 2592 alius
773 2535 1018 2595 Joannes
1068 2539 1122 2593 in
1156 2542 1467 2596 antistitum
1513 2540 1886 2597 Antiochena-

296 2646 417 2685 rum
454 2628 676 2703 [xxxm]
716 2633 861 2687 serie
906 2643 1150 2687 occurrtt
1193 2644 1320 2688 ante
1353 2636 1617 2689 sarculum
1661 2653 1691 2691 a
1752 2646 1885 2691 nato

296 2720 517 2776 Christo
548 2721 921 2775 undecimum.
959 2720 1016 2775 In
1056 2722 1150 2777 illo
1197 2724 1421 2787 saeculo,
1466 2726 1723 2786 nimirum
1770 2743 1882 2798 quo

296 2822 544 2883 tempore
577 2823 901 2883 recuperata
936 2812 1039 2866 fuit
1080 2814 1213 2869 urbs
1249 2816 1745 2882 Antiochenorum,
1781 2835 1882 2874 ex-

296 2905 471 2971 pulsis
498 2902 817 2965 Saracenis,
852 2919 882 2958 a
920 2903 1259 2962 Christianis
1302 2908 1513 2964 nostris
1550 2910 1882 2965 Occidenta-

2000 611 2238 667 tiocheni
2301 617 2633 684 patriarcha:
2700 628 3068 687 cognomento
3117 622 3428 691 Codonati,
3484 629 3585 699 qui

1996 702 2125 758 inde
2154 706 2451 763 translatus
2477 706 2548 761 sit
2576 708 2645 762 ad
2679 708 2862 765 sedem
2908 714 3390 784 metropolitanam
3427 716 3580 791 Tyri.

1996 795 2114 849 Non
2163 797 2308 853 alius
2358 799 2448 854 hic
2494 799 2598 854 fuit
2631 817 2797 872 quam
2847 804 3126 861 secundus
3177 807 3399 865 illorum
3437 826 3583 882 quos

1997 899 2269 944 memorat
2314 889 2661 961 Nicephorus
2701 894 3015 963 patriarcha
3066 898 3174 953 CP.
3223 916 3387 969 quem
3434 903 3583 959 dixi-

1996 995 2120 1033 mus
2143 980 2379 1049 ejectum
2411 999 2439 1035 a
2468 982 2685 1039 Zenone
2715 987 2847 1057 imp.
2889 985 3027 1041 Eum
3055 989 3203 1044 enim
3231 990 3580 1051 Codonatum

1996 1070 2169 1128 fuisse
2250 1075 2702 1145 cognominatum
2738 1117 2754 1140 ,
2852 1079 3237 1136 testimonium
3333 1086 3583 1155 perhibet

1994 1162 2190 1221 Victor
2230 1166 2604 1225 Tununeusis.
2644 1169 2727 1223 Ab
2760 1170 3057 1227 Anastasio
3100 1171 3464 1240 Ctesariensi,
3520 1178 3581 1233 in

1994 1266 2233 1314 tractatu
2276 1260 2351 1313 De
2370 1261 2583 1331 jejunio
2626 1261 2895 1329 Deiparte,
2946 1262 3188 1320 Joannes
3216 1266 3443 1337 quidam
3483 1283 3581 1339 pa-

1995 1353 2235 1408 triarcha
2295 1355 2699 1418 Antiochenus,
2764 1364 3027 1426 tanquam
3099 1366 3235 1412 tunc
3282 1372 3407 1412 cum
3460 1358 3587 1428 ipse

1994 1446 2268 1501 scribebat
2301 1446 2603 1501 Ecclesiam
2638 1446 2786 1499 illam
2815 1462 3036 1517 regens,
3065 1448 3385 1503 celebratur
3422 1465 3436 1501 :
3465 1463 3580 1518 quo

1994 1540 2200 1592 saeculo
2230 1538 2279 1592 is
2309 1537 2593 1602 claruerit,
2647 1554 2757 1593 non
2789 1539 3055 1595 habemus
3099 1557 3276 1610 usque
3307 1541 3449 1596 adeo
3478 1555 3578 1595 ex-

1993 1628 2294 1697 ploratum,
2348 1636 2408 1682 ut
2449 1644 2549 1698 pro
2603 1637 2756 1684 certo
2801 1639 2858 1685 et
2907 1631 3223 1686 indubitato
3278 1633 3583 1688 decernere

1996 1718 2214 1792 [χχχιιι]
2244 1722 2520 1790 possimus
2547 1740 2561 1776 :
2587 1723 2695 1778 hoc
2748 1733 2929 1779 tamen
2979 1724 3349 1780 certissimum
3390 1732 3445 1779 et
3477 1740 3578 1780 ex-

1994 1812 2453 1881 ploratissimum,
2495 1830 2620 1870 eum
2679 1824 2807 1870 ante
2860 1815 3216 1871 undecimum
3274 1816 3577 1882 saxulum,

1992 1904 2076 1961 vel
2111 1905 2348 1959 medium
2380 1907 2573 1961 saltem
2608 1907 2993 1978 praecedentis,
3027 1907 3082 1962 in
3128 1908 3277 1964 illius
3318 1907 3581 1965 Ecclesia:

1991 1998 2257 2052 cathedra
2291 2014 2402 2052 non
2443 2000 2809 2068 praesedisse:
2867 2015 2995 2054 nam
3047 2009 3237 2055 auctor
3293 2007 3377 2055 est
3427 1999 3574 2054 idem

1989 2090 2317 2145 Anastasius
2366 2093 2649 2162 excepisse
2706 2106 2830 2146 eum
2888 2092 2943 2146 in
2979 2091 3110 2147 sede
3161 2092 3267 2146 ista
3319 2090 3577 2146 Theodo-

1989 2183 2154 2248 sium,
2207 2184 2355 2238 Petri
2401 2199 2820 2247 successorem;
2864 2191 2919 2238 ct
2957 2192 3087 2239 ante
3121 2183 3208 2254 (ad
3260 2181 3577 2253 minimum)

1988 2277 2228 2332 medium
2265 2278 2466 2333 decimi
2495 2280 2686 2333 sazculi
2721 2279 2891 2333 fuisse
2916 2279 3133 2333 nullum
3164 2280 3219 2332 in
3247 2279 3339 2332 illa
3384 2276 3574 2333 Eccle-

1987 2368 2066 2423 sia
2100 2367 2475 2423 Theodosium
2507 2370 2599 2439 ql’ti
2638 2368 2803 2425 Petro
2822 2370 3177 2430 successerit,
3202 2376 3441 2423 constat.
3467 2365 3575 2422 Ne-

1986 2478 2097 2533 que
2145 2463 2378 2516 multum
2432 2463 2653 2532 quidem
2716 2462 2938 2518 videtur
2988 2456 3371 2528 dubitandum,
3435 2462 3571 2532 quin

1984 2554 2131 2611 idem
2156 2554 2203 2609 is
2235 2552 2414 2620 fuerit,
2443 2554 2528 2609 vel
2563 2568 2688 2608 cum
2738 2555 2832 2608 illo
2869 2553 3083 2610 Joanne
3127 2555 3443 2624 patriarcha
3475 2569 3574 2610 stt-

1986 2648 2257 2721 pradicto,
2292 2650 2453 2717 cujus
2478 2648 2621 2717 apud
2656 2648 2783 2702 Gul.
2816 2646 3047 2719 Tyrium
3076 2649 3312 2703 habetur
3332 2649 3571 2715 mentio,

1988 2743 2067 2799 vel
2097 2743 2290 2797 saltem
2327 2739 2498 2809 (quod
2532 2741 2719 2796 minus
2766 2738 2878 2813 (‘20)
2920 2740 3149 2813 arridet)
3203 2755 3329 2797 cum
3384 2754 3572 2794 mona-

1980 2839 2087 2893 cho
2118 2832 2370 2892 Oxieusi.

2051 2928 2146 2984 1x.
2182 2929 2240 2985 Si
2270 2930 2358 2983 cui
2389 2928 2681 2984 oboriatur
2711 2926 2978 3001 suspicio,
3029 2930 3174 2989 inter
3212 2930 3569 2991 Anastasium

295 2996 463 3092 lib“,
496 2994 549 3048 id
586 3004 671 3049 θεῖ
697 2998 761 3049 Α·
884 2993 1042 3059 ίθθδν
1073 2996 1393 3092 ⁰³ίμ¹¹θξ¹Γ³¹¹¹
1438 2998 1592 3092 mani
1636 3002 1879 3060 ίθηυίθεθ
1978 3024 2262 3081 Juniorem
2298 3021 2693 3090 patriarcbam,
2722 3023 2777 3076 in
2814 2992 2930 3092 quo
2964 2992 3309 3081 terminatur
3349 3026 3570 3083 Catale-

295 3088 563 3142 Joannem
619 3085 943 3153 quemdam,
998 3088 1414 3143 sanctissimum
1460 3090 1874 3159 confessorem,

1981 3132 2085 3188 gus
2137 3114 2610 3185 Nicephoriauus,
2661 3122 2716 3168 et
2767 3118 3028 3172 sweulum
3090 3117 3390 3185 decimum,
3440 3128 3575 3176 ante

296 3179 589 3279 θρίξ-(λη’
614 3178 864 3279 Τῖτίξηην
904 3180 958 3233 in
985 3179 1254 3279 inﬂari“
1292 3182 1602 3279 "uisu".
1632 3187 1749 3253 (“b-
1785 3204 1837 3242 Ἥ
1862 3228 1875 3253 ν
1908 3217 1950 3274 c
1982 3178 2126 3279 quod
2163 3178 2385 3279 apparet
2418 3178 2675 3263 ﬂoruisse
2721 3208 3001 3272 Malalatn,
3054 3210 3108 3264 in
3142 3178 3405 3265 cathedra
3447 3212 3575 3267 Att-

297 3288 345 3326 c.
376 3271 490 3342 23),
534 3273 813 3327 memoriae
864 3273 1134 3343 proditur.
1172 3274 1244 3337 Is,
1300 3283 1359 3337 ιιι
1403 3277 1537 3331 dicit
1579 3279 1721 3333 idem
1768 3279 1877 3352 Ty-

296 3368 435 3430 rius,
459 3368 679 3421 eroluto
709 3368 797 3421 vix
848 3369 1069 3422 biennio
1098 3379 1219 3438 post
1248 3370 1440 3423 urbem
1496 3383 1880 3442 recuperatam

297 3461 429 3517 sede
483 3476 583 3515 sua
642 3469 816 3515 semet
874 3462 1152 3516 abdicavit
1221 3469 1277 3516 et
1344 3462 1879 3535 Constantinpolint

298 3555 457 3609 abiit.
505 3553 786 3624 Vergente
854 3555 919 3608 ad
971 3555 1179 3608 exitum
1247 3556 1571 3624 insequente
1638 3558 1879 3624 saeculo,

300 3662 495 3717 nempe
518 3663 548 3701 a
571 3646 784 3700 Domini
814 3648 985 3701 nostri
1014 3645 1310 3702 Nativitate
1336 3632 1685 3711 duodecimo,
1734 3650 1881 3705 thro-

298 3753 432 3792 nutn
493 3738 917 3807 patriarchalem
988 3740 1294 3793 Antiochiae
1361 3742 1581 3794 tenebat
1637 3740 1881 3799 Joannes

299 3830 474 3897 alius;
505 3828 644 3884 idem
682 3829 792 3890 ille,
828 3830 920 3897 qui
947 3829 1078 3883 olim
1109 3829 1163 3882 in
1194 3828 1356 3892 Otia,
1400 3830 1762 3902 Propontidis
1791 3835 1877 3889 in-

296 3924 438 3987 sula,
485 3922 865 3976 monachicam
894 3931 1217 3977 exercuerat
1250 3924 1437 3987 vitam,
1474 3924 1743 3997 cujusque
1784 3945 1880 3982 ex-

294 4024 427 4081 stat,
467 4015 610 4070 iuter
638 4015 852 4069 clariss.
876 4014 1137 4069 Cotelerii
1168 4014 1429 4071 Ecclesiae
1457 4017 1660 4072 ϐιςυριε
1689 4019 1878 4073 Mutin-

296 4117 501 4172 menta,
545 4107 735 4162 Oratio
785 4108 842 4160 in
880 4108 1331 4161 monasteriorum
1376 4108 1692 4165 donationes
1725 4112 1877 4166 luicis

296 4198 492 4264 factos.
530 4195 589 4250 lu
612 4195 991 4251 Conciliorum
1028 4196 1404 4253 voluminibus
1437 4199 1671 4254 habetur
1706 4217 1877 4272 apus-

293 4290 484 4343 culum
544 4285 776 4343 Joannis
816 4287 1108 4356 cujusdam
1160 4289 1492 4359 patriarchae.
1546 4292 1877 4347 Antiocheui

293 4380 372 4434 De
402 4381 779 4448 superioritatc
823 4380 963 4433 inter
993 4380 1280 4434 concilium
1329 4390 1380 4434 et
1423 4396 1655 4452 papam;
1693 4392 1749 4436 at
1789 4400 1873 4439 re-

1985 3301 2253 3355 tiochensi
2283 3301 2490 3356 sedisse
2518 3298 2786 3356 Joannem
2831 3302 3098 3371 aliquem,
3142 3303 3235 3371 qtti
3274 3304 3415 3357 idem
3438 3319 3574 3360 cum.

1984 3392 2178 3446 Malala
2209 3393 2452 3463 petuerit
2479 3408 2604 3447 esse
2638 3409 2652 3448 :
2688 3394 2735 3447 is
2760 3396 2923 3448 adeat
2945 3396 3106 3448 velim
3138 3393 3392 3466 Eutychii
3419 3406 3577 3466 patr-

1981 3486 2342 3540 Alexandrini
2391 3486 2642 3551 Annales,
2674 3486 2891 3557 illisque
2940 3487 3217 3558 praefixam
3267 3489 3566 3542 chronolo-

1981 3581 2083 3649 giae
2129 3579 2248 3644 ejus
2288 3576 2576 3647 Synopsin.
2630 3579 2959 3635 Receusitos
3010 3580 3085 3634 ibi
3135 3581 3377 3650 reperiet
3413 3580 3564 3635 illius

1982 3669 2256 3722 intervalli
2291 3670 2640 3737 patriarchas
2688 3671 3000 3731 universos.
3035 3669 3253 3727 Joanne
3286 3672 3441 3725 nullo
3476 3673 3564 3726 in-

1981 3771 2065 3816 ter
2093 3761 2214 3814 illos
2240 3761 2534 3815 celebrato.
2570 3761 2830 3831 Ejusdem
2865 3765 2942 3818 rei
2984 3764 3145 3819 fidem
3170 3763 3305 3819 facit
3331 3764 3556 3821 Catalo-

1981 3869 2083 3924 gus
2112 3854 2275 3915 alius.
2327 3867 2515 3921 quem,
2555 3868 2622 3907 ex
2657 3853 2900 3908 Arabico
2955 3854 3145 3924 aliquo
3205 3863 3433 3910 auctore
3480 3853 3566 3925 (ιιι

1980 3945 2199 4013 opinor)
2238 3944 2657 4013 transcriptum,
2692 3943 2762 3998 ab
2796 3942 2979 3998 amico
3015 3953 3209 3999 nostro
3253 3945 3426 3999 multo
3461 3959 3575 3999 no-

1982 4037 2130 4090 mine
2158 4036 2492 4100 venerando,
2531 4034 2784 4091 Edvardo
2825 4035 3126 4101 Bernardo,
3157 4038 3277 4091 viro
3312 4036 3371 4091 in
3412 4038 3564 4091 omni

1979 4123 2242 4178 doctrina:
2284 4139 2483 4193 genere
2536 4124 2842 4193 singularis
2886 4125 3292 4192 praecellentia,
3342 4126 3572 4195 accepi-

1981 4231 2124 4269 mus.
2169 4215 2321 4269 lllius
2369 4215 2711 4284 patriarchas
2764 4215 3009 4285 pnedicti
3067 4215 3386 4283 intervalli,
3434 4217 3569 4286 quia

1980 4308 2259 4377 discrepat
2307 4307 2713 4376 aliquantulum
2766 4308 2837 4361 ab
2899 4305 3271 4378 Eutychiauo,
3338 4308 3577 4364 lectoris

1984 4400 2168 4455 oculis
2195 4399 2287 4453 hic
2314 4413 2424 4454 non
2451 4399 2808 4470 gravabimur
2832 4398 3130 4470 subjicere.

292 4488 425 4527 cens
483 4472 531 4527 is
596 4471 718 4536 fuit,
768 4478 973 4527 etnon
1035 4482 1163 4526 ante
1226 4473 1489 4527 saeculum
1550 4490 1641 4539 xv,
1698 4491 1878 4546 neque
3389 4471 3456 4524 Α.
3494 4471 3558 4525 D.

292 4564 501 4619 ϐιαίοις
535 4572 618 4619 est
656 4562 1133 4627 annumerandus,
1167 4560 1263 4618 sed
1298 4562 1528 4631 Latinis,
1559 4581 1733 4636 neque
1755 4568 1877 4635 qni-
1913 4556 1958 4611 Ι)
1984 4607 2147 4663 Num.
3242 4625 3333 4665 an.
3380 4558 3564 4665 degit?

291 4656 415 4709 dem
465 4669 690 4715 revera,
754 4653 849 4708 sed
909 4654 1069 4707 titulo
1120 4625 1349 4707 tantum
1377 4653 1479 4707 fuit
1514 4625 1869 4725 patriarcha.

1984 4625 2147 4663 tvnm.
3242 4625 3333 4665 an.
3380 4625 3564 4667 aesm.

2055 4680 2144 4733 58.
2186 4679 2504 4733 Anastasius
2536 4681 2694 4736 alter.
3275 4682 3310 4734 9
3418 4679 3533 4735 607.

294 4744 488 4799 Utrum
519 4746 664 4799 inter
693 4745 794 4797 hos
821 4744 963 4797 duos
990 4742 1231 4799 Joannes
1263 4722 1623 4814 posteriores,
1647 4762 1876 4801 curren-
3240 4722 3307 4803 δῖ

292 4838 444 4890 tibus
470 4836 691 4891 saeculis
721 4850 817 4889 xm
852 4846 905 4890 et
935 4852 1051 4901 xtv,
1087 4836 1141 4890 in
1183 4837 1381 4891 throno
1422 4838 1769 4892 Antiocheno
1796 4854 1877 4895 se-

1849 4860 1877 4881 ..
2123 4816 2562 4885 ctHacedonius,
2701 4816 2710 4819 ’
3277 4825 3312 4884 8
3422 4819 3530 4873 ιςιθ

1849 4882 1853 4892 ’
2053 4886 2143 4942 60.
2189 4888 2486 4943 Macarius.
3283 4892 3320 4943 5
3424 4889 3530 4943 651

290 4929 448 4982 deret
476 4928 621 4982 ullus
652 4942 843 4992 necne,
878 4942 987 4982 non
1013 4928 1189 4982 habeo
1215 4928 1433 4993 dicere;
1469 4944 1650 4999 neque
1682 4944 1871 4985 nostra

2053 4892 2143 4942 60.
2189 4892 2486 4952 Macarius,
3283 4892 3320 4945 5
3424 4892 3531 4943 651

1862 4950 1871 4985 ¹
2051 4958 2141 5011 61.
2185 4957 2545 5014 Theon/tones.
3244 4959 3313 5012 i2
3420 4960 3543 5014 663.

294 4975 447 4982 """
479 4975 621 4982 "'""
652 4975 843 4992 """’
879 4975 987 4982 ""'
1015 4975 1185 4982 "“"'
1220 4975 1433 4993 """’
1471 4975 1649 4999 ""1""
1682 4975 1871 4985 ""'"'“
2051 4975 2141 5011 Ol.
2188 4975 2545 5026 “teopuanes,
3244 4975 3313 5012 ⁴ΙΖ
3420 4975 3531 5022 υοι)

289 5018 596 5088 quidquam
626 5015 828 5080 refert;
853 5014 1120 5071 Jomnem
1151 5018 1295 5071 enim
1332 5016 1584 5072 Malalam
1617 5027 1746 5074 ante
1771 5036 1872 5075 sae-
2051 5026 2141 5080 62.
2185 5028 2434 5093 Thomas,
3242 5027 3314 5081 20
3421 5031 3535 5081 683

290 5112 477 5163 culum
530 5108 801 5162 decimum
843 5107 1118 5171 ﬂoruisse,
1176 5108 1231 5162 in
1282 5110 1491 5179 liquido
1535 5120 1642 5168 est.
1681 5111 1869 5183 Itaque
2185 5098 2481 5183 ξεσταίαδο,
2534 5170 2565 5183 η
2773 5171 2783 5181 ,

292 5210 351 5251 ut
377 5205 503 5293 ante
526 5213 650 5293 eum
692 5196 995 5293 ﬂoruerunt
1040 5165 1258 5254 illiduo
1287 5165 1427 5270 quos
1452 5165 1640 5271 primo
1666 5165 1874 5259 mel:th
2054 5166 2170 5289 64;,
2197 5165 2832 5293 VT71::;h‘ui‘lzc§::-acenh’

397 5290 408 5300 .
634 5289 644 5299 .
970 5293 979 5302 .
1122 5292 1132 5302 .
1203 5253 1245 5302 .“
1304 5253 1355 5270 ⁸⁷
1402 5253 1421 5256 ’
1452 5253 1624 5303 "'2'"
2123 5253 2170 5289 cl
2202 5253 2640 5307 theopnytactus,
3247 5253 3315 5293 ns
3428 5253 3529 5291 ιιι

292 5302 565 5353 ravnnus,
597 5304 682 5343 εις
704 5304 897 5343 omnes
929 5290 980 5343 ht
1010 5306 1311 5347 novrsstme
1347 5296 1605 5349 recensui
1627 5312 1692 5351 eo
1717 5298 1875 5367 longe
2056 5308 2144 5361 65.
2192 5305 2523 5372 Theodorus,
3243 5309 3313 5362 25
3420 5307 3531 5361 795

293 5382 522 5435 fuerunt
589 5382 949 5438 recentiores.
1010 5381 1066 5435 In
1157 5384 1366 5453 scripto
1428 5387 1667 5455 quodam
1709 5406 1871 5445 manu

1860 5409 1871 5445 ι
2190 5375 2568 5463 Theodoram,

292 5478 525 5523 exorato
568 5471 916 5526 bibliotheca:
950 5471 1127 5528 Oxon.
1186 5474 1324 5543 Περὶ
1388 5476 1731 5542 μεταθέσεως
1773 5481 1872 5550 ἀρ-

2055 5445 2376 5510 67.100113,
3244 5447 3307 5500 51
3421 5446 3530 5500 8ιῦ

1849 5513 1872 5524 ’
2056 5516 2143 5570 68.
2194 5514 2476 5571 Nicolaus.
3242 5516 3313 5570 26
3423 5516 3530 5569 869

294 5562 555 5633 χιερὲων·
590 5562 665 5616 De
696 5565 1047 5618 translatione
1080 5567 1443 5634 episcoporum
1473 5606 1486 5630 ,
1542 5568 1687 5637 quod
1732 5587 1874 5625 anno
2506 5600 2555 5646 ει
2584 5590 2903 5657 τιυκίαίακδ,

1817 5762 2041 5823 ΝΟΤΛΖ.

382 5836 493 5908 (ΐο)
533 5836 662 5893 Vide
700 5837 869 5895 lliutr.
900 5841 961 5896 de
980 5845 1164 5913 script.
1197 5843 1369 5901 (ira'c.
1412 5863 1522 5902 ταν.
