4256 6452
304 454 375 517 33
1381 454 1951 516 PROLEGOMENA
1994 441 2093 516 AD
2132 453 2518 515 MALALAM.
2722 514 2729 519 ,
3505 455 3577 521 ιιι

304 570 437 632 cha,
505 576 654 622 secta
717 566 1062 638 Origenista,

304 657 541 725 Quintus
571 664 657 713 est
685 654 772 712 Jo.
805 656 1214 723 Scholasticus,
1244 674 1310 713 ex
1341 658 1668 729 presbytero
1692 647 1888 711 'Antio-

304 751 485 807 cheno
532 749 853 821 patriarcha
892 736 1549 820 Constantinopolitanus
1599 750 1703 803 sub
1736 749 1888 818 ejus-

303 834 426 899 dem
460 827 762 899 Justiniani
811 843 963 897 exitu
991 859 1004 895 :
1056 842 1221 910 cujus
1255 840 1763 911 exstanLCollectio
1799 857 1890 893 ca-

302 950 504 988 nonum
553 942 607 988 et
664 932 859 1003 Capita
922 934 1321 998 ecclesiastica;
1390 950 1667 1004 quemque
1720 932 1888 998 aliqui

305 1038 595 1093 perperam
645 1020 992 1077 confundunt
1035 1038 1159 1077 cum
1207 1021 1292 1077 Jo.
1336 1023 1684 1078 Antiocltcno
1712 1022 1889 1076 Chro-

303 1116 614 1185 nographo,
674 1114 839 1184 cujus
868 1122 1093 1169 exstant
1148 1113 1415 1183 Excerpta
1462 1116 1515 1167 in
1553 1113 1892 1167 Collectione

304 1205 658 1262 Constantini
706 1204 1246 1277 Porphyrogenneti.
1297 1206 1499 1259 Sextus
1531 1213 1618 1260 est
1651 1204 1892 1259 Joannes

306 1296 377 1351 de
444 1297 735 1352 Antiochia
791 1299 955 1366 vulgo
1010 1297 1233 1359 dictus,’
1273 1296 1569 1361 Arrianus,
1622 1312 1769 1349 unus
1820 1284 1891 1349 ex

310 1387 594 1457 magistris
622 1386 1029 1441 Muhamntcdis
1057 1386 1583 1456 pseudoprophetze,
1615 1401 1726 1453 quo
1756 1392 1894 1438 tem-

311 1495 441 1549 porc
494 1481 788 1549 imperavit
822 1478 1135 1534 lleraclius.
1181 1477 1348 1533 Hisce
1376 1477 1675 1546 adjiciendi
1730 1484 1890 1540 sunt,

310 1571 417 1626 nisi
452 1571 618 1626 iidem
675 1570 914 1627 fortasse
953 1571 1160 1626 fuerint
1195 1585 1322 1624 cum
1354 1571 1541 1639 aliquo
1569 1571 1682 1638 jam
1712 1569 1893 1622 dicto-

309 1679 455 1726 rum,
493 1663 741 1718 Joannes
791 1663 1097 1718 monachus
1144 1674 1198 1717 et
1237 1663 1526 1733 presbyter
1554 1660 1891 1722 Antiochiae.

308 1753 398 1808 cui
444 1756 498 1808 in
558 1752 751 1821 codice
801 1752 1047 1821 quodam
1090 1767 1197 1807 ms.
1241 1751 1567 1805 attribuitur
1614 1749 1807 1805 Oratio
1831 1749 1895 1803 de

315 1844 526 1898 Domini
579 1845 1074 1915 transﬁguratione,
1136 1843 1325 1899 eadem
1375 1858 1501 1897 cum
1554 1842 1671 1907 illa,
1724 1856 1893 1911 quam

1150 568 1459 637 imperante
1542 567 1878 623 Justiniano.
1916 574 1957 631 Α
1989 583 2211 638 quoque
2247 569 2327 620 vir
2368 582 2622 621 summus
2664 564 2797 635 ,Cul.
2838 564 3127 637 Lloydins,
3170 567 3404 624 antistes
3437 570 3580 625 Asa-

1999 659 2229 729 phensis
2256 658 2580 723 hodiernus,
2612 658 2706 727 qui
2741 668 2796 712 et
2824 674 2951 713 eum
2983 660 3267 717 existimat
3300 675 3448 716 anno
3481 659 3580 716 ιιι.

1997 735 2219 806 stiniani
2251 751 2474 806 circiter
2521 765 2625 803 xxv
2669 744 2913 804 scribere
2951 750 3210 807 desiisse.
3254 748 3369 805 lloc
3401 750 3579 808 edocti

1998 859 2101 897 nos
2158 842 2354 897 sumus
2407 858 2435 895 a
2483 843 2701 897 clariss.
2749 841 2992 895 Antonio
3047 841 3179 912 Pagi
3233 843 3286 897 in
3342 842 3583 898 Annales

1996 932 2415 988 Card.-Baronii
2450 934 2548 1001 (ad
2583 948 2683 987 an.
2712 933 2775 986 ι).
2814 932 2946 1000 107)
2971 950 2996 1005 ε⁴
3031 931 3085 987 in
3119 948 3230 1001 quo
3269 948 3435 1003 Opere
3464 933 3584 1007 exi-

1999 1026 2111 1079 mio
2168 1025 2236 1080 de
2294 1008 2728 1094 chronographo
2777 1034 2970 1079 nostro
3001 1041 3067 1080 ex
3104 1024 3288 1079 Patris
3325 1024 3581 1096 pra-dicti

1999 1114 2203 1169 litteris
2239 1115 2307 1167 ad
2345 1130 2404 1168 se
2458 1114 2652 1168 missis
2711 1114 3051 1168 mentionem
3112 1114 3323 1169 faciens
3357 1114 3445 1168 vir
3494 1114 3588 1170 ille

2000 1205 2423 1261 eruditissimus
2452 1221 2465 1257 :
2503 1203 2675 1268 Vixit,
2708 1205 2907 1273 inquit,
2939 1204 3033 1259 sub
3062 1222 3254 1274 magno
3273 1203 3585 1261 Justiniano

2001 1306 2051 1351 et
2075 1297 2281 1352 videtur
2300 1313 2440 1350 anno
2458 1296 2571 1364 ejus
2592 1312 2721 1360 xxv,
2746 1304 2839 1349 aut
2860 1296 3098 1369 circiter,
3119 1297 3347 1351 scribere
3367 1295 3583 1371 [xxxtx]

2001 1389 2251 1443 desiisse.
2319 1385 2411 1440 Ita
2453 1387 2793 1441 clarissimus
2838 1386 2961 1441 Gul.
2996 1386 3278 1457 Moydius.
3312 1394 3585 1457 episcopus

2002 1478 2346 1545 Asaphensis,
2382 1494 2409 1530 e
2450 1486 2595 1531 secta
2644 1478 3096 1543 Protestantium,
3140 1479 3221 1532 vir
3269 1479 3587 1534 solidissimi

2002 1570 2226 1624 criterii.
2263 1567 2318 1622 lu
2364 1571 2587 1638 egregio
2631 1571 2968 1639 perutilique
3028 1585 3218 1640 opere,
3258 1570 3331 1625 De
3361 1573 3587 1637 scripto-

2002 1661 2148 1715 ribus
2202 1660 2599 1725 ecclesiasticis,
2670 1677 2782 1731 quo
2834 1662 3029 1716 orbem
3087 1663 3192 1717 sibi
3254 1663 3588 1718 litterarium

2003 1752 2307 1807 obstrinxit
2344 1755 2426 1807 vir
2453 1754 2871 1809 eruditissimus
2914 1754 3041 1812 Gul.
3074 1755 3307 1811 Cavazus
3347 1767 3587 1820 nostras,
3662 1810 3674 1821 ,

2005 1845 2072 1899 ad
2111 1854 2330 1899 aetatem
2389 1844 2708 1900 Justiniano
2749 1848 3064 1917 sequiorem
3115 1848 3456 1912 demittitur,
3513 1848 3587 1902 ita

312 1937 538 1990 nomine
571 1934 657 1990 Jo.
710 1935 1038 1991 Damasceni
1088 1938 1143 1991 in
1183 1937 1332 1990 illius
1377 1936 1642 2004 operibus
1669 1934 1897 2002 evnlga-
1932 1936 1973 1991 Β
2004 1945 2186 1991 tamen
2221 1946 2281 1991 ut
2319 1952 2386 1992 eo
2424 1937 2735 2005 imperante
2787 1938 2843 1991 in
2890 1937 3031 1994 vivis
3061 1953 3186 1995 esse
3221 1940 3491 2009 potuerit,
3533 1948 3591 1995 et

312 2038 421 2080 tam
472 2028 742 2082 habemus
771 2046 787 2083 :
817 2037 873 2082 et
900 2027 987 2082 Jo.
1036 2027 1453 2091 Antiochensis,
1491 2027 1655 2094 cujus
1696 2039 1897 2079 nomen

312 2125 364 2176 in
392 2124 500 2175 alio
550 2122 787 2191 quodam
844 2137 951 2175 ms.
1009 2120 1271 2174 tractatui
1324 2118 1402 2173 De
1430 2117 1895 2186 conjurationibus

313 2213 592 2282 praeﬁxum
646 2213 936 2281 reperitur.
984 2210 1058 2265 De
1103 2212 1365 2265 omnibus
1416 2211 1610 2273 hisce,
1666 2213 1811 2263 sicut
1844 2214 1900 2262 et

310 2306 377 2359 de
418 2306 526 2358 illis
577 2305 858 2375 plerisque
893 2288 1036 2372 quos
1074 2305 1125 2356 in
1182 2303 1569 2372 superioribus
1626 2314 1899 2355 memora-

314 2398 517 2461 vimus,
584 2412 684 2451 nos
743 2396 925 2451 fusius
958 2406 1011 2450 ot
1074 2397 1288 2465 plenius
1338 2394 1395 2449 in
1449 2391 1695 2447 Diatriba
1730 2406 1898 2461 supra

316 2499 619 2544 memorata
661 2488 735 2542 De
761 2488 1109 2556 scriptoribus
1139 2486 1340 2542 Grtecis
1392 2488 1578 2549 variis,
1618 2484 1901 2553 capitibus

315 2582 533 2636 duobus
593 2581 811 2650 primis,
882 2597 946 2635 ex
1017 2578 1274 2650 professo
1335 2577 1726 2633 disseruimus.
1798 2574 1923 2628 Hic'

317 2669 579 2743 [xxxviii]
611 2686 706 2725 eos
762 2672 1076 2724 recensitos
1108 2670 1279 2731 volui,
1319 2678 1374 2720 ut
1412 2675 1550 2736 quot
1584 2674 1642 2719 et
1671 2663 1899 2733 quinam

316 2762 632 2817 e'xstiteriut
689 2763 840 2816 illius
894 2761 1136 2815 nominis
1179 2776 1285 2813 non
1335 2758 1556 2813 nescitis
1597 2758 1669 2811 sit
1700 2756 1897 2818 lector,

317 2868 394 2921 et,
432 2856 476 2911 si
506 2856 631 2925 quis
661 2871 728 2910 ex
767 2856 876 2909 illis
908 2870 1031 2909 cum
1067 2852 1493 2922 chronograpbo
1531 2860 1724 2905 nostro
1758 2848 1900 2903 idem

317 2967 444 3005 esse
492 2950 768 3012 videatur,
815 2951 864 3003 ei
903 2946 1132 3018 proprio
1168 2960 1268 3000 suo
1310 2944 1528 3015 judicio
1587 2943 1666 2996 uti
1717 2941 1900 3004 liceat,

320 3042 485 3096 modo
520 3050 574 3095 et
625 3041 757 3094 mihi
815 3040 977 3093 liceat
1028 3037 1107 3091 uti
1167 3050 1310 3090 meo.
1345 3033 1489 3087 Nihil
1548 3048 1690 3101 opus
1719 3041 1805 3087 est
1845 3039 1904 3084 ut

320 3135 473 3188 hisce
528 3134 849 3203 subjiciam,
885 3147 913 3184 a
968 3130 1212 3184 Diacouo
1258 3127 1520 3182 Liberato
1552 3124 1900 3188 (Breviario,

320 3243 443 3296 cap.
476 3226 576 3285 18)
611 3225 907 3280 memorari
963 3225 1281 3293 episc0pum
1308 3218 1603 3289 quemdam
1660 3218 1903 3271 Alexan-

320 3322 475 3375 driae.
511 3319 673 3386 cujus
716 3332 914 3371 nomen
969 3316 1042 3369 sit
1070 3314 1245 3368 nostri
1297 3312 1591 3380 scriptoris
1621 3325 1789 3379 quam
1822 3310 1904 3362 si—

324 3413 644 3475 tniilimum,
673 3408 939 3462 Joannem
966 3414 1335 3478 cognomento
1367 3403 1539 3469 Mela;
1577 3418 1738 3472 quem
1766 3401 1905 3456 dicit

323 3505 498 3557 fuisse
542 3503 935 3562 Dioscoritam.
977 3501 1079 3553 hoc
1114 3510 1198 3553 est
1251 3498 1737 3552 Diacrinomenum
1789 3496 1907 3550 sive

318 3595 517 3664 synodi
551 3593 1020 3647 Chalcedonensis
1045 3591 1449 3645 adversarium.
1485 3589 1752 3643 Eumdem
1778 3602 1903 3640 eum

317 3683 501 3737 fuisse
552 3698 675 3735 cum
714 3694 907 3735 nostro
962 3679 1050 3735 Jo.
1091 3680 1285 3733 Malala
1324 3678 1702 3749 suspicabitur
1744 3689 1905 3729 nemo

327 3776 490 3842 paulo
520 3774 810 3826 eruditior.
851 3770 1064 3825 Floruit
1107 3773 1253 3825 enim
1287 3782 1415 3823 ante
1454 3778 1702 3839 tempora
1730 3764 1906 3819 Justi-

327 3850 596 3926 niani,'et
622 3905 636 3929 ,
678 3879 734 3917 ut
767 3876 961 3919 auctor
993 3876 1079 3919 est
1128 3866 1245 3934 ipse
1279 3862 1594 3925 Liberatus,
1626 3860 1907 3915 secundus

325 3970 451 4013 erat
485 3962 537 4012 in
569 3959 877 4012 antistitum
930 3957 1433 4010 Alexandrinorum
1489 3952 1847 4007 successione
1877 3965 1906 4003 a

330 4052 491 4104 Petro
524 4050 740 4119 .\lougo,
774 4050 1061 4102 Athanasii
1098 4048 1344 4101 haeretici
1384 4059 1707 4105 successor,
1741 4052 1796 4095 et
1826 4042 1909 4093 al-

328 4145 500 4196 terius
528 4141 759 4195 Joauuis
814 4141 1097 4194 blaehiotze
1152 4140 1308 4205 (sive
1337 4136 1595 4204 Niciotae)
1625 4133 1908 4203 cognomi-

328 4236 443 4287 nati
481 4235 765 4287 decessor.
816 4232 1045 4303 lncepit,
1088 4233 1245 4301 juxta
1280 4229 1577 4284 Chronicon
1613 4224 1905 4288 Orientale,

328 4327 591 4382 Ecclesiae
636 4327 1022 4380 Alexandrinae
1079 4326 1377 4395 praesidere
1432 4323 1497 4376 Α.
1555 4320 1619 4372 D.
1681 4317 1806 4382 488,
1855 4325 1909 4370 et

327 4422 520 4475 sedem
568 4420 757 4483 tenuit,
784 4434 879 4486 per
908 4432 1083 4471 annos
1114 4417 1168 4477 8,
1200 4424 1253 4470 et
1296 4414 1443 4483 quod
1478 4414 1745 4468 excurrit.
1782 4412 1908 4465 Kir-

326 4514 531 4566 cherus
568 4511 620 4562 in
658 4509 913 4578 Catulogo
946 4510 1380 4576 patriarcharum
1416 4504 1907 4558 Alexandrinorum

2003 2029 2070 2083 ad
2104 2045 2309 2083 annum
2352 2027 2566 2083 Christi
2595 2029 2692 2084 60l
2728 2031 3052 2101 conjicitur.

2073 2119 2192 2176 XV.
2233 2120 2369 2175 Cum
2406 2122 2483 2174 ait
2518 2122 2920 2177 celeberrimus
2955 2124 3162 2196 Pagius
3194 2126 3493 2182 certiorem
3529 2143 3591 2182 se

2002 2211 2207 2266 factum
2259 2211 2329 2265 ab
2379 2212 2647 2281 episcopo
2693 2211 3040 2282 Asaphensi,
3096 2215 3592 2286 chronographum

2001 2311 2253 2359 nostrum
2281 2318 2429 2357 anno
2454 2301 2756 2357 Justiniani
2788 2321 2915 2367 xxv.
2943 2315 3041 2360 aut
3064 2307 3313 2371 circiter,
3347 2307 3593 2363 scribere

2001 2395 2273 2455 desiisse,
2306 2407 2433 2447 eum
2480 2408 2593 2447 non
2647 2408 2872 2463 possum
2915 2410 3024 2449 non
3062 2397 3342 2467 suspicari
3376 2397 3594 2452 duabus

2002 2486 2058 2540 in
2091 2485 2258 2540 rebus
2287 2486 2549 2538 memoria
2579 2483 2756 2540 fuisse
2789 2486 3043 2556 lapsum:
3076 2501 3203 2541 nam
3232 2486 3308 2554 ι’,
3346 2488 3478 2541 mihi
3513 2486 3594 2542 fs-

2002 2579 2106 2633 cile
2153 2577 2463 2647 persuadeo
2511 2577 2813 2646 scripsisse
2857 2579 3249 2633 doctissimum
3300 2579 3593 2649 praesulem

2002 2671 2070 2725 de
2096 2686 2245 2725 anno
2269 2671 2607 2732 Justiniani,
2639 2685 2747 2724 non
2777 2686 2883 2723 xxv
2908 2671 3002 2724 sed
3037 2686 3203 2725 xxxv.
3233 2668 3423 2741 Usque
3446 2674 3591 2726 enim

2003 2764 2069 2817 ad
2104 2778 2310 2817 annum
2342 2764 2496 2817 illius
2532 2762 2889 2832 imperatoris
2911 2779 3053 2817 xxxv
3074 2762 3591 2834 Chronographiam

2004 2863 2286 2917 nostram,
2324 2854 2625 2922 proutjam
2660 2855 2716 2907 in
2753 2870 2857 2909 ms.
2899 2856 3150 2921 habetur,
3190 2857 3445 2925 perduci.
3479 2864 3591 2911 tam

2005 2958 2215 3002 certum
2241 2955 2325 3002 est
2353 2961 2520 3016 quam
2547 2947 2694 3015 quod
2725 2946 3101 3001 certissimum
3131 2966 3144 3000 :
3172 2956 3225 3001 et
3250 2947 3453 3002 desinit
3476 2949 3594 3019 qui-

2004 3039 2127 3092 dem
2164 3039 2216 3091 in
2246 3054 2395 3093 anno
2426 3039 2575 3093 illius
2608 3039 2823 3109 imperii
2852 3039 2933 3092 vel
2962 3054 3171 3092 xxxvm
3197 3083 3211 3106 ,
3256 3041 3339 3093 vel
3384 3056 3590 3095 xxxvtt.

2007 3128 2209 3184 Subest
2238 3144 2459 3199 quoque
2493 3129 2743 3195 suspicio
2788 3128 2891 3181 hoc
2943 3135 3158 3181 tantum
3192 3131 3320 3182 'eum
3354 3128 3461 3182 sibi
3496 3141 3596 3182 vo-

2008 3222 2218 3283 luisse,
2271 3222 2326 3275 in
2377 3222 2484 3275 isto
2534 3221 2767 3273 circiter
2816 3234 2960 3274 anno
3019 3221 3277 3275 desinere
3336 3228 3591 3275 nostrum

2007 3314 2313 3384 exemplar,
2355 3330 2464 3367 non
2509 3313 2603 3365 illo
2642 3326 2792 3365 anno
2846 3320 3127 3365 auctorem
3189 3311 3435 3365 scribere
3494 3310 3592 3364 de-

2008 3408 2198 3470 siisse;
2236 3420 2363 3459 nam
2408 3404 2550 3457 unde
2580 3404 2631 3457 id
2669 3403 2849 3472 colligi
2887 3403 3149 3472 pmuerit,
3184 3404 3323 3457 nihil
3355 3402 3591 3472 uspiam,

2007 3499 2090 3552 vel
2123 3499 2241 3551 leve
2262 3538 2277 3562 ,
2309 3496 2593 3557 occurrit,
2625 3510 2751 3548 cum
2787 3497 2840 3547 in
2877 3495 2984 3549 line
3010 3494 3294 3564 exemplar
3322 3509 3448 3548 esse
3474 3509 3595 3547 tnu-

2011 3590 2263 3650 tilatum,
2297 3586 2379 3640 vel
2426 3587 2547 3640 luce
2591 3585 2708 3653 ipsa
2751 3583 2961 3637 clarius
3008 3595 3293 3652 appareat.
3350 3581 3595 3636 [labetur

2008 3679 2289 3747 exemplar
2312 3677 2459 3731 inter
2505 3675 2668 3728 codd.
2703 3675 3072 3727 Baroccianos
3096 3713 3109 3734 ,
3156 3674 3475 3727 membrana
3497 3714 3510 3731 .
3541 3682 3595 3726 et

2010 3784 2175 3823 manu
2205 3770 2434 3837 antiqua
2465 3782 2741 3820 annorum
2772 3768 2872 3836 (ut
2905 3764 2987 3818 fas
3014 3771 3100 3819 est
3127 3763 3440 3832 conjicere)
3472 3763 3593 3832 plus

2009 3878 2172 3932 quam
2206 3860 2327 3925 600,
2362 3867 2674 3913 exaratum.
2714 3858 2794 3911 Ex
2830 3858 3136 3911 voluminis
3171 3870 3271 3909 ms.
3312 3855 3594 3920 crassitie,

2010 3954 2381 4024 colligendum
2419 3950 2582 4003 facile
2611 3949 2835 4003 videtur
2873 3964 2977 4000 non
3011 3948 3213 3999 multas
3257 3945 3493 4000 scltedas
3537 3946 3595 3998 in

2010 4046 2165 4099 calce
2197 4042 2502 4097 desiderari
2526 4082 2540 4103 ,
2573 4048 2627 4095 et
2660 4040 2745 4093 vix
2796 4040 2848 4093 id
2895 4038 3195 4092 deductum
3243 4037 3417 4092 fuisse
3451 4039 3595 4091 ultra

2010 4143 2245 4188 mortem
2270 4131 2575 4186 Justiniani
2606 4150 2618 4184 ε
2651 4131 2744 4185 sed
2777 4130 2844 4183 ad
2875 4130 2978 4184 hoc
3011 4129 3265 4183 volumen
3294 4144 3403 4182 non
3441 4128 3593 4182 aliud

2010 4227 2138 4282 olitn
2168 4224 2507 4295 pertinuisse
2530 4266 2543 4287 ,
2577 4222 2661 4277 vel
2693 4223 2872 4290 ipsum
2903 4222 3033 4276 olim
3062 4235 3172 4275 non
3204 4221 3375 4275 fuisse
3403 4220 3457 4274 in
3484 4220 3593 4274 duo

2011 4318 2250 4372 divisum
2276 4355 2291 4376 ,
2322 4316 2472 4369 unde
2502 4314 2753 4383 liqueat?
2784 4314 2949 4368 Certe
2984 4320 3207 4366 constat
3241 4327 3380 4382 opus
3416 4322 3590 4366 totum

2012 4410 2187 4463 multa
2215 4408 2344 4463 olim
2380 4420 2605 4475 passum
2642 4405 2847 4467 fuisse,
2880 4414 2935 4459 et
2977 4405 3213 4461 schcdas
3252 4420 3446 4459 omnes
3487 4404 3590 4459 ali-

2013 4503 2237 4569 quando
2272 4498 2519 4567 jacuisse
2547 4512 2645 4565 per
2679 4496 2943 4564 injuriam
2978 4496 3244 4566 temporis
3279 4512 3308 4549 a
3345 4512 3404 4551 se
3450 4496 3592 4551 invi-

331 4606 501 4659 refert
560 4605 705 4657 illius
749 4603 968 4655 initium
1011 4600 1079 4654 ad
1141 4615 1347 4653 annum
1403 4599 1609 4652 Christi
1656 4598 1779 4651 506.
1827 4595 1906 4647 Ad
1941 4602 1985 4657 ι)
2020 4609 2136 4648 cem
2168 4594 2400 4647 solutas.
2436 4589 2548 4642 [loc
2588 4589 2801 4643 indicat
2839 4605 3085 4658 praesens
3124 4589 3421 4643 voluminis
3461 4604 3594 4642 con-

331 4711 499 4765 quem
534 4710 736 4748 annum
771 4694 1000 4764 ponitur
1035 4707 1063 4744 a
1104 4689 1342 4744 Baronio
1375 4706 1482 4741 non
1521 4689 1739 4740 initium
1767 4686 1910 4753 ejus,

333 4787 428 4843 sed
460 4788 661 4840 exitus.

406 4878 547 4934 XIV.
586 4878 657 4933 De
711 4877 1137 4947 chronographo
1192 4882 1405 4933 nostro,
1450 4871 1685 4938 benigne
1720 4870 1913 4932 lector,

333 4975 462 5041 quis
504 4971 603 5024 fuit
636 4978 689 5023 et
719 4971 922 5039 qualis.
974 4969 1057 5022 vel
1098 4967 1279 5037 potius
1315 4979 1448 5019 sane
1485 4964 1615 5031 quis
1651 4975 1705 5014 et
1736 4961 1915 5029 qualis

338 5080 445 5118 non
498 5063 620 5123 fuit,
682 5061 1074 5131 inquisivituus
1141 5061 1432 5111 hactenus.
1494 5056 1611 5109 Jam
1675 5054 1917 5123 postulat

340 5168 481 5212 ratio
514 5157 687 5211 nostri
733 5156 992 5215 instituti,
1046 5164 1103 5206 ut
1142 5154 1206 5205 ad
1241 5154 1345 5205 alia
1383 5149 1827 5218 progrediamur,
1863 5155 1917 5198 ct

338 5252 519 5320 qualis
552 5250 625 5303 sit
674 5249 939 5317 scriptor,
972 5250 1146 5314 deque
1178 5261 1298 5315 ejus
1337 5251 1520 5301 aetate,
1558 5248 1920 5308 tetnporequc

341 5355 451 5411 quo
493 5341 732 5409 scripsit,
791 5341 1042 5391 ineamus
1103 5335 1579 5404 disquisitionem.
1640 5329 1921 5383 Floruisse

340 5450 463 5488 eum
514 5432 619 5485 sub
656 5432 887 5499 imperio
936 5427 1236 5483 Justiniani
1279 5429 1401 5495 ejus
1458 5426 1700 5479 nominis
1732 5423 1917 5493 primi,

342 5526 486 5594 quod
521 5539 669 5577 anno
721 5522 783 5577 ι).
837 5522 968 5577 5‘27"
1027 5521 1303 5589 inceptum
1333 5530 1442 5581 est,
1481 5532 1529 5573 et
1568 5518 1695 5571 565·
1732 5514 1923 5569 termi-

345 5632 558 5684 natum,
619 5616 763 5669 inter
821 5616 946 5669 illos
989 5614 1238 5667 eruditos
1291 5614 1460 5671 viros,
1516 5613 1606 5678 qui
1664 5608 1919 5663 (Iltt'onici

345 5716 463 5781 ejus
496 5712 781 5781 exemplar
812 5727 913 5762 ms.
948 5708 1334 5777 pervolverint,
1374 5706 1603 5757 inolevit
1636 5706 1921 5769 hucusque

349 5806 645 5859 sententia.
710 5802 801 5855 Sic
856 5809 1104 5854 statuunt
1150 5814 1248 5868 pro
1306 5808 1461 5851 certo
1502 5808 1558 5847 et
1611 5796 1922 5848 indubitate)

350 5896 695 5952 Chtlmeadus
765 5894 928 5949 simul
1002 5892 1281 5960 interpres
1335 5901 1387 5941 et
1458 5889 1783 5959 (liegorins;
1844 5887 1921 5937 sic

2016 4684 2176 4745 ditio,
2200 4682 2417 4736 schodis
2444 4680 2616 4733 variis
2651 4681 2703 4732 in
2738 4679 2874 4733 locis
2893 4694 2920 4729 a
2943 4680 3254 4747 posteriore
3283 4679 3595 4748 bibliopego

2016 4774 2327 4828 miserrime
2356 4771 2732 4839 transpositis.
2765 4766 3079 4838 Utcumque
3105 4768 3355 4829 dehisce
3384 4784 3473 4823 res
3496 4768 3594 4823 ha-

2019 4868 2141 4919 heat
2171 4884 2183 4917 :
2217 4864 2363 4933 quod
2401 4865 2543 4916 intra
2575 4876 2750 4916 annos
2780 4875 2809 4913 a
2845 4859 3059 4912 Domini
3095 4860 3269 4913 nostri
3298 4857 3594 4914 Nativitate

2020 4956 2128 5009 900
2158 4955 2385 5023 scripsit
2416 4959 2605 5007 uoster
2637 4948 3133 5018 chronographus,
3179 4955 3336 5000 extra
3375 4962 3593 5000 omnem

2018 5046 2308 5100 dubitandi
2342 5047 2516 5099 aleam
2553 5043 2797 5113 p0nitur,
2829 5048 3277 5094 cutn'exstarent
3321 5053 3384 5090 ex
3432 5051 3597 5105 opere

2020 5140 2174 5191 illius
2200 5144 2461 5204 excerpta
2484 5175 2498 5197 ,
2531 5135 2673 5187 inter
2698 5134 3053 5186 Colleetanea
3075 5129 3431 5184 Constantini
3458 5128 3596 5182 Por-

2020 5235 2253 5303 phyrog.
2290 5232 2423 5298 imp.
2456 5228 2551 5297 qui
2585 5234 2747 5279 natus
2777 5234 2858 5277 est
2889 5238 3037 5276 anno
3064 5222 3205 5285 905,
3235 5231 3289 5275 et
3318 5236 3467 5274 anno
3492 5222 3599 5276 cir-

2024 5334 2166 5378 citer
2197 5322 2303 5377 959
2351 5321 2627 5374 denatus:
2665 5326 2718 5371 et
2756 5333 2863 5370 non
2911 5316 3203 5385 scripsisse
3239 5314 3345 5368 sub
3379 5314 3468 5383 ipo
3498 5310 3599 5366 Ju-

2023 5416 2251 5470 stiniani
2304 5412 2567 5481 imperio,
2624 5412 2720 5464 sed
2769 5417 3067 5480 postquam
3124 5409 3218 5461 ille
3254 5407 3399 5461 diem
3437 5419 3596 5462 S'Jlfltl

2025 5526 2355 5578 supremum
2389 5508 2620 5561 ohiisset
2642 5544 2655 5565 ,
2692 5504 2795 5556 hoc
2827 5511 2911 5555 est
2939 5512 3061 5571 post
3098 5516 3304 5553 annum
3340 5498 3481 5563 565,
3513 5514 3601 5553 eo-

2028 5606 2151 5655 dum
2190 5598 2542 5653 ccrtitudinis
2578 5596 2748 5667 gradu
2784 5596 2943 5648 nobis
2984 5592 3287 5657 clueescit,
3324 5591 3373 5643 id
3412 5598 3602 5658 aperte

2028 5694 2405 5748 indicantibus
2437 5689 2552 5761 lac]
2588 5691 2768 5741 verbis
2804 5689 2911 5740 illis
2942 5702 3061 5754 quin
3092 5685 3158 5737 de
3199 5683 3512 5738 Jnstiniano
3542 5681 3599 5735 in

2028 5788 2182 5839 initio
2215 5785 2339 5837 iilni
2384 5800 2543 5843 κει-ιιι,
2580 5784 2877 5846 icgttttlttt':
2921 5781 3300 5846 ἰ-ἰζῦαςιιιηευπεν
3328 5775 3355 5825 ὁ
3390 5771 3600 5824 θειότα-

2027 5897 2114 5941 τςς
2162 5876 2537 5937 Ἰουστινιανὸς
2574 5875 2667 5943 ἱτη
2698 5872 2795 5943 λη’,
2833 5874 2922 5925 καὶ
2958 5872 3128 5945 μῆνας
3156 5866 3229 5930 .ζ’,
3266 5866 3358 5919 καὶ
3388 5865 3601 5935 ἡμέρας
