4256 6452
672 366 744 426 33
1973 354 2381 416 HUMFREDI
2424 354 2643 415 HODII
3871 363 3941 420 35

677 478 768 537 ιγ.
803 469 1091 538 Imperium
1125 471 1290 523 tenuit
1321 468 1685 523 diviniuimus
1714 465 2055 521 lustinianus
2089 481 2257 518 annos
2290 469 2333 523 Α
2363 466 2467 517 bus
2502 466 2675 532 gestis
2708 466 2816 520 sub
2848 467 3082 537 imperio
3111 466 3446 529 Iustiniani,
3482 475 3564 521 tot
3593 476 3648 522 et
3682 469 3817 523 υιιιί
3849 486 3938 521 ιιι»-

678 560 779 623 58,
813 577 1012 615 nienses
1048 564 1098 625 7,
1135 572 1184 614 ει
1218 561 1329 613 dies
1366 561 1454 615 15.
1491 559 1608 613 Hoc
1638 558 1814 613 soluat
1845 558 1900 611 in
1934 565 2259 612 controver-

676 652 816 708 siam
850 661 1029 721 potest
1058 651 1242 705 vorari
1262 691 1279 714 ,
1310 666 1379 705 an
1409 651 1513 706 sub
1538 650 1859 705 Iustiniano
1889 648 2140 702 floruerit
2159 689 2175 713 ,
2201 658 2257 702 et

677 744 841 812 paulo
869 754 995 811 post
1018 746 1137 811 ejus
1163 752 1379 797 aztatem
1406 744 1919 812 Chronographiam
1946 758 2104 797 suam
2135 758 2259 795 con-

676 832 927 886 diderit?
956 832 1098 885 Sunt
1124 835 1345 903 quidem
1365 876 1380 899 ,
1408 850 1531 905 qua:
1562 833 1727 889 facile
1764 835 1944 888 cuivis
1976 849 2084 887 non
2117 836 2255 888 satis

679 933 893 977 attento
927 926 1149 994 possint
1186 927 1523 995 persuadere
1546 967 1560 988 ,
1594 942 1718 981 eum
1751 927 1913 994 paulo
1940 934 2063 994 post
2086 924 2257 979 Iusti-

679 1019 905 1069 nianum
943 1032 1105 1069 suum
1140 1034 1277 1085 opus
1312 1019 1729 1081 concinnasse;
1766 1016 1861 1071 sed
1896 1026 1951 1069 et
1983 1017 2091 1068 alia
2128 1024 2256 1069 sunt

676 1107 849 1159 multa
898 1121 929 1161 a
978 1108 1139 1160 nobis
1189 1109 1519 1171 observata,
1567 1124 1688 1176 quae
1718 1108 2098 1176 suspicionem
2146 1123 2253 1160 non

679 1200 959 1254 immerito
992 1212 1184 1255 creant
1226 1216 1352 1255 eum
1399 1202 1601 1256 saeculo
1633 1201 1743 1255 isto
1774 1202 1944 1253 fuisse
1979 1202 2254 1254 recentio-

678 1308 792 1347 rem
820 1312 834 1345 :
868 1291 1004 1362 quin
1035 1302 1089 1347 et
1118 1302 1249 1347 sunt
1278 1309 1400 1361 qua:
1441 1293 1798 1347 subindicent
1828 1307 1955 1345 eum
2000 1291 2067 1344 ad
2114 1301 2255 1343 tem-

677 1398 816 1452 pora
849 1386 1009 1453 longe
1035 1386 1295 1452 sequiora
1322 1400 1448 1440 esse
1475 1384 1902 1439 detrudendum.
1936 1382 2005 1436 Ut
2035 1385 2103 1438 de
2133 1384 2255 1452 ejus

676 1484 839 1530 aetate
889 1477 1176 1532 veritatem
1232 1478 1408 1546 possit
1480 1478 1743 1545 indagare
1829 1478 2024 1538 lector,
2074 1476 2255 1544 deque

677 1568 801 1637 ejus
829 1570 1165 1624 auctoritate
1185 1570 1456 1638 judicium
1491 1569 1671 1623 facere
1690 1610 1706 1632 ,
1740 1584 1841 1623 nos
1868 1567 2138 1638 quidquid
2165 1582 2256 1621 oc-

678 1660 852 1713 currit
887 1671 1145 1713 notarum
1191 1669 1247 1713 et
1288 1661 1628 1713 indiciorum
1667 1661 1886 1723 aetatis,
1928 1661 2001 1713 ob
2058 1660 2254 1713 oculos

680 1748 769 1803 hic
812 1764 1218 1821 congeremus,
1269 1765 1334 1805 ac
1385 1752 1440 1805 in
1493 1753 1705 1805 trutina
1755 1751 1922 1806 simul
1956 1750 2255 1805 collocabi-

679 1856 823 1893 llius.
858 1838 923 1892 Et
949 1841 1186 1909 primum
1213 1842 1437 1909 quidem
1472 1856 1535 1896 ea
1559 1883 1574 1906 ,
1602 1857 1724 1909 quae
1753 1852 1949 1895 contra
1979 1842 2129 1895 illius
2164 1855 2253 1895 ve-

678 1939 940 1983 tustatem
989 1938 1199 1983 tantam
1252 1932 1549 1986 videantur
1596 1932 1816 1993 facere,
1852 1932 2155 1986 afferamus
2201 1941 2255 1986 et

678 2020 734 2073 in
766 2020 925 2074 lance
966 2034 1277 2089 ponamus;
1330 2021 1526 2077 deinde
1578 2039 1702 2092 qua:
1754 2023 1906 2075 illam
1959 2023 2256 2075 videantur

677 2118 963 2174 astruere,
997 2126 1065 2166 ex
1095 2115 1331 2167 adverso
1368 2114 1740 2182 ponderemus
1767 2131 1781 2179 ;
1814 2122 1869 2167 et
1900 2114 1947 2166 si
1978 2112 2112 2183 quid
2158 2114 2256 2167 ad-

674 2202 900 2255 mittant
952 2203 1069 2259 bzec
1115 2205 1550 2274 responsionis,
1607 2213 2012 2275 prcutaequos
2070 2220 2255 2260 rerum

675 2297 1046 2351 estimatores
1077 2297 1274 2361 decet,
1308 2299 1619 2354 videamus.

747 2385 887 2441 XVI.
934 2388 1090 2453 Quod
1148 2398 1347 2442 auctor
1396 2398 1590 2443 noster
1636 2391 1741 2445 sub
1783 2388 2101 2447 Iustiniano
2156 2393 2255 2447 Se-

676 2476 867 2539 niore,
902 2492 1012 2532 non
1043 2479 1224 2533 solum
1267 2495 1375 2532 non
1407 2482 1735 2549 scripserit,
1776 2483 1872 2537 sed
1904 2492 1959 2537 et
1991 2500 2167 2552 neque
2200 2485 2255 2539 in

676 2570 788 2622 vita
815 2570 1128 2636 exstiterit,
1161 2571 1216 2623 in
1265 2573 1443 2641 primo
1492 2573 1615 2627 loco
1639 2616 1653 2637 ,
1691 2576 2003 2641 argumenti
2050 2576 2255 2629 firmis-

674 2660 802 2714 simi
834 2661 1076 2729 vigorem
1108 2660 1161 2713 id
1190 2660 1393 2714 habere
1424 2660 1666 2726 videtur,
1690 2664 1835 2731 quod
1863 2662 1932 2717 de
1962 2664 2116 2718 urbis
2144 2680 2256 2717 sua:

674 2751 985 2804 Antiochia:
1028 2752 1253 2805 nomine
1305 2752 1410 2808 sub
1453 2752 1772 2808 Iustiniano
1830 2756 1887 2809 in
1932 2754 2254 2824 Tlteopol‘un

677 2848 908 2905 nzutato,
922 2849 976 2896 et
996 2841 1064 2897 de
1091 2842 1277 2911 populi
1304 2852 1438 2898 tunc
1457 2847 1722 2914 temporis
1739 2848 2252 2909 acclamationibus,

676 2933 841 2986 verba
876 2930 1085 2987 faciens
1116 2935 1295 3002 (part.
1326 2948 1405 2999 ιι,
1433 2952 1485 3004 p.
1519 2938 1685 3006 I79),
1716 2938 1783 2991 de
1814 2938 2035 2991 illorum
2073 2939 2257 2993 accla-

677 3021 1020 3076 mationibus
1044 3039 1154 3076 non
1180 3023 1426 3092 loquitur
1451 3025 1568 3095 ipse
1589 3042 1655 3079 ex
1681 3042 1780 3081 sua
1808 3027 2044 3082 scientia
2066 3036 2120 3082 et
2142 3042 2256 3080 me-

2361 570 2517 609 rores
2549 559 2602 610 in
2630 559 2780 611 illius
2805 558 3261 628 Cluronographia
3283 561 3720 622 committantur,
3748 569 3941 610 utunt-

2358 654 2491 701 nino
2526 659 2793 718 repugnet
2835 665 2966 703 eum
3017 652 3128 705 illis
3180 652 3387 704 vixisse
3426 651 3789 719 temporibus.
3832 648 3936 706 Et.

2358 742 2547 798 multis
2582 744 2912 811 przeteritis,
2953 742 3251 797 nonnullos
3295 744 3387 796 bic
3439 743 3584 807 loci,
3633 742 3726 810 qui
3776 740 3943 793 nobis

2357 833 2469 884 sint
2521 834 2749 901 majoris
2802 835 3107 895 momenti,
3163 834 3220 885 in
3250 833 3490 885 medium
3523 830 3938 899 producamus:

2358 924 2572 977 Bellum
2609 926 2744 978 illud
2781 940 2891 992 quo
2926 927 3039 993 regi
3074 923 3345 977 Lazotum
3382 934 3577 975 contra
3613 920 3814 975 Persas
3844 933 3943 986 per

2356 1020 2553 1071 ducem
2582 1016 2886 1080 Irenaeum,
2916 1026 3022 1068 etc.
3059 1018 3327 1085 suppetie
3354 1016 3478 1067 lata:
3508 1021 3673 1077 sunt,
3699 1012 3748 1065 is
3775 1012 3944 1064 rcfeit

2356 1113 2423 1163 ad
2460 1112 2751 1179 imperium
2780 1109 3078 1163 Iustiniani
3112 1109 3202 1177 ip.
3238 1108 3340 1159 155
3364 1110 3413 1173 ).
3446 1116 3502 1159 et
3545 1106 3611 1158 ad
3654 1105 3777 1173 ejus
3804 1117 3940 1155 con-

2356 1204 2598 1257 sulatum
2626 1203 2661 1255 2
2682 1244 2696 1263 ,
2723 1203 3202 1270 indictionemque
3231 1201 3265 1255 5
3286 1242 3302 1262 ,
3333 1214 3457 1270 qua:
3481 1200 3533 1250 in
3559 1213 3766 1250 annum
3793 1195 3945 1247 illius

2356 1297 2569 1365 imperii
2601 1310 2641 1348 ιι
2674 1296 2911 1347 incurrit
2938 1311 2952 1360 ;
2980 1296 3126 1363 quod
3156 1302 3340 1345 tamen
3374 1306 3483 1344 non
3513 1301 3729 1359 gestum
3767 1287 3945 1340 fuisse

2354 1386 2425 1439 ab
2457 1388 2589 1454 imp.
2619 1384 2957 1446 Iustiniano,
2989 1386 3084 1438 sed
3119 1384 3187 1436 ab
3220 1383 3342 1450 ejus
3365 1382 3664 1435 decessore
3693 1376 3940 1436 Iustino,

2354 1491 2419 1531 ex
2445 1477 2715 1545 Proc0pio
2740 1477 3064 1530 Caesariensi
3097 1476 3205 1545 (De
3228 1475 3365 1525 bello
3391 1472 3546 1526 Pera.
3573 1472 3611 1522 1.
3643 1486 3658 1523 ι
3684 1512 3700 1534 ,
3728 1485 3781 1523 c.
3808 1468 3877 1521 12
3896 1468 3939 1537 ).

2355 1567 2601 1635 ejusdem
2629 1568 2729 1620 aevi
2759 1566 3149 1635 probatissimo
3177 1568 3472 1631 scriptore,
3494 1561 3759 1629 colligere
3786 1559 3939 1610 licet.

2356 1657 2610 1712 Edictum
2640 1657 2941 1712 Iustiniani
2972 1660 3040 1712 de
3070 1656 3351 1727 episcopis
3372 1695 3387 1717 ,
3416 1648 3898 1723 orphauotmpltis
3922 1686 3939 1709 ,

2356 1749 2687 1811 teconomis,
2705 1760 2757 1801 et
2775 1748 3249 1808 xenodocliiariis,
3270 1760 3339 1799 ne
3356 1746 3464 1798 nisi
3489 1743 3557 1797 de
3579 1743 3647 1795 iis
3669 1756 3793 1811 qua:
3815 1747 3943 1791 ante

2362 1848 2564 1888 munus
2602 1843 2926 1904 susceptum
2971 1835 3267 1889 habuerint
3310 1834 3506 1896 bonis,
3550 1838 3939 1884 testamentum

2361 1926 2701 1989 emitterent,
2719 1928 2949 1996 conjicit
2977 1929 3023 1981 is
3046 1930 3112 1981 ad
3142 1942 3348 1981 annum
3373 1924 3676 1979 Iustiniani
3700 1922 3775 1975 2"
3802 1920 3938 1988 (ἓξ),

2362 2034 2552 2075 errore
2584 2036 2695 2074 non
2743 2023 2928 2075 minus
2958 2037 3125 2090 quam
3161 2035 3435 2072 annorum
3475 2019 3561 2072 15.
3611 2016 3942 2083 Designatu-

2362 2110 2508 2164 enim
2532 2110 2755 2164 Novella
2777 2109 3079 2164 Iustiniani
3114 2111 3206 2163 151
3239 2109 3353 2173 (25)
3382 2124 3503 2177 qua:
3531 2105 3733 2160 emissa
3761 2112 3844 2156 est
3873 2117 3943 2155 xv

2361 2200 2487 2255 Kal.
2518 2204 2723 2271 Aprilis
2747 2201 2949 2257 Basilio
2990 2218 3107 2256 cos.
3144 2200 3284 2271 (ξι),
3329 2208 3388 2253 ιιι
3418 2215 3484 2253 ex
3526 2198 3646 2266 ejus
3688 2204 3942 2250 extremo

2362 2294 2729 2359 conspicitur,
2756 2294 2807 2348 id
2838 2304 2924 2348 est
2947 2308 3091 2346 anno
3120 2294 3268 2346 illius
3302 2292 3513 2360 imperii
3540 2288 3709 2360 [XLtt‘j
3737 2304 3801 2338 xv
3824 2289 3940 2355 jam

2361 2385 2667 2440 desinente.
2700 2386 2783 2440 Ad
2820 2402 3026 2440 annum
3064 2384 3364 2439 Iustiniani
3394 2385 3496 2447 ‘2‘,
3529 2382 3645 2453 (25)
3687 2381 3754 2434 de
3791 2382 3937 2434 Cotto

2359 2473 2754 2529 stitutionibus
2785 2477 3119 2544 quibusdam
3152 2473 3398 2527 Noveliis
3429 2476 3499 2527 ab
3534 2490 3601 2525 eo
3632 2482 3764 2524 tunc
3800 2483 3941 2524 tem-

2359 2568 2511 2636 poris
2539 2569 2907 2636 promulgatis
2940 2571 3275 2620 mentionem
3303 2564 3500 2619 Noster
3526 2565 3761 2627 faciens,
3801 2566 3943 2616 inter

2357 2674 2453 2712 eas
2475 2670 2725 2713 recenset
2747 2660 3212 2713 Constitutionem
3246 2658 3321 2711 De
3345 2658 3469 2726 jure
3497 2656 3838 2710 lurreditario
3870 2653 3941 2707 li-

2359 2750 2497 2803 beris
2533 2751 2873 2803 naturalibus
2920 2751 3283 2811 concedendo,
3309 2749 3465 2816 juxta
3501 2749 3667 2816 legem
3707 2747 3771 2798 ab
3812 2747 3942 2812 imp.

2360 2843 2649 2895 Anastasio
2680 2842 2888 2904 latam;
2930 2857 3053 2910 qua:
3078 2842 3225 2895 edita
3272 2844 3495 2912 quidem
3527 2852 3613 2895 est
3652 2854 3763 2893 non
3812 2847 3941 2890 ante

2356 2932 2574 3001 imperii
2600 2930 2901 2986 Iustiniani
2929 2948 3134 2986 annum
3166 2950 3283 2987 xttt.
3310 2933 3575 2998 Quamvis
3600 2933 3744 2987 enim
3774 2946 3941 2999 super

2361 3024 2466 3078 ista
2499 3026 2733 3078 materia
2768 3025 3039 3079 habeatur
3072 3026 3156 3079 lex
3190 3023 3486 3078 Iustiniani
3520 3024 3573 3076 in
3608 3023 3812 3076 Codice
3847 3030 3935 3073 tit.

676 3115 854 3168 moria
875 3153 891 3179 ,
915 3114 1012 3169 sed
1034 3116 1099 3169 ad
1124 3116 1346 3186 publica
1375 3119 1551 3187 ipsius
1575 3119 1817 3174 civitatis
1841 3118 2093 3189 Registra
2126 3135 2251 3189 pro—
2280 3130 2323 3187 (ζ
2356 3117 2447 3182 26,
2473 3118 2564 3182 50,
2597 3122 2651 3181 8,
2683 3120 2858 3187 ipsius
2886 3119 2943 3172 2°
2972 3120 3301 3183 consulatu,
3334 3117 3371 3171 i.
3395 3133 3446 3173 e.
3480 3133 3625 3172 anno
3652 3117 3867 3185 imperii
3900 3132 3936 3167 ιι

677 3213 875 3259 vocat:
910 3205 1145 3274 Ὀμοέως
1174 3206 1231 3259 δὲ
1263 3208 1359 3260 καὶ
1388 3210 1447 3261 ὲν
1476 3210 1589 3271 τοῖς
1622 3208 1884 3276 Χαρτίοις
1914 3210 2114 3280 εὑρέθη
2143 3209 2251 3260 τῶν

674 3297 743 3349 τὶ
772 3298 913 3351 ἄκτα
944 3298 1271 3367 γραφόντων
1299 3300 1402 3367 τῆς
1432 3299 1603 3369 αὐτῆς
1635 3299 1843 3361 πόλεως
1864 3342 1878 3362 ,
1907 3300 1989 3352 ὅτι
2018 3299 2252 3369 ἔκραζον

677 3388 909 3458 κληδόνα
958 3389 1194 3453 διδόντες
1243 3392 1324 3454 εἰς
1379 3390 1441 3443 τὸ
1491 3390 1897 3460 μετακληθῆναι
1948 3392 2048 3461 τὴν
2084 3391 2253 3462 αὐτὴν

678 3479 851 3531 πόλιν.
883 3478 967 3532 Ad
997 3497 1187 3533 uorum
1213 3497 1329 3534 vero
1355 3481 1451 3534 hoc
1486 3498 1670 3534 nomen
1692 3520 1707 3545 ,
1742 3483 1795 3534 in
1826 3480 2038 3536 Clmrtis
2070 3499 2253 3537 eorum

675 3574 767 3641 qui
798 3586 920 3625 acta
950 3576 1160 3641 publica
1190 3574 1347 3643 hujus
1381 3575 1614 3628 civitatis
1649 3576 2005 3644 conscripsere
2027 3617 2043 3641 ,
2076 3577 2254 3629 iuren-

678 3673 790 3715 tum
818 3674 928 3727 est,
976 3664 1113 3734 quod
1164 3665 1290 3719 bene
1336 3666 1504 3719 eidem
1546 3668 1843 3721 ominantes
1885 3670 2253 3721 acclamarunt

676 3754 886 3808 inculte.
923 3758 1066 3810 Sane
1096 3757 1143 3811 si
1176 3756 1353 3825 ipsius
1404 3759 1671 3812 memoria
1716 3760 2081 3828 contigissent
2136 3760 2254 3813 ista:

679 3845 1130 3910 acclamationes,
1156 3848 1411 3917 quamvis
1435 3848 1620 3904 forsan
1651 3865 1956 3904 memorare
1982 3852 2253 3919 potuisset

680 3941 736 3994 in
772 3941 1025 4011 Registra
1053 3943 1297 3998 civitatis
1324 3945 1541 4013 publica
1572 3944 1745 3999 fuisse
1774 3945 1978 3999 relatas
2001 3987 2015 4009 ,
2047 3945 2138 3998 illa
2173 3957 2254 3999 ta-

678 4046 803 4087 men
838 4034 906 4088 de
940 4034 1022 4088 eis
1054 4034 1158 4088 hoc
1190 4035 1350 4088 modo
1380 4046 1435 4087 et
1467 4035 1644 4089 forma
1690 4052 1799 4089 non
1847 4036 2161 4105 allegasset.
2196 4037 2252 4090 Si

678 4124 762 4176 vel
794 4124 914 4192 ipse
939 4162 954 4184 ,
982 4126 1064 4178 vel
1096 4124 1181 4178 sui
1214 4125 1454 4195 aequales
1479 4126 1793 4179 istiusmodi
1826 4128 2254 4183 acclamationes

680 4213 797 4267 suis
833 4214 1069 4283 propriis
1105 4215 1334 4269 auribus
1372 4217 1743 4285 percepissent
1770 4258 1785 4281 ,
1810 4214 1949 4288 [xu]
1983 4231 2052 4269 an
2085 4216 2255 4271 fuisse

680 4306 1111 4361 acclamationes
1156 4316 1275 4360 acta
1324 4308 1543 4376 publica
1584 4308 1856 4361 uitasset?
1902 4308 1957 4360 Si
2000 4323 2252 4375 quaenam

680 4408 845 4448 voces
880 4395 1101 4449 fuerunt
1136 4398 1476 4461 acclamatae,
1506 4406 1560 4450 et
1593 4398 1812 4464 quoties
1841 4396 2041 4451 fuisset
2068 4398 2252 4450 accla-

680 4495 909 4549 matum,
930 4498 1269 4549 enarrasset,
1289 4504 1399 4542 non
1424 4488 1617 4543 fuisset
1646 4487 1957 4541 mirandum
1983 4503 2109 4541 eum
2133 4496 2253 4541 acta

679 4580 895 4648 publica
919 4581 1029 4649 (21)
1056 4581 1121 4635 de
1143 4582 1253 4634 illis
1276 4581 1607 4650 appellasse.
1637 4582 1705 4633 At
1734 4581 2057 4650 simpliciter
2084 4580 2255 4635 fuisse

682 4685 711 4722 a
750 4671 887 4724 bene
916 4673 1299 4725 ominantibus
1330 4674 1699 4725 acclamatum
1722 4714 1737 4737 ,
1774 4673 1820 4726 si
1852 4673 1939 4724 vel
1973 4673 2093 4740 ipse
2115 4715 2129 4733 ,
2166 4673 2252 4726 vel

682 4761 767 4815 sui
794 4763 1410 4824 cozetanei,audissent,
1438 4762 1530 4829 qui
1557 4762 1731 4831 potuit
1763 4763 2021 4831 Regislra
2046 4762 2255 4817 citare?

750 4852 914 4906 XVII.
947 4854 1345 4924 Argumentum
1380 4852 1456 4906 2m
1487 4854 1683 4909 exinde
1716 4863 1861 4924 peto,
1894 4855 2040 4924 quod
2070 4855 2135 4907 de
2169 4871 2255 4913 re-

2355 3213 2477 3265 data
2506 3229 2522 3277 ;
2548 3212 2636 3266 vix
2662 3219 2844 3265 tamen
2875 3212 3092 3265 videtur
3119 3212 3485 3265 dubitandum
3510 3213 3642 3281 quin
3678 3224 3707 3263 a
3745 3218 3939 3265 nostro

2356 3313 2582 3359 auctore
2611 3305 2931 3374 designetur
2960 3305 3047 3359 lex
3081 3304 3147 3359 de
3180 3321 3239 3358 re
3269 3307 3460 3358 eadem
3496 3306 3785 3373 posterior,
3822 3320 3939 3355 am-

2354 3396 2515 3466 plior,
2538 3406 2591 3451 et
2613 3397 2904 3459 celebrior,
2929 3402 3055 3466 quae
3075 3396 3131 3449 in
3154 3396 3493 3450 Autltentico
3517 3398 3661 3449 inter
3680 3392 3937 3449 Novdlas

2354 3497 2678 3543 numeratur
2705 3504 2908 3542 Lxxxtx
2931 3531 2945 3554 ,
2970 3497 3025 3543 et
3051 3503 3196 3541 anno
3228 3488 3373 3542 illius
3401 3489 3618 3556 imperii
3644 3502 3740 3541 xui
3762 3527 3778 3548 ,
3803 3501 3937 3539 con-

2354 3580 2595 3633 sulatum
2632 3590 2858 3648 gerente
2889 3582 3099 3648 Apione
3122 3620 3137 3643 ,
3168 3580 3294 3632 data
3321 3588 3405 3631 est
3434 3596 3449 3643 ;
3487 3580 3540 3630 in
3570 3594 3679 3646 qua
3712 3577 3933 3643 quilem

2353 3687 2617 3742 expressa
2650 3673 2884 3725 habetur
2910 3674 3116 3725 mentio
3146 3672 3215 3725 de
3271 3672 3389 3741 lege
3438 3672 3587 3724 circa
3638 3685 3752 3724 rem
3785 3684 3937 3721 cam-

2353 3765 2475 3819 dem
2510 3766 2579 3819 ab
2611 3765 2744 3833 imp.
2783 3765 3081 3819 Anastasio
3111 3766 3345 3827 emissa,
3385 3773 3446 3817 ut
3483 3764 3551 3817 de
3591 3778 3657 3815 eo
3697 3763 3935 3815 mentio-

2356 3872 2477 3911 nem
2508 3858 2563 3910 in
2592 3857 2711 3926 lege
2742 3871 2770 3909 a
2803 3872 2862 3910 se
2893 3857 3175 3925 designata
3215 3856 3390 3910 fuisse
3439 3854 3636 3909 factam
3684 3871 3793 3907 non
3843 3854 3939 3905 ob-

2355 3960 2518 4000 scure
2564 3945 2881 4000 subindicat
2930 3955 3144 3998 auctor.
3188 3944 3269 3996 Ad
3317 3947 3569 3996 eumdem
3621 3956 3825 3994 annum
3869 3940 3937 3995 de

2356 4038 2558 4107 puellis
2584 4053 2647 4092 cx
2679 4039 2935 4090 lenonum
2971 4037 3291 4105 turpissima
3315 4035 3581 4089 servitute
3607 4036 3674 4086 ab
3698 4035 3937 4102 impera-

2356 4130 2495 4185 tricc
2529 4128 2817 4184 Theodoro
2854 4130 3103 4183 liberatis
3126 4168 3139 4193 ,
3173 4128 3578 4196 prultibitisque
3609 4127 3932 4190 lenociniis,

2356 4229 2752 4276 commemorat
2782 4220 2936 4290 (26};
2971 4219 3119 4288 quod
3160 4231 3343 4272 tamen
3376 4217 3714 4271 dubitaverit
3747 4231 3934 4276 nemo,

2356 4316 2487 4383 quin
2522 4313 2711 4366 statim
2748 4313 3043 4381 contigerit
3074 4319 3199 4365 ante
3232 4322 3447 4379 tempus
3481 4310 3649 4373 illud,
3675 4325 3787 4378 quo
3818 4308 3937 4379 lege

2360 4405 2428 4458 ab
2495 4405 2829 4473 imperatore
2876 4404 3146 4456 adversus
3176 4404 3448 4455 lenocinia
3486 4404 3773 4471 provisum
3806 4414 3889 4454 cSt
3919 4421 3930 4453 :

2362 4503 2417 4548 at
2459 4495 2587 4548 data
2618 4503 2703 4549 est
2736 4494 2817 4548 lex
2857 4494 2945 4546 illa
2990 4492 3113 4545 Kal.
3159 4491 3415 4547 Decemb.
3461 4492 3735 4545 Belisario
3780 4506 3935 4555 cos.,

2362 4587 2713 4655 imperatoris
2743 4601 2889 4638 anno
2924 4602 3060 4638 nono
3086 4601 3105 4649 ;
3152 4594 3205 4637 et
3229 4586 3371 4638 inter
3396 4582 3650 4636 Novellas
3679 4598 3940 4636 numera-

2362 4692 2449 4734 tur
2485 4694 2596 4731 xtv.
2633 4676 2713 4730 Ad
2750 4677 2998 4730 eumdem
3036 4691 3241 4728 annum
3266 4718 3281 4740 ,
3312 4690 3505 4742 nempe
3535 4672 3837 4727 Iustiniani
3875 4688 3935 4734 ll,

2360 4778 2414 4823 et
2445 4777 2572 4821 ante
2602 4768 2950 4820 consulatum
2986 4766 3131 4818 DCt'ii
3156 4806 3171 4828 ,
3206 4767 3299 4833 qui
3330 4780 3475 4817 anno
3508 4765 3600 4817 illo
3631 4765 3696 4816 ad
3729 4766 3937 4816 exitum

2360 4870 2617 4931 vergente
2666 4859 2905 4927 incepit,
2962 4858 3199 4912 refertur
3242 4872 3269 4908 a
3307 4856 3505 4910 Nostro
3548 4856 3662 4923 ('27)
3715 4854 3940 4911 Codit-is

2188 4951 2420 5010 ΝΟΤλΕ.

746 5034 865 5111 (21)
901 5037 975 5111 De
1005 5038 1712 5111 populi_aeclamationibns
1764 5040 1817 5093 in
1871 5042 2005 5094 Acta
2038 5046 2255 5111 publica

684 5110 989 5161 referendis
1015 5150 1028 5171 ,
1066 5109 1155 5160 adi
1187 5108 1577 5163 Casaubonum
1614 5110 1666 5161 in
1715 5111 1951 5164 Vulcatii
1984 5108 2253 5171 Gallicani

679 5178 938 5231 Avidium
965 5178 1239 5241 Cassium,
1266 5194 1318 5246 p.
1346 5179 1471 5238 M36,
1499 5190 1631 5238 elc.,
1659 5186 1712 5232 et
1734 5182 2053 5235 Gri-lserum
2089 5185 2179 5238 lib.
2200 5203 2259 5240 ιιι

679 5248 1343 5321 Unserv.“iu_(}otlinuut
1394 5248 1469 5302 De
1514 5249 1707 5303 ollieiis
1760 5251 1917 5305 urbis
1967 5253 2073 5306 (1P.
2104 5270 2153 5311 c.
2189 5257 2261 5321 (ἱ,

679 5332 802 5386 pag.
836 5318 943 5372 2'15
984 5317 1049 5370 ad
1081 5319 1205 5372 2l3.

750 5389 865 5457 (ἓὲ)
897 5388 1275 5459 l_.'_onferautur
1304 5403 1356 5458 p.
1388 5386 1490 5441 lii9
1518 5403 1642 5441 cum
1674 5389 1797 5455 155,
1828 5390 1952 5455 155,
1980 5392 2103 5459 176,
2132 5393 2254 5449 180.

750 5461 864 5525 (-25)
903 5457 1041 5512 Vide
1069 5468 1232 5525 caput
1263 5461 1413 5513 illius
1448 5460 1533 5513 15.

752 5529 865 5599 (94)
897 5530 1053 5597 Apud
1104 5529 1398 5601 llelvicnm
1452 5537 1506 5601 et
1554 5528 1691 5581 alios
1721 5529 2118 5601 chronologos,
2154 5548 2255 5585 an-

682 5616 785 5653 nus
818 5602 922 5653 iste
948 5600 1261 5653 consularis
1307 5599 1401 5667 qui
1446 5600 1682 5653 incurrit
1732 5601 1786 5653 in
1834 5599 2037 5655 annum
2085 5601 2258 5656 Iasti-

679 5671 829 5722 niani
861 5670 896 5721 2
923 5678 976 5723 et
1005 5670 1059 5735 5,
1090 5685 1187 5723 seu
1218 5669 1445 5723 indictio
1476 5670 1529 5731 7,
1565 5672 1852 5724 consulatu
1882 5672 2065 5725 Basilii
2116 5674 2253 5727 insi-

674 5750 859 5808 gnztur
889 5759 903 5794 :
933 5752 988 5795 at
1018 5740 1177 5794 male.
1214 5740 1421 5793 Consul
1451 5741 1595 5794 enim
1632 5742 1919 5795 solitarius
1945 5744 2093 5797 illius
2125 5745 2253 5796 anui

2358 5046 2676 5102 nominatus
2710 5051 2792 5097 est
2820 5058 2927 5097 non
2974 5043 3211 5097 Basilius
3232 5083 3247 5105 ,
3282 5040 3379 5095 sed
3409 5039 3609 5094 Decius
3630 5082 3646 5101 ,
3679 5040 3754 5094 uti
3790 5050 3940 5108 patet

2359 5134 2423 5170 ex
2458 5115 2643 5169 Fastis
2692 5114 2999 5167 Marcellini
3067 5113 3341 5176 Comitis,
3389 5110 3632 5164 Victoris
3680 5109 3826 5162 Tun.
3885 5119 3941 5163 el.

2360 5186 2619 5241 Clironici
2653 5184 2933 5253 paschalis
2961 5186 3075 5239 sive
3105 5182 3509 5253 Alexandrini;
3538 5190 3706 5253 atque
3735 5184 3941 5253 itauo-

2362 5262 2608 5309 minatur
2636 5250 2706 5308 ab
2741 5264 2962 5308 ttlltflttl'e
2994 5264 3189 5306 nostro
3223 5268 3275 5320 p.
3306 5250 3429 5313 186,
3466 5250 3588 5311 187,
3624 5260 3678 5303 et
3710 5254 3779 5300 ab
3801 5252 3942 5320 ipso

2364 5326 2491 5394 imp.
2529 5324 2847 5378 Iustiniano
2880 5326 2934 5377 in
2962 5319 3937 5394 ConstitutioueVde_emeu_d:_cotlicis.

2438 5390 2548 5459 (25)
2582 5395 2785 5447 Confer
2816 5411 2867 5463 p.
2904 5394 3027 5455 169,
3060 5409 3180 5445 cum
3212 5408 3265 5461 p.
3297 5392 3419 5454 155,
3455 5390 3578 5453 155,
3611 5390 3733 5463 171,
3773 5390 3897 5442 lbi).

2438 5467 2549 5531 (26)
2580 5464 2783 5518 Confer
2816 5460 2871 5532 ᾖ).
2899 5466 3027 5523 275.
3056 5479 3178 5517 cum
3214 5460 3539 5528 sequente,
3583 5460 3671 5512 ubi
3728 5464 3944 5514 mentio

2368 5535 2691 5589 indit-tionis
2726 5536 2755 5588 7
2785 5543 2839 5587 et
2868 5552 2993 5588 eum
3024 5535 3245 5589 czeteris
3268 5533 3379 5601 jam
3409 5532 3506 5584 cit.

2436 5605 2547 5673 (27)
2581 5604 2916 5659 Conferatur
2942 5621 2994 5675 p.
3022 5605 3143 5665 185,
3176 5597 3303 5658 eum
3334 5602 3459 5675 155,
3486 5597 3772 5675 155.“176,
3809 5598 3940 5662 l80,

2373 5667 2491 5737 l86,
2520 5667 2641 5735 l87,
2669 5676 2759 5727 tibi
2784 5667 3249 5727 commemoratur
3269 5673 3595 5726 consulatus
3617 5667 3770 5723 Decii
3813 5679 3939 5722 tat:-

2366 5761 2526 5813 quam
2562 5747 2729 5799 initus
2763 5757 2881 5813 post
2913 5746 3131 5799 (Iudicis
3167 5745 3487 5799 editionem.
