4256 6452
339 423 409 486 37
1422 423 1988 486 PROLEGOMENA
2026 429 2125 489 AD
2164 430 2524 493 MALALAM
2538 484 2547 492 .

3534 442 3608 507 33

336 534 682 592 Justinianai
714 532 919 598 editio,
948 534 1046 603 qui
1089 534 1276 589 editus
1323 543 1509 591 tamen
1557 546 1641 591 est
1692 539 1917 593 ineunte
1944 545 1989 603 Α
2020 540 2122 597 bus
2156 542 2468 612 adjicienda
2500 554 2585 599 est
2618 543 2803 601 fabula
2835 546 2965 610 ista,
2994 562 3159 618 quam
3201 547 3269 603 de
3300 564 3427 621 rege
3452 553 3605 608 Axn-

334 628 634 685 .lustioiani
658 642 803 681 anno
826 642 884 681 ιιι
913 629 1019 683 sub
1049 627 1167 697 ipso
1192 627 1340 683 Decii
1368 629 1687 692 consulatu,
1713 645 1765 683 vt
1790 627 1914 684 ldus

334 722 548 792 Aprilis
578 737 593 787 ;
628 722 705 774 uti
739 721 915 790 liquet
957 736 1021 775 ex
1066 720 1481 776 Constitutione
1509 721 1578 777 d'e
1610 737 1678 776 eo
1707 721 1915 776 conﬁr-

334 816 557 868 mando.
581 815 661 868 Ad
695 811 939 881 prazdicti
979 812 1126 867 Decii
1155 815 1504 869 consulatum
1530 814 1606 884 (p.
1635 810 1759 882 186)
1785 829 1915 868 con-

328 889 524 977 ῇιὶ·ίιιιι⁵
553 910 621 960 ab
649 905 991 962 eoEdictum
1019 915 1213 962 contra
1239 908 1551 971 aleatores;
1583 907 1731 977 quod
1764 915 1915 976 post-

325 1008 393 1048 ea
420 997 691 1064 temporis
744 995 919 1049 fuisse
953 996 1310 1064 evulgatum,
1364 1011 1430 1049 ex
1476 1012 1543 1051 eo
1596 998 1724 1051 licet
1755 998 1917 1051 colli-

327 1100 494 1155 gere,
539 1086 687 1156 quod
733 1087 1064 1156 inscriptum
1110 1089 1181 1141 sit
1223 1088 1428 1153 (exstat
1462 1088 1595 1141 illttd
1632 1090 1686 1141 in
1718 1089 1916 1143 Codice

238 1237 242 1239 Α
332 1178 424 1231 lib.
467 1194 529 1233 ιιι
554 1219 568 1239 ,
604 1182 690 1233 tit.
721 1179 813 1250 45)
841 1181 908 1233 ad
956 1179 1225 1253 Joannem
1264 1180 1720 1251 (Cappadocem)
1772 1197 1913 1250 prae-

329 1271 477 1324 torio
526 1272 888 1339 prmiectnm;
944 1287 1073 1325 nam
1124 1272 1190 1325 ad
1233 1288 1354 1327 eam
1410 1274 1734 1342 dignitatem
1785 1290 1910 1329 eve-

328 1371 449 1417 ctus
480 1374 565 1417 est
611 1361 856 1417 Joannes
905 1361 1201 1432 Cappadox
1248 1380 1357 1417 non
1404 1374 1532 1417 ante
1572 1368 1913 1420 consulatum
1950 1379 1954 1383 '

329 1463 676 1523 sequentem,
700 1446 862 1524 quem
886 1446 1110 1525 gessere
1132 1454 1470 1526 Lampadius
1491 1469 1543 1511 et
1565 1455 1810 1521 Orestes,
1830 1459 1914 1513 vel

327 1540 507 1612 [χιιιι]
542 1548 874 1612 praeteritum
896 1548 977 1600 vel
1000 1548 1277 1599 exiturum
1308 1566 1323 1602 :
1359 1547 1631 1602 suffectus
1655 1559 1739 1603 est
1764 1550 1912 1604 enim

328 1630 381 1682 itt
416 1631 598 1684 laeum
622 1630 848 1702 Jttliani,
868 1648 1025 1700 quem
1057 1635 1314 1702 prteturio
1347 1636 1591 1704 praefecti
1620 1637 1915 1705 magistra-

326 1730 440 1774 tum
464 1716 888 1778 administrasse
916 1726 1134 1778 exituro
1159 1724 1443 1795 Lampadii
1466 1737 1518 1782 et
1547 1728 1759 1784 Orestis
1787 1744 1915 1781 con-

323 1816 534 1879 sulatu,
551 1818 946 1885 comprobatur
966 1833 1031 1871 ex
1053 1816 1274 1871 Codicis
1291 1820 1432 1872 libro
1453 1835 1492 1884 t,
1510 1822 1592 1873 tit.
1613 1821 1667 1884 5,
1691 1825 1804 1889 lege
1822 1820 1907 1885 i9,

320 1922 446 1975 qua
474 1907 733 1977 dirigitur
762 1908 983 1963 Juliano
1015 1910 1074 1964 P.
1109 1912 1171 1965 P.
1207 1908 1271 1963 V.
1302 1909 1420 1964 Kal.
1464 1897 1719 1966 Deceml).
1749 1912 1907 1965 Lam-
1943 1892 1984 1945 Β

319 1999 569 2066 padio‘et
607 1997 803 2054 Oreste
827 2015 973 2055 coss.
1017 2000 1203 2055 Eidem
1239 2004 1317 2056 rei
1363 2004 1479 2070 ipse
1518 2001 1719 2058 Noster
1753 2006 1904 2060 testi-

316 2091 567 2144 monium
616 2092 859 2157 adhibet,
903 2095 996 2163 qui
1033 2105 1324 2162 postquam
1361 2094 1578 2148 locutus
1614 2096 1904 2157 fuissetxle

318 2180 515 2251 legatis
561 2180 933 2237 Romanorum
999 2185 1105 2238 sub
1163 2184 1313 2237 exitu
1381 2186 1591 2238 mensis
1652 2186 1900 2255 Septetn-
1967 2197 1970 2199 ‘

316 2272 431 2325 bris
463 2272 600 2343 (28).
627 2272 933 2343 Lampadio
956 2283 1011 2328 et
1032 2274 1229 2329 Oreste
1258 2290 1405 2329 coss.
1435 2291 1501 2329 ex
1536 2276 1760 2331 Perside
1783 2283 1903 2345 post

318 2375 509 2427 pacem
538 2362 807 2416 sana-itaut
842 2363 1222 2425 redeuntibus,
1254 2366 1434 2433 deque
1458 2363 1830 2420 Romanorum
1849 2378 1902 2421 et

316 2452 607 2508 Persarum
642 2455 697 2508 in
732 2454 932 2509 bellum
965 2457 1160 2509 iterum
1196 2457 1473 2509 ruentium
1513 2458 1706 2524 pr;e|io
1737 2457 1903 2527 101ιὶ-

316 2544 489 2599 misso
505 2546 570 2598 ad
594 2544 820 2599 ﬂuvium
847 2546 1180 2613 Euphratem
1206 2548 1409 2615 Aprilis
1424 2550 1511 2602 die
1531 2564 1616 2601 vix
1646 2548 1722 2617 (p.
1747 2548 1900 2617 202),

318 2633 493 2696 addit,
537 2643 781 2702 tempore
812 2635 1038 2687 circiter
1068 2634 1262 2687 eodem
1300 2634 1410 2703 ('29)
1441 2631 1722 2688 Julianum
1761 2651 1900 2704 pra:-

319 2725 463 2778 torio
513 2726 831 2794 praelectum
885 2726 963 2793 (p.
1003 2724 1135 2793 205)
1191 2726 1459 2795 dignita‘te
1514 2741 1611 2779 sua
1670 2738 1909 2779 exutum‘

315 2816 508 2878 fuisse,
531 2826 586 2870 et
615 2815 887 2869 Joannem
920 2816 1302 2885 Cappadocem
1338 2816 1390 2868 in
1418 2817 1603 2869 locum
1629 2818 1750 2882 ejus
1785 2815 1902 2871 sui-

313 2906 540 2961 fectnm.
597 2906 670 2962 lle
720 2907 1016 2961 Antiochia
1074 2922 1103 2959 a
1163 2922 1291 2977 rege
1327 2906 1616 2962 Persarum
1657 2910 1902 2963 Chosroe

312 3007 624 3068 expugnata
675 3014 863 3053 mense
918 2998 1086 3052 .lunio
1141 2998 1333 3053 indict.
1376 2999 1444 3063 ὅ,
1491 3000 1593 3054 hoc
1633 3008 1719 3055 est
1753 3015 1899 3054 anno

308 3089 610 3144 .lustiniani
639 3105 728 3142 xtv
756 3091 923 3143 verba
953 3089 1185 3152 faciens,
1210 3092 1513 3154 subnectit,
1542 3092 1732 3145 eodem
1765 3101 1896 3145 tem-

312 3195 449 3250 pore
491 3181 571 3251 (p.
609 3180 737 3249 222}
790 3179 1113 3261 Belisarium
1155 3193 1350 3235 contra
1389 3181 1599 3235 Gothos
1630 3185 1894 3238 emissum

316 3274 509 3337 luisse,
551 3281 685 3336 etc.,
730 3272 882 3341 quod
922 3272 1156 3340 contigit
1212 3279 1396 3325 tamen
1440 3281 1571 3326 ante
1619 3282 1833 3340 captant
1868 3290 1895 3324 a

313 3367 563 3421 Chesroe
588 3365 937 3419 Antiochiam
967 3368 1089 3434 plus
1112 3365 1278 3418 annis
1321 3364 1354 3417 4
1382 3366 1597 3419 solidis.
1620 3365 1899 3435 Inceptum

312 3466 399 3521 est
416 3463 565 3514 enim
589 3475 619 3511 a
648 3456 914 3512 Belisario
945 3458 1149 3509 bellum
1181 3448 1480 3510 Gothicutn
1502 3458 1666 3512 .circa
1695 3472 1899 3510 annum

311 3552 608 3608 Justiniani
641 3567 847 3605 nonum
888 3551 1201 3605 absolutum
1235 3551 1351 3609 sive
1380 3550 1656 3605 decimum
1679 3550 1901 3604 inchoa-

314 3655 453 3708 tum,
491 3656 551 3698 ut
582 3660 760 3699 annus
800 3644 949 3698 illius
982 3659 1068 3697 xrv
1095 3651 1150 3698 et
1175 3624 1412 3698 indictio
1447 3642 1704 3712 praedicta
1739 3643 1921 3696 tertia.

310 3753 437 3792 cum
469 3752 616 3790 anno
644 3737 807 3789 istius
835 3734 961 3789 belli
987 3736 1182 3803 quinto
1204 3743 1649 3789 conuectantur:
1677 3731 1730 3786 id
1748 3732 1897 3801 quod

314 3830 499 3883 videre
526 3836 613 3882 est
652 3828 707 3881 in
755 3826 1006 3896 Procopii
1052 3825 1301 3879 Historia
1332 3826 1403 3880 de
1430 3825 1574 3877 bello
1619 3823 1728 3876 isto
1773 3839 1898 3877 ron-

310 3917 737 3974 cinnata.Circa
769 3917 989 3986 quidem
1020 3917 1073 3970 id
1109 3927 1321 3986 tempus
1350 3930 1413 3968 ex
1449 3914 1601 3968 Italia
1642 3930 1896 3969 reversus

310 4024 397 4068 est
445 4012 749 4067 Belisarius
778 4026 905 4065 cum
958 4010 1135 4080 Vitige
1173 4012 1297 4077 r‘cge
1340 4006 1643 4061 Gothorum
1676 4011 1896 4077 eaptivo

316 4111 479 4173 laeto,
523 4109 682 4178 cujus
711 4105 1028 4173 reiibidem
1066 4089 1528 4172 chronograpltus
1557 4111 1747 4153 nost--r
1786 4115 1896 4153 me-

313 4207 522 4259 mittit:
557 4212 721 4272 atque
783 4201 885 4254 hoc
932 4199 1148 4254 videtur
1174 4198 1381 4251 erroris
1439 4210 1627 4247 ansam
1663 4194 1712 4248 ei
1758 4208 1896 4262 prm-

312 4298 531 4365 bnisse;
587 4298 798 4368 putavit
850 4295 1020 4358 enim,
1071 4304 1126 4376 qt
1185 4291 1419 4353 videtur,
1479 4290 1621 4341 intra
1692 4303 1893 4357 paucos

312 4407 535 4447 menses
565 4398 628 4452 ,et
654 4390 929 4459 inceptum
966 4386 1138 4439 fuisse
1169 4384 1370 4437 bellum
1398 4392 1450 4434 et
1471 4379 1724 4449 VitigenL
1747 4380 1891 4432 (lon-

311 4480 731 4555 stantinopolim
781 4478 1101 4531 adductum.
1171 4473 1335 4529 Hisce
1386 4471 1644 4525 omnibus
1691 4471 1891 4523 erratis

2015 633 2275 686 mitarum
2310 636 2588 690 memoria:
2628 638 2792 691 tradit
2843 640 2920 709 (p.
2968 639 3119 709 164),
3176 655 3303 695 eum
3356 651 3604 711 tempore

2011 730 2313 787 Justiniani
2364 743 2559 790 contra
2608 751 2789 807 regem
2843 736 3253 794 Homeritarum
3289 741 3346 795 in
3398 740 3602 797 bellum

2014 821 2436 891 profecturum,
2498 825 2628 893 quia
2699 828 3076 897 negotiatores
3134 829 3489 887 Christianos
3546 834 3604 887 in

1978 915 2395 979 ~Axumitarum
2433 918 2686 988 regiones
2725 926 3087 974 transeuntes
3139 920 3300 976 bonis
3343 924 3605 980 omnibus

2013 1022 2066 1066 et
2097 1013 2204 1066 vita
2242 1015 2287 1068 is
2335 1017 2706 1084 spoliaverat,
2748 1019 3001 1084 vovisse,
3060 1019 3106 1074 si
3165 1018 3603 1078 Homeritensem

2016 1104 2159 1158 bello
2202 1108 2551 1175 superaverit
2597 1108 2977 1163 Christianum
3039 1125 3100 1165 se
3158 1111 3411 1166 futurum
3455 1113 3639 1183 (Pro

2016 1193 2341 1249 Christianis
2368 1199 2529 1263 enim,
2549 1200 2744 1267 inquit,
2770 1198 3024 1253 adversus
3047 1216 3165 1254 eum
3210 1218 3365 1255 arma
3394 1202 3602 1271 sumo);

2016 1295 2069 1341 et
2117 1298 2270 1356 parta
2310 1291 2543 1344 vietoria
2574 1291 2782 1361 legatos
2824 1291 2901 1346 ad
2923 1292 3305 1347 Justinianum
3353 1296 3598 1357 misisse,

2016 1388 2072 1430 ut
2096 1379 2369 1449 episcopus
2393 1381 2497 1434 sibi
2526 1384 2809 1451 clericique
2834 1382 3119 1449 darentur,
3154 1402 3187 1438 a
3217 1381 3409 1455 quibus
3440 1386 3601 1442 Chri-

2016 1471 2208 1522 stianae
2240 1470 2513 1538 religionis
2564 1473 2883 1539 rudimentis
2927 1484 2976 1527 et
3029 1477 3302 1545 mysteriis
3340 1476 3598 1542 imbutus,

2015 1583 2170 1622 sacro
2205 1566 2546 1635 baptismatis
2579 1572 2795 1626 lavacro
2835 1575 3235 1644 inlingeretur.‘
3260 1577 3374 1633 Hoc
3427 1580 3598 1634 totum

2017 1674 2045 1710 a
2093 1674 2227 1711 vero
2275 1660 2600 1730 longissime
2646 1661 2945 1717 abhorrere
2984 1665 3404 1723 testatissimum
3444 1668 3503 1725 lit
3533 1683 3598 1722 ex

2016 1748 2287 1820 Procopio
2320 1768 2333 1804 :
2370 1767 2494 1808 nam
2537 1766 2728 1807 auctor
2770 1766 2856 1811 est
2890 1756 3004 1821 ille,
3048 1758 3233 1827 regem
3274 1762 3600 1816 Arumiten-

2016 1857 2154 1901 sem,
2181 1839 2355 1895 etiam
2394 1850 2521 1897 ante
2580 1845 2632 1897 id
2673 1845 2898 1911 bellum,
2939 1849 3225 1919 religionis
3272 1849 3600 1907 Christiana:

2018 1939 2189 1994 fuisse
2217 1943 2504 2007 cultorem,
2560 1943 2724 2013 idque
2772 1946 2996 2015 quidem
3039 1964 3202 2018 quam
3248 1950 3600 2010 ferventissi-

2015 2046 2199 2097 munt;
2228 2033 2552 2102 Χριστιανός
2577 2051 2636 2085 τε
2660 2033 2736 2086 ὢν
2762 2037 2854 2088 καὶ
2878 2036 3035 2108 δόξης
3065 2039 3225 2109 τῆσδε
3253 2040 3329 2104 ὡς·
3356 2043 3598 2110 μάλιστα

2013 2118 2465 2195 ἐπιμελούμενος.
2499 2123 2564 2195 Et
2591 2136 2650 2179 ut
2673 2135 2891 2181 constat
2915 2144 3041 2183 esse
3076 2131 3316 2185 alienum
3348 2135 3420 2188 ab
3445 2136 3623 2189 omni

2007 2210 2263 2277 vetitaté,
2304 2213 2379 2266 ita
2413 2215 2457 2268 si
2483 2215 2607 2283 quis
2637 2217 2878 2285 penitius
2913 2217 2981 2272 ad
3030 2219 3162 2273 illud
3199 2221 3467 2288 attendat,
3508 2240 3598 2279 ra-

2007 2305 2213 2358 tionem
2282 2311 2339 2358 ct
2397 2306 2618 2358 inodum
2697 2307 2979 2362 fabulandi
3046 2312 3191 2381 apud
3256 2318 3597 2372 recentiores

2005 2395 2648 2465 scriptores'Grteculos
2696 2400 2995 2468 usitatum,
3064 2404 3304 2472 resipere
3367 2408 3592 2475 patebit.

2004 2497 2369 2552 Committi-re
2424 2513 2533 2552 non
2582 2515 2838 2569 possunt,
2901 2504 3035 2572 quin
3093 2506 3181 2561 hic
3232 2508 3593 2579 subjungam,

2003 2592 2150 2659 quod
2183 2591 2236 2643 in
2259 2587 2383 2643 Vita
2406 2588 2608 2644 JuSIini
2641 2591 2899 2653 Thracis.
2922 2594 3221 2652 Justiniani
3258 2599 3594 2667 decessoris,

2002 2682 2166 2734 annis
2227 2682 2418 2749 paucis
2470 2691 2598 2735 ante
2650 2683 2834 2751 hujus.
2884 2686 3101 2739 initium
3160 2687 3227 2742 de
3282 2688 3595 2760 Euphrasio

2001 2788 2115 2827 suae
2142 2768 2389 2827 civitatis
2440 2776 2794 2843 patriarcha,
2851 2779 3118 2846 scriptum
3165 2781 3429 2849 reliquit;
3477 2785 3596 2839 suf-

2005 2865 2205 2919 fectum
2237 2881 2359 2919 eum
2410 2867 2467 2919 in
2500 2866 2685 2922 locum
2718 2866 2968 2924 defuncti
3016 2868 3196 2936 Pauli,
3229 2874 3592 2934 orthodoxos.

2002 2977 2140 3028 quos
2171 2973 2393 3028 vocant,
2444 2965 2688 3035 graviter
2723 2974 3075 3034 persecutum
3116 2950 3306 3033 luisse,
3335 2972 3596 3042 plurimis

1999 3069 2188 3107 eorum
2219 3056 2384 3108 etiam
2414 3055 2533 3109 neci
2573 3054 2821 3109 traditis.
2869 3054 3043 3121 Quale
3072 3057 3176 3113 hoc
3210 3062 3423 3115 erroris
3472 3078 3596 3133 pcr-

2002 3145 2249 3199 tetttuinl
2294 3163 2461 3215 quatn
2521 3147 2861 3211 absurdum,
2918 3159 2975 3202 et
3027 3148 3368 3206 ἀσύστατονῑ
3416 3170 3595 3224 ⁴ιιιιιιιιι

1924 3231 1969 3288 C
2002 3236 2302 3289 absurdum
2326 3244 2431 3300 est,
2470 3234 2839 3305 Euphrasium
2859 3238 3228 3293 orthodoxum
3256 3242 3596 3299 orthodoxe:

2006 3338 2123 3389 neci
2172 3335 2499 3389 tradidisse!
2525 3351 2690 3402 quam
2722 3337 3029 3390 absurdum
3072 3348 3157 3393 est
3188 3355 3338 3401 cum,
3374 3343 3469 3409 qui
3511 3344 3596 3397 id-

2004 3432 2154 3481 circo
2170 3414 2315 3495 quod
2338 3427 2501 3479 luerit
2521 3426 2863 3491 orthodoxus
2885 3428 2950 3480 ad
2988 3427 3248 3483 thronum
3285 3431 3441 3487 illum
3467 3449 3596 3507 pro-

2006 3531 2185 3573 motus
2214 3528 2365 3580 erat,
2401 3520 2505 3573 sub
2544 3518 2855 3572 orthodoxe
2883 3518 3213 3588 imperatore
3252 3526 3593 3582 orthodoxos

2004 3608 2175 3661 inisse
2241 3609 2625 3678 per5ccutum!
2683 3609 2819 3674 Quis
2879 3611 3057 3664 nescit
3114 3613 3404 3670 haereticos
3453 3619 3593 3673 istos

2001 3680 2337 3768 quos'itnp.
2397 3690 2730 3773 Anastasius
2791 3702 2858 3757 ad
2917 3703 3134 3758 sedium
3192 3707 3592 3777 episcopalium

1976 3780 2181 3868 inv]
2214 3790 2477 3844 honorem
2538 3802 2819 3858 evexerat,
2852 3808 2882 3846 a
2922 3791 3147 3849 Justino
3185 3796 3360 3851 fuisse
3397 3798 3594 3868 dejec-'

2002 3893 2087 3937 tos
2111 3893 2165 3934 et
2194 3882 2562 3937 deturbatos?
2592 3883 2656 3935 Et
2693 3885 2821 3953 quis
2883 3900 2994 3938 non
3041 3889 3331 3953 cognoscit
3372 3891 3477 3944 sub
3524 3906 3591 3947 eo

2000 3977 2155 4031 solos
2215 3974 2474 4028 ﬂoruisse
2527 3971 2912 4030 ortliodoxos?
2943 3976 3087 4039 Sane
3138 3980 3269 4035 talis
3314 3989 3369 4034 et
3398 3990 3590 4037 tantus

1997 4091 2155 4129 error
2196 4075 2285 4128 hic
2320 4089 2445 4129 esse
2468 4075 2709 4138 videtur,
2746 4083 2808 4129 ut
2843 4090 2871 4127 a
2914 4073 3111 4130 nost'ro
3137 4086 3367 4133 auctore
3395 4078 3464 4133 de
3487 4093 3592 4135 sua

1997 4168 2217 4233 civitate
2246 4168 2398 4220 nullo
2428 4167 2590 4221 modo
2627 4169 2904 4235 potuisset
2935 4168 3232 4230 committi,
3261 4169 3315 4236 ,εἰ
3355 4173 3440 4225 vel
3470 4174 3590 4240 ipse

1997 4270 2128 4313 tuac
2159 4266 2422 4328 temporis
2439 4261 2689 4321 vixisset,
2715 4261 2797 4315 vel
2830 4276 2953 4314 cum
2988 4262 3115 4315 aliis
3152 4262 3282 4316 ullis
3302 4264 3395 4332 qui
3435 4265 3588 4318 vixe-

1998 4364 2120 4406 rant
2136 4354 2223 4406 illa
2240 4360 2417 4415 :elaie,
2439 4353 2633 4407 fuisset
2660 4362 2928 4409 versatus.
2951 4352 3135 4421 Neque
3150 4354 3256 4407 alia
3279 4354 3499 4423 quidem
3521 4356 3591 4411 de

1994 4461 2160 4499 causa
2218 4446 2268 4498 id
2311 4446 2580 4516 scriptum
2609 4444 2782 4499 iniisse
2810 4444 3048 4508 videtur,
3078 4460 3242 4513 quant
3285 4444 3432 4514 quod
3461 4461 3589 4500 nar-

314 4575 472 4639 adde,
492 4541 641 4641 qu-od
669 4542 876 4625 cometa
903 4568 1155 4637 insignis,
1181 4566 1271 4634 qui
1302 4564 1571 4633 Procopio
1598 4572 1736 4616 lCSle
1759 4562 1893 4632 (50),
1931 4576 1948 4629 ι

1998 4546 2268 4598 rationem
2297 4560 2364 4599 ex
2418 4544 2858 4613 auctore'altquo
2898 4541 3245 4612 Eutychiano
3271 4544 3586 4613 exscripse-

316 4680 462 4720 amto
496 4663 796 4718 Jusriniani
831 4676 925 4715 xm
971 4658 1247 4728 apparuit,
1286 4656 1356 4709 ad
1391 4670 1597 4708 annum
1637 4654 1785 4707 illius
1814 4670 1887 4717 tv,

316 4756 665 4812 consulatum
696 4768 775 4807 sc.
797 4750 1082 4820 La'inpadii
1111 4757 1165 4804 et
1189 4747 1418 4811 Orestis,
1444 4760 1473 4798 a
1497 4744 1697 4799 Nostro
1722 4742 1894 4815 [XLIV]

316 4840 582 4916 prodatur
604 4847 716 4915 (51)
747 4864 758 4899 :
790 4860 900 4913 quo
936 4858 1035 4896 nec
1069 4858 1125 4896 se
1152 4856 1251 4895 nec
1275 4854 1407 4894 suos
1447 4838 1688 4907 aequales
1714 4851 1898 4889 come-

317 4952 426 4995 tam
446 4941 613 4996 istum
642 4940 845 4992 vidisse
875 4934 1245 5005 liquidissian
1280 4932 1649 4985 demonstrat.
1672 4927 1897 4981 Accedit

314 5034 460 5105 quod
494 5031 864 5103 Nycteparchi,
886 5038 1213 5100 potestatem
1252 5025 1571 5093 abrogatam
1611 5033 1663 5075 et
1696 5037 1792 5090 pro
1830 5034 1897 5073 eo

314 5135 606 5196 praetorem
642 5131 885 5176 creatum
934 5120 999 5172 ad
1031 5117 1258 5172 Joannis
1304 5114 1645 5185 Cappadocis
1695 5127 1897 5165 consu-

316 5220 486 5271 latum
529 5215 600 5286 (i.
632 5230 682 5268 e.
723 5213 791 5266 ad
829 5227 1028 5265 annum
1083 5205 1435 5276 imperatoris
1476 5206 1592 5271 xu)
1637 5202 1898 5268 conjiciat

315 5311 391 5379 (p.
422 5308 550 5377 221)
574 5325 588 5371 ;
611 5304 753 5374 quod
780 5313 959 5356 tamen
986 5301 1226 5354 triennio
1259 5306 1405 5357 ante,
1433 5311 1631 5363 nempe
1654 5309 1753 5348 cos
1795 5292 1902 5347 Be-

315 5399 530 5465 lisario,
567 5396 771 5452 factum
803 5405 904 5460 est,
939 5402 997 5447 ιιι
1034 5392 1261 5463 apparet
1286 5405 1348 5443 ex
1388 5384 1613 5441 Novella
1658 5386 1742 5439 15.
1770 5384 1899 5451 Οιιίς

2000 4638 2108 4702 rit;
2138 4636 2230 4705 qui
2265 4646 2483 4701 auctor,
2535 4649 2661 4688 cum
2700 4636 2817 4703 ipse
2856 4641 3004 4687 esset
3048 4632 3451 4702 Eutychianus,
3487 4650 3623 4704 per-

1999 4730 2341 4783 orthoaloxos
2385 4727 2711 4796 designarit,
2780 4742 2887 4779 non
2928 4726 3052 4779 illos
3108 4725 3203 4794 qui
3239 4740 3427 4779 revera
3464 4725 3585 4780 luc—

1999 4830 2129 4873 runt
2157 4820 2481 4884 orthodoxi,
2512 4822 2605 4873 sed
2638 4820 2730 4888 qui
2761 4821 2900 4872 tales
2925 4828 3057 4872 sunt
3087 4817 3259 4871 habiti
3300 4817 3444 4886 apud
3471 4815 3583 4869 Ett-

2001 4913 2293 4983 tyehianos
2320 4928 2334 4978 ;
2366 4911 2467 4965 hos
2507 4926 2749 4980 namque
2798 4910 2868 4964 ab
2902 4909 3210 4979 Euphrasio
3241 4898 3583 4978 persecutio-

1998 5020 2120 5057 nem
2190 5004 2363 5057 fuisse
2420 5018 2637 5071 passos,
2684 5000 2763 5073 ,ad
2817 4999 3357 5054 vcrisimilitudinctn
3417 5012 3582 5067 quam

2002 5095 2252 5163 proxime
2283 5095 2518 5148 accedit.

2074 5180 2263 5250 XVlil.
2310 5197 2470 5261 Quod
2525 5196 2579 5247 in
2621 5194 2837 5248 caeteris
2870 5193 2995 5247 istis
3028 5191 3170 5247 locis
3209 5198 3322 5244 tam
3354 5191 3582 5260 insigni-

2008 5301 2089 5345 ter
2119 5305 2149 5342 a
2180 5304 2312 5341 vero
2372 5287 2653 5341 deﬂexerit
2700 5294 2888 5341 noster
2915 5284 3408 5355 Chronographus,
3442 5283 3492 5337 id
3526 5284 3582 5335 in

2008 5396 2177 5436 causa
2209 5380 2380 5435 I‘ttiSSc
2414 5380 2651 5442 videtur,
2688 5379 2885 5448 partim
2908 5377 3053 5447 quod
3081 5378 3381 5446 scriptores
3406 5373 3585 5428 malos

1758 5528 1765 5533 -
1837 5488 2067 5571 κατέπε.

388 5603 505 5673 (‘28)
537 5601 887 5667 Conferatur,
924 5617 982 5674 p.
1013 5600 1113 5655 190
1146 5596 1455 5674 cum_188._
1602 5634 1610 5643 .
1745 5664 1755 5674 .

548 5674 811 5726 Pratorio
855 5664 1168 5745 praciectum
1216 5669 1387 5745 fuisse
1429 5666 1695 5745 Joannem
1727 5664 1895 5745 illum

320 5735 638 5812 τιιιίιιίᾝοεῐ
690 5735 1033 5796 consulatmu
1080 5740 1361 5812 Lampadii
1393 5737 1698 5812 et_0res_ti_s
1727 5735 1897 5812 liquet

319 5830 386 5867 et
412 5803 547 5867 tfotl.
581 5814 618 5866 1.
647 5828 685 5873 t.
719 5813 822 5883 leg.
853 5812 941 5875 8|,
977 5826 1096 5880 qua:
1135 5803 1393 5883 dirigitur
1434 5807 1631 5883 Joanni
1665 5804 1723 5859 Ρ.
1850 5813 1903 5855 tt

321 5887 451 5939 data
488 5893 572 5939 est
602 5899 630 5939 v
665 5876 797 5937 Kal:
820 5884 958 5953 Aug.
996 5876 1117 5952 post
1144 5881 1491 5934 consulatum
1541 5876 1817 5943 Lampadii
1847 5884 1899 5926 rt

1998 5591 2559 5729 orgillihonfcratur
2587 5627 2849 5727 capitis'5
2874 5657 2997 5711 libri
3028 5673 3045 5711 ι
3079 5658 3149 5709 De
3189 5657 3323 5710 bello
3357 5632 3580 5708 “Persico

2008 5728 2135 5783 linis
2170 5748 2291 5784 cum
2323 5731 2481 5782 initio
2513 5730 2753 5796 capitum
2786 5728 2822 5780 ‘2
2853 5743 3006 5793 seqq.
3100 5776 3104 5781 .

2085 5803 2193 5871 (51)
2236 5801 2483 5864 Conler.,
2526 5815 2577 5868 p.
2611 5800 2707 5851 illi)
2734 5814 2858 5851 cum
2898 5800 3013 5851 l88.
