4256 6452
682 415 753 475 39
1969 400 2381 459 IIUMFREDI
2428 400 2649 461 noon
3883 390 3955 457 to

684 533 850 592 atque
900 520 1234 576 recentiores
1290 516 1362 573 sit
1412 522 1639 571 secutus
1662 554 1675 577 ,
1731 513 1927 580 paitim
1960 512 2107 581 quod
2154 513 2271 580 ipse
2301 532 2341 586 Α
2375 522 2591 581 captam
2616 513 2961 568 Antiochiam
2992 513 3349 578 satricntem;
3374 530 3496 585 qua:
3525 519 3678 576 nullo
3704 528 3957 592 pactovi-

687 613 1060 684 negligentius
1095 624 1147 664 et
1189 608 1531 663 incuriosius
1574 604 2019 673 transcripscrit,
2070 604 2267 672 partim

686 705 931 773 denique
951 701 1097 772 quod
1127 698 1468 768 conjecturis
1502 697 1620 753 suis
1650 706 1703 750 ct
1728 694 2187 749 hariolationibus
2216 695 2270 746 in

689 793 1031 864 temporibus
1054 804 1238 844 rerum
1284 795 1337 842 et
1373 795 1655 857 gestorum
1688 782 2002 838 statuendis
2035 781 2270 835 usussit.

686 881 947 938 Secutum
973 897 1097 937 eum
1120 880 1292 935 fuisse
1322 887 1581 933 auctores
1600 876 1740 930 alios
1772 889 1879 929 non
1902 873 2154 927 minusin
2186 888 2275 925 re-

687 976 792 1031 bus
811 974 916 1030 sub
946 974 1180 1043 imperio
1208 971 1510 1027 Justiniani
1543 970 1719 1041 gestis
1745 966 2081 1023 enarraudis
2109 980 2273 1034 quam

689 1066 743 1120 in
763 1066 936 1135 gestis
955 1066 1187 1119 aliorum
1208 1061 1591 1122 celebrandis,
1624 1068 1684 1113 ut
1706 1057 2001 1113 coniicitur
2028 1072 2094 1109 ex
2124 1071 2276 1109 erro-

687 1157 844 1212 ribus
872 1156 1098 1219 notatis,
1118 1154 1196 1208 sic
1220 1161 1275 1207 et
1300 1153 1425 1207 aliis
1452 1151 1756 1206 luculentis
1776 1148 1998 1203 indiciis
2026 1147 2276 1202 redditur

689 1250 1094 1304 conlirmutum.
1125 1244 1282 1300 Unde
1305 1246 1466 1299 aliter
1485 1243 1687 1298 factum
1709 1240 1981 1309 est,quod
2008 1255 2036 1292 a
2066 1239 2275 1293 mensi-

687 1340 792 1395 bus
816 1341 980 1393 unius
998 1339 1129 1392 anni
1151 1339 1214 1391 ad
1233 1352 1446 1391 menses
1469 1335 1612 1391 alius
1631 1335 1844 1404 absque
1873 1333 1984 1386 ulla
2005 1346 2273 1385 annorum

687 1432 1031 1487 diversitatis
1057 1429 1467 1499 signiﬁcatione
1497 1427 1963 1497 transgrediatur,
1996 1425 2101 1479 nisi
2130 1423 2276 1493 quod

687 1538 755 1577 ex
803 1523 926 1575 aliis
974 1521 1262 1577 historicis
1293 1535 1426 1575 suas
1464 1521 1818 1574 narrationes
1874 1516 2275 1579 transcribens,

690 1613 1014 1670 intermedia
1050 1614 1320 1682 quaedam,
1374 1629 1497 1682 qua)
1530 1628 1638 1666 non
1696 1611 1926 1679 fuerunt
1951 1608 2278 1671 omittenda,

690 1708 994 1761 oscitanter
1042 1704 1335 1760 omiserit?
1369 1702 1460 1757 Sic
1498 1711 1624 1773 post
1661 1703 1998 1756 mentionem
2028 1699 2282 1768 Septem-

690 1796 809 1851 bris
842 1796 1053 1851 mensis
1091 1796 1249 1864 (cap.
1289 1794 1426 1863 190)
1464 1792 1482 1863 (
1514 1793 1618 1847 sub
1657 1789 1944 1861 Lampadii
1982 1798 2037 1843 et
2066 1790 2279 1843 Orestis

2375 604 2536 656 detur
2558 603 2889 664 omissuros,
2913 603 2968 656 si‘
2996 603 3106 659 illis
3129 606 3474 674 temporibus
3502 609 3616 677 ipse
3651 608 3953 670 ﬂoruisset.

2448 692 2566 747 XX.
2626 691 2816 765 Neque
2870 696 3096 749 silentio
3149 696 3237 751 hic
3296 703 3758 767 praetereundum,
3808 708 3955 765 quod

2377 786 2631 854 quarm-is
2691 788 2759 841 de
2808 790 2986 857 patria
3042 804 3140 842 sua
3176 789 3491 853 Antiochia,
3528 793 3661 847 dum
3711 811 3799 850 res
3856 801 3955 852 de-

2379 878 2577 931 8ιτιιιίι
2615 876 2819 932 Justini
2855 889 2909 934 et
2962 879 3286 944 Justiniani,
3330 900 3436 936 non
3468 900 3638 953 pauca
3677 903 3956 944 memorue

2378 970 2565 1032 tradit,
2632 972 2768 1024 nihil
2804 985 3007 1033 tamen,
3045 990 3114 1027 ne
3158 974 3289 1043 γρῦ,
3331 975 3415 1029 vel
3450 976 3518 1031 de
3550 993 3608 1032 se
3641 980 3729 1033 vel
3760 980 3828 1035 de
3857 998 3958 1037 sua

2382 1063 2607 1121 inutilia,
2670 1079 2783 1131 quo
2803 1081 2929 1117 eum
2965 1073 3096 1118 tunc
3126 1069 3396 1137 temporis
3430 1070 3637 1125 vixisse
3671 1072 3961 1137 innuatur,

2378 1159 2680 1218 comparet.
2709 1152 2931 1224 [mu]
2969 1153 3103 1205 Dum
3137 1154 3403 1208 describit
3439 1160 3785 1213 tremendum
3807 1162 3959 1215 illum

2382 1252 2544 1297 terrae
2598 1254 2809 1298 motum
2849 1249 2940 1313 qui
2980 1248 3141 1299 annis
3172 1248 3396 1302 circiter
3445 1266 3481 1303 tt
3510 1251 3958 1309 antelustiuiani

2381 1335 2595 1388 initium
2635 1339 3012 1405 contingebat.
3043 1356 3154 1407 quo
3186 1341 3283 1407 (ut
3308 1342 3481 1410 dicit)
3532 1344 3827 1400 Antiochia:
3866 1350 3961 1401 tle-

2380 1422 2575 1475 solatio
2610 1425 2755 1491 facta
2791 1435 2888 1485 est,
2929 1428 3015 1478 cui
3048 1429 3195 1482 nulla
3233 1431 3496 1499 superfuit
3524 1432 3712 1487 donius
3740 1449 3962 1505 prwter-

2379 1530 2535 1581 quam
2565 1532 2682 1584 qua:
2743 1517 2810 1569 ad
2836 1528 3062 1571 montem
3125 1520 3359 1587 fuerunt,
3390 1534 3439 1575 et
3484 1542 3595 1592 quo
3631 1531 3830 1593 periere
3867 1546 3965 1583 ενι.

2382 1607 2591 1659 circiter
2646 1611 2962 1663 mortalium
3010 1612 3225 1676 millia;
3278 1614 3408 1668 dum
3465 1618 3638 1670 alium
3696 1620 3967 1675 describit

2385 1708 2543 1751 terra:
2588 1711 2798 1753 motum
2828 1705 2920 1769 qui
2951 1702 3245 1759 Justiniaui
3276 1724 3422 1761 anno
3454 1726 3489 1763 ιι
3521 1710 3826 1773 accidebat,
3857 1730 3969 1782 quo

2386 1791 2402 1859 (
2427 1800 2486 1844 ut
2512 1794 2587 1845 ait
2613 1796 2630 1861 )
2661 1794 2907 1849 interiere
2934 1800 3239 1853 animarum
3264 1817 3295 1853 ν
3331 1802 3527 1867 millia,
3558 1814 3608 1857 et
3634 1805 3718 1858 illi
3763 1807 3854 1875 qui
3874 1825 3968 1861 su-

691 1888 1021 1957 eonsulatu)
1087 1886 1156 1939 ad
1220 1886 1473 1956 Aprilem
1521 1883 1613 1954 (p.
1672 1882 1820 1954 ~208)
1884 1878 2276 1950 (sequentem)
2312 1892 2354 1951 Β
2383 1891 2648 1947 parerent,
2680 1885 2735 1935 in
2776 1888 2914 1939 alias
2950 1891 3105 1942 urbes
3164 1906 3273 1944 sese
3316 1906 3662 1961 receperunt;
3691 1896 3804 1951 haec
3843 1899 3970 1967 (in.

690 1983 971 2050 aliumque
1024 1979 1403 2048 Septembrem
1466 1975 1821 2048 progreditur
1856 1973 1968 2045 (52)
2013 1975 2134 2028 sine
2166 1973 2275 2026 ulla

687 2072 899 2127 diversi
968 2069 1099 2124 anni
1132 2068 1433 2121 mentione.
1469 2064 1628 2119 Unde
1660 2064 1823 2118 aliter
1866 2064 2094 2133 contigit
2130 2062 2278 2132 quod

688 2165 745 2219 in
781 2165 892 2218 alio
919 2163 1044 2217 loco
1078 2160 1192 2233 (55)
1235 2176 1324 2214 res
1347 2168 1533 2229 gestas
1560 2156 1900 2226 Septembris
1926 2156 2132 2211 mensis
2153 2162 2279 2207 ante

689 2265 843 2329 gesta
903 2254 1141 2325 Augusti
1208 2251 1453 2321 ejusdem
1493 2250 1624 2304 anni
1658 2250 1709 2303 in
1754 2248 1970 2302 litteras
2001 2247 2275 2308 retulerit,

690 2357 746 2402 et
808 2362 1052 2402 mensem
1108 2344 1493 2413 Septembrem
1551 2351 1676 2396 ante
1704 2343 2016 2411 Augustum
2077 2347 2275 2408 pomi;

692 2443 859 2506 unde,
898 2442 1148 2511 inquam,
1180 2440 1283 2492 hoc
1310 2438 1488 2507 potuit
1507 2436 1857 2502 contingere,
1891 2432 2001 2487 nisi
2036 2430 2186 2501 quod
2212 2447 2275 2484 ex

692 2532 1018 2588 auctoribus
1075 2530 1310 2611 diuersis
1349 2530 1477 2583 dum
1543 2543 1641 2583 sua
1683 2526 2034 2589 desumebat,
2100 2523 2280 2593 primo

692 2626 860 2682 verba
893 2626 1045 2680 illius
1079 2624 1326 2694 posuerit
1376 2621 1472 2691 qui
1506 2620 1843 2691 Septembris
1895 2617 2101 2672 mensis
2127 2626 2279 2685 gesta

692 2720 1027 2781 celebrarat,
1086 2725 1142 2770 et
1174 2725 1367 2785 postea
1419 2714 1589 2768 verba
1646 2711 1896 2774 alterius,
1929 2709 2023 2779 qui
2052 2708 2119 2763 de
2144 2710 2280 2760 actis

693 2811 906 2865 mensis
936 2810 1172 2879 Augusti
1207 2808 1224 2878 ι
1252 2823 1376 2861 sui
1401 2805 1421 2877 ]
1446 2804 1793 2873 scripserat?
1839 2802 1993 2857 Unde
2025 2801 2140 2856 ﬁeri
2184 2816 2282 2871 po-

692 2902 825 2964 tuit,
861 2901 1007 2971 quod
1042 2902 1222 2968 inepte
1253 2898 1319 2952 de
1356 2914 1415 2951 re
1455 2897 1648 2952 eadem
1708 2895 2046 2949 mentionem
2090 2893 2176 2947 bis
2201 2893 2283 2945 la-

694 3003 827 3055 ctat,
887 2992 993 3046 nisi
1052 2991 1197 3060 quod
1225 3006 1292 3043 ex
1338 2989 1663 3042 auctoribus
1706 2986 1874 3040 variis
1900 2985 2280 3055 exscripserit,

693 3096 747 3139 ct
776 3086 925 3140 dere
958 3085 1146 3139 eadem
1181 3084 1526 3136 diversorum
1579 3080 1916 3150 expresserit
1948 3078 2158 3133 verba?
2189 3076 2279 3131 Sic

695 3180 942 3241 profecto
971 3181 1037 3234 de
1065 3178 1290 3232 Codicis
1327 3175 1679 3231 .lustinianmi
1736 3175 2133 3244 compilatione
2180 3190 2276 3228 ca-

2380 1975 2584 2044 quam)
2642 1976 2990 2044 describens,
3028 1989 3086 2035 ut
3131 1984 3270 2036 nihil
3303 1985 3371 2039 de
3404 1988 3613 2056 seipso,
3641 1991 3727 2044 sic
3790 2006 3970 2060 neque

2380 2066 2446 2119 de
2514 2068 2654 2130 suis,
2686 2070 2767 2123 vel
2807 2074 3034 2125 terbum
3078 2091 3246 2129 unum
3283 2077 3467 2133 habet.
3501 2084 3639 2135 (lum
3668 2084 3966 2139 admodum

2382 2166 2558 2211 tamen
2588 2161 2836 2215 videatur
2868 2166 3173 2233 probabile.
3208 2186 3332 2223 eum
3365 2173 3574 2241 aliquid
3603 2174 3673 2228 de
3698 2192 3758 2231 se
3780 2178 3970 2232 suisve

2381 2252 2678 2307 mentionis
2704 2254 2757 2305 in
2794 2257 3066 2322 ejusmodi
3093 2262 3228 2317 locis
3258 2262 3435 2320 fuisse
3467 2267 3824 2333 injecturum.

2453 2341 2592 2399 XXI.
2630 2343 2784 2401 Ilaud
2816 2363 2900 2403 me
2931 2351 3081 2416 latet,
3120 2351 3472 2411 Edmundum
3508 2357 3887 2415 Chilmeadum
3915 2363 3967 2417 in

2383 2430 2572 2488 Latina
2598 2440 2835 2493 versione
2869 2443 2950 2495 sic
2982 2445 3098 2497 leva
3128 2448 3390 2501 nonmdla
3426 2450 3782 2520 interpretari
3809 2457 3965 2523 quasi

2383 2523 2578 2581 Malala
2605 2544 2665 2583 se
2696 2531 2903 2587 vixisse
2949 2536 3052 2588 sub
3090 2537 3324 2607 imperio
3357 2539 3654 2597 Justiniani
3694 2545 3964 2601 intulerit.

2384 2616 2457 2671 De
2512 2618 2782 2687 legatione
2818 2627 2884 2676 ab
2915 2625 3042 2696 imp.
3083 2627 3398 2685 .lustiniano
3428 2634 3492 2687 ad
3526 2634 3784 2691 Indorum
3818 2642 3967 2693 Axn-

2383 2709 2641 2763 mitarum
2672 2729 2877 2783 regem.
2913 2718 2978 2769 ad
3009 2734 3214 2773 annum
3236 2718 3538 2776 .lustiniani
3569 2741 3644 2789 tv,
3670 2728 3750 2781 vel
3779 2744 3829 2788 ν.
3853 2729 3966 2799 (37)

2382 2812 2694 2888 sermonem
2727 2804 2941 2860 habens
2975 2806 3194 2875 Malala,
3222 2811 3491 2868 describit
3539 2814 3810 2882 habitum,
3854 2836 3967 2888 quo

2382 2886 2612 2943 indutus
2644 2903 2730 2945 est
2756 2908 2849 2946 rex
2884 2895 3274 2953 Axumitarum
3326 2917 3454 2955 cum
3503 2902 3716 2974 legatus
3752 2886 3965 2978 recipe-

2380 2988 2562 3045 retur,
2595 2998 2659 3037 ex
2691 2983 2869 3053 ipsius
2902 2987 3065 3057 legati
3084 2992 3403 3048 narratione
3431 3011 3446 3047 :
3473 2994 3560 3058 Ὠς
3576 2996 3632 3050 δὲ
3661 2999 3969 3071 ἐξηγήσατο

2380 3074 2408 3125 ὁ
2437 3073 2597 3137 αὐτὸς
2637 3079 3001 3150 πρεσϐευτὴς,
3026 3081 3113 3134 ὅτε
3139 3082 3362 3149 ἐδέξατο
3390 3086 3552 3140 αὐτὸν
3580 3089 3608 3140 ὁ
3642 3090 3753 3143 τῶν
3789 3093 3970 3147 Ἰνδῶν

2384 3164 2667 3232 βασιλεὺς,
2718 3168 3040 3240 ὑφηγήσατο
3079 3174 3139 3225 τὸ
3166 3175 3354 3243 σχῆμα
3405 3180 3502 3246 τῆς
3538 3177 3823 3251 βασιλικῆς
3858 3183 3969 3238 τῶν

694 3273 819 3326 dem
850 3270 987 3339 (54),
1024 3270 1078 3323 in
1117 3285 1227 3322 uno
1260 3269 1379 3322 loco
1411 3271 1502 3337 (p.
1547 3267 1682 3337 168)
1718 3285 1729 3320 :
1769 3266 1918 3320 Idem
1955 3270 2079 3333 imp.
2115 3266 2273 3336 leges,
2304 3250 2346 3309 (ἶ

2304 3250 2346 3309 C
2395 3255 2567 3309 Ἰνδῶν
2625 3265 3034 3325 mustaceo);
3059 3264 3140 3317 ὅτι
3168 3267 3375 3335 γυμνὸς
3421 3268 3653 3339 ὑπῆρχε,
3691 3285 3795 3327 etc.
3836 3274 3968 3340 Quzc

692 3374 741 3414 et
778 3360 1033 3416 Norellas
1096 3362 1256 3415 etiam
1293 3363 1399 3427 ipse
1427 3360 1613 3424 edidit,
1647 3376 1780 3427 quas
1806 3360 1858 3412 in
1887 3358 2040 3411 urbes
2082 3360 2276 3411 emisit.

698 3452 762 3507 Ι·ᾎὶ
796 3470 994 3509 rursus
1041 3456 1132 3522 (p.
1175 3454 1315 3521 185)
1352 3470 1369 3506 :
1403 3451 1605 3504 Eodem
1673 3461 1904 3519 tempore
1943 3452 2078 3520 leges
2104 3467 2279 3502 omnes

696 3560 890 3602 rete-res
939 3549 992 3602 in
1020 3545 1268 3601 Codicent
1315 3560 1478 3597 unum
1528 3554 1727 3596 coacta:
1757 3552 1899 3604 sunt,
1925 3552 1974 3594 et
2002 3541 2138 3594 alias
2171 3542 2281 3610 ipse

695 3649 760 3695 (te
783 3657 877 3694 suo
908 3639 1162 3701 edidit,et
1183 3653 1275 3706 per
1306 3637 1547 3706 singulas
1574 3634 1727 3688 urbes
1760 3634 1959 3687 emisit.
1993 3635 2083 3685 Sic
2113 3635 2277 3687 etiam

694 3732 943 3795 eamdem
1003 3730 1247 3784 fabulam
1292 3733 1386 3795 (p.
1428 3727 1589 3794 15:2),
1626 3741 1789 3794 quam
1842 3734 1967 3778 ante
2016 3736 2280 3794 posuerat

699 3826 753 3876 in
815 3822 976 3878 libris
1029 3819 1487 3890 praecedentibus,
1548 3818 1615 3871 de
1665 3817 1801 3871 urbe
1830 3816 2078 3887 l‘almyra
2112 3816 2280 3870 alato

697 3919 938 3973 Goliathi
998 3917 1303 3977 nominata,
1366 3913 1584 3981 repetit.
1639 3911 1821 3964 Taceo
1892 3912 2021 3964 hinc
2076 3910 2279 3964 factum

698 4009 845 4079 quod
878 4008 1128 4062 eumdem
1164 4014 1434 4066 montem,
1472 4018 1636 4070 quem
1694 4001 1883 4053 (Iarizi
1910 4010 2070 4054 antea
2109 4017 2281 4053 noun-

699 4111 860 4155 narat
904 4102 992 4171 (p.
1054 4098 1183 4166 93),
1218 4096 1307 4150 hic
1339 4094 1394 4148 in
1459 4093 1581 4147 Vita
1611 4090 1909 4146 Iustiniani
1964 4093 2281 4145 muniunrct

702 4193 989 4263 Argarizin
1016 4192 1152 4261 (55).

774 4284 917 4338 XIX.
962 4281 1093 4337 Utut
1130 4282 1200 4336 sit
1230 4282 1297 4335 de
1343 4280 1961 4346 aliquilmsnotatorum
1998 4277 2277 4342 locorum;

702 4374 755 4427 id
805 4388 986 4427 tamen
1031 4390 1130 4442 pro
1176 4389 1285 4442 quo
1350 4373 1735 4426 contendimus
1770 4387 1833 4423 ex
1875 4370 1998 4423 aliis
2034 4371 2283 4423 redditur

702 4466 1219 4520 manifestiSsimum
1243 4485 1257 4531 ;
1285 4478 1337 4520 et
1362 4483 1425 4519 ex
1461 4466 1628 4518 dictis
1652 4464 1865 4516 videtur
1895 4464 2028 4516 satis
2050 4463 2281 4515 demon-

702 4558 893 4620 strari,
950 4574 1055 4609 non
1115 4558 1213 4609 :cvi
1269 4558 1436 4617 illius,
1496 4573 1608 4625 quo
1667 4554 1851 4607 lloruit
1904 4552 2277 4617 .lustinianus,

700 4650 875 4704 fuisse
907 4655 1229 4719 scriptorem
1261 4658 1531 4702 nostrum.
1560 4648 1769 4714 Quibus
1788 4647 2043 4701 omuilms
2062 4646 2283 4701 demum

701 4745 957 4806 addatur,
1020 4760 1107 4797 res
1138 4744 1405 4812 quasdam
1473 4742 1624 4795 illitis
1662 4743 1838 4794 aetatis
1875 4742 1942 4793 ab
1967 4756 2032 4794 co
2063 4741 2284 4795 silentio

701 4835 921 4903 penitus
972 4836 1262 4903 praeteriri,
1302 4844 1359 4886 ut
1391 4835 1686 4888 concilium
1720 4850 1748 4885 ν
1790 4833 2042 4902 generale
2066 4832 2199 4903 (56).
2234 4843 2286 4886 ct

702 4924 951 4978 lli-lisarii
977 4926 1384 4993 expeditionem
1444 4924 1739 4993 quamdam
1784 4923 2151 4993 perinsigncm
2185 4923 2284 4976 ad-

700 5034 895 5072 versus
920 5017 1223 5072 Chosroem
1261 5016 1551 5072 Persarum
1598 5032 1777 5087 regem
1813 5016 1866 5069 in
1898 5013 2124 5069 Oriente
2158 5025 2283 5084 post

2384 3353 2465 3402 sic
2500 3352 2553 3403 in
2591 3368 2688 3404 sua
2721 3355 2979 3409 versione
3014 3356 3257 3411 reddidit
3310 3358 3666 3418 Chilmeadus
3700 3367 3967 3421 :Uubuus

2384 3449 2560 3492 autent
2588 3445 2725 3512 regis
2754 3443 2931 3498 Iudici
2969 3462 3263 3516 pompaque
3299 3451 3576 3513 solemnis,
3607 3456 3796 3521 quibus
3824 3456 3968 3525 lega-

2387 3541 2495 3585 tunt
2537 3532 2835 3590 Romanum
2869 3538 2986 3593 (uti
3020 3554 3085 3594 ex
3117 3541 3295 3609 ipsius
3327 3558 3425 3597 ore
3448 3543 3784 3615 didicimus)
3817 3565 3969 3602 e13re~

2384 3626 2484 3690 pit,
2517 3636 2669 3679 erant
2717 3629 3044 3696 hujusmodi.
3082 3630 3276 3686 Nudus
3312 3647 3448 3699 erat,
3484 3645 3591 3688 etc.
3647 3640 3717 3691 At
3763 3640 3971 3707 gravis-

2385 3720 2523 3771 sime
2555 3719 2773 3773 laborat
2805 3724 2918 3775 h:ec
2946 3723 3367 3779 Chilmeadiana
3403 3728 3805 3798 interpretatio.
3827 3730 3867 3782 Ν
3896 3731 3971 3784 hil

2385 3812 2533 3865 aliud
2569 3814 2716 3865 enim
2756 3814 2861 3867 sibi
2894 3816 3069 3870 voluit
3101 3817 3597 3889 chronographus,
3628 3836 3789 3891 quam
3824 3821 3970 3891 quod

2386 3904 2488 3956 ista
2523 3918 2590 3956 ex
2626 3905 2804 3973 ipsius
2846 3906 3006 3975 legati
3035 3909 3209 3961 relatu
3244 3912 3600 3965 addidicerit.
3630 3914 3777 3966 Illius
3805 3916 3968 3966 verba

2386 3999 2522 4051 nihil
2557 3998 2707 4051 aliud
2739 4009 2938 4053 sonant
2972 4018 2985 4054 :
3019 4011 3073 4054 et
3105 4003 3251 4069 quod
3297 4019 3404 4055 non
3438 4020 3502 4056 ex
3542 4005 3819 4073 colloquio
3843 4022 3968 4059 cum

2385 4090 2582 4159 legato,
2621 4093 2713 4146 sed
2746 4108 2808 4146 ex
2840 4094 3049 4162 scripta
3081 4096 3429 4159 narratione,
3458 4114 3580 4165 qua:
3610 4098 3776 4151 lt‘adil
3808 4114 3969 4152 acce-

2387 4185 2546 4251 perit,
2584 4194 2637 4237 ct
2671 4184 2853 4238 verbis
2877 4188 3039 4253 paulo
3071 4196 3193 4254 post
3225 4189 3587 4257 St‘qtttﬂl-ibtlS
3618 4191 3968 4243 demonstra-

2386 4286 2497 4328 tum
2549 4278 2837 4332 habemus.
2875 4277 3003 4332 Post
3046 4293 3329 4333 narratum
3362 4281 3511 4333 enim
3549 4296 3657 4350 quo
3691 4284 3852 4334 modo
3877 4298 3967 4335 rex

2385 4366 2644 4420 Indorum
2681 4380 2912 4425 ornatus
2942 4379 2995 4423 et
3024 4373 3259 4440 stipatus
3292 4372 3478 4437 fuerit,
3514 4374 3763 4442 procedit
3807 4376 3974 4427 chro-

2386 4463 2703 4531 nographus
2745 4463 2812 4514 ad
2838 4466 3232 4532 explicandum
3278 4467 3617 4532 receptionis
3654 4466 3816 4533 legati
3852 4484 3970 4518 tuo-

2388 4553 2541 4615 dum,
2580 4555 2663 4608 liis
2698 4555 2879 4609 verbis
2910 4574 2951 4624 :_
2990 4558 3098 4608 Καὶ
3160 4557 3487 4625 εἰσενεχῡεὶς
3551 4561 3579 4610 ὁ
3631 4559 3972 4628 πρεσϐευτὴς

2402 4647 2707 4714 Ῥωμαίων,
2736 4647 2922 4709 milva;
2950 4647 3009 4699 τὸ
3031 4648 3158 4714 γόνυ
3185 4648 3580 4717 προςεκύνηςεθ
3607 4652 3700 4701 καὶ
3720 4650 3969 4702 ἐκέλευσε

2391 4735 2591 4807 {simi}
2611 4738 2636 4788 ὀ
2661 4736 2911 4806 βασιλεὺς
2943 4739 3119 4790 Ἰνδῶν
3145 4740 3441 4809 ἁναστῆναί
3464 4757 3528 4809 με
3561 4742 3653 4792 καὶ
3672 4743 3968 4812 ἀναχθῆναι

2388 4828 2522 4899 πρὸς
2581 4828 2768 4884 αὐτόν.
2801 4840 2908 4881 ctc.
2945 4828 3284 4883 lutroducms
3329 4843 3505 4883 autent
3542 4833 3740 4900 legatus
3778 4833 3972 4885 Ιέυηιιι-

2388 4921 2576 4977 uus,iu
2601 4937 2770 4988 genua
2801 4922 3076 4989 procidens
3099 4964 3111 4984 ,
3137 4940 3304 4991 regem
3332 4936 3605 4977 veneratus
3644 4935 3740 4977 est.
3759 4923 3861 4978 Sed
3892 4945 3972 4979 uie

2387 5028 2600 5080 surgere
2614 5014 2836 5081 jttSalICl
2855 5016 3071 5083 propius
3091 5033 3171 5069 art
3184 5017 3354 5071 edere.
3378 5017 3509 5069 Dum
3535 5019 3729 5073 scribit
3747 5035 3810 5073 ex
3834 5023 3972 5075 libro

2219 5105 2449 5161 NOTAE.

774 5206 886 5272 (32)
921 5202 1062 5273 Lege
1089 5220 1140 5271 p.
1180 5202 1280 5258 187
1309 5205 1370 5255 ad
1403 5203 1535 5273 227i.

772 5276 885 5339 (35)
917 5291 967 5339 p.
1002 5272 1110 5327 250
1141 5276 1204 5325 ad
1230 5290 1433 5326 annum
1462 5272 1762 5327 Justiniani
1793 5274 1883 5328 ‘26.

774 5347 885 5411 (54)
933 5343 1049 5396 Fuit
1090 5345 1287 5412 duplex
1339 5345 1546 5397 codicis
1594 5346 1782 5407 editio,
1834 5344 1927 5399 scd
1973 5344 2040 5398 de
2090 5361 2195 5398 una
2239 5357 2289 5399 et

703 5416 891 5467 cadem
931 5415 1012 5467 bis
1048 5417 1289 5482 loquitur
1328 5413 1540 5467 Malala.

777 5487 832 5553 (ὃ
858 5487 887 5553 ι)
935 5487 1220 5549 Quomodo
1243 5487 1406 5537 etiam
1435 5490 1503 5536 ab
1532 5484 1657 5537 aliis
1698 5496 2074 5554 nuncupatur,
2112 5488 2182 5541 ab
2205 5499 2285 5545 ἾΠ

706 5571 853 5607 mens
903 5564 955 5607 et
977 5555 1212 5609 (ἱεινὶῖρίη.

778 5626 891 5687 (36)
924 5626 999 5678 No:
1027 5630 1149 5695 quis
1178 5628 1489 5695 StISpirctur
1514 5628 1760 5697 potuisse
1799 5628 2044 5678 ΜςιΙηΙιιειι
2080 5628 2134 5679 ἰιι
2170 5629 2280 5679 illis

709 5712 827 5763 quzu
856 5699 1263 5758 desiderantur,
1329 5700 1393 5749 de
1429 5700 1545 5751 istis
1570 5703 1846 5759 scribere;
1879 5700 2081 5749 desinit
2103 5701 2278 5749 Chro-

712 5770 1007 5836 ttograpitizt
1054 5779 1262 5832 nostra,
1324 5780 1485 5835 prout
1533 5787 1593 5822 ea
1622 5787 1650 5819 ιι
1705 5784 1850 5820 nunc
1892 5771 2178 5825 habemus,
2224 5772 2273 5821 in

712 5852 855 5889 anno
917 5836 1117 5891 Justiti.
1175 5839 1269 5896 57.
1330 5846 1383 5888 ct
1432 5841 1764 5892 celebratam
1829 5851 1905 5889 cst
1974 5842 2273 5890 runt-ilium

1328 5909 1354 5919 υ
1420 5912 1427 5919 .

714 5924 739 5961 ι’
774 5926 896 5981 gen.
945 5924 1087 5963 anno
1122 5910 1267 5963 illius
1288 5907 1379 5977 27,
1420 5912 1468 5964 iu
1497 5912 1714 5965 iit-tione
1751 5909 1799 5976 ι,
1823 5910 1888 5960 de
1922 5924 2025 5978 qua
2055 5926 2105 5978 p.
2137 5910 2269 5974 3251;

2392 5208 2446 5248 et
2500 5199 2729 5264 contigit
2763 5200 2908 5250 dicta
2948 5198 3216 5252 Betiisarii
3262 5201 3543 5267 expeditio
3594 5204 3743 5255 circa
3766 5215 3969 5258 annum

2395 5267 2689 5319 Justiniani
2728 5271 2842 5339 _l4}.
2879 5270 2988 5322 illis
3040 5273 3265 5321 circiter
3294 5274 3636 5336 temporibus
3699 5286 3823 5339 qua!
3864 5282 3971 5325 tr»-

2396 5347 2618 5411 ctantur
2650 5336 2996 5411 p.222,29.5.
3028 5339 3101 5391 De
3138 5341 3226 5411 illa
3267 5342 3433 5392 multa
3469 5342 3625 5393 habet
3671 5336 3971 5411 Proetipius

2405 5406 2477 5460 De
2498 5408 2632 5479 bello
2675 5408 2824 5461 l’ers.
2870 5410 2916 5459 l.
2955 5426 3013 5472 ti,
3044 5425 3091 5479 ς.
3135 5410 3293 5462 Had
3321 5410 3408 5462 2L
3438 5425 3563 5479 pag.
3605 5412 3707 5465 1‘29.
3740 5415 3806 5464 ad
3847 5406 3965 5470 NI.

2472 5478 2583 5544 (57)
2614 5479 2743 5530 Post
2784 5494 3025 5531 mensem
3049 5478 3423 5547 Si-ptClttllt‘rm
3454 5478 3783 5536 consulatus
3814 5483 3972 5535 Lam-

2404 5550 2647 5619 padiii‘ct
2704 5547 2932 5619 Orestis.
2975 5549 3345 5601 (Junii-rantur
3380 5567 3431 5619 p.
3481 5551 3578 5603 188
3610 5567 3733 5604 cum
3794 5552 3891 5607 I90
3918 5564 3970 5607 ct

2393 5617 2519 5669 l‘H.
2555 5617 2756 5671 Montio
2794 5618 2844 5670 lii
2883 5629 3069 5684 postea
3103 5619 3169 5670 do
3210 5617 3397 5672 mense
3428 5621 3624 5688 Aprili.
3664 5637 3715 5690 Ρ.
3752 5621 3880 5687 202,
3918 5636 3969 5678 et

2389 5690 2586 5739 iterum
2633 5693 2696 5743 de
2738 5691 2847 5741 alio
2895 5691 3203 5755 Septembri
3267 5706 3375 5758 quo
3417 5695 3552 5743 ohtit
3607 5695 3818 5745 (loadcs
3876 5709 3968 5748 rex

2390 5758 2682 5810 l'ct'sarum
2721 5775 2772 5826 p.
2811 5759 2943 5834 ﬁli,
2969 5771 3155 5834 postea
3193 5761 3257 5810 de
3292 5762 3588 5834 indictione
3619 5762 3700 5826 l0,
3732 5780 3852 5834 qutt-
3884 5766 3969 5819 iti-

2387 5833 2558 5882 t'tlt'lll
2601 5848 2652 5882 ιιι
2682 5846 2885 5883 annum
2921 5829 3216 5884 Justiniani
3258 5848 3329 5891 γι,
3364 5847 3414 5901 p.
3450 5832 3575 5887 '2l5.
