4256 6452
341 421 400 486 41
1407 425 1971 486 PROLEGOMENA
2012 426 2111 485 AD
2152 425 2538 488 MALALAM.
3528 420 3614 494 ἕξ

342 537 499 606 legati
545 535 758 598 Malala,
804 549 1127 606 pronomen,
1183 554 1283 601 me,
1325 537 1497 606 quod,
1543 539 1610 592 de
1642 552 1764 591 sese
1801 553 1916 590 sero
1947 548 1985 597 Α
2018 550 2144 590 cum
2182 537 2411 590 citatum
2449 537 2659 599 lineas;
2701 545 2755 589 ut
2788 535 2955 589 alium
2992 543 3046 591 et
3090 536 3368 592 diversum
3426 539 3598 595 fuisse

339 639 555 679 nionem
589 624 824 690 habens,
870 625 1082 694 legatus
1117 636 1395 694 posuerat,
1449 628 1911 695 oscitanter(pro

340 729 530 784 more)
565 718 783 771 retinet.
818 717 922 770 Sed
962 719 1091 786 quid
1138 720 1191 773 in
1229 734 1285 774 re
1319 728 1429 772 tam
1483 728 1670 789 aperta
1710 719 1910 789 prolixi

338 811 568 865 sumus?
607 809 732 864 Fuit
769 811 887 880 ipse
911 809 1214 867 Nonnosus
1246 811 1474 865 Abratni
1506 812 1566 866 F.
1593 814 1687 883 qui
1721 813 1912 881 pracdi-

336 909 478 955 ctam
509 902 644 956 obiit
675 903 1020 972 legationem,
1051 919 1226 973 neque
1245 903 1438 956 Malala
1464 914 1654 959 noster
1686 906 1911 960 aliunde

337 1011 436 1050 sua
463 997 649 1052 hausit
674 1013 838 1067 quam
871 1013 936 1052 ex
968 999 1089 1066 ejus
1124 997 1368 1051 Historia
1409 1009 1638 1052 sui-trum
1679 999 1910 1068 legatio-

337 1103 490 1140 num.
528 1083 600 1141 De
630 1105 734 1156 qua
772 1089 892 1147 vide
929 1088 1181 1142 Pltotium
1219 1091 1273 1143 in
1305 1089 1656 1152 Bibliotheca,
1693 1092 1815 1146 cod.
1852 1093 1906 1145 5.

339 1177 392 1230 In
426 1180 536 1232 alio
588 1180 706 1234 loco
745 1181 810 1249 (p
863 1180 1005 1250 142)
1035 1221 1049 1245 ,
1083 1181 1136 1233 in
1174 1179 1296 1233 Vita
1347 1179 1552 1234 Justini
1601 1181 1910 1237 decessoris

334 1269 660 1333 lustiuiani,
728 1271 797 1325 de
851 1273 1223 1327 exundatione
1271 1272 1441 1325 Scirti
1492 1271 1752 1337 ﬂuminis,
1802 1289 1910 1343 qua

339 1364 469 1416 urbs
507 1362 710 1417 Edessa
740 1379 862 1419 cum
895 1364 1155 1418 domibus
1189 1372 1244 1417 et
1279 1363 1478 1418 incolis
1509 1365 1769 1433 absorpta
1802 1372 1910 1427 est,

338 1455 478 1507 facta
514 1455 852 1519 narratione,
883 1455 1176 1522 subjuncta
1205 1463 1336 1509 sunt
1368 1455 1484 1507 haec
1517 1456 1681 1509 verba
1710 1473 1722 1508 :
1759 1456 1912 1508 Ἐλε-

335 1563 429 1612 γον
464 1547 519 1598 δὲ
567 1549 617 1599 οἱ
651 1546 1084 1617 περισωθέντες,
1129 1547 1222 1600 καὶ
1269 1546 1548 1610 οἰκοῦντες
1591 1549 1692 1619 τὴν
1743 1549 1914 1619 αὐτὴν

336 1638 510 1698 πίλιν,
537 1639 616 1690 ὅτι
651 1641 760 1699 καὶ,
795 1650 901 1692 ctc.
939 1638 1069 1703 Qua:
1102 1654 1386 1708 perperam
1419 1640 1498 1693 sic
1521 1641 1914 1710 interpretatur

334 1727 728 1784 Chilmeadus:
765 1730 1024 1785 Dixerunt
1050 1742 1224 1785 autem
1275 1732 1364 1801 qui
1397 1734 1702 1800 superstites
1735 1735 1914 1790 adhuc

337 1819 512 1873 urbem
547 1823 904 1887 incoluerunt,
933 1833 1037 1879 etc.

406 1949 570 2002 XXII.
606 1949 671 2005 Ut
702 1967 764 2007 ex
800 1954 969 2017 hisce,
993 1969 1114 2022 quae
1167 1955 1437 2011 hactenus
1473 1955 1725 2012 discussa
1756 1967 1910 2021 sunt,

337 2042 471 2093 satis
500 2042 726 2097 evidens
755 2055 808 2097 et
844 2045 1111 2113 liquidum
1139 2045 1377 2108 videtur,
1417 2046 1520 2100 sub
1547 2048 1779 2116 imperio
1813 2046 1909 2101 Ju-

336 2132 563 2184 stiniani
620 2151 726 2185 non
765 2135 967 2188 vixisse
1004 2145 1255 2190 nostrum
1287 2137 1801 2207 chronographum;
1839 2139 1910 2191 ita

336 2231 465 2274 sunt
518 2225 656 2277 inter
704 2239 789 2287 ea,
823 2241 943 2294 quae
993 2226 1038 2281 si
1072 2228 1196 2296 quis
1231 2227 1500 2282 attentius
1545 2231 1821 2297 expendat
1855 2238 1911 2282 et

335 2312 668 2372 consideret,
701 2314 848 2366 haud
873 2316 976 2369 sibi
1014 2315 1346 2384 persuadere
1385 2318 1622 2384 poterit,
1659 2317 1791 2386 quin
1829 2318 1910 2369 in-

337 2411 416 2454 ter
449 2404 748 2472 scriptores
787 2405 960 2459 mu-lto
1008 2408 1348 2461 recentiores
1390 2407 1462 2461 sit
1507 2409 1906 2462 accensendus.

337 2490 447 2546 lloc
487 2493 741 2547 evincere
765 2511 988 2564 quoque
1021 2497 1276 2551 videntur
1307 2509 1629 2569 argumenta
1667 2499 1796 2552 alia.
1830 2498 1908 2552 Ex

332 2599 398 2637 eo
447 2584 592 2652 quod
639 2585 975 2642 Clementem
1011 2587 1508 2661 Chronographum
1563 2593 1618 2644 in
1660 2591 1910 2646 testimo-

335 2675 484 2727 nium
521 2677 773 2742 advocat,
803 2695 926 2733 eum
956 2696 1062 2735 non
1095 2683 1296 2737 vixisse
1318 2691 1446 2738 ante
1469 2685 1726 2739 saeculum
1750 2694 1907 2741 octa-

337 2781 483 2831 vum,
518 2786 623 2822 nun
657 2771 772 2824 sine
823 2786 1015 2843 magna
1047 2775 1433 2843 probabilitate
1471 2773 1686 2832 videtur
1732 2779 1910 2834 conﬂ-

336 2859 616 2914 ciendum.
641 2861 870 2917 Videtur
890 2867 1032 2919 enim
1051 2867 1152 2921 iste
1171 2867 1426 2923 Clemens
1439 2869 1904 2942 Chronographus

339 2951 541 3006 vixisse
566 2969 674 3007 non
709 2963 836 3010 ante
866 2956 1175 3013 Servntoris
1205 2975 1409 3014 annum
1442 2962 1565 3016 685.
1601 2964 1779 3034 Atque
1803 2967 1907 3020 hoc

336 3044 646 3114 colligimus
699 3063 763 3101 ex
799 3050 1069 3120 Anonymi
1121 3052 1296 3106 Graeci
1351 3053 1906 3113 Demonstrationibus

335 3136 507 3204 (quas
539 3139 880 3211 inscribunt)
907 3146 1396 3213 chronographicis,
1427 3163 1523 3201 seu
1557 3148 1906 3205 Collectaneis

2014 645 2136 682 eum
2163 630 2234 683 ab
2264 630 2360 682 illo
2384 628 2479 697 qni
2516 635 2742 682 vocatur
2781 628 3166 685 Constantinus
3191 628 3498 684 Constantii
3525 627 3596 686 1".

2013 735 2180 788 quam
2213 721 2523 775 clarissime
2557 720 2960 776 subinnuatur.

2086 856 2268 910 XXIII.
2325 857 2390 911 Ut
2443 873 2508 912 ex
2565 859 2668 912 hoc
2731 869 3064 928 arguntento
3113 861 3443 930 scriptorem
3501 875 3602 913 no-

2015 959 2192 1002 strttm
2250 957 2377 1004 ante
2415 951 2605 1004 satculi
2651 946 2834 1005 octavi
2899 950 3118 1004 initium
3169 966 3277 1006 non
3341 951 3603 1009 ﬂoruisse.

2014 1039 2236 1092 videtur
2281 1034 2670 1108 coniprobari;
2733 1039 2809 1091 ita
2859 1054 3088 1109 quoque
3126 1038 3328 1095 exinde
3381 1040 3604 1095 videtur

2015 1131 2378 1198 probabiliter
2437 1129 2628 1182 inferri
2662 1144 2850 1198 posse.
2904 1132 2986 1185 vel
3016 1147 3082 1185 eo
3126 1139 3374 1200 tempore
3427 1130 3612 1186 fttisw.

2015 1219 2322 1287 juniorem.
2361 1219 2625 1285 Quamvis
2658 1220 2805 1272 enim
2862 1221 3204 1274 concedatur
3258 1222 3601 1278 Clementem

2017 1313 2340 1382 pratdictum
2374 1315 2611 1366 exeunte
2643 1312 2869 1366 circiter
2915 1313 3172 1366 centuria
3204 1315 3439 1382 septima
3482 1329 3604 1368 mo-

2019 1410 2281 1450 numenta
2322 1411 2418 1450 sua
2465 1399 2667 1453 litteris
2707 1399 3078 1468 consignasse
3122 1399 3290 1470 (nam
3335 1404 3417 1457 vel
3445 1403 3603 1458 illum

2015 1489 2177 1542 etiam
2216 1490 2494 1558 suspicari
2529 1491 2660 1546 licet
2693 1490 2952 1546 ﬂoruisse
2979 1500 3108 1561 post
3141 1503 3356 1563 tempus
3386 1495 3536 1550 istud
3558 1497 3600 1564 ),

2018 1580 2170 1632 illum
2207 1589 2388 1636 tamen
2423 1584 2599 1636 citare
2633 1585 2850 1637 videtur
2879 1586 3353 1657 chronographits
3382 1597 3599 1647 noster.

2018 1687 2129 1724 non
2201 1680 2466 1742 tanquam
2517 1676 2602 1728 sui
2658 1679 2924 1745 temporis
2982 1680 3341 1749 scriptorem,
3395 1682 3490 1736 sed
3544 1691 3607 1735 ut.

2019 1764 2412 1834 antiquiorem.
2444 1764 2517 1819 Ut
2548 1767 2653 1821 hoc
2691 1768 2775 1821 vel
2813 1768 3013 1824 exinde
3046 1771 3267 1826 videtur
3301 1773 3607 1827 conllcien-

2018 1855 2168 1921 dum,
2219 1857 2293 1909 ita
2342 1858 2584 1926 suppetit
2638 1860 2804 1912 nobis
2858 1869 3246 1929 argumentum
3304 1863 3480 1925 aliud,
3535 1880 3610 1920 ex

2016 1964 2148 2016 quo,
2210 1949 2256 2003 si
2309 1949 2396 2002 vix
2445 1950 2668 2020 aliquid
2718 1952 2869 2006 aliud
2922 1965 3266 2020 occurreret,
3319 1957 3605 2012 videretur

2018 2050 2202 2094 tamen
2233 2055 2399 2110 posse
2431 2041 2836 2109 demonstrari,
2871 2059 2994 2099 emn
3021 2045 3115 2100 illo
3147 2055 3395 2118 tempore
3425 2048 3627 2105 fuisse-

2015 2132 2410 2198 reeentiorem,
2474 2141 2529 2188 et
2586 2149 2694 2188 non
2760 2136 2969 2192 vixisse
3030 2138 3139 2192 nisi
3198 2148 3321 2208 post
3384 2141 3601 2194 initium

2017 2223 2287 2278 centuriae
2347 2209 2526 2280 nonae.
2581 2225 2985 2296 Argumentum
3041 2230 3146 2285 hoc
3189 2231 3339 2285 duco
3381 2249 3446 2287 ex
3483 2235 3612 2303 ejus

2015 2314 2281 2370 citatione
2337 2316 2631 2387 Theophili
2672 2319 3097 2391 Chronographi
3145 2323 3261 2378 sive
3309 2323 3597 2380 Ilismriri.

1962 2454 1965 2456 _
2013 2407 2297 2462 Claruisse
2328 2409 2473 2461 enim
2505 2408 2875 2480 TheOphilum
2905 2413 3440 2484 Chrouographum,
3482 2420 3600 2471 sive

2013 2497 2374 2564 Historicum,
2412 2500 2578 2570 paulo
2610 2510 2740 2557 ante
2773 2505 3036 2560 saeculum
3074 2515 3330 2560 oetavnm
3366 2509 3598 2564 absolu-

2013 2600 2129 2646 tum
2157 2634 2171 2657 ,
2199 2600 2446 2648 constat
2493 2609 2562 2647 ex
2600 2595 2998 2666 Abulpharajii
3067 2597 3316 2652 llistoria
3363 2601 3598 2654 Arabica

2011 2682 2388 2753 dynastiarunt
2449 2685 2534 2756 (p.
2583 2686 2706 2752 H7,
2759 2686 2922 2759 H8),
2970 2691 3068 2759 qui
3123 2691 3286 2746 docet
3331 2708 3457 2748 eum
3491 2699 3599 2748 sub

2012 2774 2198 2831 Irenes
2249 2777 2622 2847 lmperatrieis
2671 2781 2864 2836 uxoris
2929 2780 3132 2838 Leonis
3162 2783 3595 2858 Porphyrogen-

2012 2869 2147 2934 neti,
2181 2870 2526 2939 temporibus
2550 2911 2563 2934 ,
2601 2887 2744 2926 anno
2781 2871 3147 2943 Ilegir2169,
3177 2876 3281 2932 hoc
3313 2888 3419 2946 est,
3450 2896 3598 2934 anno

2009 2962 2458 3017 Christianorum
2509 2963 2636 3028 785,
2690 2981 2719 3019 e
2786 2966 2935 3021 vivis
2970 2970 3310 3025 excessisse.
3346 2973 3432 3027 Ait
3470 2991 3596 3029 eum

2013 3053 2088 3126 [ι]
2145 3053 2315 3110 fuisse
2360 3056 2764 3124 Christianum,
2816 3058 3046 3116 Thomas
3102 3061 3163 3117 F.
3222 3064 3591 3136 Astrologum

2012 3144 2322 3202 ltohensem
2381 3149 2452 3217 (i.
2503 3164 2555 3203 e.
2592 3148 2975 3222 Edessenum)
3024 3153 3448 3227 Astrologorum
3479 3159 3596 3212 Ah-

335 3227 397 3279 de
418 3230 822 3298 antiquitatibus
850 3233 1479 3305 Constantinopolitanis,
1511 3254 1539 3292 a
1571 3256 1680 3309 quo
1709 3242 1911 3297 citatur
1936 3257 1980 3314 ο
2015 3255 2120 3292 mm

2015 3240 2181 3292 modii
2233 3240 2639 3296 Saracenorum
2700 3243 2931 3299 Chaline
2991 3248 3340 3318 principem,
3378 3267 3408 3305 e
3446 3263 3596 3308 secta

337 3321 354 3386 (
379 3327 436 3370 ut
458 3321 682 3374 omnino
709 3324 946 3395 videtur)
965 3326 1032 3381 de
1063 3328 1194 3398 imp.
1224 3329 1587 3386 Constantino
1608 3333 1909 3403 Pogonalo,

335 3411 428 3476 qui
475 3413 635 3464 vitam
689 3430 814 3467 cmn
870 3429 1048 3471 morte
1093 3424 1452 3475 commutavit
1512 3439 1656 3478 anno
1704 3426 1910 3482 Chris:i

336 3502 616 3568 praedicto,
677 3521 870 3576 nempe
911 3508 1036 3562 685.
1069 3510 1334 3567 Scribens
1367 3515 1454 3584 (p.
1499 3515 1570 3568 32
1594 3515 1612 3584 )
1638 3517 1782 3570 enim
1820 3518 1911 3572 ille

335 3602 519 3646 auctor
565 3613 860 3666 anonymus
916 3600 984 3654 de
1045 3610 1228 3655 statua
1264 3606 1502 3672 quadam
1541 3606 1594 3660 in
1629 3609 1764 3663 urbe
1800 3609 1904 3662 CP.

334 3696 648 3754 nuncupata
685 3687 890 3754 Tauro,
923 3701 978 3745 et
1009 3693 1199 3748 dicens
1233 3711 1354 3750 eam
1393 3695 1686 3753 Theodosii
1721 3699 1910 3755 Senio-

335 3776 411 3828 ris
448 3775 636 3834 luisse.
677 3779 864 3833 subdit
897 3797 909 3832 :
944 3781 1174 3852 Κλήμης
1203 3785 1258 3838 δὲ
1290 3786 1389 3850 τὰς
1417 3789 1606 3857 ὁμοίας
1633 3792 1727 3843 καὶ
1749 3794 1911 3845 nolu-

335 3868 575 3937 μόρφους
596 3871 946 3940 μαρμαρίνας
970 3876 1387 3931 Κωνσταντίνου
1413 3877 1551 3934 εἶναι
1572 3883 1790 3949 φάσκει,
1815 3886 1908 3938 τοῦ

329 3961 444 4011 υἱοῦ
478 3963 876 4015 Κωνσταντίου.
900 3965 1136 4020 Clemens
1167 3985 1281 4022 tero
1300 3971 1498 4025 similes
1517 3989 1772 4043 caraeque
1801 3978 1911 4046 [or-

329 4069 427 4104 rmz
449 4069 775 4108 marmoreas
798 4067 1006 4111 statuas
1029 4057 1385 4123 Constantini.
1405 4063 1578 4135 [thxl
1608 4065 1908 4124 Constantii

329 4142 395 4196 F.
414 4160 526 4197 esse
548 4146 642 4197 ait.
667 4147 900 4211 (Quibus
935 4151 1116 4204 verbis
1139 4151 1524 4220 Combeﬂsius,
1542 4158 1594 4209 in
1623 4160 1784 4225 notis,
1813 4162 1908 4216 de-

329 4235 538 4303 signari
579 4238 862 4293 existimat
893 4241 1324 4297 Constantinum
1366 4246 1728 4317 Pogonatum,
1765 4252 1908 4308 Con-

325 4329 519 4380 stantis
591 4339 650 4381 ut
709 4332 871 4401 vulgo
921 4335 1062 4388 solet
1118 4338 1392 4391 nominari
1455 4341 1622 4394 tilium
1675 4364 1688 4397 :
1743 4358 1906 4414 atque

326 4417 400 4470 ita
434 4419 748 4475 mehercule
783 4423 1117 4491 appellatum
1151 4441 1274 4479 emn
1314 4428 1383 4481 ab
1419 4431 1544 4483 aliis
1579 4448 1678 4486 nos
1713 4436 1903 4490 obser-

326 4509 596 4563 vavitnus.
646 4513 1048 4568 Constantinus
1095 4514 1654 4590 Porpltyrogennetus
1690 4525 1762 4578 De
1805 4529 1902 4580 atl-

2018 3331 2415 3387 Maronitarnm
2468 3336 2561 3402 qui
2612 3337 2665 3388 in
2717 3347 2905 3391 monte
2944 3338 3159 3395 Libano
3197 3351 3366 3406 sunt;
3411 3355 3464 3399 et
3501 3345 3595 3401 lli-

2015 3425 2238 3477 storiam
2304 3427 2580 3494 egregiam
2636 3428 2983 3485 condidisse.
3052 3431 3143 3488 Sic
3200 3434 3254 3488 in
3307 3437 3416 3489 alio
3473 3440 3595 3494 loco

2016 3519 2108 3585 (p.
2147 3514 2251 3585 65)
2289 3516 2589 3571 llistoriam
2637 3519 2758 3588 ejus
2784 3521 2900 3574 sive
2931 3521 3370 3596 Chronologiam
3401 3529 3467 3584 de
3497 3547 3593 3585 an-

2014 3609 2101 3663 nis
2127 3610 2196 3663 ab
2234 3608 2297 3664 Ο.
2331 3611 2393 3665 C.
2430 3612 2495 3664 ad
2529 3614 2752 3667 initium
2791 3631 2968 3686 usque
3007 3618 3428 3676 Sclencidarnm
3461 3642 3594 3695 cpu-

2013 3702 2129 3754 chas
2163 3703 2417 3758 advocat.
2441 3701 2598 3759 Hunc
2632 3708 2886 3764 eumdem
2924 3709 3097 3764 fuisse
3125 3729 3249 3766 cntn
3287 3714 3595 3787 Theophilu

2016 3791 2296 3846 llistorico
2355 3796 2472 3848 sive
2508 3795 2931 3869 chronographo
2963 3817 3126 3870 quem
3169 3805 3595 3862 adduciteln-o-

2017 3886 2334 3954 nographus
2372 3895 2587 3951 noster,
2639 3904 2750 3943 non
2788 3900 2905 3955 est,
2946 3901 3004 3945 ιιι
3035 3896 3256 3964 Opinor,
3287 3913 3389 3951 cur
3427 3902 3581 3956 dubi-

2016 3987 2087 4029 tet
2145 3978 2372 4047 aliquis,
2436 3982 2743 4048 praesertim
2801 3998 2928 4037 cum
2985 3986 3230 4042 ﬂoruerit
3281 3992 3334 4044 in
3398 3995 3590 4049 eadem

2013 4067 2238 4120 circiter
2292 4081 2561 4123 terrarum
2622 4073 2799 4141 plaga.
2857 4074 2918 4129 Et
2971 4092 3039 4131 ne
3097 4080 3225 4147 quis
3275 4088 3592 4154 suspicetur

2013 4158 2376 4228 Theophilum
2411 4162 2947 4233 Almlpharajianum
2982 4184 3090 4224 non
3129 4173 3379 4229 Graecum
3417 4179 3593 4236 fuisse

2011 4248 2367 4317 scriptorem,
2395 4251 2493 4305 sed
2540 4253 2832 4323 Syriacum
2873 4257 3057 4329 (quod
3111 4271 3294 4320 tamen
3330 4271 3371 4322 si
3406 4271 3588 4338 detur,

2011 4343 2149 4394 nihil
2209 4352 2391 4396 tamen
2445 4344 2694 4400 obstaret
2729 4352 3032 4417 quominus
3081 4355 3222 4409 idem
3260 4370 3410 4416 esset,
3459 4381 3587 4419 cum

2008 4435 2320 4500 Malaliano,
2355 4451 2480 4490 eum
2515 4439 2667 4496 illius
2701 4444 3157 4516 chronographia
3196 4449 3424 4521 Syriaee
3449 4459 3590 4510 seri-

2007 4533 2129 4592 pta,
2166 4526 2215 4576 in
2239 4525 2491 4580 Graecum
2530 4544 2847 4587 sermonem
2883 4537 3102 4591 traduci
3146 4543 3447 4609 potuerit),
3473 4545 3586 4610 jam

325 4602 555 4655 ministr.
590 4605 799 4671 imperii
833 4607 976 4674 (cap.
1017 4607 1105 4669 48,
1148 4625 1198 4676 p.
1238 4611 1360 4676 112)
1397 4630 1409 4665 :
1457 4614 1579 4666 Ἐπὶ
1615 4618 1901 4670 Κωνσταν-
1936 4595 1976 4647 D
2005 4625 2224 4670 exstant
2251 4613 2310 4670 in
2349 4620 2518 4674 variis
2562 4622 2797 4692 Europa:
2851 4595 3208 4686 bibliothecis
3249 4595 3588 4704 astrologii-a

323 4694 469 4744 τίνου
499 4693 614 4745 ι)ἱοῦ
647 4698 1029 4750 Κωνσταντίου
1067 4701 1161 4752 τοῦ
1197 4702 1289 4752 καὶ
1329 4704 1671 4771 Πιυγωνάτου
1705 4709 1898 4762 καλου-

327 4783 506 4852 μένου.
551 4784 906 4842 Constantino
946 4789 1252 4844 Constantii
1281 4792 1348 4846 F.
1379 4797 1466 4863 qui
1492 4805 1541 4848 et
1587 4797 1895 4868 l’ogonatus

321 4875 625 4928 nominatus
644 4888 742 4930 est.
778 4876 901 4932 Fuit
925 4882 1170 4949 quidem,
1213 4884 1362 4952 quod
1415 4893 1467 4938 et
1503 4889 1761 4942 omnibus
1798 4907 1897 4943 no-

323 4975 464 5030 tum,
492 4969 897 5026 Constantinus
926 4973 1040 5041 ipse
1064 4973 1292 5045 Magnus
1312 4979 1619 5032 Constantii
1655 4981 1896 5053 (Chlori)

321 5055 462 5112 ﬁlius
485 5074 498 5110 :
522 5076 712 5113 verum
744 5079 866 5116 eum
897 5064 986 5118 hic
1013 5066 1116 5121 loci
1147 5083 1212 5120 ne
1243 5069 1619 5139 intelligamus
1651 5073 1754 5127 hoc
1777 5090 1895 5128 om-

318 5153 446 5205 nino
484 5153 707 5208 obstare
729 5156 969 5219 videtur,
996 5159 1142 5226 quod
1169 5175 1441 5228 nusquam
1475 5163 1521 5216 is
1555 5163 1688 5217 alibi
1722 5167 1891 5218 alan-

314 5244 441 5298 dato
463 5255 689 5300 auctore.
709 5249 1025 5303 nominetur
1047 5250 1432 5306 Constantinus
1464 5253 1770 5310 Constantii
1797 5257 1887 5322 F.,

317 5341 564 5404 quamvis
622 5339 691 5394 de
746 5355 810 5394 eo
873 5343 1210 5401 mentionem
1278 5347 1616 5402 creberrime
1679 5349 1887 5415 faciat,

314 5426 408 5480 sed
442 5444 660 5498 semper
691 5432 1144 5502 vel_simpliciter
1188 5435 1566 5492 Constantinus
1586 5479 1599 5502 ,
1629 5442 1711 5492 vel
1749 5441 1889 5494 Con-

312 5522 579 5572 stantinus
611 5520 860 5591 Magnus,
885 5526 1289 5590 Κωνσταντῖνος
1318 5530 1345 5581 ὁ
1376 5529 1569 5599 μέγας.
1603 5534 1781 5600 Atque
1814 5534 1885 5586 ita

315 5606 563 5674 profecto
604 5614 804 5682 smpius
837 5625 1191 5686 nuncupatur
1221 5619 1363 5672 intra
1404 5637 1607 5690 paucas
1648 5637 1767 5691 post
1801 5626 1884 5677 lu-

2002 4707 2247 4777 qumdam
2277 4710 2425 4764 illius
2459 4727 2626 4780 opera
2665 4731 2919 4772 sermone
2950 4720 3274 4785 (ἐνπεριιίςο
3303 4735 3583 4789 contexta,

2001 4799 2054 4850 id
2085 4799 2414 4856 docentibus
2447 4802 2730 4875 Catalogis
2763 4807 2951 4881 (quos
2984 4815 3123 4881 vidi)
3161 4830 3290 4871 mss.
3326 4819 3585 4872 codicum

2000 4890 2462 4947 bibliothecarum
2531 4899 2849 4967 variarum;
2935 4904 2989 4958 in
3049 4908 3252 4975 quibus
3309 4912 3587 4967 celebrari

2000 4987 2182 5040 solent
2268 4987 2562 5059 Theophili
2642 4994 3016 5069 Astrologiea.
3097 5001 3294 5068 Qualia
3363 5008 3586 5076 quidem

2005 5080 2304 5147 scripsisse
2344 5083 2668 5150 prazdictum
2709 5086 3106 5160 Theophilum,
3148 5105 3202 5148 ut
3236 5114 3331 5167 per
3363 5116 3422 5154 se
3449 5103 3587 5156 satis

2005 5167 2231 5223 evidens
2266 5172 2506 5240 videtur,
2561 5189 2687 5229 cum
2732 5181 3055 5251 astrologus
3100 5187 3471 5254 professione,
3506 5193 3586 5244 uti

1998 5261 2167 5312 tradit
2224 5261 2699 5334 Abulpharajius,
2747 5268 2911 5339 idque
2953 5289 3205 5329 summus
3235 5289 3286 5328 et
3339 5279 3589 5334 elariSsi-

2001 5367 2122 5403 mus
2140 5362 2304 5416 esset,
2329 5356 2401 5407 ita
2422 5365 2639 5411 constat
2662 5364 2993 5419 auctoritate
3013 5367 3433 5424 Almmaschiris
3448 5373 3584 5442 (55),

1994 5445 2284 5511 scriptoris
2356 5447 2486 5501 item
2546 5449 2807 5518 Arabici,
2867 5458 2958 5525 qui
3022 5460 3074 5512 in
3138 5461 3279 5513 libro
3343 5462 3414 5515 [te
3473 5482 3587 5535 my-

1997 5539 2173 5589 steriis
2227 5539 2461 5607 inedito,
2527 5544 2675 5598 inter
2725 5550 2910 5604 varios
2960 5549 3098 5605 Gl'il't
3119 5569 3183 5608 os
3209 5555 3586 5631 Asttohagicos

1995 5633 2322 5700 scriptores,
2360 5633 2765 5708 Alexandrum,
2799 5639 3167 5714 Stephanum,
3198 5651 3589 5716 Aristmel‘em,‘

1832 5803 2062 5859 NOTAE.

389 5875 507 5950 (33)
552 5881 708 5947 Apud
747 5881 1161 5956 llottingermu,
1201 5891 1276 5945 De
1319 5892 1658 5954 Bibliotheris
1690 5900 1874 5953 orient.
1909 5917 1960 5973 ιι.
1994 5900 2120 5956 255.

605 5975 872 6038 Ρλτηοι..
899 5980 1010 6042 GR.
1068 5985 1294 6049 XCVIL

3091 6013 3130 6077 2
