4256 6452
620 370 693 438 43
1907 371 2301 434 HUMFRED]

2215 371 2316 431 iDI
2382 372 2603 435 HODII
3826 374 3896 442 ἐξ

625 496 679 542 et
718 482 1036 542 llermetem
1078 483 1193 556 (36)
1226 490 1555 540 annumerat
1601 483 1971 555 Theophilum
2010 486 2211 539 Filiqu
2243 488 2286 545 Α
2320 503 2445 540 cum
2501 486 2782 559 llesycitio
2838 487 3155 558 patriarcha
3208 487 3747 560 liierosolymitano.
3800 490 3893 560 qui

623 578 867 632 Thomae.
900 575 1044 643 Quid
1085 575 1230 646 quod
1258 574 1628 645 Theophilum
1680 575 2013 645 praedictum
2047 577 2210 631 chro-

624 670 975 741 nographum
1035 667 1380 723 Edessenum
1445 667 1723 723 sermonis
1775 666 1954 722 Gra~ci
2013 668 2210 735 peritia

626 762 911 833 polluisse,
937 777 1001 816 ex
1027 762 1150 832 ipso
1179 759 1522 817 edoceamur
1550 758 1951 831 Ahulpbarajio
1978 761 1997 829 (
2018 775 2073 829 p.
2108 759 2210 813 M8

625 865 677 909 et
701 855 807 925 26)
835 854 857 908 ἵ
885 855 954 909 ab
976 868 1043 909 eo
1071 854 1221 909 enim
1248 852 1469 908 additur
1490 859 1745 907 eumdem
1777 853 1947 908 istum
1986 851 2210 907 Homeri

622 957 799 1014 poeta:
830 947 1008 1002 libros
1031 946 1108 1003 De
1133 946 1353 1001 excidio
1380 944 1534 999 urbis
1556 944 1640 999 llii
1660 944 1893 1015 elingua
1936 944 2122 999 Grzeca
2157 944 2209 999 in

629 1040 914 1110 Syriacam
948 1054 1115 1110 quam
1167 1038 1586 1109 elegantissime
1616 1038 1876 1093 vertisse.
1918 1036 2012 1093 Sic
2042 1036 2214 1092 Joan-

624 1148 727 1187 nes
774 1130 1008 1186 Mansur
1049 1132 1447 1197 Damascenus,
1507 1131 1763 1200 quamvis
1798 1130 1915 1200 ipse
1956 1130 2213 1185 similiter

628 1229 682 1281 in
719 1227 842 1282 aula
890 1222 1305 1280 Saracenorum
1334 1223 1568 1277 Chalifm
1598 1223 1744 1276 inter
1776 1222 1926 1276 illius
1950 1223 2213 1277 consilia-

626 1320 743 1372 rios
801 1316 1077 1378 floruerit,
1136 1331 1200 1370 ea
1245 1323 1459 1379 tamen,
1505 1328 1627 1384 qua:
1667 1312 1864 1379 edidit,
1895 1328 2063 1384 opera
2093 1330 2212 1370 scr-

628 1425 794 1482 rnone
825 1409 1150 1463 Graecanico
1179 1406 1496 1461 adornavit.

698 1500 888 1557 XXIV.
922 1501 985 1555 In
1008 1499 1241 1570 proclivi
1279 1499 1515 1555 fortasse
1554 1498 1722 1555 fuerit
1752 1498 2052 1571 suspicari,
2088 1497 2213 1553 Cle-

628 1601 869 1654 mentem
911 1592 1327 1664 supradictum,
1362 1591 1848 1662 chronographum
1888 1607 2049 1661 quem
2081 1590 2213 1645 citat

628 1685 1081 1758 chronographus
1105 1693 1310 1748 noster,
1346 1683 1444 1755 [Li]
1476 1700 1583 1738 non
1623 1684 1791 1738 alium
1829 1684 2000 1740 fuisse
2030 1700 2061 1738 a
2094 1683 2215 1738 Cle-

516 1848 520 1852 '
630 1770 812 1833 mente
838 1774 1339 1846 Alexandrino,qui
1361 1777 1414 1829 in
1436 1773 2021 1831 librisStromatcouin
2046 1775 2212 1831 rebus

630 1868 916 1925 historicis
941 1876 1106 1937 atque
1126 1867 1543 1938 chronologicis
1565 1866 1777 1921 multus
1802 1877 1881 1929 est
1905 1884 1920 1933 ;
1945 1874 2111 1937 atque
2136 1866 2211 1919 ita

633 1960 1006 2031 Theophilum
1027 1957 1545 2028 Chrouographum,
1592 1971 1754 2026 quem
1794 1956 1942 2019 idem
1968 1956 2107 2011 solet
2133 1965 2214 2010 te-

643 2061 781 2107 stem
804 2050 1104 2122 appellare.
1122 2062 1234 2103 non
1263 2045 1626 2104 aliuur'l'uisse
1650 2063 1815 2118 quam
1840 2046 2211 2119 Theophilum

635 2145 957 2215 episcopum
985 2141 1421 2210 Antiochenum,
1447 2141 1721 2197 librorum
1746 2141 1911 2196 trium
1936 2141 2017 2194 Ad
2044 2140 2216 2193 Auto-

528 2262 534 2271 -
636 2238 813 2308 lycum
852 2236 1178 2306 scriptorem
1206 2251 1220 2287 :
1249 2233 1305 2289 in
1324 2249 1561 2305 quorum
1583 2233 1853 2288 librorum
1871 2232 1953 2286 Ad
1984 2232 2214 2302 Autoly-

634 2345 753 2384 cum
796 2328 961 2384 tertio
992 2326 1085 2382 dc~
1109 2326 1278 2382 rebus
1320 2325 1735 2397 chronologicis
1776 2341 1882 2381 non
1917 2340 2096 2398 pauea
2129 2326 2217 2377 lit-

606 2422 775 2478 'teris
814 2422 1161 2494 produntur,
1196 2429 1251 2475 ct
1289 2419 1467 2474 series
1508 2432 1783 2474 annorum
1837 2418 1909 2472 ab
1942 2418 2007 2472 Ο.
2050 2418 2112 2471 Ο.
2148 2418 2213 2470 ad

637 2516 888 2571 auctoris
946 2528 1124 2583 usque
1163 2520 1381 2567 aetatem
1432 2518 1700 2580 perpetuo
1741 2509 1834 2563 illo
1879 2508 2216 2574 deducitur;

642 2610 777 2682 quin
811 2615 865 2660 et
911 2606 1053 2660 liber
1085 2605 1180 2659 ille
1212 2618 1239 2657 a
1285 2602 1579 2657 Lactantio
1608 2599 1895 2656 Firmiano
1926 2600 2027 2658 sub
2058 2600 2219 2655 titulo

640 2702 768 2756 libri
805 2698 878 2752 De
924 2696 1245 2767 temporibus
1304 2696 1375 2763 (i.
1433 2710 1481 2749 e.
1519 2692 1890 2763 Chonologici)
1935 2692 2217 2746 laudatur.

562 2773 573 2797 λ’
642 2792 908 2863 Equidem
934 2791 1008 2844 ita
1033 2787 1456 2853 eruditissimus
1480 2785 1816 2840 ()xoniensis
1832 2784 2013 2839 editor
2036 2783 2218 2838 dicto-

642 2900 764 2940 rum
806 2882 1073 2937 librorum
1107 2878 1191 2933 Ad
1236 2877 1553 2948 Autolycum
1575 2918 1589 2944 ,
1624 2879 1653 2931 ὁ
1690 2876 1785 2930 νῦν
1819 2878 1877 2929 ὲν
1920 2875 2096 2944 ἁγίοις
2118 2915 2131 2939 ,
2164 2875 2231 2929 in

642 2974 1004 3040 Prtefatione,
1028 2972 1239 3042 absque
1260 2972 1374 3025 ullo
1394 2969 1472 3025 rei
1507 2971 1787 3034 examine,
1823 2984 1922 3039 pro
1952 2982 2223 3023 concesso

644 3070 832 3131 habet,
862 3083 892 3121 a
909 3065 1332 3136 cltronographo
1354 3071 1549 3118 nostro
1574 3063 1857 3132 designari
1885 3063 2062 3128 illum,
2079 3076 2222 3130 quo-

2314 579 2519 633 smculo
2572 587 2731 636 sexto
2784 589 3018 636 exeunte
3081 580 3200 638 sive
3256 582 3497 652 septimo
3532 581 3762 637 ineunte
3794 580 3895 636 llo-

2313 670 2498 726 ruisse
2539 680 2798 741 putatur;
2835 686 2960 727 cum
2997 680 3082 727 tot
3138 673 3192 728 in
3253 673 3506 728 Ecclesia
3565 672 3892 728 Graecorum

2315 762 2492 818 multo
2528 763 2879 819 recentiores
2949 762 3210 837 Hesycltii
3270 764 3596 820 claruerint.
3630 763 3748 819 luto
3803 765 3893 819 vix

2314 852 2450 908 mihi
2482 854 2737 918 dubium,
2759 856 2895 925 quin
2923 854 3138 911 Joanne
3167 864 3364 912 nostro
3392 855 3587 911 Malala
3618 858 3895 912 recentior

2313 945 2387 1002 sit
2427 946 2533 1002 iste
2573 945 2910 1018 Hesychius,
2941 956 2996 1002 et
3032 962 3096 1001 ex
3147 948 3242 1003 illo
3275 948 3397 1018 ipso
3434 948 3798 1019 exscripserit
3832 964 3895 1002 ea

2312 1053 2439 1108 quas
2478 1038 2713 1093 citatum
2744 1039 3146 1111 Fragmentum
3177 1040 3430 1095 exhibet.
3474 1038 3593 1094 Hoc
3632 1047 3691 1094 ut
3729 1054 3897 1110 penes

2309 1132 2388 1186 sit
2419 1131 2697 1201 judicium
2730 1132 2978 1199 lectoris,
3003 1140 3056 1187 et
3084 1132 3215 1205 quia
3243 1131 3510 1188 conducit
3530 1131 3599 1185 ad
3630 1144 3899 1187 numeros

2314 1223 2492 1277 nostri
2521 1223 2861 1294 exemplaris
2893 1221 3219 1277 Malalianos
3238 1254 3243 1258 -
3265 1222 3675 1292 aliquantulum
3698 1232 3895 1276 emen-

2315 1316 2550 1381 dandos,
2590 1332 2676 1371 me
2707 1331 2817 1371 non
2854 1316 3068 1387 pigebit
3115 1316 3189 1371 ob
3234 1316 3429 1370 oculos
3466 1316 3553 1370 hic
3583 1315 3900 1381 adducere;

2315 1410 2524 1466 Grmcis
2554 1412 2782 1482 insuper
2816 1411 3044 1466 attextis
3075 1426 3137 1464 cx
3197 1411 3549 1464 bibliotheca:
3583 1402 3900 1463 Bodleiauze

2315 1519 2419 1558 tus.
2446 1502 2558 1573 (37)
2589 1503 2801 1568 codice,
2829 1520 2951 1574 qua}
2984 1504 3227 1557 nondum
3264 1503 3448 1557 lucem
3472 1517 3740 1571 aspexere
3760 1500 3896 1571 (38).

2345 1636 2472 1711 [ιιιι
2533 1638 2614 1692 Ex
2660 1638 2924 1711 Hesychia
2984 1642 3038 1693 in

2495 1711 2636 1764 iristi
2672 1709 2945 1765 Natalem.

2390 1825 2523 1881 Nam
2554 1828 2607 1881 in
2646 1844 2748 1881 sui
2782 1828 2894 1896 (40)
2924 1842 3072 1881 anno

2318 1919 2533 1991 imperii
2560 1919 2824 1991 Augusti,
2858 1920 3069 1975 mensis

2317 2013 2639 2070 Decembris
2691 2012 2794 2077 25,
2855 2014 2944 2069 die
3004 2012 3068 2081 6,

2317 2105 2452 2161 hora
2488 2106 2520 2159 ’1
2571 2105 2705 2171 diei,
2769 2115 2937 2161 natus
2987 2114 3072 2161 est

2318 2202 2587 2271 Dominus
2645 2209 2835 2257 noster
2909 2200 3071 2257 Jcsus

2318 2296 2548 2351 Chritus
2597 2296 2903 2350 secundum
2950 2308 3073 2350 car-

2323 2404 2469 2453 nem,
2496 2403 2561 2443 ex
2603 2386 2768 2442 Maria
2808 2386 3072 2459 Virgine;

2321 2494 2468 2533 anno
2516 2460 2825 2535 secundum
2877 2482 3073 2536 Antio-

2320 2574 2533 2629 chcnos
2558 2588 2586 2627 a
2609 2574 2891 2629 creatione
2917 2560 3088 2628 muni

2322 2665 2377 2720 di
2444 2683 2622 2737 usque
2688 2666 2754 2720 ad
2827 2665 3073 2721 Natalem

2321 2760 2528 2816 Christi
2562 2768 2617 2814 et
2650 2759 3073 2814 crucifixionem

2323 2855 2464 2913 6000
2484 2856 2821 2927 colliguntur
2842 2856 3075 2928 :etenim

2325 2948 2392 3002 ab
2425 2949 2600 3002 Adam
2634 2963 2812 3018 usque
2840 2947 2906 3001 ad
2932 2946 3077 3000 Pha-

2326 3044 2408 3097 lec
2467 3042 2642 3097 lilium
2703 3041 2882 3097 Heber
2947 3042 3076 3096 anni

643 3162 971 3241 t_iescunque
1001 3175 1067 3214 ex
1099 3134 1415 3228 Theophilo
1435 3154 1874 3225 Chronographo
1906 3152 2219 3208 testimonia
2249 3167 2293 3226 α
2326 3135 2490 3241 δίξορὶ
2670 3134 2872 3191 Phalec
2903 3152 3081 3239 "50'"?

647 3251 1032 3323 proferuntur,
1079 3249 1207 3317 quia
1250 3262 1331 3303 sc.
1387 3246 1522 3301 nihil
1571 3246 1882 3301 inaudierat
1930 3245 1999 3301 de
2040 3244 2222 3299 Theo-

650 3344 800 3415 philo
832 3339 1279 3411 'Chronographo
1316 3339 1451 3393 alio.
1496 3336 1565 3392 Ut
1596 3351 1727 3393 vero
1752 3336 2001 3390 diluatur
2040 3337 2227 3391 omnis

652 3435 970 3505 hujusmodi
1032 3432 1302 3503 suspicio,
1338 3433 1443 3487 hoc
1484 3442 1654 3486 unum
1717 3429 2223 3500 impraesentiarum

655 3529 1020 3591 manebimus,
1054 3539 1145 3581 res
1177 3526 1314 3580 istas
1368 3539 1510 3594 quas
1548 3520 1806 3594 producit
1838 3537 1903 3576 ex
1938 3522 2227 3576 Clemente

652 3632 707 3676 et
736 3620 1044 3691 Theophilo
1075 3617 1516 3687 chronographis
1544 3615 1849 3671 historicus
1910 3624 2119 3677 noster,
2169 3613 2225 3666 in

653 3714 960 3769 Clementis
992 3713 1147 3768 Alex.
1180 3719 1237 3767 et
1270 3708 1562 3779 Theophili
1596 3708 1927 3762 Antiocheni
1963 3706 2227 3776 operibus

660 3816 769 3855 non
795 3800 1026 3854 omnino
1057 3800 1312 3869 reperiri.
1357 3796 1472 3853 llos
1505 3798 1725 3852 eosdem
1754 3797 2078 3867 scriptores,
2109 3796 2231 3851 Cle-

654 3886 898 3949 mentem
930 3901 985 3948 et
1025 3891 1399 3964 Theophilum
1432 3890 1916 3962 chronographos,
1946 3890 2013 3944 ab
2061 3890 2231 3961 Hesy-

654 3987 781 4041 chio
803 3986 1045 4056 quodam
1066 3985 1121 4040 in
1156 3985 1381 4040 homilia
1413 3984 1532 4040 sive
1557 3997 1814 4039 sermone
1835 3980 1911 4037 De
1931 3980 2230 4035 Natiritate

655 4081 882 4143 Christi,
910 4079 964 4133 in
1008 4079 1319 4149 fragutento
1358 4079 1505 4149 quod
1538 4086 1720 4133 exstat
1766 4077 1911 4149 apud
1940 4074 2229 4131 Anastasii

656 4173 1014 4243 Nicaui(seu
1050 4172 1233 4240 potius
1276 4170 1537 4238 Sinaitte)
1585 4171 1917 4238 Qua'stioues
1972 4169 2231 4240 theologi-

655 4280 747 4318 cas
784 4278 849 4319 ex
898 4262 1162 4317 Gentiani
1196 4260 1423 4331 Herveti
1449 4260 1647 4318 Latina
1686 4261 2143 4332 interpretatione
2177 4262 2231 4315 in

657 4351 995 4407 Bibliotheca
1044 4349 1271 4405 l’atrum
1304 4350 1505 4415 editas,
1554 4353 1755 4407 citatos
1788 4352 2140 4407 invenimus:
2176 4359 2232 4405 at

658 4458 767 4497 non
798 4452 882 4498 est
904 4456 1005 4496 cur
1048 4440 1103 4496 id
1138 4441 1468 4507 contrailla
1522 4456 1645 4511 quas
1697 4452 1869 4512 supra
1920 4442 2229 4511 posuimus,

2327 3229 2393 3283 ad
2424 3230 2492 3283 42
2524 3229 2635 3299 (l3)
2677 3243 2880 3282 annum
2923 3228 3078 3302 regni

2326 3322 2598 3395 Augusti,
2634 3321 2763 3377 anni
2799 3320 2973 3389 1067;
3027 3329 3081 3377 et

2329 3416 2527 3473 deinde
2576 3414 2947 3472 conversatus
2996 3426 3081 3471 est

2331 3508 2592 3565 Servator
2609 3524 2734 3563 cum
2761 3507 3081 3563 hominibus

2329 3617 2507 3657 annos
2541 3602 2640 3669 33;
2666 3603 2830 3669 ‘adeo
2871 3607 2933 3653 ut
2970 3600 3082 3654 sint

2331 3695 2401 3751 ab
2437 3694 2610 3749 Adam
2652 3708 2830 3765 usque
2869 3693 2937 3748 ad
2975 3692 3082 3745 Na-

2331 3787 2493 3841 talem
2524 3786 2729 3841 Christi
2779 3788 2911 3841 anni
2944 3788 3084 3843 6000

2331 3878 2502 3951 pleni.
2564 3878 2767 3935 Phalec
2815 3880 2963 3935 enim
3016 3896 3083 3936 ex

2331 3970 2619 4041 prophetia
2694 3970 2863 4027 Mosis
2943 3971 3084 4027 dici-

2335 4072 2424 4118 tur
2474 4063 2767 4117 dimidium
2817 4064 3085 4134 temporis

2328 4155 2479 4227 .[utt]
2520 4157 2731 4211 Christi
2781 4157 3086 4228 apparitio-

2335 4251 2441 4306 nis.
2473 4248 2762 4316 Quomodo
2792 4252 2936 4305 enim
2960 4264 3085 4306 cum

2336 4342 2612 4397 hominem
2656 4351 2815 4397 sexto
2850 4342 2938 4397 die
2986 4342 3089 4395 llu-

2340 4437 2509 4491 xisset
2540 4435 2708 4500 Deus,
2750 4434 2797 4491 is
2828 4435 3095 4505 deinceps

657 4535 726 4591 de
755 4534 977 4590 illorum
1000 4534 1550 4606 chronographorum
1576 4542 1741 4589 aetate
1771 4534 1825 4589 in
1843 4541 2230 4604 argumentum
2265 4525 2311 4580 Ι)
2337 4529 2537 4584 cecidit
2566 4533 2624 4583 in
2651 4538 2973 4599 peceatum;
3011 4528 3085 4581 ita

660 4644 689 4684 a
720 4642 1004 4700 quoquam
1044 4628 1325 4701 trahatur.
1378 4626 1538 4682 Nulla
1583 4627 1733 4683 enim
1795 4625 2105 4681 necessitas
2135 4640 2234 4695 po-

2342 4622 2508 4677 etiam
2540 4630 2699 4677 sexto
2728 4621 2819 4675 die
2843 4621 3093 4676 millena-

3153 1636 3447 1704 Ἦσυχίου
3470 1636 3537 1689 ἐκ
3555 1635 3662 1689 τοῦ
3679 1637 3766 1700 εις
3786 1634 3902 1699 τὴν

3160 1706 3421 1776 Χριστοῦ
3442 1706 3552 1777 (59)
3570 1704 3879 1772 γέννησιν.

3226 1820 3313 1874 Ἐν
3360 1820 3470 1891 γὰρ
3520 1819 3598 1890 τῷ
3652 1818 3739 1889 μβ⁹
3786 1818 3901 1872 ἔτει

3140 1912 3241 1984 τῆς
3265 1912 3543 1983 βασιλείας
3560 1912 3899 1980 Αὐγούστου,

3146 2008 3277 2077 μηνὶ
3300 2006 3626 2077 Δεκεμὸρίῳ
3644 2013 3743 2071 κε’,
3765 2006 3902 2077 ήμέο

3144 2117 3215 2171 ρᾳ
3266 2098 3339 2166 ς’,
3388 2099 3508 2171 ὥρᾳ
3545 2099 3751 2172 ἑδδόμῖι
3784 2100 3902 2169 (ιιι)

3143 2193 3245 2263 τῆς
3293 2193 3542 2265 ἡμέρας,
3576 2193 3843 2263 ἐγεννήθη
3872 2194 3902 2246 ὁ

3146 2285 3353 2356 Κύριος
3372 2284 3527 2356 ἡμῶν
3543 2284 3749 2353 Ἰησοῦς
3768 2286 3808 2336 Χ
3822 2302 3901 2355 ρι-

3148 2377 3273 2441 στὸς
3293 2377 3352 2429 τὸ
3370 2377 3513 2430 κατὰ
3532 2379 3705 2448 σάρκα
3723 2379 3785 2430 ἐκ
3803 2381 3901 2446 τῆς

3148 2473 3309 2539 ἁγίας
3343 2472 3621 2541 Παροένου
3650 2472 3867 2543 Magia:
3885 2512 3901 2533 ,

3147 2567 3302 2628 ἔτους
3379 2566 3519 2618 κατὰ
3607 2567 3844 2635 Ἀντιηχε
3854 2568 3903 2627 ῖς

3150 2662 3257 2712 ἀπὸ
3289 2662 3518 2722 κτίσεως
3561 2661 3768 2731 κόσμου
3799 2661 3903 2723 ἓως

3148 2754 3249 2822 τῆς
3304 2753 3547 2823 Χριστοῦ
3596 2754 3906 2823 γεννήσεως

3150 2834 3243 2905 ita)
3274 2852 3639 2920 σταυρώσεως
3669 2867 3725 2915 ,ς
3758 2849 3871 2920 (42)
3891 2866 3904 2879 ·

3152 2947 3442 3014 συνάγεται
3459 2947 3568 3017 γὰρ
3588 2947 3699 2998 ἀπὸ
3714 2946 3906 3013 Ἀδὰμ..

3151 3040 3256 3102 ἕως
3310 3039 3490 3091 eam
3536 3036 3651 3090 υἱοῦ
3704 3037 3906 3108 Ἔϐερ,

3152 3133 3247 3202 ἔτη
3270 3149 3338 3203 χ,
3360 3132 3451 3183 καὶ
3480 3131 3587 3183 ἀπὸ
3612 3130 3787 3182 «max
3805 3130 3908 3193 ἕως

3156 3227 3244 3297 μέν
3277 3227 3432 3289 ἔτους
3485 3225 3585 3294 τῆς
3632 3224 3912 3295 βασιὶεὶχς

3153 3319 3464 3391 Αὐγθύστου
3492 3319 3588 3388 ἐτη
3616 3317 3744 3382 ,αξξ
3772 3318 3908 3388 (Η),

3154 3418 3245 3469 καὶ
3273 3416 3458 3469 λοιπὸν
3492 3410 3905 3484 συνανεστρὰφη

3145 3511 3181 3571 ,ὁ
3214 3510 3403 3580 Σωτὴρ
3439 3510 3558 3569 τοῖς
3597 3507 3908 3577 ἀνθρώποις

3154 3605 3249 3675 ἔτη
3286 3605 3367 3673 λγ¹
3394 3619 3406 3631 °
3431 3603 3505 3666 ὼς
3525 3603 3773 3670 γῖνεσθαι
3798 3599 3911 3654 ἀπὸ

3167 3696 3339 3763 ’Λδὶιμ
3380 3695 3486 3758 ἕως
3527 3693 3628 3763 τῆς
3669 3692 3907 3764 Χριστοῦ

3154 3789 3471 3859 γεννήσεως
3518 3789 3611 3840 κα).
3658 3788 3911 3857 σταυρώ-

3157 3898 3293 3943 σεως
3310 3881 3407 3950 ἐτη
3428 3898 3481 3951 ⁴«ς
3503 3881 3714 3951 πλήρη.
3728 3880 3785 3932 ὐ
3803 3880 3913 3951 γὰρ

3155 3974 3335 4028 Φαλὲκ
3381 3976 3524 4028 κατὰ
3567 3974 3667 4046 τὴν
3697 3991 3912 4045 πρσφη-

3159 4070 3313 4121 τεῐαν
3358 4068 3622 4132 Μωσέως,
3648 4068 3709 4120 τῦ
3737 4069 3910 4138 ἥμισυ

3157 4160 3379 4228 λέγεται
3418 4159 3512 4212 τοῦ
3564 4160 3760 4231 χρόνον
3813 4163 3912 4230 τῆς

3159 4252 3396 4323 Χριστοῦ
3416 4254 3757 4321 ἐπιφανείας.
3784 4254 3915 4306 '93-

3162 4364 3267 4417 περ
3321 4347 3431 4417 γὰρ
3479 4347 3575 4401 τὸν
3626 4347 3915 4419 ἄνθρωπον

3161 4440 3227 4510 τῇ
3286 4446 3340 4504 ς’
3387 4439 3572 4512 tua“:
3623 4439 3837 4504 πλάσας
3888 4444 3917 4495 ὁ

3163 4534 3319 4601 Θεὸς,
3350 4537 3444 4588 καὶ
3482 4536 3543 4601 ἐξ
3573 4536 3746 4605 αὐτῆς
3783 4537 3921 4589 ὑπέ-

3166 4645 3330 4681 πεσεν
3358 4630 3424 4698 τῇ
3453 4629 3720 4700 ἁμαρτίᾳ,
3743 4626 3920 4694 οὕτως

660 4722 833 4779 stutat
865 4728 927 4775 ut
958 4718 1267 4793 Hesychius
1291 4717 1593 4793 praedictus
1616 4732 1719 4791 pro
1739 4717 1933 4775 eodem
1968 4716 2239 4777 habeatur

2236 4734 2239 4745 ν
2349 4719 2432 4771 rio
2471 4716 2624 4771 venit
2673 4719 2728 4770 in
2779 4726 2985 4773 tcrram
3037 4727 3092 4774 et
3168 4724 3263 4777 καὶ
3294 4726 3362 4794 τῇ
3396 4724 3794 4796 ς’(45)ήμὲρᾳ
3818 4724 3917 4794 τῆς

2164 4852 2398 4911 NOTAE.

733 4949 848 5021 (36)
881 4948 1255 5021 Supposititii,
1280 4950 1375 5021 qui
1408 4948 1634 5005 Grtecus
1670 4958 1812 5005 erat.

731 5017 1313 5089 (57))1ιηιιὺηιιιειςοό
1350 5020 1406 5075 in
1446 5021 1580 5083 lolio
1636 5022 1781 5076 inter
1835 5019 2000 5076 codd.
2037 5017 2233 5075 Barac.

662 5088 814 5148 num.
838 5088 963 5153 206,
999 5104 1051 5159 ι).
1087 5089 1205 5159 pur.

735 5160 849 5231 (58)
909 5156 1035 5215 Haec
1075 5156 1366 5231 postquam
1412 5160 1620 5217 chartis
1654 5160 2033 5228 illeveramus,
2096 5156 2234 5214 mihi

667 5230 912 5285 venit’ad
968 5246 1165 5286 manus
1192 5230 1481 5285 Paschalis
1514 5233 1631 5286 sive
1660 5232 2021 5286 Alexandrini
2052 5231 2234 5285 Chro-

662 5302 771 5356 nici
803 5301 969 5356 editio
1008 5300 1373 5356 Dul‘resniana
1412 5302 1467 5371 in
1496 5299 1676 5356 Gallia
1723 5303 2036 5368 nuperrime
2065 5303 2229 5356 ador-

662 5383 815 5438 nata,
849 5373 903 5426 in
936 5371 1099 5441 cujus
1135 5371 1449 5442 Appendice
1479 5387 1643 5442 quam
1677 5372 1959 5442 subtexuit
1994 5372 2228 5427 Dufres-

664 5389 815 5438 nata,
850 5389 903 5426 tu
936 5389 1099 5441 ctqus
1135 5389 1175 5425 Α
1222 5389 1449 5442 penutce
1479 5389 1643 5442 quam
1677 5389 1959 5427 subtexuit
1994 5389 2228 5427 uutres-

664 5444 808 5507 nius,
852 5444 1128 5513 reperitur
1159 5389 1347 5497 (Frmce
1396 5443 1731 5513 hocipsum
1784 5440 2043 5513 Hesychii
2096 5442 2230 5496 Fra-

663 5512 943 5582 gmentum
973 5528 1040 5567 ex
1086 5514 1279 5568 codice
1332 5515 1477 5583 regis
1509 5512 1836 5577 Galliarum,
1868 5512 1963 5583 qui
2007 5514 2230 5567 eosdem

662 5598 858 5653 omnes
875 5593 1138 5639 tractatus
1160 5600 1282 5638 cum
1304 5595 1491 5638 nostro
1505 5583 2230 5653 Uxoniensicomplectitur.

661 5650 782 5707 Non
818 5655 1027 5708 viderat
1062 5654 1392 5709 Dufresnius
1440 5654 1694 5709 Latinam
1743 5650 2044 5709 editionem
2094 5653 2226 5707 Fra-

662 5726 866 5792 gmeuti
926 5722 1335 5793 llcrvctianam,
1393 5727 1485 5782 sed
1530 5725 1874 5781 existimavit
1905 5740 1965 5780 se
1992 5739 2227 5794 prorsus

663 5795 907 5866 ignotum
944 5795 1203 5853 edidisse.

2407 4946 2521 5017 (39)
2556 4947 3210 5021 ΧριστοῦηΑκηοδρίιιπ
3242 4966 3466 5021 quoque
3491 4952 3561 5005 ab
3587 4950 3923 5009 llervetiaua

2334 5016 2497 5079 edit.,
2530 5018 2628 5071 Sed
2667 5019 2721 5071 in
2756 5016 3011 5074 Dul'resu.
3037 5022 3208 5075 deest.

2406 5087 2519 5157 (40)
2555 5086 2648 5157 Sic
2678 5103 2899 5157 quoque
2928 5088 3185 5146 Dufresn.
3218 5089 3325 5145 Sed
3358 5090 3579 5147 Hervet.
3618 5091 3709 5146 22.

2406 5156 2521 5229 (41)
2546 5156 2636 5211 Sic
2654 5156 2913 5214 D'ufresu.
2934 5159 3159 5215 Hervet.
3192 5162 3497 5216 Decembris
3520 5163 3616 5225 25,
3636 5163 3725 5217 die
3746 5173 3922 5229 sexto,

2341 5227 2473 5282 hora
2505 5227 2688 5282 tertia.

2409 5298 2523 5370 (4‘2)
2551 5297 2641 5370 ⁴ρξ’.
2674 5295 2838 5353 6000.
2866 5295 3130 5370 δὶοίῖηῐτα
3155 5300 3397 5367 saepius;
3433 5300 3762 5357 concinente
3795 5301 3930 5354 ulti.

2338 5384 2445 5441 que
2484 5368 2897 5441 ipul'resni'aua.
2958 5369 3296 5424 liervetiana
3330 5373 3421 5426 hic
3475 5380 3531 5426 et
3560 5372 3769 5441 ubique
3823 5373 3927 5425 ha-

2337 5440 2431 5495 bet
2463 5439 2628 5492 5000.

2413 5509 2525 5578 (45)
2556 5510 2781 5564 llervet.
2809 5508 2901 5563 hic
2920 5508 3043 5562 .loci
3075 5507 3165 5571 52,
3195 5518 3254 5563 ut
3282 5525 3448 5577 supra
3475 5510 3569 5563 22.

2412 5580 2522 5647 (tt)
2557 5578 2932 5650 955.1067.)
2967 5580 3061 5650 sic

3102 5595 3320 5653 quoque
3367 5579 3614 5653 [iervetq
3646 5581 3744 5638 sed
3781 5582 3928 5653 apud

2335 5647 2591 5706 Dufresri.
2620 5649 2809 5721 ,εῇξξρ
2842 5649 3002 5721 5967.
3040 5647 3251 5721 Scribe
3269 5650 3461 5721 “sese.
3488 5651 3659 5721 2967.

2414 5722 2527 5792 (45)
2558 5722 2666 5792 (t'a‘t
2719 5718 2793 5786 τῇ
2835 5719 3129 5792 ςςᾼήμέρᾳ
3182 5718 3292 5785 τῆξ
3331 5720 3626 5792 χιλιάδος.
3662 5720 3754 5776 Sic
3787 5738 3927 5792 quo-

2332 5806 2443 5863 quc
2476 5790 2762 5857 Duiresn.;
2797 5800 2852 5841 at
2875 5789 3097 5846 llcrvct.
3130 5792 3314 5859 quinto
3343 5794 3429 5845 die
3460 5791 3782 5848 millcnart'o.
