4256 6452
684 423 757 486 47
2012 433 2423 495 HUMFREDI
2483 436 2704 498 HODII

3868 457 3965 523 «i3

689 543 737 589 et
768 531 1294 601 tenebricosissimo,
1342 535 1640 605 pcrdigntts
1697 538 1939 608 scriptor
1988 544 2093 596 erit
2145 559 2273 614 pro—
2301 553 2348 609 Α
2377 547 2506 601 nodi
2534 547 2579 602 si
2614 549 2753 603 solvi
2785 559 3020 620 possunt
3049 552 3167 610 sine
3199 556 3246 611 vi
3278 566 3330 613 et
3375 562 3640 626 sectione.
3675 581 3781 621 non
3821 584 3966 644 αδετις

690 623 1049 679 nuntiandus.
1115 626 1421 695 Adjiciatnr
1485 627 1712 698 insuper
1768 630 1928 686 istius
1986 634 2161 705 stylus
2214 644 2270 692 et

685 715 866 785 ipsum
898 715 1151 785 loquendi
1186 732 1376 784 genus,
1401 720 1547 789 quod
1573 721 1641 775 ab
1663 726 1811 777 omni
1837 738 1965 780 sane
1995 728 2266 798 elegantia

686 821 959 876 nusquam
992 822 1102 861 non
1138 808 1430 876 abhorret,
1461 812 1717 884 quodque
1754 815 1890 871 locis
1925 819 2268 888 quampluri-

686 899 790 954 mis
821 900 981 969 plane
1035 900 1332 958 barbarum
1379 919 1501 960 esse
1546 906 1622 960 illi
1668 906 1986 964 fatebuntur
2014 912 2105 982 qui
2140 928 2265 968 eum

684 991 1016 1063 perlegerint
1036 1010 1062 1069 ;V
1088 993 1376 1065 indignum
1406 997 1598 1067 procul
1629 995 1799 1054 dubio
1826 1008 1987 1056 aetate
2013 1003 2269 1072 politiore

681 1080 1011 1151 Iustiniani,
1072 1086 1332 1155 praedicto
1391 1102 1537 1144 nono
1593 1091 1798 1147 sacculo
1853 1092 2265 1163 dignissimum.

682 1174 873 1246 Neque
904 1178 1006 1232 hoc
1050 1178 1360 1234 mehercule
1386 1179 1617 1249 aﬂirmo,
1657 1191 1872 1254 meopte
1906 1186 2025 1241 solo
2060 1187 2269 1256 judicio

685 1267 927 1322 innixus.
966 1267 1070 1323 Sed
1116 1272 1329 1326 accedit
1370 1271 1691 1345 suﬂragium
1735 1275 1834 1329 viri
1874 1275 2032 1347 longe
2075 1279 2265 1332 erudi-

682 1358 882 1413 tissimi
926 1359 988 1415 D.
1024 1361 1255 1417 Edvardi
1297 1364 1560 1419 Bernardi
1603 1383 1617 1419 :
1651 1382 1831 1435 quem'
1866 1370 2087 1423 memini
2131 1371 2264 1424 mihi

680 1450 887 1507 dixisse
917 1453 1039 1523 plus
1070 1454 1271 1509 abhinc
1303 1455 1594 1521 decennio,
1619 1472 1743 1512 cum
1784 1475 1847 1513 ex
1881 1460 2174 1515 occasione
2196 1462 2265 1517 de

683 1544 872 1600 Malala
910 1554 1119 1613 nostro,
1150 1556 1279 1603 tunc
1310 1549 1457 1622 mihi
1508 1564 1738 1620 prorsus
1773 1552 1980 1621 ignoto,
2025 1554 2263 1621 injectus

677 1646 822 1693 esset
865 1638 1007 1694 inter
1042 1639 1507 1695 confabulaudum
1550 1657 1734 1698 sermo
1782 1643 1926 1715 (nam
1970 1645 2036 1698 ad
2070 1645 2264 1701 balbu-

680 1727 900 1781 tientem
959 1733 1203 1781 nostram
1263 1729 1629 1785 eruditionem
1679 1746 1739 1785 se
1793 1732 2079 1787 demittere
2134 1743 2263 1789 tunc

680 1819 941 1887 temporis
984 1834 1091 1872 non
1127 1821 1400 1874 recusavit
1437 1822 1517 1875 vir
1548 1823 1747 1876 summi
1793 1823 2053 1881 candoris
2080 1833 2134 1879 et
2162 1826 2263 1880 hu-

2388 639 2441 692 in
2472 648 2715 695 nostram
2747 646 3075 699 sententiam
3099 653 3418 706 concessuri
3437 666 3566 708 sunt
3588 657 3662 711 illi
3690 661 3780 728 qui
3810 639 3964 734 aequa

2389 731 2551 785 velint
2583 734 2832 791 veritatis
2886 737 3041 794 lance
3088 757 3176 798 res
3224 745 3520 802 :estimare.
3565 731 3962 821 Argumentum

2381 824 2762 897 primum,quo
2786 830 3001 898 probari
3026 848 3185 901 posse
3203 837 3452 893 videatur
3472 840 3617 897 illius
3640 844 3960 915 antiquitas.

2381 927 2448 967 ex
2497 929 2563 969 eo
2610 918 2907 986 petendum
2958 922 3227 991 videatur,
3265 927 3411 997 quod
3460 945 3547 986 res
3582 933 3687 987 sub
3736 935 3964 1007 imperio

2379 1002 2675 1061 Iustiniani
2704 1018 2885 1080 gestas
2913 1011 3107 1070 fusiori
3130 1017 3286 1088 longe
3310 1018 3548 1075 Minerva
3574 1002 3960 1096 persequatur;

2380 1106 2435 1153 et
2471 1100 2524 1154 in
2561 1101 2628 1157 iis
2656 1104 3025 1175 celebrandis,
3062 1124 3171 1164 non
3208 1125 3411 1166 annum
3445 1115 3643 1179 solum,
3674 1116 3831 1189 [ιι-ιι]
3865 1121 3963 1175 sed

2379 1200 2432 1243 et
2495 1206 2739 1248 mensem
2791 1203 2843 1249 et
2905 1194 3049 1252 diem
3111 1202 3318 1257 mensis
3364 1204 3521 1259 valde
3592 1209 3961 1277 particulatim

2380 1280 2655 1338 adhibeat.
2686 1286 2917 1356 Argum.
2942 1292 3245 1348 secundum
3277 1310 3342 1349 ex
3372 1311 3437 1350 co
3471 1298 3597 1367 quis
3624 1302 3961 1369 arcessierit,

2380 1375 2525 1442 quod
2561 1376 2726 1447 impp.
2757 1379 3206 1449 Constantinum,
3236 1386 3628 1457 Theodosium,
3651 1402 3703 1448 et
3724 1394 3962 1450 Leonem

2380 1463 2648 1527 seniores,
2680 1466 2749 1520 ab
2781 1468 3002 1525 illorum
3050 1476 3333 1531 nominum
3373 1479 3690 1561 junioribus
3724 1484 3960 1554 impera-

2379 1553 2612 1619 toribus,
2649 1571 2742 1625 per
2767 1559 3006 1628 epitheta
3034 1562 3128 1616 τοῦ
3163 1568 3422 1635 μεγάλου,
3456 1553 3496 1623 i.
3534 1587 3583 1624 e.
3614 1553 3872 1637 senioris,
3904 1586 3961 1628 ct

2376 1644 2469 1698 τοῦ
2503 1646 2727 1717 μικροῦ,
2765 1650 2818 1704 id
2845 1661 2929 1707 est
2958 1654 3216 1723 junioris,
3251 1660 3599 1731 distinguere
3624 1666 3816 1719 solitus
3849 1668 3955 1729 sit;

2377 1738 2471 1792 sed
2506 1739 2573 1793 de
2595 1738 2911 1799 Iustiniano
2944 1745 3063 1813 ejus
3098 1752 3342 1807 nominis
3374 1756 3573 1823 primo,
3597 1758 3689 1810 τοῦ
3718 1759 3958 1828 μεγάλου

2375 1831 2654 1900 epitheton
2678 1849 2785 1890 non
2808 1852 3046 1908 unquam
3067 1850 3297 1913 usurpat
3322 1862 3335 1898 :
3357 1847 3503 1914 quod
3522 1864 3647 1903 eum
3669 1851 3959 1919 scripsisse

680 1912 982 1973 "trinitatis,
1017 1913 1136 1978 sed,
1183 1912 1430 1969 Socratis
1478 1914 1747 1985 sapientis
1800 1916 1867 1970 ad
1924 1916 2118 1984 instar,
2147 1933 2270 1972 cum
2307 1936 2344 1989 Β
2376 1921 2891 1980 anteIustinianum
2917 1927 3223 1999 Iuniorem,
3245 1935 3337 2003 qui
3360 1912 3649 2007 imperium
3667 1949 3751 1993 est
3774 1912 3959 2010 auspi-

683 2020 849 2072 puero
887 2022 1283 2077 nonnunquam
1341 2007 1529 2062 ludere
1563 2009 1784 2078 gavisus
1816 2012 1951 2075 est),
1989 2010 2177 2065 mirari
2211 2026 2270 2067 se

679 2097 723 2148 si
774 2097 1031 2151 sarculum
1088 2097 1382 2152 Iustiniani
1439 2108 1590 2153 tanta
1646 2101 1843 2169 lingua:
1897 2102 2147 2158 barbarie
2201 2106 2270 2159 ab

676 2188 917 2257 antiquis
958 2188 1326 2257 (legencrarit.

748 2279 884 2353 [Lvi]
923 2280 1164 2336 XXVIII.
1207 2280 1263 2336 Si
1293 2283 1531 2353 cuipiam
1566 2285 1779 2355 placeat
1816 2286 2069 2343 eumdem
2100 2287 2269 2345 fuisse

675 2389 799 2428 cum
824 2381 1012 2429 nostro
1030 2373 1116 2431 Io.
1144 2374 1334 2429 Malala
1357 2374 1444 2433 Io.
1471 2378 1623 2431 illum
1649 2379 2073 2442 Antiochenum,
2103 2398 2266 2451 quem

677 2465 1052 2520 solentcitare
1082 2464 1321 2521 Joannes
1341 2475 1392 2519 et
1428 2466 1646 2524 lsaacus
1679 2469 1916 2534 Tzelzce,
1951 2470 2001 2524 id
2038 2472 2268 2530 ulterius

675 2557 779 2612 erit
814 2556 1245 2621 continuationi,
1275 2558 1388 2613 sive
1416 2559 1600 2628 potius
1622 2560 2109 2630 demonstrationi;
2142 2580 2267 2619 cum

677 2648 909 2704 ailirmat
945 2650 1028 2720 (ut
1063 2666 1231 2722 supra
1268 2651 1371 2705 fuit
1418 2658 1691 2725 notatum)
1722 2653 1810 2711 Io.
1840 2654 2068 2712 Tzetzcs
2098 2656 2268 2712 Ioan-

675 2756 801 2795 nem
830 2740 1007 2804 illum,
1038 2756 1199 2812 quem
1227 2742 1381 2810 citat,
1401 2742 1804 2800 Antiochenum
1834 2747 2266 2822 postGeorgium
2304 2792 2309 2796 .

674 2833 1157 2904 chronographum
1207 2835 1522 2906 scripsisse.
1580 2835 1699 2891 Diri
1738 2853 1926 2909 supra,
1984 2840 2127 2910 apud
2177 2838 2264 2896 Io.

674 2924 926 2980 'l‘zetzem
962 2926 1035 2980 ibi
1072 2942 1196 2982 esse
1220 2927 1655 2999 intelligendum,
1690 2931 1771 2985 vel
1805 2929 2097 3003 Georgium
2129 2932 2267 3004 Syn-

673 3016 872 3071 cellum
900 3016 1513 3088 chronograplmm,qui
1554 3021 1715 3091 paulo
1747 3033 1872 3077 ante
1903 3022 2063 3077 tinem
2087 3026 2266 3080 ortavi

674 3108 861 3163 smculi
898 3124 927 3163 e
976 3110 1117 3165 vivis
1150 3110 1422 3175 excessit,
1474 3112 1556 3167 vel
1601 3113 1796 3167 saltem
1832 3113 2127 3185 Georgium
2159 3115 2267 3170 lla-

676 3201 995 3264 martolum,
1050 3201 1142 3272 qui
1200 3203 1362 3271 paulo
1408 3216 1533 3274 post
1590 3205 1828 3259 medium
1887 3208 2069 3261 smculi
2135 3210 2266 3263 noni

2370 2022 2527 2068 catus
2549 2030 2695 2071 anno
2724 2032 2845 2073 terte
2877 2017 3178 2079 Dominica:
3207 2024 3334 2091 685,
3368 2027 3617 2082 videatur
3643 2033 3955 2087 ostendere.

2370 2104 2450 2156 Ad
2477 2104 2591 2161 haec
2623 2108 2875 2179 adjicias,
2904 2113 3052 2182 quod
3082 2114 3164 2185 (ut
3191 2118 3360 2173 semel
3389 2120 3700 2192 iterumque
3729 2123 3956 2194 jamjam

2372 2194 2472 2250 fuit
2499 2201 2875 2273 observatum)
2898 2219 2965 2259 ex
2995 2219 3060 2260 eo
3092 2209 3419 2263 nominatim
3444 2213 3645 2267 citetur
3676 2212 3958 2283 fragmen-

2372 2298 2486 2344 tum
2529 2291 2674 2361 apud
2717 2294 2918 2350 librum
2962 2297 3071 2352 Pro
3108 2298 3430 2371 imaginibus
3467 2304 3688 2358 tertium
3734 2303 3819 2359 Io.
3857 2305 3959 2359 Da-

2370 2398 2630 2439 masceno
2664 2386 2962 2455 tributum;
2999 2407 3125 2445 nam
3156 2394 3261 2446 vita
3289 2409 3389 2448 sua
3419 2394 3713 2452 defunctus
3741 2406 3826 2452 est
3864 2395 3953 2452 Io.

2371 2473 2746 2534 Damasccnus
2763 2479 2915 2535 circa
2941 2496 3146 2537 annum
3181 2479 3242 2537 D.
3275 2486 3408 2552 750,
3444 2486 3586 2543 unde
3615 2498 3956 2544 astrueretur

2370 2577 2648 2625 auctorem
2706 2580 2993 2638 nostrum,
3045 2576 3092 2631 Si
3134 2592 3242 2631 non
3295 2579 3745 2648 scripsisse'ante
3794 2580 3956 2636 tinem

2370 2661 2556 2715 szeculi
2592 2664 2750 2728 sexti,
2810 2671 2945 2720 ante.
2986 2665 3146 2721 finem
3193 2678 3374 2723 tamen
3416 2674 3696 2742 sequentis
3728 2674 3781 2727 in
3818 2674 3957 2730 vivis

2368 2754 2669 2810 exstitisse.
2698 2758 3098 2826 Argumentum
3139 2771 3395 2828 quartum
3429 2780 3490 2817 ex
3521 2781 3585 2818 eo
3610 2766 3955 2830 conﬁciatur,

2371 2844 2516 2912 quod
2551 2846 2605 2899 in
2644 2846 2781 2902 locis
2836 2848 3110 2919 plerisque
3142 2852 3405 2907 verbatim
3445 2856 3495 2911 ei
3533 2872 3659 2910 cum
3694 2856 3955 2912 Chronico

2372 2935 2629 2992 I’asclzali
2664 2940 2779 2995 sive
2802 2942 3169 2996 Alexandrino
3202 2944 3285 3014 (ιιι
3305 2947 3464 3018 vulgo
3496 2949 3636 3004 solet
3667 2950 3956 3020 appellari)

2370 3028 2682 3092 conveniat,
2726 3028 2863 3084 adeo
2908 3039 2966 3083 ut
3010 3046 3072 3084 cx
3118 3047 3184 3085 eo
3214 3032 3477 3089 Ciironici
3510 3038 3838 3108 compilator
3877 3041 3957 3093 vi-

2369 3116 2565 3172 deatur
2589 3120 2978 3190 exscripsisse,
3013 3121 3522 3182 demonstrantibus
3544 3129 3708 3185 variis
3737 3129 3955 3189 indiciis

2371 3225 2478 3263 non
2524 3209 2783 3265 Nostrum
2847 3214 2964 3268 vice
3016 3230 3173 3269 versa
3230 3231 3295 3270 ex
3351 3216 3627 3273 Cluonico
3680 3220 3785 3275 ista
3820 3221 3956 3277 hau—

672 3294 1183 3365 Ghronographiam
1239 3309 1393 3350 suam
1455 3297 1822 3351 elucubravit.
1881 3297 2001 3353 Non
2070 3300 2261 3370 ignoro
2291 3287 2331 3344 ο
2365 3299 2529 3354 sisse.
2563 3300 2655 3356 Sic
2694 3317 2826 3356 sane
2859 3311 3136 3356 auctorem
3185 3303 3468 3363 Pasclrzlis
3520 3327 3582 3365 ex
3617 3310 3702 3366 Io.
3760 3312 3955 3367 Malala

673 3385 827 3440 citari
865 3387 931 3440 ab
956 3401 1233 3458 anonymo
1278 3387 1515 3458 quodam
1548 3386 1799 3441 Graeculo
1840 3390 2263 3461 chronographo

673 3479 902 3541 inedito,
967 3480 1477 3551 Chronographiam
1533 3479 1750 3551 Georgii
1796 3481 2035 3549 Pisidis;
2089 3500 2265 3554 neque

672 3574 863 3627 nescio
910 3574 1163 3629 ﬂoruisse
1202 3573 1497 3644 Georgium
1541 3574 1783 3630 Pisidem
1825 3576 1930 3630 sub
1948 3577 2080 3646 .ipso
2131 3576 2261 3647 imp.

672 3664 927 3721 Heraclio
961 3675 1087 3721 ante
1110 3666 1348 3720 medium
1384 3668 1566 3721 saeculi
1610 3668 1822 3736 septimi
1854 3686 1865 3721 :
1895 3678 1949 3722 at
1979 3684 2106 3722 vero
2137 3682 2260 3722 cum

671 3756 918 3810 strictius
941 3771 1005 3810 ac
1046 3756 1365 3810 accuratius
1408 3771 1522 3810 rem
1574 3757 1875 3826 perpendo,
1909 3757 1995 3810 vix
2041 3772 2261 3826 possum

671 3864 805 3903 sane
832 3865 932 3919 ego
960 3849 1212 3904 dubitare
1258 3851 1390 3919 quin
1424 3848 1716 3920 Georgium
1751 3850 1915 3904 alium
1941 3866 2064 3906 cum
2091 3850 2262 3906 Geor-

668 3940 758 4011 gio
792 3939 973 3996 Piside
1004 3941 1320 3996 confuderit
1367 3942 1469 3996 iste
1516 3956 1827 4012 anOnymus
1862 3960 1874 3995 :
1913 3958 2011 3995 nec
2045 3944 2263 3997 videtur

670 4043 933 4101 praeterea
970 4033 1057 4090 Io.
1090 4033 1317 4089 Tzetzcs
1351 4034 1645 4104 Georgium
1682 4034 1919 4090 Pisidem
1952 4036 2262 4089 nominatu-

668 4143 765 4182 rus
795 4128 1116 4197 simplicitcr
1135 4126 1433 4198 Georgium
1462 4128 1817 4183 Chronicum.
1847 4126 1981 4181 Nam
2010 4128 2145 4182 solet
2172 4128 2261 4183 ille

668 4237 794 4274 cum
822 4222 889 4275 ab
923 4222 1045 4277 aliis
1082 4222 1265 4290 vulgo,
1301 4230 1415 4275 tum
1452 4220 1520 4275 ab
1548 4221 1668 4291 ipso
1699 4219 1890 4275 eodem
1919 4219 2114 4275 Tzetze
2147 4220 2256 4291 (ΞΟ)

668 4308 723 4361 ἱιι
758 4309 949 4362 eodem
996 4307 1307 4362 Chiliadum
1341 4324 1526 4379 opere,
1583 4323 1850 4379 expresso
1908 4311 2255 4379 cognomine,

668 4400 927 4468 appellari
961 4398 1232 4470 Georgius
1275 4398 1510 4465 Pisides,
1560 4401 1666 4466 vcl,
1717 4410 1773 4453 ut
1821 4401 2005 4456 verius
2055 4402 2256 4466 dicam,

669 4491 790 4546 sine
831 4492 943 4546 ullo
1006 4493 1366 4562 pramomine,
1423 4492 1748 4560 simpliciter
1803 4490 2035 4547 Pisides.
2073 4495 2135 4546 At
2192 4494 2259 4549 de

665 4584 820 4640 hisce
854 4599 964 4638 non
1014 4599 1207 4640 sumus
1242 4585 1295 4638 in
1345 4584 1632 4654 prmsentia
1669 4584 1926 4649 solliciti;
1974 4600 2134 4650 nam,
2198 4595 2258 4640 ut

662 4676 889 4746 jamjam
926 4670 1387 4742 fuit’indicatum,
1423 4691 1525 4729 nos
1557 4677 1741 4747 potius
1781 4675 2187 4741 existimamus,
2224 4693 2252 4731 a

665 4766 879 4824 Joanne
918 4776 1108 4823 nostro
1164 4767 1359 4821 Malala
1414 4767 1695 4822 diversum
1758 4766 1934 4822 fuisse
1991 4767 2256 4825 Ioanncm

668 4856 833 4911 istum
889 4855 1336 4923 Antiochenum,
1390 4858 1552 4927 quia
1603 4857 1799 4912 Tzetze
1860 4867 2093 4929 utroque
2141 4861 2257 4913 lau-

666 4948 848 5002 datur.

737 5037 934 5093 XXIX.
986 5039 1167 5109 Atque
1217 5039 1333 5093 haec
1386 5046 1514 5094 sunt
1574 5040 1663 5093 illa
1715 5050 2034 5110 argumenta
2088 5044 2257 5107 varia,

665 5133 867 5200 quibus
900 5146 1001 5185 nos
1035 5130 1177 5184 haud
1203 5146 1347 5201 aegre
1370 5132 1592 5186 adducti
1644 5132 1847 5187 fuimus
1878 5146 1937 5189 ut
1968 5135 2259 5191 credamus

666 5230 947 5278 auctorem
1006 5231 1281 5288 nostrum,
1339 5236 1448 5277 non
1503 5224 1681 5278 solum
1743 5242 1849 5279 non
1902 5225 2105 5280 vixisse
2155 5226 2262 5280 sub

664 5314 999 5376 Iustiniano,
1037 5314 1132 5368 sed
1176 5314 1269 5368 illo
1303 5312 1475 5370 fuisse
1512 5315 1685 5369 multo
1726 5317 2067 5387 sequiorem;
2100 5325 2154 5372 et
2190 5316 2255 5371 ad

666 5407 929 5462 saeculum
967 5406 1149 5474 potius
1186 5420 1389 5459 nonum
1419 5422 1584 5477 quam
1623 5416 1835 5463 sextum
1868 5423 1991 5464 esse
2024 5408 2261 5463 referen-

666 5499 794 5551 dum
845 5512 1197 5552 censeamus.
1240 5495 1472 5553 Venitur
1524 5498 1637 5568 jam
1677 5500 1741 5553 ad
1796 5500 1899 5554 ista
1936 5510 2258 5571 argumenta

665 5603 788 5659 qua:
812 5588 957 5643 illius
984 5589 1365 5660 antiquitatem
1394 5589 1683 5645 videantur
1706 5599 1957 5645 astruere
1986 5609 1997 5643 :
2023 5606 2256 5661 quorum

2370 3391 2661 3461 scripsisse
2706 3408 2766 3448 ea
2840 3397 2893 3451 in
2948 3398 3152 3467 quibus
3196 3403 3551 3468 conveniunt,
3593 3405 3957 3463 decreverunt

2370 3483 2635 3539 hactenus
2656 3499 2849 3543 omnes
2881 3490 3105 3556 eruditi,
3139 3492 3478 3563 sum-agente
3511 3496 3677 3550 etiam
3706 3500 3957 3555 celeber-

2369 3576 2509 3629 rimo
2549 3576 2841 3633 Dufrcsnio
2888 3582 2941 3635 in
2992 3578 3151 3637 Notis
3183 3585 3249 3639 ad
3297 3585 3583 3654 Paschale,
3623 3590 3714 3644 ubi
3749 3590 3957 3647 Malala

2367 3669 2740 3724 narrationem
2775 3672 2841 3727 de
2894 3682 3067 3729 morte
3095 3674 3300 3731 Iuliani
3332 3679 3634 3749 Apostatar,
3678 3697 3843 3752 quam
3880 3683 3957 3738 le-

2366 3769 2520 3829 gerat
2576 3774 2892 3831 excerptam
2927 3775 3171 3821 enostro
3228 3768 3438 3837 codice,
3489 3787 3613 3826 cum
3667 3771 3956 3829 Paschalis

2366 3854 2683 3909 narratione
2723 3854 2962 3910 confert.
2996 3856 3171 3928 Vulgo
3214 3868 3399 3916 autem
3442 3878 3471 3916 a
3528 3863 3660 3919 viris
3722 3864 3954 3921 eruditis

2364 3943 2642 4007 creditur,
2720 3948 3080 4017 compilatum
3146 3952 3263 4007 sive
3337 3955 3719 4010 continuatum
3783 3956 3954 4014 fuisse

2363 4036 2634 4093 Paschale
2660 4039 2764 4093 sub
2799 4040 3032 4110 imperio
3066 4044 3326 4111 Heraclii,
3362 4056 3487 4099 ante
3514 4062 3715 4102 annum
3738 4049 3798 4103 D.
3822 4048 3950 4115 650,

2363 4129 2508 4195 quod
2539 4132 2855 4183 ostenderet
2898 4130 3160 4187 Nostrum
3191 4144 3320 4190 ante
3352 4151 3527 4191 annos
3562 4148 3685 4207 post
3716 4148 3949 4195 mortem

2361 4217 2664 4276 Iustiniani
2698 4222 2767 4276 40
2804 4207 3117 4294 scripsisse,
3151 4242 3348 4297 nempe
3384 4238 3510 4284 ante
3529 4230 3734 4286 exitum
3762 4233 3950 4288 saeculi

2364 4313 2501 4366 sexti
2529 4314 2610 4367 vel
2655 4314 2709 4368 in
2744 4315 2863 4383 ipso
2888 4318 3106 4385 septimi
3140 4319 3323 4384 initio,
3361 4322 3425 4375 ad
3463 4323 3612 4392 quod
3652 4323 3893 4380 refertur
3921 4341 3950 4379 a

2365 4404 2583 4459 clariss.
2616 4404 2830 4459 Cavaeo.
2863 4404 2979 4461 Non
3014 4423 3127 4462 rem
3176 4410 3443 4480 ingratam
3471 4413 3687 4468 erudito
3736 4415 3948 4479 lectori,

2363 4512 2464 4550 nec
2501 4512 2531 4550 a
2564 4506 2756 4553 nostro
2791 4498 3044 4554 instituto
3082 4502 3340 4567 alienam,
3371 4520 3457 4557 me
3486 4506 3742 4560 existimo
3774 4506 3950 4561 factu-

2362 4602 2502 4651 rum,
2547 4588 2592 4643 si
2626 4586 2865 4642 lndicem
2913 4590 3144 4644 istarum
3183 4591 3597 4659 Narrationum,
3628 4598 3682 4649 in
3723 4599 3949 4665 quibus,

2360 4678 2441 4732 vel
2470 4679 2599 4734 totis
2625 4681 2706 4733 vel
2743 4681 2934 4734 saltem
2970 4686 3187 4750 partim,
3220 4683 3364 4738 inter
3399 4684 3657 4741 Nostrum
3692 4698 3745 4743 et
3772 4688 3951 4743 Chro-

2359 4771 2525 4825 nicon
2572 4771 2891 4842 prmdictum
2930 4773 3002 4827 sit
3042 4772 3110 4826 ad
3152 4775 3378 4830 verbum
3421 4781 3830 4845 convenientia,
3859 4782 3948 4837 hic

2361 4864 2668 4919 subtexam.

2437 4994 2604 5049 XXX.
2642 4994 2958 5050 Occurrunt
2989 4999 3132 5067 apud
3179 5008 3428 5055 nostrum
3461 5004 3946 5077 chronographum

2364 5103 2487 5158 quae
2518 5088 2792 5142 habentur
2826 5090 2967 5157 apud
3014 5088 3313 5146 Chronicon
3355 5093 3616 5149 Pascliale
3643 5097 3800 5167 juxta
3833 5100 3952 5156 edi-

2361 5182 2564 5235 tionem
2596 5179 2651 5233 in
2688 5180 2819 5234 folio
2853 5181 3295 5237 Dufresnianam.

2434 5291 2615 5366 [Lvni]
2667 5294 2797 5365 Pag.
2832 5295 2924 5349 58.
2957 5295 3031 5350 De
3077 5296 3256 5351 Danae
3288 5308 3342 5352 et
3367 5297 3566 5354 Perseo
3596 5300 3709 5369 (5i)
3738 5317 3765 5354 τι
3794 5305 3948 5357 voci-

2362 5383 2495 5447 bus,
2527 5388 2554 5438 ὁ
2592 5386 2775 5455 Πῆκος
2821 5388 2850 5439 ὁ
2897 5387 2992 5440 καὶ
3024 5388 3181 5455 Ζεὺς,
3228 5388 3292 5443 ad
3329 5406 3383 5459 p.
3432 5390 3523 5457 4!,
3564 5406 3727 5447 voces
3766 5392 3945 5448 8:16a-

2365 5476 2573 5531 λωνίων
2603 5477 2809 5549 χώρας.

2439 5592 2569 5659 Pag.
2600 5593 2690 5647 41.
2756 5593 2831 5649 De
2881 5593 3084 5650 Inacho
3120 5596 3261 5665 (52),
3308 5597 3386 5663 lo,
3421 5596 3625 5664 Tauro,
3660 5596 3942 5667 Phoenice,

2197 5708 2429 5766 ΝΟΤΑΞ.

738 5800 1021 5866 (εἰθὶνίιιθ
1061 5802 1237 5858 Diatr.
1270 5805 1334 5859 de
1368 5803 1567 5873 Script.
1615 5803 1707 5857 Gr.
1759 5806 1921 5859 variis
1948 5849 1961 5873 ,
2015 5807 2105 5863 ubi
2167 5808 2234 5862 de

666 5869 747 5929 Io.
784 5875 1130 5931 Antiochcno
1162 5876 1431 5930 monacho
1470 5869 1917 5948 chronographo.

2418 5806 2530 5880 (si)
2569 5805 2714 5880 edn.
2755 5807 2959 5880 Radcr.
2987 5823 3041 5880 p.
3073 5807 3143 5880 99
3182 5810 3247 5862 ad
3277 5809 3360 5865 oo.
3406 5810 3528 5863 ιιιςιι.
3572 5828 3620 5880 ρ.
3661 5814 3730 5867 39
3755 5815 3820 5869 ad
3847 5817 3937 5874 ιδ.

2423 5875 2536 5948 (52)
2581 5876 2718 5931 Bad.
2748 5894 2802 5949 p.
2838 5878 2908 5932 46
2945 5875 3010 5931 ad
3038 5878 3159 5933 102.
3198 5881 3319 5934 Mal.
3360 5896 3411 5951 p.
3443 5882 3511 5936 50
3543 5875 3608 5937 ad
3640 5883 3726 5955 .39.
