4256 6452
622 400 686 467 51
1916 438 2326 503 HUMFHEDI
2388 446 2619 509 noon.
2989 514 2995 519 ,
3825 449 3899 513 52

618 533 908 594 auctores;
970 530 1432 600 quemadmodum
1498 539 1661 595 etiam
1733 542 1790 597 in
1871 546 2011 612 illis,

615 629 883 685 praeeunt,
916 622 1310 691 imperatorum
1339 628 1482 685 Vitis
1529 631 1667 705 [LXI]
1714 652 1823 690 non
1868 654 1993 695 raro
2048 642 2199 701 facit.

614 711 768 774 Quod
803 712 870 764 ad
910 713 1214 770 secundum
1249 719 1469 784 attinet,
1536 731 1595 775 ut
1643 722 2018 784 Justiniannm
2070 748 2097 785 ει
2142 752 2201 791 se

613 801 949 859 celebratum
984 822 1261 878 nusquam
1306 824 1465 872 vorat.
1505 815 1599 867 τὶν
1647 818 1822 888 μέγαν
1857 824 1972 879 sive
2015 827 2200 881 senio-

612 909 752 956 rem,
776 897 855 950 sic
887 913 1066 969 neque
1081 900 1361 963 Justinum
1389 905 1538 962 illius
1564 908 1913 969 decessorem
1946 931 2013 971 eo
2039 920 2198 973 titulo

613 1002 843 1055 nsquam
874 990 1121 1058 donavit,
1153 998 1407 1063 quamvis
1443 1010 1653 1056 certum
1682 1004 1757 1058 sit
1781 1021 1905 1059 eum
1940 1024 2046 1063 non
2070 1022 2197 1067 ante

610 1079 902 1148 imperium
930 1081 1132 1139 Justini
1158 1084 1407 1146 Junioris
1438 1108 1597 1149 suum
1623 1110 1762 1165 opus
1790 1099 2189 1160 elucubrasse:

604 1180 666 1223 nt
715 1172 896 1242 itaque
933 1191 1038 1230 non
1075 1180 1230 1235 valet?
1257 1196 1640 1251 argumentum
1696 1194 1800 1244 hoc
1849 1191 1917 1245 de
1966 1192 2192 1250 Justino

602 1260 849 1329 Juniore,
884 1267 963 1321 sic
1000 1284 1173 1339 neque
1212 1285 1479 1345 repugnat
1511 1279 1643 1348 quin
1677 1297 1817 1351 opus
1852 1299 2013 1340 suum
2058 1304 2189 1343 con-

602 1357 871 1411 scriberet
902 1368 1020 1430 post
1057 1361 1350 1433 imperium
1384 1365 1683 1427 Iustiniani
1707 1374 1976 1433 Junioris.

673 1441 891 1498 XXXII.
926 1446 1006 1501 Ad
1041 1451 1263 1505 tertium
1289 1458 1687 1524 respondemus
1714 1463 1881 1531 quod,
1914 1466 1958 1519 si
1990 1481 2189 1521 conce-

599 1532 764 1585 datur
801 1534 1002 1589 librum
1042 1539 1265 1594 tertium
1302 1542 1410 1597 Pro
1439 1545 1781 1618 imaginibus,
1816 1556 1910 1623 qui
1948 1554 2033 1610 Jo.
2080 1557 2186 1612 Da-

598 1622 841 1673 masccni
874 1628 1095 1681 nomine
1139 1634 1526 1703 prtemunitur,
1566 1645 1756 1694 revera
1798 1644 1866 1697 ab
1903 1660 1969 1700 eo
2017 1647 2187 1704 fuisse

596 1716 937 1777 contextum,
986 1714 1054 1772 de
1091 1718 1238 1775 illius
1283 1730 1469 1781 tamen
1514 1732 1826 1800 argumenti
1861 1736 2045 1792 valere
2076 1756 2184 1795 non

598 1802 873 1860 immerito
896 1812 1069 1877 possit
1097 1812 1358 1870 dubitari.
1389 1820 1602 1875 Etenim
1629 1826 1753 1894 quis
1786 1827 1923 1883 adeo
1958 1832 2009 1885 in
2039 1848 2184 1903 ope—

2088 567 2210 621 qure
2241 563 2281 617 Α
2315 556 2507 613 drmus
2538 557 2707 629 (quod
2744 557 2915 629 aliqui
2946 567 3129 617 tamen
3169 563 3347 634 magni
3396 563 3636 620 nominis
3671 564 3770 621 viri
3798 567 3895 621 ad-

2312 649 2627 722 dubitant),
2677 654 2746 708 ab
2791 660 3022 710 auctore
3062 656 3168 711 sub
3232 658 3490 713 Heraclio
3539 659 3769 715 florente
3823 659 3891 713 ad

2312 743 2472 797 linem
2530 744 2705 800 fuisse
2756 746 3053 816 perductos
3105 748 3388 805 Paschalis
3445 768 3725 817 numeros,
3766 753 3891 822 quis

2310 842 2493 890 tamen
2525 839 2808 906 praestabit
2846 854 2876 894 a
2905 841 3329 914 chronographo
3380 845 3523 915 ipso,
3573 856 3627 901 et
3668 860 3776 900 non
3822 845 3891 899 ab

2306 928 2455 983 illius
2490 929 3007 999 interpolatoribus,
3056 935 3229 989 fuisse
3282 936 3489 991 inserta
3535 938 3637 1003 ista
3673 954 3795 1007 quae
3833 937 3887 991 in

2304 1018 2508 1075 Nostro
2538 1022 2703 1076 etiam
2741 1025 3133 1095 reperiuntur?
3164 1026 3301 1093 Quis
3326 1044 3431 1082 non
3464 1029 3735 1099 persentit
3764 1030 3889 1083 inii-

2304 1112 2439 1167 nitis
2471 1128 2611 1183 pene
2652 1114 3173 1187 interpolationibus
3198 1121 3468 1177 Paschale
3492 1122 3624 1175 illud
3652 1122 3888 1175 Chroni-

2301 1218 2405 1258 con
2438 1221 2563 1261 esse
2600 1206 2906 1264 refertum?
2953 1209 3147 1269 Nonne
3183 1213 3293 1267 alte
3320 1214 3424 1267 hoc
3459 1215 3698 1268 clamant
3737 1214 3884 1268 illius

2301 1296 2652 1367 tautologia)?
2688 1296 2881 1354 Nonne
2911 1300 3101 1355 dicunt
3131 1303 3446 1357 clarissime
3491 1303 3883 1359 contradictio-

2299 1388 2435 1441 nes?
2471 1388 2526 1443 Si
2556 1390 2853 1446 editionem
2884 1392 3230 1454 celeberrimi
3278 1393 3559 1451 Dufresnii
3594 1395 3878 1462 inspicias,

2297 1480 2517 1536 docebit
2548 1498 2633 1547 ea,
2673 1484 2818 1553 apud
2868 1485 3112 1540 codicem
3157 1485 3572 1542 llolstcnianum
3608 1488 3880 1557 permulta

2295 1571 2488 1629 deesse
2527 1574 2645 1629 loca
2676 1592 2799 1647 quas
2844 1576 2897 1632 in
2944 1577 3094 1633 edito
3130 1588 3418 1649 apparent,
3467 1588 3521 1634 et
3564 1579 3709 1634 inter
3747 1580 3876 1645 ista,

2295 1658 2603 1717 desiderari
2666 1679 2858 1720 eorum
2913 1668 3082 1721 multa
3143 1684 3267 1738 qua:
3317 1668 3575 1723 Chronico
3624 1670 3880 1729 Puschali

2293 1750 2440 1803 edito
2480 1765 2604 1806 cum
2645 1762 2839 1810 nostro
2884 1766 3115 1813 auctore
3142 1762 3498 1814 conveniunt.
3556 1761 3649 1816 Sic
3692 1761 3875 1815 omnia

2293 1842 2399 1895 ista
2430 1846 2635 1898 absunt
2665 1862 2693 1900 a
2723 1849 2913 1903 codice
2953 1847 3314 1906 Holsteniano
3346 1866 3466 1920 qua:
3506 1851 3875 1920 comprehen-

2075 1896 2089 1903 -
2667 1896 2693 1900 η
2728 1896 2912 1903 -.η-η-
2953 1896 3310 1906 --ν--ηω-..ν
3348 1896 3465 1920 ..η-
3508 1896 3840 1920 "my-ww-

596 1896 749 1950 ’ἓως
780 1903 1131 1969 ³¹¹ίίῳ¹⁰η¹η¹
1163 1906 1385 1977 ¹¹⁰⁵Ρ⁰⁵’
1443 1922 1501 1965 ¹¹ί
1541 1929 1647 1968 ¹¹⁰¹¹
1698 1930 1995 1988 θυεηοδοδι
2021 1940 2184 1993 quam
2218 1931 2259 1987 Β
2289 1934 2500 1990 dnntur
2544 1938 2688 1993 inter
2737 1956 2861 2013 pag.
2903 1942 3056 2006 45,-a
3091 1944 3320 2000 vocibus
3358 1945 3505 1999 Ἐπεὶ
3539 1940 3633 1998 οὖν
3661 1942 3873 1997 τούτων

596 1988 772 2013 α-ΛΙΛ...
821 2003 1002 2013 ..Α----η
1044 1995 1098 2013 Ifl
1152 1998 1162 2009 -
1290 2001 1302 2013 ι
1380 2009 1388 2013 -
1467 2003 1500 2013 ..
1642 2008 1651 2013 -

595 1988 776 2044 solent
817 2003 1006 2047 eorum
1044 1995 1165 2052 libri
1206 2015 1235 2054 a
1289 2001 1591 2060 lectoribus
1640 2008 2000 2082 interpolari?
2038 1988 2182 2084 -Qnis

593 2084 773 2137 nescit
825 2087 880 2140 in
931 2106 1085 2146 more
1136 2106 1262 2146 cum
1320 2094 1588 2154 lectorum
1652 2110 1767 2157 tum
1825 2106 2179 2166 librariorum

593 2175 789 2243 luisse,
819 2193 943 2234 cum
982 2183 1035 2238 in
1071 2183 1225 2239 libris
1269 2189 1583 2247 testimonia
1637 2195 1866 2251 aliorum
1919 2214 2180 2273 congesta

591 2271 920 2337 reperirent,
952 2274 1019 2329 de
1060 2292 1183 2341 suo,
1220 2278 1265 2333 si
1311 2282 1442 2350 quid
1482 2291 1815 2356 occurrerit,
1853 2294 2095 2363 adjicere
2127 2309 2179 2354 et

591 2361 878 2418 inserere?
904 2365 1095 2425 Nonne
1127 2370 1331 2427 docent
1370 2374 1476 2431 hoc
1514 2379 1723 2450 scripta
1755 2384 2067 2452 priscorum
2093 2389 2180 2444 iu-

592 2455 763 2510 tinita.
787 2466 842 2511 et
880 2458 984 2513 ista
1017 2467 1320 2530 praesertim
1359 2468 1412 2523 in
1446 2472 1647 2540 quibus
1668 2488 2088 2549 coacervantur,
2118 2492 2177 2537 nt

592 2546 645 2598 in
671 2547 813 2602 libro
844 2551 1110 2618 prrcdicto
1145 2555 1221 2612 De
1244 2557 1564 2631 imaginibus
1602 2567 1779 2632 tertio,
1813 2568 2027 2641 absque
2066 2546 2173 2630 ulla

589 2640 860 2697 orationis
932 2648 1320 2719 connexione,
1368 2656 1743 2725 antiquiorum
1831 2663 2177 2734 fragmenta?

590 2730 852 2803 Exemplo
882 2738 991 2791 sint
1024 2738 1187 2807 hujus
1230 2743 1312 2798 rei
1356 2744 1635 2803 Anastasii
1686 2730 2172 2815 Sinaitre'TIieolo-

584 2827 716 2890 gica:
750 2826 1103 2895 Qutrstioncs,
1132 2835 1199 2887 de
1234 2836 1439 2904 quibus
1474 2842 1637 2895 modo
1667 2843 1941 2913 diximus;
1987 2861 2041 2906 et
2089 2853 2172 2923 (ut

585 2912 691 2964 alia
754 2915 988 2983 mittam)
1025 2935 1147 2989 qua:
1190 2932 1427 2979 tractant
1457 2928 1525 2983 de
1552 2931 1742 2986 eadem
1798 2912 2048 3004 materia,
2095 2912 2170 2997 ‘dc

584 3000 888 3072 imaginum
921 3023 999 3063 sc.
1035 3015 1412 3082 veneratione,
1438 3018 1666 3077 Concilii
1708 3024 1919 3082 Nica’m'
1953 3035 2169 3089 secundi

583 3094 717 3149 Acta
742 3112 762 3149 .·
791 3097 844 3153 in
874 3115 1107 3168 quorum
1144 3108 1358 3164 actione
1395 3111 1450 3175 4,
1494 3114 1587 3168 ubi
1616 3117 1952 3187 scriptorum
1989 3127 2170 3180 vario-

2283 2026 2815 2099 ἐμνημονεύσαμεν,
2879 2048 3056 2103 usque
3111 2033 3178 2088 ad
3240 2050 3366 2105 pag.
3416 2035 3508 2099 48,
3572 2035 3637 2088 ad
3702 2048 3872 2089 voces

2281 2117 2597 2186 Αἰγυπτίων
2650 2124 2698 2176 οἱ
2732 2123 2939 2178 λοιποί·
2988 2126 3041 2180 in
3090 2127 3294 2198 quibus
3350 2136 3482 2182 sunt
3543 2133 3725 2183 omnia
3773 2134 3869 2188 illa

2281 2210 2484 2278 quibus
2549 2215 2810 2269 convenit
2878 2226 3070 2273 nostro
3146 2219 3364 2273 auctori
3442 2236 3569 2274 cum
3642 2224 3869 2293 vulgato

2281 2300 2562 2358 Paschalis
2629 2308 2977 2377 exemplari,
3045 2308 3113 2364 de
3191 2311 3360 2366 rebus
3427 2310 3744 2367 Graecorum
3812 2323 3867 2370 et

2279 2392 2662 2464 IEgyptiorum
2716 2398 3004 2457 fabulosis.
3050 2400 3143 2457 Sic
3181 2410 3237 2458 et
3277 2404 3436 2459 deest
3481 2421 3609 2475 pars
3665 2423 3861 2479 magna
3920 2402 3923 2405 ’

2278 2484 2427 2540 illius
2452 2487 2673 2558 loci‘qui
2706 2491 2817 2561 agit
2833 2490 2899 2546 de
2918 2493 3053 2547 urbe
3080 2494 3270 2560 Roma,
3296 2494 3553 2561 Romulo,
3573 2510 3623 2552 et
3656 2498 3858 2567 Remo,

2277 2573 2531 2644 ludisque
2555 2578 2923 2649 circensibus,
2956 2597 3082 2651 pars
3117 2599 3198 2641 sc.
3236 2592 3349 2639 tota
3382 2586 3706 2646 intermedia
3738 2605 3864 2659 quae

2277 2674 2479 2722 tractat
2501 2670 2569 2725 de
2608 2670 2913 2728 Pisensium
2940 2690 3067 2745 rege
3095 2674 3400 2743 (Enomao,
3430 2678 3682 2749 ludisque
3701 2681 3774 2734 ab
3795 2697 3863 2736 eo

2273 2766 2326 2811 et
2354 2755 2594 2812 Romulo
2620 2760 2913 2829 institutis,
2942 2778 2972 2817 a
2996 2765 3243 2830 vocibus,
3268 2766 3367 2819 καὶ
3389 2767 3492 2820 ὑπὸ
3521 2767 3627 2819 τῶν
3662 2772 3862 2825 τεσσά-

2277 2865 2385 2918 ρων
2417 2852 2703 2922 στοιχείων
2760 2868 2886 2923 pag.
2947 2854 3052 2907 HO
3098 2853 3161 2921 D,
3204 2871 3385 2927 usque
3445 2858 3511 2910 ad
3566 2857 3714 2923 illas,
3763 2862 3860 2913 καὶ

2274 2941 2522 3010 μεγάλην
2581 2942 2785 3014 ἔχθραν
2841 2940 2987 3014 εἶχον
3035 2946 3176 3016 πρὸς
3229 2946 3496 3013 ἀλλήλους
3556 2948 3624 3001 τὰ
3683 2951 3853 3029 μέρη.

2271 3047 2394 3101 pag.
2453 3032 2556 3086 H2
2607 3033 2668 3097 D,
2704 3050 2828 3103 qua:
2860 3036 2913 3089 in
2944 3045 3138 3092 nostro
3172 3037 3609 3108 Chronographo
3657 3041 3856 3110 legnu.

2270 3131 2361 3175 tur
2418 3139 2447 3176 a
2499 3140 2624 3195 pag.
2677 3125 2802 3191 218,
2840 3128 2937 3179 lin.
2980 3127 3071 3192 28,
3120 3128 3185 3181 ad
3237 3144 3361 3199 pag.
3416 3129 3545 3196 225,
3599 3131 3701 3186 lin.
3759 3132 3853 3187 20.

585 3202 702 3240 Tm“
728 3203 829 3256 Dm
859 3191 1187 3262 imaginibus
1221 3213 1603 3271 Conseruntur
1632 3207 1770 3274 loca,
1809 3212 1860 3265 in
1890 3214 2171 3283 aliquibus
2193 3275 2236 3325 0
2273 3214 2434 3268 Deest
2486 3231 2706 3286 quoque
2750 3219 2801 3271 in
2844 3219 3034 3276 codice
3090 3220 3452 3276 Holsteniano
3507 3237 3634 3292 pars
3672 3223 3856 3325 major

585 3281 990 3325 exmnnlarilmc
1029 3288 1299 3325 halm-un.
1335 3297 1645 3325 an.n:...--,:..
1683 3305 1826 3325 -.ιαμ
1866 3322 1927 3325 μί
1982 3316 1994 3325 .
2221 3312 2238 3325 .
2272 3306 2363 3325 sne,
2486 3309 2497 3325 1
2578 3309 2587 3319 -
2719 3311 2730 3321 ι
2859 3320 2869 3325 -
2938 3312 2949 3325 .
3040 3310 3102 3325 π.
3278 3313 3290 3325 .

579 3281 991 3350 exemplaribus
1029 3288 1299 3346 habentur
1335 3297 1647 3354 testimonia
1683 3305 1830 3359 varia
1866 3316 2064 3376 pra'ter
2097 3326 2161 3366 ea
2193 3277 2238 3333 C
2272 3306 2422 3363 illius
2486 3309 2589 3363 loci
2639 3311 2732 3381 qui
2792 3320 2876 3366 est
2918 3312 2985 3366 de
3039 3310 3547 3384 Hierosolymorum
3600 3330 3699 3384 Per
3753 3314 3853 3378 Ti-

578 3384 699 3435 qnm
732 3386 915 3430 revera
950 3376 1002 3429 in
1038 3382 1248 3449 synodo
1281 3383 1383 3439 ista
1417 3390 1646 3445 recitata
1672 3408 1820 3450 sunt.
1855 3396 1945 3452 Sic
1979 3401 2031 3452 in
2068 3418 2162 3456 eo-

576 3460 699 3516 dice
742 3467 969 3536 antiquo
1009 3470 1355 3531 bibliothecae
1405 3479 1685 3540 Vaticana:
1731 3489 1842 3557 (uti
1886 3494 2158 3548 monitum

577 3566 707 3609 nota
757 3556 830 3629 [t.
866 3560 979 3623 νιι,
1018 3580 1069 3633 p.
1115 3566 1243 3639 ΞΕ]
1280 3573 1567 3642 marginali
1612 3578 1677 3631 ad
1729 3584 1948 3636 concilii
1982 3586 2158 3655 Acta)

574 3657 874 3703 occurrunt
904 3649 1127 3711 l’atrum
1175 3659 1449 3731 pleneque
1480 3669 1787 3736 sentcntiae,
1828 3689 1950 3742 quae
1981 3691 2159 3745 neque

572 3741 925 3810 reperiuntur
951 3744 1007 3799 in
1043 3747 1155 3803 ullo
1188 3750 1298 3805 alio
1321 3753 1533 3820 codice,
1559 3774 1737 3829 neque
1768 3741 1947 3819 ordini
1987 3741 2158 3822 inter-

575 3832 917 3889 lecutionum
953 3842 1309 3909 respondent.
1338 3844 1430 3900 Sic
1450 3864 1671 3920 quoque
1692 3854 1744 3907 in
1769 3856 1960 3926 synodi
1996 3858 2157 3916 istius

568 3926 814 3983 editione
848 3927 1034 3986 Graeca
1087 3940 1359 4006 reperitur
1403 3940 1661 4000 Narratio
1707 3963 1769 4002 es
1820 3946 1937 4004 Vita
1970 3951 2026 4006 S.
2060 3951 2150 4008 Ja.

567 4012 942 4087 Jejunatoris,
1000 4035 1141 4094 patr.
1195 4028 1328 4097 CP.,
1375 4049 1540 4103 quam
1602 4054 1778 4110 neque
1840 4055 2155 4112 agnoscunt

566 4113 902 4187 exemplaria
943 4115 1131 4175 Grazca
1164 4122 1267 4176 alia
1289 4164 1302 4187 ,
1336 4141 1512 4196 neque
1558 4141 1716 4187 vetus
1751 4133 1922 4190 editio
1957 4136 2151 4192 Latina

567 4200 646 4268 (p.
679 4202 829 4273 767).
888 4205 1031 4270 Dixi,
1078 4212 1124 4265 si
1168 4216 1487 4272 concedatur
1527 4220 1720 4279 librum
1771 4230 1988 4282 tertium
2044 4230 2152 4287 Pro

564 4292 908 4361 itnagiuibus,
939 4302 1029 4369 qui
1056 4302 1145 4359 Jo.
1180 4305 1499 4367 Damascem'
1529 4318 1737 4373 nonu'ne
1766 4326 2147 4390 prwmunitur,

564 4399 743 4440 revera
775 4390 838 4441 ab
875 4390 970 4454 illo
996 4394 1159 4461 fuisse
1181 4411 1525 4460 contextum:
1556 4411 1684 4479 quia
1711 4412 1792 4483 (ιιι
1822 4414 1982 4469 liceat
2013 4418 2145 4472 mihi

560 4477 709 4542 quod
745 4495 834 4536 res
865 4491 947 4537 est
976 4486 1185 4559 dicere)
1214 4507 1323 4548 non
1359 4477 1727 4572 desunt'quaa-
1750 4506 1884 4562 mihi
1921 4522 2146 4576 persua-

560 4568 744 4632 deant,
782 4570 939 4646 [Lxu]
973 4584 1266 4637 tractatum
1309 4586 1474 4643 istum
1532 4568 1626 4647 ,ιοξ
1684 4595 2008 4654 Damasceni
2041 4614 2143 4655 no-
2175 4618 2221 4676 ι)

558 4660 710 4715 mine
754 4661 897 4719 falso
939 4667 1225 4741 denotari;
1258 4685 1317 4730 ut
1362 4680 1454 4735 alii
1491 4694 1620 4739 sunt
1654 4688 1792 4743 varii
1827 4688 1896 4744 de
1944 4689 2139 4746 eodem

558 4765 885 4821 argumento
912 4766 1179 4819 tractatus
1202 4766 1250 4820 ei
1284 4767 1423 4826 falso
1448 4777 1676 4845 ascripti
1707 4794 1722 4845 ;
1761 4794 1959 4849 nempe
1991 4778 2138 4859 Gne-

556 4843 699 4898 culis
743 4849 1097 4919 sequioribns
1153 4856 1228 4915 illi
1286 4843 1655 4924 tribuentibus
1701 4843 1971 4939 quidquid
2024 4856 2139 4929 fere

555 4935 867 4994 habuerunt
901 4958 1000 5014 pro
1039 4946 1296 5007 doctrina
1332 4953 1674 5013 iconolatria:
1709 4935 1777 5015 ab
1812 4935 2137 5018 auctoribus

555 5030 845 5097 anonymis
898 5038 1301 5108 conscriptum,
1350 5056 1572 5115 prepter
1623 5064 1822 5105 nomen
1874 5067 2135 5123 magnum

552 5121 697 5189 quod
729 5122 1030 5195 imaginum
1060 5129 1381 5190 defensione
1407 5138 1451 5191 is
1490 5139 1596 5194 sibi
1645 5152 2015 5211 compararat.
2060 5143 2135 5199 De

551 5212 887 5269 tractatibus
922 5216 1043 5271 istis
1077 5220 1268 5288 variis,
1298 5231 1352 5277 et
1395 5225 1529 5294 quid
1571 5228 1730 5283 nobis
1753 5239 2011 5300 suppetat
2043 5247 2133 5286 ar-

548 5305 790 5367 gumenti
829 5310 1130 5376 peculiaris
1165 5320 1359 5372 contra
1403 5317 1603 5380 librum
1657 5320 2002 5390 praedictum,
2051 5324 2134 5380 vi-

527 5396 744 5452 ‘dcatur
774 5401 828 5454 in
863 5414 1052 5461 nostra
1089 5406 1338 5468 Diatriba
1366 5412 1433 5469 de.
1474 5411 1671 5483 Script.
1704 5414 1905 5471 Gra'cis
1938 5418 2128 5474 variis.

630 5489 871 5548 XXXI”.
933 5496 1087 5563 Quod
1149 5502 1215 5556 ad
1289 5505 1542 5558 ultimum
1611 5518 1996 5579 argumentum
2062 5511 2130 5564 de

544 5579 806 5640 Chronico
837 5588 1225 5659 Alexandrino,
1265 5598 1426 5666 cujus
1454 5608 1650 5654 auctOr
1674 5602 1837 5671 vulgo
1868 5604 2129 5659 censetur

542 5675 647 5729 sub
688 5677 945 5739 Heraclio
994 5685 1127 5756 imp.
1182 5688 1412 5755 vixisse,
1456 5700 1511 5745 et
1557 5708 1748 5747 eorum
1788 5712 1912 5764 qua:
1960 5697 2127 5749 tradit

539 5770 804 5841 pleraque
831 5791 893 5830 ex
934 5790 1124 5833 nostro
1149 5793 1377 5837 auctore
1407 5784 1855 5856 deprmnpsissc;
1896 5788 1946 5841 id
1982 5805 2125 5861 qun-

539 5873 646 5935 que
686 5864 934 5937 admittit
984 5886 1312 5950 responsum
1361 5874 1584 5945 duplex.
1635 5876 1763 5931 Nam
1814 5878 2013 5949 primo,
2075 5879 2120 5935 si

2265 3407 2377 3452 tum
2436 3405 2886 3471 expugnatione,
2950 3418 3171 3473 quoque
3234 3404 3494 3460 Nostrum
3577 3406 3725 3459 inter
3795 3415 3851 3461 et

2262 3490 2529 3547 Paschale
2572 3496 2864 3561 convenit;
2923 3495 3046 3550 scil.
3080 3495 3265 3549 omnia
3323 3496 3420 3549 illa
3462 3512 3585 3565 (luas
3637 3496 3851 3551 haben-

2260 3592 2350 3637 tur
2380 3600 2410 3639 a
2452 3586 2708 3651 vocibus,
2741 3589 2931 3651 Πὰσας
2965 3587 3022 3640 δὲ
3052 3589 3343 3658 ἐπαρχίας,
3368 3588 3434 3642 ad
3465 3588 3569 3651 ἓως
3599 3588 3702 3658 τῆς
3747 3589 3846 3642 νῦν

2258 3671 2437 3747 [mn]
2499 3676 2740 3731 ἵσταται·
2786 3679 2930 3749 apud
2993 3676 3257 3734 Nostrum
3322 3694 3376 3748 p.
3445 3680 3570 3743 537,
3628 3681 3730 3733 lin.
3782 3681 3840 3745 7,

2257 3766 2325 3825 ad
2385 3783 2506 3838 pag.
2543 3783 2661 3839 seq.
2704 3770 2799 3824 lio.
2843 3769 2928 3823 11.
2965 3767 3154 3839 Neque
3202 3770 3383 3825 solum
3425 3772 3711 3841 exemplar
3741 3772 3846 3825 Pa-

2257 3860 2463 3916 schalis
2521 3863 2839 3930 evulgatnm
2911 3860 3236 3932 fragmentis
3305 3863 3495 3918 multis
3566 3863 3845 3922 addititiis

2254 3952 2520 4018 abundat,
2565 3953 2659 4007 sed
2695 3962 2749 4005 et
2777 3951 2958 4021 ipsum
2996 3954 3283 4023 exemplar
3315 3952 3741 4010 Holstenianum
3785 3957 3843 4013 in

2254 4042 2379 4098 aliis
2412 4043 2550 4099 locis
2582 4043 2814 4098 insititia
2853 4057 2955 4099 sua
2988 4044 3172 4098 habet.
3215 4042 3285 4097 Ut
3323 4044 3574 4098 omittam
3607 4060 3669 4099 ea
3710 4062 3842 4117 quae

2252 4148 2364 4186 non
2400 4141 2531 4187 sunt
2566 4132 2735 4202 hujus
2771 4133 2872 4186 loci
2905 4152 2918 4187 :
2950 4133 3095 4201 quod
3135 4146 3335 4189 czetera
3377 4134 3481 4189 ista
3511 4147 3720 4189 cuneta
3768 4139 3843 4193 de

2251 4224 2486 4279 Romqu
2529 4234 2578 4279 et
2617 4224 2791 4278 notua
2817 4225 2871 4277 in
2906 4226 3029 4277 loco
3072 4225 3356 4293 praedicto,
3397 4240 3520 4294 qua:
3556 4227 3612 4279 in
3641 4229 3843 4284 codice

2250 4320 2414 4372 etiam
2466 4319 2832 4373 Holsteniano
2871 4318 3153 4391 leguntur,
3198 4332 3428 4386 quaeque
3465 4327 3654 4374 noster
3692 4335 3841 4389 quo-

2249 4426 2357 4480 que
2410 4418 2605 4463 auctor
2666 4410 2948 4479 agnoscit,
3008 4407 3262 4463 PaSchali
3323 4407 3546 4467 fuerunt
3597 4409 3837 4480 inserta,

2250 4502 2379 4558 hinc
2420 4502 2559 4558 satis
2617 4501 2902 4571 probabile
2959 4507 3349 4569 argumentum
3396 4498 3643 4565 ducitur,
3680 4506 3837 4571 quod

2249 4592 2472 4647 dicatur
2502 4592 2555 4645 in
2598 4592 2706 4644 isto
2756 4590 2899 4651 loco,
2934 4603 2962 4641 a
2995 4588 3232 4644 Romulo
3275 4597 3331 4642 et
3369 4586 3543 4643 Remo
3589 4592 3838 4648 adiﬁca-

2247 4691 2363 4737 tum
2396 4682 2569 4739 fuisse
2600 4681 2785 4735 Roma:
2815 4681 3171 4749 Capitolium,
3217 4694 3343 4733 eum
3379 4689 3561 4739 tamen
3609 4683 3664 4736 in
3720 4686 3836 4741 alio

2244 4774 2416 4845 paulo
2468 4781 2593 4843 post
2654 4773 2777 4824 loco
2839 4768 3120 4825 referatur
3182 4785 3410 4840 prorsus
3461 4776 3831 4839 contrarium,

2244 4880 2444 4935 nempe
2485 4862 2724 4916 Numam
2760 4860 3085 4928 Pompilium
3132 4878 3271 4914 anno
3319 4863 3462 4932 regni
3507 4865 3592 4916 sui
3631 4878 3832 4933 quarto

2242 4947 2572 5026 Capitolium
2629 4972 2662 5008 a
2727 4952 3086 5022 fundamentis
3149 4954 3492 5008 exstruxissc.
3601 4957 3830 5026 Νουμᾶς

2242 5049 2557 5118 Πομπήλιος
2621 5046 2870 5116 τετᾶιρτῳ
2916 5044 3026 5096 ἔτει
3076 5044 3176 5112 τῆς
3232 5043 3400 5095 αὐτοῦ
3448 5043 3732 5112 βασιλείας
3763 5051 3823 5101 ὲν

2252 5141 2443 5212 Ῥώμῃ
2482 5139 2659 5205 κτίζει
2685 5138 2746 5189 τὸ
2790 5134 3142 5199 καπετώλιον
3185 5135 3248 5185 ὲκ
3275 5132 3560 5203 θεμελίων.
3603 5134 3698 5189 Sic
3727 5152 3831 5207 ap-

2239 5242 2395 5303 paret
2423 5241 2537 5285 trcs
2569 5230 2705 5287 istas
2754 5226 3045 5298 periochas
3071 5239 3192 5291 quae
3225 5224 3499 5277 habentur
3536 5227 3681 5294 apud
3712 5227 3825 5283 Pa.

2236 5324 2423 5379 schale
2457 5337 2584 5380 cum
2646 5318 2849 5374 Nostro
2903 5316 3285 5381 concinentes,
3351 5314 3419 5369 de
3479 5315 3821 5387 C|e0patra,

2236 5417 2375 5470 turri
2409 5414 2608 5479 Pharo,
2658 5411 2878 5465 Sosibio
2922 5408 3292 5472 Antiocheno,
3346 5414 3399 5461 et
3450 5407 3634 5464 titulis
3700 5410 3823 5470 illis

2232 5507 2437 5575 quibus
2472 5504 2661 5559 Cwsar
2694 5503 2973 5572 Augustus
3009 5498 3233 5569 gavisus
3264 5504 3371 5562 est,
3408 5513 3587 5567 usque
3619 5500 3685 5553 ad
3716 5516 3818 5556 vo-

2232 5614 2374 5663 cem,
2422 5594 2815 5664 Αὐτοκράτωρ,
2868 5591 2936 5645 ab
2992 5588 3386 5659 interpolatore
3416 5588 3604 5656 aliquo
3640 5589 3821 5649 fuisse

2231 5692 2519 5747 infarctas.
2569 5686 2685 5741 Hoc
2728 5686 2855 5739 inde
2896 5682 3196 5750 colligitur,
3263 5683 3409 5748 quod
3470 5696 3653 5750 neque
3718 5700 3821 5739 co-
3909 5775 3915 5780 '

2233 5788 2443 5840 haerent
2488 5784 2631 5835 inter
2686 5794 2745 5833 se
2784 5784 2947 5847 prout
3004 5775 3077 5827 ibi
3132 5777 3409 5842 leguntur,
3448 5788 3628 5842 neque
3680 5791 3813 5832 cum

2232 5876 2492 5957 periocha
2570 5878 2838 5942 sequente
2915 5868 2971 5922 ln
3042 5881 3229 5921 carum
3286 5868 3427 5919 enim
3488 5868 3664 5934 prima
3724 5884 3817 5927 re-
