4256 6452
384 416 451 484 53
1457 419 2022 484 PROLEGOMENA
2061 423 2162 484 AD
2199 424 2586 488 MALALAM.
3573 421 3646 483 511

379 531 556 587 l'ertur
617 535 811 587 contra
866 529 1220 602 Cleopatram
1279 539 1335 590 et
1407 533 1706 607 Egyptios
1761 551 1790 589 a
1844 533 1952 587 Ro-
1983 536 2030 593 Δ
2063 532 2137 590 De
2182 534 2549 605 Scriptoribus
2599 549 2777 588 rerum
2834 530 3238 604 Egyptiarum,
3293 531 3348 588 in
3393 529 3538 586 libro
3561 545 3643 585 sc.

377 622 562 676 manis
610 623 841 678 missum
901 621 1072 680 fuisse
1127 637 1256 678 cum
1313 628 1568 681 exercitu
1613 628 1949 692 Antonium;

376 720 431 769 et
460 712 516 767 in
568 711 812 768 secunda
870 729 996 768 mox
1032 714 1396 788 subjungitur
1436 716 1716 775 Sosibium
1760 733 1953 788 quem-

377 802 527 869 dam,
560 803 970 860 Antiochenum
1022 815 1362 874 senatorem,
1404 808 1714 880 Augustum
1770 809 1954 886 (ἔφεξι-

375 890 755 951 rem.Romam
788 897 1108 953 redeuntem
1123 897 1300 955 fuisse
1324 903 1646 956 comitatum
1677 920 1691 956 :
1720 903 1953 957 lloinam

378 986 525 1043 unde
563 989 932 1044 redeuntem?
972 1006 1170 1061 nempe
1203 991 1273 1047 ab
1305 992 1951 1065 Egypti-debellatioue,

378 1086 441 1134 ut
470 1096 537 1134 ex
569 1090 763 1136 nostro
793 1081 1068 1153 scriptore
1103 1083 1161 1137 lit
1200 1085 1580 1140 manifestum.
1621 1088 1691 1141 At
1734 1087 1802 1142 de
1835 1088 1956 1156 (-jus

378 1182 576 1228 contra
607 1166 901 1245 ngyptios
949 1176 1302 1246 expeditione
1337 1177 1397 1231 lit
1430 1184 1593 1233 antea
1625 1179 1764 1234 nihil
1797 1195 1955 1235 men-

380 1263 571 1320 tionis.
623 1262 716 1320 Sic
751 1265 806 1320 in
859 1265 1021 1321 tertia
1072 1267 1330 1336 periocha
1391 1278 1760 1325 recensentur
1809 1272 1955 1327 tituli

379 1357 610 1427 Augusti
625 1358 863 1413 Caesaris
890 1367 1150 1429 tanquam
1160 1360 1274 1430 jam
1301 1361 1476 1417 solius
1499 1363 1620 1418 sine
1646 1365 1760 1419 ullo
1784 1367 1956 1423 colle-

380 1461 446 1516 ga
466 1448 759 1516 imperium
783 1449 1244 1516 administrantis;
1264 1460 1316 1504 et
1335 1461 1517 1506 tamen
1542 1453 1594 1506 in
1614 1458 1956 1528 paragrapho

381 1548 646 1608 sequente
671 1539 729 1595 ﬁt
747 1543 952 1598 mentio
973 1543 1125 1599 illius
1155 1543 1213 1597 in
1235 1543 1526 1616 Egyplios
1550 1550 1956 1620 expeditionis;

382 1642 686 1698 eorumque
705 1632 1157 1700 expugnationis;
1194 1648 1223 1686 a
1257 1648 1367 1703 quo
1395 1642 1639 1704 tempore
1660 1649 1956 1713 supputata

380 1716 505 1788 ejus
521 1727 606 1774 est
627 1722 968 1786 monarchia,
996 1729 1052 1776 ul
1075 1731 1128 1780 et
1157 1723 1359 1780 ibidem
1380 1732 1720 1793 agnoscitur.
1744 1730 1955 1799 Αῠγου-

386 1827 508 1874 στος
526 1810 697 1866 ὲλθὼν
722 1814 802 1877 εἰς
821 1813 1122 1884 Αἴγυπτον,
1141 1825 1249 1873 etc.
1277 1817 1549 1890 Angustus
1575 1824 1630 1876 in
1658 1823 1953 1894 .Egyptum

2061 624 2214 680 illius
2252 627 2439 693 tertio,
2472 627 2526 681 in
2567 640 2679 696 quo
2710 623 3001 693 speciatim
3050 630 3360 679 tractamus
3389 618 3460 676 de
3502 619 3640 674 seri.

2046 717 2312 784 pluribus
2346 733 2527 772 rerum
2575 712 3076 771 Alexandrinarum
3123 711 3242 769 sive
3281 710 3647 767 Ptolemaica-

2063 824 2211 874 rum,
2245 819 2304 864 ut
2340 811 2522 881 agitur
2566 812 2621 864 in
2660 810 2804 865 libro
2839 807 3025 880 primo
3055 805 3126 862 de
3154 805 3529 876 scriptoribus
3557 816 3645 856 re-

2064 916 2185 954 rum
2223 901 2617 957 historicarum
2655 901 2807 956 illius
2829 900 3014 971 gentis
3039 897 3432 958 vetustiorum,
3464 892 3522 947 in
3551 906 3642 947 se-

2063 993 2245 1046 cundo
2272 993 2339 1048 de
2363 993 2476 1048 illis
2507 992 2601 1062 qui
2637 1008 2724 1048 res
2751 979 2973 1046 illorum
3010 987 3349 1068 theologicas
3378 984 3496 1042 sive
3517 983 3656 1055 phi-.

2063 1084 2402 1154 Iosephicas,
2454 1085 2748 1150 visendas,
2814 1082 3120 1145 naturales,
3171 1087 3227 1136 et
3280 1075 3640 1139 artiﬁciales,

2062 1166 2284 1246 scriptis
2313 1177 2433 1232 suis
2467 1191 2535 1231 ex
2589 1176 2839 1246 professo
2891 1173 3285 1238 celebrarunt;
3333 1170 3393 1225 in
3441 1173 3644 1240 quallo

2064 1266 2131 1321 de
2181 1265 2550 1338 scriptoribus
2602 1283 2788 1322 rerum
2845 1265 2997 1321 illius
3047 1263 3230 1333 gentis
3277 1261 3347 1315 ad
3398 1258 3641 1321 Iudaeos.

2063 1357 2414 1414 Christianos
2447 1366 2500 1413 et
2532 1356 3025 1412 Multammedanos
3063 1353 3440 1408 attinenlium.
3480 1347 3540 1403 In
3577 1347 3644 1402 li-

2064 1451 2165 1505 bro
2185 1452 2288 1506 hoc
2307 1432 2506 1521 quarto
2535 1432 2783 1518 ejusdem
2805 1448 2990 1519 operis
3015 1458 3033 1516 (
3064 1453 3122 1501 ut
3148 1445 3330 1500 obiter
3348 1443 3456 1498 hoc
3481 1440 3643 1496 liceat

2065 1558 2312 1607 monere,
2348 1558 2416 1598 ne
2459 1542 2647 1597 forsan
2703 1541 2897 1594 minus
2949 1524 3318 1610 prudentibus
3356 1533 3640 1592 silentium

2066 1646 2314 1692 nostrum
2349 1651 2454 1707 pro
2479 1641 2806 1706 argumento
2852 1629 3050 1700 cedat)
3086 1630 3156 1685 ad
3201 1643 3436 1684 examen
3475 1638 3654 1680 revoo

2065 1729 2314 1784 cavimus
2372 1743 2433 1783 ea
2479 1743 2599 1797 qua:
2655 1725 2923 1782 adversus
2983 1721 3136 1795 [διν]
3187 1717 3644 1776 Dissertationem

2067 1829 2308 1876 nostram
2338 1830 2524 1876 contra
2553 1819 2850 1874 Historiam
2869 1817 3095 1869 Aristeas
3121 1813 3186 1867 de
3211 1809 3363 1866 LXX
3393 1810 3648 1877 interpre-

384 1901 1067 1973 oeniens,regionemillam
1089 1909 1528 1975 capit;exstincto
1545 1910 1961 1972 Ptolemworum
1994 1897 2039 1954 Β
2065 1912 2227 1978 tibus,
2275 1910 2660 1981 responsionis
2714 1909 2836 1962 loco
2882 1905 3130 1977 reposuit
3173 1902 3260 1957 vir
3293 1899 3645 1958 clarissimus

384 2011 564 2064 regna,
613 1996 755 2066 quod
786 2000 940 2052 annis
974 1997 1264 2054 duraverat
1304 2002 1426 2058 296.
1469 2003 1608 2059 Novi
1656 2007 1956 2064 maximum

383 2084 500 2143 ιυε.
537 2086 875 2160 Scaligerum
914 2106 1016 2160 pro
1055 2093 1271 2148 Antonii
1305 2096 1550 2160 nomine,
1597 2099 1650 2152 in
1699 2086 1818 2156 loco
1857 2117 1959 2157 no-

383 2185 525 2245 tato,
566 2181 660 2234 ubi
704 2181 912 2236 dicitur
947 2198 1072 2236 eum
1115 2196 1307 2240 contra
1362 2188 1556 2259 Cleop.
1590 2199 1644 2246 et
1670 2191 1961 2264 Egyptios

383 2267 641 2335 missum,
674 2274 1030 2343 rescripsisse
1049 2277 1372 2347 Augustum,
1392 2282 1642 2352 adeoque
1664 2301 1764 2353 pro
1785 2286 1959 2341 Anto-

384 2361 474 2415 nio
512 2362 812 2434 Augustum
847 2365 1115 2421 substitui
1155 2369 1208 2422 in
1256 2386 1400 2424 nova
1444 2371 1721 2430 Dulresnii
1766 2377 1960 2434 Latina

382 2452 660 2509 versione.
694 2454 898 2512 Verum
933 2467 1138 2516 temere
1169 2462 1218 2516 id
1258 2462 1459 2522 factum
1489 2480 1517 2519 a
1545 2467 1681 2523 viris
1705 2470 1958 2525 eruditis.

384 2539 650 2609 Quamvis
681 2546 832 2602 enim
861 2547 1140 2607 Antonius
1167 2562 1362 2608 contra
1407 2554 1754 2626 Cle0patram
1783 2576 1814 2615 ι
1849 2561 1961 2617 Ro-

385 2635 564 2691 manis
614 2653 900 2708 nunquam
960 2644 1166 2700 missus
1213 2654 1319 2712 est,
1377 2649 1451 2702 ita
1506 2651 1713 2721 legerat
1774 2664 1961 2711 tamen

386 2727 556 2796 apud-
583 2743 744 2783 suum
786 2741 1068 2788 auctorem
1116 2734 1292 2810 [ιςιν]
1334 2736 1624 2798 Paschalis
1657 2744 1961 2814 interpola-

384 2826 491 2875 tor.
528 2818 644 2876 Hoc
680 2838 748 2878 ex
792 2822 998 2906 Nostro
1030 2828 1467 2890 luculentissime
1503 2846 1751 2907 apparet,
1799 2841 1854 2896 in
1896 2857 1961 2897 eo

385 2913 590 2983 quippe
617 2931 726 2971 non
781 2919 960 2974 solum
992 2912 1146 2977 idem
1196 2939 1398 2982 nomen
1448 2927 1670 2984 Antonii
1710 2933 1960 3000 habetur,

382 3005 481 3061 sed
511 3015 567 3062 et
602 3009 840 3074 additur,
871 3028 996 3068 eum
1030 3015 1084 3070 iu
1115 3015 1410 3088 «Egyptum
1449 3023 1873 3092 descendentem,
1909 3037 1964 3082 et

387 3099 770 3158 Alexandriam
802 3107 1076 3164 obsidione
1112 3113 1426 3181 cingentem,
1458 3133 1492 3171 a
1517 3116 1826 3188 Cleopatra,
1859 3123 1962 3186 ipsi

387 3201 542 3295 antea
571 3205 698 3250 nota
722 3213 842 3308 cum
868 3201 1086 3308 ‘Julium
1116 3204 1384 3260 Cresarem
1411 3212 1465 3262 in
1497 3209 1794 3281 zEgyptum
1825 3224 1965 3269 esset
1990 3247 2035 3308 ρ

387 3283 696 3352 comitatus,
749 3289 1069 3348 adulatoriis
1117 3295 1312 3352 litteris
1361 3299 1712 3356 sollicitatum
1761 3304 1960 3371 fuisse,

384 3383 437 3427 et
466 3385 679 3444 captam
701 3378 850 3435 illius
879 3399 1061 3438 amore
1087 3401 1206 3440 cum
1231 3405 1295 3443 ea
1327 3393 1727 3449 matrimonium
1757 3397 1960 3464 iniisse,

384 3476 437 3525 et
469 3471 582 3524 suis
613 3470 869 3529 Romanis
899 3475 1093 3532 bellum
1125 3482 1394 3540 intulisse.

457 3561 701 3620 XXXlV.
745 3565 823 3622 Ex
868 3569 1022 3625 hisce
1050 3572 1220 3642 liquet
1265 3577 1415 3632 nullo
1460 3589 1620 3648 pacto
1670 3583 1960 3653 concludi,

387 3655 508 3708 loca
539 3657 643 3710 ulla
679 3673 746 3714 ex
782 3660 893 3715 illis
943 3662 996 3716 in
1027 3665 1232 3734 quibus
1279 3673 1616 3728 conveniunt
1663 3675 1867 3733 Noster
1905 3686 1962 3734 et

387 3744 674 3814 Paschale,
705 3765 736 3804 a
759 3751 936 3820 primo
957 3751 1240 3813 Paschalis
1267 3767 1494 3818 auctore
1519 3763 1690 3820 fuisse
1711 3777 1958 3825 exarata.

387 3837 501 3895 Nec
555 3844 780 3898 omnino
836 3845 1058 3902 videtur
1104 3850 1489 3921 ambigendum
1549 3856 1706 3926 quin,
1766 3859 1823 3913 in
1870 3861 1962 3918 illa

387 3933 550 3987 etiam
587 3941 740 4004 parte
758 3952 923 4006 quam
943 3938 1155 3995 addidit
1177 3943 1550 4014 continuator,
1577 3961 1700 4018 qua:
1724 3950 1793 4004 ab
1818 3967 1964 4007 anno

387 4025 703 4081 Constantii
740 4045 874 4084 xvnl
910 4031 1121 4102 incipit,
1155 4035 1268 4090 sint
1309 4037 1585 4107 pleraeque
1633 4040 1879 4098 historiae
1909 4055 1965 4099 et

387 4118 741 4175 narrationes
775 4120 1017 4177 insertae.
1051 4122 1128 4178 Ne
1172 4125 1370 4180 addam
1417 4137 1472 4183 et
1511 4145 1636 4186 esse
1674 4133 1964 4201 suspican-

387 4210 540 4274 dum,
589 4210 685 4264 illa
731 4211 846 4281 ipsa
893 4213 1014 4268 loca
1045 4215 1138 4270 ubi
1175 4215 1462 4275 Heraclius
1503 4220 1632 4290 imp.
1671 4223 1964 4292 imperator

386 4309 567 4356 noster
594 4312 967 4373 nuncupatur,
1001 4322 1109 4361 non
1138 4308 1242 4361 alia
1284 4307 1454 4365 fuisse
1475 4326 1640 4381 quam
1673 4315 1964 4383 scriptoris

387 4393 647 4461 alicujus,
696 4397 790 4465 qui
821 4397 926 4451 sub
956 4397 1050 4452 illo
1101 4399 1431 4469 imperatore
1471 4402 1740 4468 ﬂoruerit,
1800 4408 1961 4461 verba

389 4482 447 4540 in
474 4483 789 4539 Chronicon
827 4486 960 4541 illud
991 4487 1060 4542 ab
1089 4488 1486 4559 interpolatore
1513 4494 1808 4551 translata.
1847 4495 1964 4551 Hoc

2063 2014 2119 2061 et
2149 2019 2404 2060 summus
2443 2003 2514 2059 ls.
2558 2001 2812 2064 Vossius,
2861 2000 2889 2053 ὁ
2955 1997 3302 2069 μακαρίτης·
3363 2005 3646 2064 quamque

2063 2096 2201 2150 nihil
2248 2096 2298 2151 is
2325 2093 2611 2164 respondit
2643 2089 3020 2147 ostendimus.

2132 2187 2352 2241 XXXV.
2379 2185 2798 2256 Respondemus
2838 2179 3104 2243 secundo,
3133 2191 3315 2248 neque
3343 2177 3480 2231 satis
3504 2188 3653 2229 con-

2064 2289 2213 2338 stare
2245 2296 2360 2334 rem
2394 2279 2689 2349 plusquam
2725 2273 3110 2347 perfunctorie
3133 2269 3391 2332 intuenti,
3423 2264 3644 2323 auctori

2064 2381 2256 2429 nostro
2290 2381 2519 2442 accepta
2545 2384 2668 2426 esse
2706 2365 2995 2425 referenda
3045 2367 3174 2430 ista,
3208 2377 3330 2432 quae
3369 2360 3423 2415 in
3457 2374 3525 2415 eo
3565 2357 3646 2414 si-

2062 2465 2176 2521 mul
2215 2472 2269 2520 et
2322 2462 2584 2519 Chronico
2639 2460 2894 2516 Paschali
2937 2464 3278 2529 comparent.
3341 2453 3442 2510 Cui
3494 2450 3642 2508 enim

2064 2572 2172 2612 non
2201 2556 2369 2626 liquet
2414 2562 2696 2613 auctorem
2727 2559 2980 2607 nostrum
3009 2566 3078 2606 ex
3120 2545 3486 2618 scriptoribus
3518 2541 3644 2598 aliis

2062 2647 2334 2705 verbalim
2365 2647 2686 2702 exscribere
2719 2643 2978 2700 solitum?
3011 2642 3130 2698 lloc
3157 2657 3225 2696 ex
3258 2639 3367 2694 illis
3395 2634 3644 2692 clarissi-

2064 2755 2152 2797 me
2177 2739 2444 2795 elucescit
2461 2754 2584 2809 qua:
2603 2739 2784 2808 inepte
2815 2736 3121 2808 (catalogus
3142 2732 3342 2800 repetit
3369 2750 3382 2786 :
3414 2730 3520 2785 hoc
3548 2742 3644 2799 ap-

2065 2843 2220 2906 paret
2248 2848 2314 2888 ex
2343 2832 2469 2888 aliis
2501 2832 2624 2887 istis
2648 2847 2771 2902 quae
2805 2845 2971 2899 supra
2999 2827 3355 2898 protulimus,
3387 2823 3480 2879 ubi
3521 2821 3658 2891 ejus

2064 2939 2281 2980 errores
2305 2923 2373 2979 de
2414 2914 2579 2979 rebus
2610 2923 2714 2978 sub
2755 2920 3074 2977 Iustiniano
3111 2919 3282 2988 gestis
3314 2914 3651 2986 perstrinxi-

2064 3031 2209 3070 mus.
2241 3016 2429 3085 Neque
2457 3016 2638 3071 solum
2667 3016 2734 3070 de
2775 3015 2942 3070 rebus
2982 3013 3086 3068 sub
3113 3011 3431 3066 Iustiniano
3459 3015 3650 3064 trans-7

2065 3105 2203 3160 actis
2234 3105 2560 3175 tautologttm
2591 3103 2727 3174 agit,
2761 3103 2856 3159 sed
2885 3111 2942 3157 et
2967 3100 3090 3157 aliis
3135 3101 3189 3156 in
3222 3099 3361 3154 locis
3391 3095 3653 3168 ejusdem

2065 3197 2378 3251 oscitantis:
2407 3195 2736 3251 manifestus
2765 3201 2871 3250 est.
2901 3195 2960 3248 In
2985 3193 3130 3249 libro
3159 3207 3256 3246 xm
3275 3191 3345 3247 de
3367 3189 3642 3245 Constat»-

2069 3288 2167 3342 tini
2202 3286 2272 3340 LI.
2324 3288 2379 3341 in
2411 3288 2549 3342 urbe
2577 3286 2685 3341 CP.
2722 3287 2986 3356 operibus
3034 3297 3346 3338 sermonem
3401 3280 3654 3346 habens»

2065 3378 2135 3434 de
2158 3376 2514 3447 Hippodromi
2543 3379 2923 3433 exstructione
2972 3375 3059 3431 his
3090 3378 3509 3429 commemorat.
3546 3369 3642 3428 Sic

2063 3479 2119 3528 et
2149 3470 2347 3528 scribit
2392 3471 2478 3526 bis
2516 3471 2572 3525 in
2608 3469 2703 3524 lib.
2740 3484 2794 3524 ix
2844 3468 2913 3524 de
2962 3467 3203 3538 Aigypto
3256 3463 3649 3518 Romanorum.

2064 3564 2267 3620 ditioni
2293 3564 2364 3620 ab
2393 3564 2640 3634 Augusto
2674 3563 2892 3618 Caesare
2937 3561 3254 3631 sulijugala.
3296 3555 3546 3613 Aiteum
3584 3554 3659 3611 in.

2063 3656 2256 3728 praelia
2282 3655 2457 3710 navali
2483 3655 2637 3724 juxta
2669 3652 2892 3723 Epirum
2920 3650 3223 3706 Antonium
3260 3646 3633 3709 interfecisse,

2065 3758 2119 3804 et
2161 3748 2407 3818 reginam
2457 3745 2683 3817 Egypti
2719 3744 3066 3814 Cleopatram
3108 3742 3163 3796 in
3195 3739 3416 3796 vincula
3455 3735 3644 3806 conje-

2066 3842 2246 3908 cisse;
2277 3841 2580 3896 solventem
2612 3836 2742 3893 inde
2779 3844 2834 3892 et
2866 3837 2922 3891 in
2959 3835 3260 3905 IEgyptum
3293 3841 3638 3903 pergentem,

2066 3936 2348 4004 regionem
2378 3934 2521 3988 illam
2553 3950 2574 3984 ε
2615 3931 2669 3987 in
2712 3938 3037 4002 potestatem
3063 3944 3218 3984 suam
3252 3925 3556 3998 redegisse,
3580 3930 3644 3979 et

2064 4025 2348 4080 victoriam
2382 4023 2664 4094 triumpho
2683 4022 2997 4078 celebrasse
3029 4039 3046 4074 ι
3070 4025 3150 4090 (p.
3169 4019 3298 4086 285',
3319 4016 3448 4082 εδδ,
3473 4016 3602 4089 287)
3626 4035 3640 4072 :

2065 4127 2179 4173 tum
2199 4134 2323 4173 eum
2344 4118 2626 4188 subjuugit
2650 4134 2669 4168 ι
2697 4115 2972 4185 Europam
2994 4121 3165 4169 telam
3187 4120 3632 4183 praetervectum,

2065 4206 2390 4279 Byzantium
2416 4207 2652 4270 venisse,
2680 4225 2698 4258 ι
2729 4205 3003 4261 Galatiam
3025 4244 3042 4270 ,
3077 4201 3328 4276 Lydiam,
3361 4200 3651 4272 Pamphy-.

2071 4299 2221 4364 liam,
2248 4298 2543 4370 Phrygiam
2579 4297 2960 4361 Pacatianam,
2995 4306 3050 4351 et
3077 4294 3412 4367 Lycaoniam
3439 4291 3645 4349 Roma-

2068 4407 2261 4445 norum
2295 4390 2526 4460 imperio
2569 4389 2879 4460 sulijeeisse
2907 4401 2922 4441 :
2955 4388 3085 4443 inde
3131 4387 3286 4442 illum
3317 4385 3648 4458 iri-Syriam

2066 4481 2402 4552 proiectum,
2431 4498 2459 4531 ι
2483 4479 2832 4534 Antiochiam
2854 4477 3059 4533 adiisse
3079 4476 3402 4533 devictoria
3432 4491 3533 4532 sua
3550 4475 3648 4529 ad-

387 4577 566 4632 solum
601 4577 824 4632 videtur
856 4593 886 4632 a
919 4579 1118 4649 quovis
1159 4596 1258 4650 pro
1287 4591 1440 4636 ceno
1479 4584 1962 4653 concludendum;
1994 4591 2041 4645 ι)-
2069 4589 2261 4629 versus
2279 4573 2574 4627 Antonium
2594 4579 2650 4627 et
2673 4571 3019 4641 Cleopatram
3043 4568 3243 4624 ibidem
3269 4569 3646 4638 triumphatu-

387 4675 521 4724 ante
542 4684 721 4726 annos
745 4670 868 4740 plus
901 4673 1084 4727 minus
1119 4687 1214 4727 acc
1269 4675 1325 4727 in
1352 4675 1626 4729 Chronico
1653 4675 1760 4731 isto
1789 4677 1963 4735 luisse

385 4757 664 4828 descripta
695 4776 820 4829 qua:
845 4761 896 4814 in
923 4776 989 4816 eo
1020 4763 1181 4816 simul
1213 4771 1270 4816 et
1302 4762 1500 4818 Nostro
1537 4765 1816 4835 leguntur.
1845 4770 1962 4824 Hoc

385 4849 611 4918 quidem
650 4866 718 4906 ex
771 4866 837 4906 eo
882 4852 1185 4924 colligitur,
1244 4856 1392 4923 quod
1471 4860 1824 4927 reperiantur
1897 4875 1961 4916 ea

389 4949 552 5010 prout
581 4940 638 4995 in
669 4941 959 5011 impressis
974 4943 1090 5012 jam
1112 4945 1464 5010 exhibentur,
1497 4948 1549 5001 in
1584 4950 1693 5002 alio
1720 4949 1959 5005 Pascha-

387 5029 460 5085 lis
516 5030 816 5100 exemplari
877 5043 1199 5102 pervetuslo
1235 5035 1584 5091 bibliothecas
1652 5036 1958 5105 Vaticana,

388 5123 532 5192 quod
562 5123 631 5176 ab
661 5124 822 5179 annis
857 5139 955 5179 nec
1006 5126 1144 5180 viris
1186 5126 1582 5183 eruditissimis
1624 5123 1709 5184 lo.
1763 5122 1958 5186 Mabil-

391 5216 541 5270 Ionio
584 5224 638 5269 et
685 5214 936 5271 Michaeti
990 5218 1288 5284 Germano,
1343 5219 1714 5278 Benedictinis
1768 5223 1961 5289 Gallis,

388 5309 679 5362 videbatur
721 5309 1012 5379 scriptum,
1050 5312 1126 5364 uti
1158 5312 1318 5366 docet
1367 5309 1701 5369 Durresnius
1734 5317 1787 5369 in
1825 5316 1964 5371 Prae-

391 5398 624 5460 l'atione,
661 5399 754 5469 qui
802 5414 920 5466 eos,
982 5412 1041 5456 ut
1097 5403 1345 5459 codicem
1397 5405 1549 5458 illum
1602 5409 1961 5476 inspicerent,

387 5491 518 5546 dum
559 5491 743 5546 Romae
779 5505 1279 5562 commorarentur,
1324 5507 1634 5566 rogaverat.
1689 5493 1764 5556 De
1790 5502 1963 5556 Chro-

390 5582 517 5638 nico
563 5583 736 5638 hocce
773 5581 1026 5639 Paschali
1075 5586 1191 5642 sive
1237 5587 1635 5654 Alexandrino,
1693 5593 1759 5646 de
1817 5592 1964 5648 illius

384 5683 571 5739 aetate,
609 5683 860 5741 auctore,
891 5686 946 5730 et
991 5679 1400 5743 cominuatore,
1454 5689 1507 5736 ct
1552 5698 1800 5752 quantum
1851 5686 1964 5738 cxi-

392 5775 540 5819 stant
575 5767 630 5821 in
655 5783 724 5821 co
745 5769 1124 5839 supposititia,
1157 5773 1509 5828 occasionem
1541 5790 1640 5828 nos
1667 5776 1962 5832 habuimus

387 5866 452 5908 ax
486 5854 739 5924 professo
769 5856 1074 5916 disserendi
1109 5861 1160 5915 in
1191 5862 1298 5918 alio
1327 5877 1489 5930 opcrc
1521 5869 1758 5920 non-lum
1786 5866 1956 5931 cdilo,

2070 4670 2233 4731 rum;
2267 4683 2284 4716 ι
2319 4664 2641 4720 Laodiceam
2676 4663 2806 4718 hinc
2839 4662 3218 4725 contendisse,
3244 4669 3345 4715 ett
3381 4661 3581 4717 ibidem
3621 4681 3650 4714 ι

2071 4769 2290 4825 quoque
2312 4773 2331 4806 ι
2354 4754 2420 4809 de
2437 4754 2665 4807 victoria
2693 4768 2789 4809 sua
2807 4751 3149 4823 triumphum
3166 4751 3378 4822 egisse;
3407 4771 3426 4804 ι
3446 4752 3652 4808 deinde

2071 4854 2193 4914 post
2234 4860 2409 4915 pauca
2442 4845 2556 4898 haec
2588 4853 2899 4914 sequuntur
2925 4842 3015 4902 :.A
3052 4841 3348 4898 Palestina
3377 4844 3434 4899 in
3475 4842 3650 4913 «Equ

2070 4944 2218 5008 ptum
2249 4952 2583 5008 progressus,
2612 4952 2731 4990 eam
2762 4934 3081 5005 subjug'aoit,
3103 4949 3324 5004 casuque
3349 4934 3407 4988 in
3445 4931 3650 4989 Roma-

2070 5047 2197 5084 nam
2228 5030 2528 5084 servitutem
2576 5029 2885 5099 subegisset,
2923 5026 3311 5082 Alexandriam
3353 5026 3648 5098 ingressus.

2070 5123 2134 5176 de
2157 5123 2379 5176 victoria
2406 5139 2505 5176 sua
2538 5121 2898 5190 triumphavit.
2931 5119 3151 5175 Civitati
3179 5116 3355 5173 aute'm
3385 5119 3510 5174 linis
3530 5121 3650 5188 pri-

2072 5231 2214 5267 mum
2239 5215 2553 5283 praefectum
2595 5229 2658 5268 ex
2687 5214 2797 5268 suis
2857 5213 3024 5277 dedit,
3073 5213 3281 5267 nomine
3339 5209 3653 5267 Cornelium

2074 5306 2312 5371 Gallum,
2347 5323 2498 5378 quem
2533 5316 2582 5360 et
2619 5305 2930 5376 Augustalis
2974 5304 3255 5375 dignitate,
3288 5304 3518 5359 nominis
3563 5307 3654 5362 nti

2074 5403 2292 5472 insigni,
2315 5403 2694 5458 cohonestet-it.

2144 5489 2384 5548 XXXVI.
2428 5495 2662 5565 Apparet
2701 5493 2866 5555 idem,
2903 5496 2988 5549 vel
3020 5494 3140 5562 ipso
3168 5490 3286 5548 sole
3323 5490 3552 5557 clarius,
3581 5506 3650 5546 ex

2072 5603 2137 5643 eo
2161 5591 2306 5658 quod
2330 5589 2469 5643 solet
2508 5588 2811 5657 scriptores
2843 5585 3088 5651 Latinos,
3121 5578 3371 5648 Florum,
3403 5582 3665 5645 Livium,

2075 5681 2379 5743 l.ucanutn,
2427 5679 2696 5742 Plinium,
2751 5678 3028 5743 Serviunt,
3072 5677 3402 5744 Salustium,
3448 5676 3651 5732 Sueto-

2018 5762 2026 5772 ’
2076 5772 2225 5825 nium
2266 5770 2674 5840 Tranquillum,
2697 5782 2750 5826 et
2788 5769 3105 5841 Virgilium,
3156 5768 3335 5842 [nvi]
3393 5770 3450 5825 in
3494 5771 3658 5825 testi-

2076 5866 2317 5920 monium
2366 5867 2656 5929 adducere,
2683 5880 2807 5919 cum
2845 5879 3007 5933 opera
3037 5870 3221 5920 tamen
3259 5861 3487 5921 illorum,
3524 5876 3666 5919 cum.
