4256 6452
655 396 722 460 53

654 615 814 666 gnam
838 604 1054 659 illorum
1080 609 1435 673 intellexis~e,
1456 616 1525 668 sit
1548 620 1951 678 certissimum.
1972 625 2123 690 Quod
2151 628 2239 681 bo-

656 694 897 764 nosillos
926 706 1195 766 ctgraves
1218 699 1593 759 Romanorum
1620 712 1922 780 scriptores
1942 730 2046 771 non
2072 718 2237 788 legis-

653 794 769 850 set,
798 789 1105 845 certissime
1128 795 1471 852 convincunt
1494 802 1693 871 supina
1721 804 1840 874 ejus
1862 806 2233 867 Romanarum

652 892 835 929 rerum
868 878 1200 949 ignorantia,
1235 894 1289 940 et
1332 903 1551 947 errores
1597 895 1883 966 plusquam
1932 902 2130 958 aniles.
2165 903 2235 959 Ut

649 969 848 1023 stabuli
879 970 1000 1042 ejus
1034 977 1200 1030 multa
1237 979 1343 1033 alia
1390 990 1636 1040 stercora
1670 989 2051 1060 relinquamus
2088 999 2231 1050 inta-

647 1071 761 1125 eta,
795 1078 863 1117 ne
893 1064 1155 1121 lectorem
1195 1070 1476 1130 oﬁ‘endant
1508 1095 1522 1131 :
1564 1094 1729 1149 quam
1763 1097 1933 1139 suave
1959 1096 2043 1141 est
2083 1089 2227 1143 istud

645 1155 791 1219 «mod
824 1155 892 1210 de
933 1156 1202 1217 Cicerone
1230 1173 1284 1219 et
1318 1164 1563 1225 Salustio
1600 1174 1744 1241 ipso,
1778 1191 1939 1245 quem
1974 1179 2103 1233 alibi
2147 1184 2226 1237 ci-

644 1251 750 1305 tat,
784 1251 1058 1303 memoria:
1088 1254 1280 1320 tradit,
1312 1256 1484 1314 fuisse
1518 1261 1641 1317 illos
1672 1264 1953 1323 Romanos
1997 1276 2222 1338 poetusl

647 1333 807 1389 Hisce
830 1342 1151 1407 temporibus
1179 1344 1479 1413 ﬂoruerunt
1509 1350 1695 1409 Cicero
1722 1366 1772 1409 et
1797 1333 2095 1428 Salustius,
2139 1382 2227 1421 sa-

643 1427 959 1491 pientissimi
988 1431 1353 1492 Romanorum
1394 1453 1581 1510 poeta’.
1619 1445 1795 1513 Quam
1848 1452 2086 1522 lepidum
2139 1467 2226 1513 est

646 1518 777 1572 illud
812 1522 959 1591 quod
1009 1523 1174 1581 habet
1225 1528 1292 1584 de
1324 1528 1472 1587 Julio
1514 1535 1751 1619 Caesare,
1792 1518 1917 1597 cuin
1965 1544 2221 1617 Magnum

643 1610 963 1681 Pompeium
1003 1616 1056 1669 in
1105 1616 1345 1691 Egvpto
1391 1610 1881 1695 comprehendisse
1905 1641 1959 1689 ct
1997 1610 2223 1695 intelle-

640 1699 783 1753 risse
807 1702 819 1754 l
847 1711 899 1755 ct
933 1704 1127 1760 iterum
1164 1709 1295 1764 illud
1328 1714 1474 1780 quod
1511 1715 1578 1770 de
1602 1718 1893 1777 duratioue
1934 1722 2082 1779 illius
2115 1728 2221 1780 im-

641 1792 779 1857 perii
814 1792 1047 1865 ineptit;
1099 1798 1393 1871 imperium
1430 1805 1737 1864 Romanum
1779 1814 1931 1869 illum
1962 1819 2218 1875 tenuisse

640 1897 736 1949 per
764 1899 937 1942 annos
970 1904 1101 1943 xviii
1133 1892 1146 1945 !
1192 1891 1367 1958 Quam
1414 1897 1545 1953 illud
1579 1904 1898 1971 ridiculum,
1938 1911 2084 1978 quod
2116 1911 2216 1965 ha-
2247 1881 2291 1940 Β

641 1977 729 2028 hct
775 1976 843 2029 de
886 1977 955 2031 M.
1004 1980 1264 2051 Antonio,
1304 2002 1430 2042 eum
1474 1991 1704 2047 missum
1734 1994 1907 2053 fuisse
2022 2014 2212 2057 senatu

638 2066 889 2124 Romano
915 2085 1104 2129 contra
1150 2079 1495 2150 Cleopatram
1525 2086 1739 2159 Egypti
1776 2093 2043 2163 reginam,
2077 2106 2132 2151 et
2158 2098 2211 2151 in

635 2155 932 2229 .‘Kgyplttm
966 2164 1415 2238 descendentem,
1450 2175 1846 2235 Alexandriam
1876 2185 2064 2239 urbem
2110 2189 2210 2241 ob-

638 2249 852 2306 r-i-Jione
885 2255 1165 2315 cinxisse!
1196 2260 1376 2329 Quam
1409 2268 1733 2333 absurdum,
1774 2274 1919 2342 quod
1946 2277 2109 2331 habet
2143 2278 2211 2333 de

634 2339 889 2407 Lucullo,
941 2364 1064 2404 eum
1109 2356 1342 2410 missum
1379 2357 1551 2413 fuisse
1600 2362 1867 2419 adversus
1919 2365 2207 2437 Tigranem

635 2434 707 2482 ab
729 2434 975 2506 Augusto
1008 2441 1258 2500 Caesare!
1302 2446 1474 2514 Qua-n
1505 2451 1744 2524 denique
1774 2457 1918 2526 sapit
1943 2434 2204 2516 lectorem

632 2526 1020 2591 prmdictorum
1054 2536 1391 2606 scriptorum
1424 2541 1818 2611 Romanorum,
1843 2551 1991 2619 quod
2014 2554 2208 2608 scribit

633 2616 703 2668 de
735 2616 966 2675 Claudio
990 2623 1241 2693 Caesare,
1275 2645 1402 2687 eum
1434 2651 1451 2684 ι
1488 2633 1682 2691 Urbem
1713 2616 2074 2711 Brett—aniam,
2095 2660 2203 2700 non

634 2710 913 2772 proculab
934 2713 1150 2770 Oceano
1166 2720 1522 2779 condidisse!
1554 2745 1570 2777 ι
1602 2726 1694 2782 Sic
1717 2730 1771 2784 in
1796 2732 2069 2806 urbem-(si
2101 2737 2204 2791 Su-

635 2800 780 2864 reris
824 2802 1034 2876 placet)
1071 2819 1264 2865 nostro
1317 2812 1573 2871 Grazculo
1623 2819 1757 2873 abiit
1791 2837 1983 2894 magna
2010 2800 2203 2884 nostra

632 2888 936 2955 Britannia,
965 2900 1106 2966 apud
1131 2917 1323 2957 omnes
1351 2906 1650 2976 scriptores
1678 2911 1956 2970 Romanos
1991 2919 2203 2973 insula-

631 2997 753 3034 rum
786 2986 1255 3057 celebratissima;
1309 2995 1616 3065 ignorantia
1658 3000 1973 3063 hominibus
2004 3007 2238 3065 Orien-‘

630 3076 857 3139 talibus,
891 3090 944 3133 et
978 3081 1086 3136 illis
1113 3085 1317 3154 quibus
1347 3090 1568 3157 penitus
1600 3093 1768 3163 ignoti
1793 3108 1923 3152 sunt
1956 3099 2201 3158 historici

1963 418 2264 486 lIUMFRI

2278 427 2369 488 :01
2427 410 2647 493 noon
3846 450 3912 515 δι’»
3984 494 3995 509 ..

656 509 833 564 oculis
856 512 971 565 suis
991 529 1271 585 nunquam
1303 524 1683 591 conspexisse,
1716 537 1768 582 et.
1803 543 1870 582 ne
1892 534 2114 600 quidem
2150 536 2246 589 lin-
2280 544 2324 599 Α
2353 545 2600 612 consilia,
2659 550 2977 618 signiﬁcare

3026 555 3164 610 diem
3227 559 3576 630 largitionis:
3629 564 3908 626 Κονσὶλια.

2339 633 2483 705 ἅπερ
2512 636 2897 709 ἑρμηνεύεται,
2932 648 3207 716 παροχῆς
3234 652 3443 720 ἡμέρα.
3479 654 3653 720 Quam
3695 657 3913 727 egregie

2335 727 2610 784 etdoete!
2646 732 2704 786 ln
2762 735 2872 789 alio
2905 737 2994 793 ubi
3029 741 3188 795 verba
3227 742 3355 799 facit
3387 745 3455 799 de
3481 757 3719 816 quatuor
3776 749 3909 802 cirri

2335 816 2569 876 diversis
2605 822 2945 884 factionibus
2982 846 3011 883 a
3039 832 3317 905 Romulo(
3343 844 3399 890 nt
3431 836 3569 893 dicit
3604 840 3703 894 sed
3733 839 3910 909 falso)

2336 908 2687 977 introductis,
2717 924 2771 970 et
2799 918 3037 976 diversis
3069 923 3356 981 coloribus
3379 926 3678 993 distinctis,
3716 945 3911 999 nempe

2333 998 2590 1066 Prasina,
2660 1004 2875 1072 Veneta,
2938 1008 3137 1066 Russea
3183 1024 3239 1069 et
3268 1015 3439 1081 Alba;
3498 1019 3575 1072 ait
3622 998 3909 1073 Prasinam

2332 1093 2407 1157 (i.
2430 1109 2478 1147 ιι.
2529 1095 2783 1170 Viridem)
2826 1117 2855 1154 a
2898 1102 3132 1159 Romulo
3157 1106 3236 1161 sic
3264 1117 3511 1163 vocatam
3546 1110 3717 1165 fuisse
3748 1112 3907 1181 quasi

2330 1182 2760 1253 Permanentem;
2808 1191 3099 1250 Prasiuum
3164 1199 3337 1262 enim,
3378 1201 3575 1272 inquit,
3633 1203 3909 1274 signiﬁcat

2326 1290 2663 1345 permanens,
2697 1297 2726 1334 a
2765 1284 2931 1339 verbo
2988 1300 3316 1356 prtesenteuo
3372 1292 3696 1359 deductum,
3757 1294 3905 1364 quod

2327 1368 2607 1438 signiﬁcat
2631 1377 2992 1447 παραμένειν,
3012 1398 3335 1449 permanere.
3360 1383 3632 1439 Praeclare
3651 1385 3905 1457 (Jupiter)

2326 1473 2388 1527 ac
2412 1463 2616 1529 perite!
2656 1464 2712 1519 In
2742 1469 2931 1522 eadem
2975 1471 3043 1526 de
3076 1471 3313 1528 Romulo
3353 1476 3681 1532 narratione
3713 1479 3905 1533 dicens

2324 1565 2444 1605 cum
2477 1569 2602 1607 cunt
2638 1555 2808 1612 Remo
2849 1574 2877 1613 a
2905 1562 3030 1631 lupa
3079 1567 3351 1621 nutritum
3388 1568 3552 1640 vulgo
3598 1570 3898 1638 perhiberi.

2324 1643 2472 1699 addit
2507 1645 2747 1703 fabulam
2798 1652 2961 1707 istam
2998 1656 3199 1713 exinde
3230 1667 3507 1725 exortam,
3542 1664 3689 1730 quod
3714 1679 3743 1717 a
3781 1678 3902 1716 mn-

2325 1737 2457 1793 liere
2514 1741 2748 1809 quadam
2779 1747 2983 1813 agresti
3033 1750 3235 1819 reperti
3275 1751 3478 1806 fuerint
3509 1763 3564 1806 et
3604 1754 3837 1809 enutriti
3881 1774 3892 1807 :

2325 1828 2391 1882 In
2415 1847 2479 1884 ea
2531 1834 2671 1887 enim
2697 1837 2923 1909 regione,
2990 1839 3192 1911 inquit,
3221 1857 3385 1913 usque
3416 1844 3588 1898 adhuc
3612 1847 3770 1899 etiam
3805 1862 3899 1899 ru-

2319 1931 2509 1977 restres
2548 1924 2675 1978 illas
2706 1928 2877 1981 ovium
2907 1931 3177 1997 custodes,
3209 1933 3367 2005 lupas
3404 1937 3662 2000 vocitant,
3698 1947 3751 1989 ut
3781 1953 3899 2006 qua:

2315 2016 2452 2068 inter
2488 2015 2651 2086 lupos
2673 2019 2835 2073 vitam
2859 2038 3009 2075 suam
3049 2025 3371 2095 transigunt.
3405 2027 3473 2081 At
3504 2027 3650 2096 quis,
3687 2043 3894 2097 qmcso,

2316 2104 2599 2159 hominum
2661 2124 2903 2179 unquam
2957 2111 3189 2177 audivit,
3251 2130 3444 2171 vocem
3507 2118 3686 2183 lupam
3750 2119 3893 2186 apud

2317 2195 2545 2253 Latinos
2576 2216 2643 2253 co
2673 2216 2840 2256 sensu
2904 2207 3199 2276 usurpari?
3227 2206 3290 2261 Et
3324 2208 3452 2278 quis
3489 2224 3596 2262 non
3630 2210 3895 2277 persentit

2312 2288 2364 2342 id
2397 2303 2425 2341 a
2455 2292 2641 2345 nescio
2675 2308 2789 2362 quo
2817 2305 3089 2366 nugatore
3119 2295 3291 2352 fuisse
3346 2299 3678 2369 acceptum?
3702 2298 3897 2353 audia-

2313 2383 2402 2433 tur
2423 2379 2583 2435 Titus
2609 2379 2816 2448 Livius,
2852 2400 3016 2454 quem
3068 2384 3271 2442 Noster
3305 2394 3576 2459 nugarum
3612 2389 3895 2444 consarci-

2310 2480 2471 2524 nator
2512 2482 2772 2542 tanqunn
2810 2476 3006 2530 lectum
3034 2493 3063 2531 a
3096 2494 3154 2533 se
3185 2479 3238 2533 in
3281 2480 3370 2534 illa
3398 2480 3465 2534 de
3500 2480 3735 2532 Romulo
3764 2494 3893 2533 nar-

2307 2564 2519 2617 ratione
2542 2564 2780 2636 alibique
2811 2567 3075 2630 Iocorum,
3107 2570 3328 2626 adducit
3353 2587 3365 2621 :
3386 2570 3517 2625 Sunt
3538 2571 3627 2639 qui
3653 2570 3893 2624 l-auren-

2309 2652 2436 2706 tiam
2458 2655 2666 2725 vulgato
2683 2648 2899 2725 corpore
2918 2655 3200 2729 Lupam(7l
3214 2657 3372 2729 )inter
3391 2670 3627 2728 pastores
3655 2669 3894 2714 vocatam

2305 2752 2484 2810 putent
2514 2760 2532 2798 :
2562 2746 2682 2800 inde
2706 2749 2877 2801 locum
2916 2749 3114 2817 fabuler
3171 2767 3232 2804 ac
3260 2751 3517 2803 miraculo
3543 2751 3749 2805 datum.
3824 2805 3839 2817 ,

2381 2836 2623 2910 [uvm]
2651 2838 2915 2895 XXXVII.
2954 2839 3104 2896 Utex
3138 2841 3288 2897 hisce
3317 2852 3550 2911 apparet
3603 2852 3889 2898 auctorem

2308 2935 2559 2983 nostrum
2602 2944 2667 2982 ex
2710 2930 3084 2998 scriptoribus
3112 2931 3237 2987 aliis
3264 2933 3532 2987 verbatim
3569 2934 3893 2990 exscribere

2306 3019 2512 3083 solere,
2556 3019 2804 3091 adeoque
2841 3037 2948 3075 non
2977 3036 3099 3078 esse
3128 3025 3512 3079 necessarium
3557 3036 3613 3079 nt
3646 3025 3738 3079 illa
3770 3041 3893 3094 quze

2305 3112 2581 3167 habentur
2631 3112 2685 3167 in
2720 3112 2981 3169 Chronico
3042 3115 3294 3170 Paschali
3324 3133 3448 3172 cum
3500 3119 3650 3173 illius
3709 3118 3892 3173 verbis

632 3165 832 3221 Ιιπιὲηίε
864 3175 1082 3242 propria
1113 3184 1168 3230 et
1206 3181 1601 3246 peculiari.'|ta
1640 3202 1772 3243 sane
1816 3189 1991 3245 Rabbi
2029 3195 2206 3250 Ahra-
2233 3211 2264 3269 ε

860 3259 894 3279 ν,
1013 3266 1048 3279 ..
1141 3265 1173 3279 ι.
1219 3269 1229 3279 .
1392 3275 1402 3279 -
1550 3277 1557 3279 _
1652 3278 1657 3279 ,

2306 3205 2689 3268 consonantia,
2716 3221 2780 3259 ex
2817 3206 2911 3259 illo
2975 3207 3365 3263 existimentur
3390 3218 3642 3279 sumpta;
3672 3210 3754 3263 sic
3778 3211 3888 3262 alia

632 3256 825 3311 ltntttus
860 3259 1089 3331 Zni'ulh,
1141 3265 1614 3343 Sahnanticensis,
1649 3278 1701 3332 in
1749 3281 1890 3337 libro
1926 3282 2207 3355 Juchasin,

631 3350 747 3404 sive
789 3351 1250 3428 Genealoginrum,
1288 3365 1353 3418 de
1399 3367 1610 3438 Angliae
1650 3377 2029 3433 exstructione
2064 3396 2213 3435 mun-

633 3442 837 3496 tionom
871 3444 1024 3499 facit.
1054 3447 1189 3505 Eum
1241 3454 1463 3510 adducit
1510 3457 1684 3515 Babbi
1736 3462 1978 3521 Ganzius
2004 3468 2056 3522 in
2090 3468 2213 3525 Ger-

632 3533 795 3588 minis
855 3535 1097 3605 Davidis,
1152 3543 1268 3599 sive
1304 3544 1697 3619 Chronologim,
1756 3563 1911 3623 parte
1972 3563 2210 3615 secunda

623 3624 699 3675 ad
722 3639 924 3681 anmnn
953 3631 1242 3688 millenarii
1273 3640 1418 3691 tertii
1442 3640 1545 3694 830
1570 3660 1583 3695 :
1612 3662 1630 3693 ι
1666 3643 1727 3697 Ει
1750 3648 1973 3717 scripsit
2002 3649 2210 3706 Jueha-

634 3716 718 3769 sin
763 3719 908 3791 (pag.
955 3722 1103 3794 156),
1132 3726 1247 3783 hoc
1280 3736 1525 3803 tempore
1554 3716 1892 3793 exstructam
1939 3756 2063 3798 esse
2093 3746 2210 3798 Au-

634 3809 870 3872 soniam.
925 3812 1191 3884 Paduam,
1229 3830 1285 3874 et
1328 3822 1600 3895 Angliam.
1638 3845 1656 3879 ι
1689 3826 1766 3881 lla
1824 3830 2014 3885 urbem
2071 3833 2207 3903 (70)

635 3901 853 3977 |vau]
892 3904 1141 3978 England
1188 3916 1464 3984 appellant
1510 3918 1841 3979 Samaritani
1895 3901 2212 3984 Sichemita:

634 3996 688 4048 in
738 3998 941 4055 litteris
990 4017 1132 4071 quas
1180 4022 1353 4075 nuper
1395 4011 1667 4067 miserunt
1697 4016 1765 4069 ad
1811 4020 2211 4087 populnmAn-

633 4087 933 4154 glieannin,
978 4108 1075 4161 per
1122 4099 1296 4150 virum
1332 4099 1722 4172 dignissimum
1763 4107 1902 4162 Rob.
1938 4109 2207 4184 Hunting-

634 4186 848 4244 tonum,
880 4183 1094 4255 collegii
1131 4187 1513 4249 Dubliniensis
1554 4195 1608 4249 in
1633 4195 1896 4253 lliheruia
1919 4183 2206 4271 praesidem

634 4271 1150 4345 hodiermnn.Quod
1172 4293 1431 4350 praeterea
1456 4301 1525 4340 ne
1548 4288 1744 4359 lingua:
1759 4291 1979 4361 quidem
2000 4294 2209 4351 Latina:

633 4365 870 4419 scicntia
910 4369 1022 4423 ulla
1085 4374 1347 4439 polluerit
1395 4376 1849 4450 chronographus
1882 4394 2091 4452 noster,
2146 4396 2208 4442 ut

631 4472 663 4508 ιι
696 4458 905 4517 Graecis
937 4463 1160 4519 fuerunt
1212 4470 1476 4538 perpauci
1506 4472 1601 4541 qui
1632 4472 1844 4528 Latina:
1878 4472 2080 4545 linguae
2107 4494 2205 4547 pe-

2315 3306 2445 3350 sunt
2473 3297 2720 3364 quaedam
2760 3298 3067 3365 peculiaria
3130 3310 3452 3370 argumenta
3491 3317 3613 3370 quia
3653 3302 3741 3354 illa
3768 3317 3892 3370 spe-

2313 3385 2501 3439 ciatim
2528 3402 2637 3440 non
2673 3386 2848 3443 luisse
2878 3403 2941 3442 ex
2973 3403 3038 3442 eo
3074 3390 3345 3460 descripta
3407 3391 3750 3444 conﬁrmant.
3779 3389 3893 3447 Hoc

2313 3476 2369 3530 in
2396 3478 2591 3547 primis
2614 3480 2939 3544 notandum,
2972 3481 3025 3534 in
3060 3482 3341 3551 aliquibus
3368 3483 3588 3535 illorum
3618 3484 3887 3545 locorum,

2313 3583 2435 3637 quae
2506 3585 2633 3624 cum
2694 3572 2749 3625 in
2801 3570 3010 3627 Nostro
3058 3581 3176 3627 tum
3228 3575 3281 3628 in
3323 3574 3584 3628 Chronico
3634 3574 3888 3629 Pascliali

2314 3662 2611 3727 habentur,
2662 3663 2922 3720 advocari
2984 3666 3289 3736 scriptores
3343 3666 3604 3732 Latinos;
3642 3682 3782 3735 quos
3817 3683 3884 3720 ex

2313 3752 2478 3808 dictis
2512 3754 2882 3822 conspicuum
2926 3754 3179 3810 redditur
3224 3772 3348 3811 eum
3378 3757 3559 3827 ipsum
3603 3773 3885 3826 nunquam

2312 3845 2534 3915 legisse.
2598 3846 2691 3901 Sic
2749 3848 2804 3901 in
2858 3849 3179 3903 narratione
3228 3848 3297 3904 de
3353 3848 3591 3903 Romulo
3623 3862 3674 3905 et
3714 3849 3885 3904 Ruina

2312 3936 2575 4005 praedicta
2604 3938 2847 3991 citantur
2878 3938 3170 4009 Virgilius,
3199 3938 3437 4006 Plinius,
3493 3940 3702 4005 Livius,
3728 3942 3885 3995 item-

2315 4044 2423 4099 que
2467 4028 2714 4086 Licinius
2771 4030 3148 4088 Romanorum
3198 4034 3659 4105 chronograplius
3716 4052 3730 4088 :
3788 4051 3887 4103 pro

2310 4108 2543 4191 quorum
2610 4126 2856 4178 secundo
2884 4133 2937 4179 et
2963 4126 3125 4179 tertio
3151 4128 3294 4195 apud
3339 4126 3643 4181 Chronicon
3682 4126 3882 4182 Pasch.

2280 4229 2377 4267 rex
2417 4215 2785 4283 corruptione
2825 4216 3092 4284 leguntur
3134 4216 3463 4285 Apollonius
3488 4231 3541 4272 et
3567 4218 3795 4272 Silvius.
3829 4219 3883 4273 In

2310 4303 2433 4359 loco
2471 4304 2565 4374 qui
2595 4306 2708 4375 agit
2733 4306 2809 4360 de
2839 4307 3225 4378 chlamydibus
3269 4307 3641 4363 Romanorum
3678 4311 3885 4365 citatnr

2312 4395 2330 4466 (
2359 4394 2696 4466 Suetonius)
2724 4396 3106 4467 Tranquillus,
3158 4399 3250 4468 qui
3280 4407 3334 4453 et
3370 4399 3491 4454 loco
3518 4401 3709 4455 eodem
3736 4402 3883 4470 apud

2310 4484 2606 4542 Citronicon
2639 4487 2830 4542 Pasch.
2874 4490 3188 4553 adducitur,
3240 4490 3402 4561 idque
3430 4493 3627 4547 addito
3664 4495 3885 4550 nomine

631 4552 757 4603 ritia
790 4568 911 4608 sese
953 4554 1361 4625 instruxerunt,
1410 4574 1476 4615 ex
1511 4561 1732 4619 duobus
1768 4567 1850 4620 vel
1893 4568 2072 4623 tribus
2117 4571 2196 4625 lo-
2238 4579 2279 4633 D
2307 4577 2595 4643 Suetonio,
2647 4580 2794 4649 quod
2833 4595 2860 4633 a
2896 4579 3103 4643 Nostro
3154 4598 3265 4636 non
3303 4584 3885 4652 agnoscitur.0bser-

631 4643 714 4697 eis
748 4644 988 4701 dilucide
1021 4648 1333 4705 conﬁcitur.
1364 4652 1423 4707 ln
1455 4669 1561 4709 uno
1592 4655 1669 4709 ait
1700 4671 1889 4713 vocem
1920 4657 2196 4731 Latinam,

2308 4670 2549 4724 vandum
2616 4672 2880 4739 secundo,
2917 4674 3065 4742 quod
3099 4674 3366 4730 inmultis
3414 4690 3606 4742 eorum
3628 4676 3878 4732 locorum

2151 4779 2385 4838 NOTAE.

707 4852 818 4935 (70)_
846 4853 1185 4943 iEpigraphe
1204 4861 1508 4943 litterarum
1530 4866 1827 4943 _ll_ebraice
1861 4874 2201 4943 conscripta-

632 4938 774 5001 riun,
807 4926 859 5011 ιιι
884 4929 1041 5011 illanc
1066 4926 1399 5011 sententiam
1438 4950 1496 4988 se
1530 4936 1731 5011 habuit
1762 4926 2065 5011 interprete
2086 4926 2201 4997 Ido-

631 4992 784 5071 rtiss.
819 4994 954 5076 Edv.
992 4998 1270 5082 Bernardo
1300 5022 1315 5057 :
1356 5003 1507 5082 Recte
1528 5010 1794 5082 perveniat
1829 4992 1936 5063 ubi;r
2104 4992 2200 5067 ἧσε

631 5063 885 5159 scriptpm
917 5068 971 5159 in
1013 5070 1259 5159 Anngliain
1298 5063 1557 5159 urbemlezt
1596 5078 1667 5159 ad
1698 5096 2020 5159 spnagogam
2045 5063 2203 5159 rﬁlio}

634 5149 750 5183 rum
790 5133 983 5193 Israel.
1030 5133 1420 5215 Sa'maritaruin
1474 5146 1577 5215 (sic
1618 5133 1989 5215 Attgllos'esse
2021 5133 2206 5206 eiisti-

636 5213 875 5277 mziritnt)
917 5225 1044 5272 quos
1075 5226 1339 5268 conservet
1388 5213 1669 5270 Dominus.
1707 5213 1771 5271 Et
1820 5221 2053 5276 Arabico
2095 5224 2203 5277 alia

632 5274 977 5359 Epigraphe:
1005 5279 1279 5336 Tradetur
1304 5284 1518 5359 domino
1550 5286 1777 5359 Roberto
1811 5274 2199 5359 lluntinptono,

634 5342 923 5431 ljj’nropwo,
941 5366 1058 5402 cum
1080 5368 1228 5431 cura,
1257 5357 1349 5423 qui
1381 5357 1695 5431 tradendum
1733 5368 1875 5431 caret
1919 5342 2202 5431 synagoga;

630 5410 865 5494 [ﬁliorum
897 5416 1089 5494 Israel,
1124 5410 1543 5490 Samuritarum,
1588 5428 1677 5494 qui
1720 5410 1972 5483 habitari;
1998 5410 2202 5485 inyur’be

630 5478 953 5564 Ε’Έίέηίῖἓη
982 5478 1203 5564 Europa:
1228 5478 1453 5564 regione;
1532 5478 1543 5490 '

703 5555 814 5629 (7i)
845 5557 983 5611 Hine
1016 5555 1182 5628 liquet
1208 5555 1311 5618 non
1344 5566 1591 5620 mulieres
1634 5578 1912 5629 rurestres,
1954 5570 2047 5623 sed
2084 5590 2195 5626 me-

632 5625 845 5711 retrices
912 5625 1213 5711 appellatas
1266 5635 1444 5691 fuisse
1486 5637 1659 5711 lupas.
1709 5638 1800 5692 Sic
1848 5625 1982 5711 sane
2054 5645 2196 5711 apud

630 5687 907 5773 Ριειιιιιιιιι⁸
932 5687 1204 5773 vexista
1238 5687 1674 5773 proqmer—e'trice
1729 5709 2001 5772 reperitur
2032 5687 2184 5765 us'ur-

667 5772 775 5846 ata,
808 5774 861 5821 et
894 5769 1019 5846 inde
1040 5769 1269 5846 lupanar
1296 5784 1349 5831 ct
1385 5776 1719 5844 lupanarium
1748 5769 1845 5846 pro
1868 5782 2177 5845 prostibula.

667 5775 775 5827 ata,
808 5775 861 5821 et
895 5775 1019 5825 inde
1040 5775 1269 5841 lupanar
1296 5784 1349 5831 ct
1385 5776 1719 5844 lupanarium
1748 5794 1845 5846 pro
1868 5782 2168 5845 prostibula.

627 5775 666 5907 ἒ
692 5835 1083 5917 δημοσιευούσῃ
1112 5844 1231 5901 τιοτὲ
1267 5846 1364 5916 τὴν
1397 5847 1487 5901 τοῦ
1518 5848 1770 5921 σώματος
1794 5850 1963 5922 ὥραν,
1999 5852 2065 5905 ait
2108 5852 2168 5908 D.

2299 4878 2821 4953 Iialicarnassensis,
2855 4885 2925 4953 οἶν
2948 4884 3076 4953 περὶ
3106 4883 3165 4936 τὸ
3193 4884 3491 4938 Παλάντιον
3512 4884 3881 4953 διατρίϐοντες

2299 4950 2587 5021 ἐπίκλησιν
2614 4950 3067 5041 ἔθεντοιΛρύπαν.
3092 4955 3246 5041 Ἐστι
3277 4955 3333 5007 δὲ
3370 4954 3530 5008 τοῦτο
3572 4950 3882 5022 Ἑλληνικόν

2299 5036 2355 5041 __
2396 5022 2483 5041 ,ηλ
2548 5023 2765 5041 ,,ην.,η
2988 5027 3009 5040 .
3350 5024 3360 5038 .
3559 5024 3570 5041 .
3628 5026 3671 5041 ..
3805 5026 3849 5041 μ.

2298 5036 2359 5071 τε
2394 5022 2501 5093 καὶΔ
2531 5023 2767 5093 Δἀρχαῖθν
2796 5023 3039 5093 enipi-rati;
3066 5023 3494 5093 μισθαρνούσαις
3517 5024 3584 5077 τὰ
3628 5026 3881 5093 Ἀφροδί-

2277 5106 2395 5145 .σια
2425 5090 2735 5158 τιθέμενον,
2761 5092 2815 5144 αἳ
2844 5092 2939 5163 νῦν
2974 5090 3390 5163 εὐπρεπεστέρᾳ
3444 5093 3636 5160 κλήσει
3663 5090 3877 5162 ἑταῖραι

2306 5160 2852 5232 πρθσαγθρεύονταιη
2893 5161 2992 5232 Cui
3042 5160 3429 5232 (Laurentiae)
3480 5164 3543 5215 ob
3603 5160 3878 5231 vulgatum

2338 5229 2569 5282 uondant
2608 5247 2796 5297 corpus
2829 5231 3071 5315 Palatigi
3129 5229 3541 5314 montisincolw
3591 5229 3879 5315 cogito-men

2338 5246 2565 5282 uonaant
2608 5247 2796 5297 corpus
2829 5246 3070 5284 Patattm
3129 5246 3321 5286 montis
3353 5246 3541 5286 mcotw
3591 5250 3878 5302 cognomen

2300 5246 2462 5366 Ἄκρας
2515 5300 2839 5371 indiderunt.
2883 5302 2970 5371 Ea
3011 5299 3208 5354 ercis
3252 5304 3427 5369 prisca
3465 5313 3542 5354 est
3592 5304 3878 5371 appellatio

2301 5370 2531 5422 venalem
2558 5370 2874 5434 voluptatem
2931 5369 3211 5453 Veneream
3256 5369 3714 5453 p'rostit‘ttentium;
3743 5388 3877 5453 quas

2301 5455 2439 5490 nunc
2501 5442 2815 5504 speciosiore
2873 5443 3124 5493 vocabulo
3180 5441 3631 5509 étaipaglquihi
3668 5445 3875 5495 amicas

2300 5518 2353 5560 et
2400 5511 2650 5577 sodales)
2681 5525 2862 5563 vocare
2890 5511 3078 5563 solent.
3139 5510 3377 5564 Sanctus
3414 5510 3789 5580 Hieronymus
3818 5515 3874 5565 in

2296 5577 2932 5663 Clu-quieo“Eusebiano
2970 5598 2982 5632 :
3027 5580 3158 5663 Quia
3217 5581 3233 5649 (
3279 5577 3633 5662 Laurentia)‘
3665 5594 3876 5663 propter

2299 5648 2747 5707 pulchritudinem
2799 5660 2847 5701 et
2896 5648 3243 5714 raparitateut
3309 5652 3547 5715 corporis
3578 5648 3870 5717 qua’stnosi

2294 5717 2439 5785 Lupa
2473 5736 2503 5771 a
2534 5719 2718 5771 vicinis
2749 5719 3135 5784 appellabatur.
3179 5718 3326 5773 Unde
3380 5722 3447 5771 ad
3485 5731 3718 5772 nostram
3770 5737 3869 5775 nte-

2292 5790 2511 5843 moriam
2556 5789 2885 5843 meretricum
2916 5789 3117 5843 cellnlm
3152 5791 3440 5859 lupanaria
3467 5788 3741 5843 dicuntur.
