4256 6452
315 444 380 507 57
1376 451 1781 512 PROLEGOM
1794 452 1942 513 ENA
1994 455 2095 515 AD
2132 455 2521 517 MALALAM.
3511 457 3582 521 53

317 560 515 630 quain
542 557 744 614 Nostro
774 559 938 613 simul
969 568 1021 613 et
1057 559 1310 613 Pa--rhali
1342 574 1668 627 occurrunt,
1699 582 1896 635 quam-
1927 571 1967 625 Α
2003 566 2161 635 plura
2223 566 2567 636 supersedeo
2608 566 2745 637 (75)
2802 568 2893 621 hic
2938 567 3283 632 describere,
3325 564 3478 639 [ιιι]
3511 583 3580 625 no

309 653 393 707 vis
428 653 626 723 partim
662 651 729 707 ad
751 652 975 706 verbum
1005 653 1368 719 Conveniunt,
1402 657 1678 709 habemur
1707 672 1887 711 tamen

309 744 452 815 apud
488 743 754 798 Paschale
799 745 1061 797 nonnulla
1101 761 1224 813 qua?
1256 747 1406 799 nulla
1442 748 1611 800 \‘cl'vi
1650 748 1732 803 vel
1774 760 1893 805 arte

304 852 372 891 ex
405 834 611 890 Nostro
679 837 961 905 potuerint
1011 837 1160 889 elit-i.
1198 837 1251 889 iu
1284 838 1564 907 aliquilms
1608 842 1892 895 narratio-

310 928 497 991 nibus,
531 935 589 980 ut
618 927 672 981 in
697 928 809 1004 illis
840 927 908 980 de
944 927 1327 980 Valentiniani
1364 930 1428 980 ad
1459 930 1752 998 imperium
1782 933 1893 985 eic-

308 1020 553 1081 vationc,
617 1018 685 1074 de
741 1017 929 1088 pluvia
992 1018 1246 1072 cinerum
1308 1021 1412 1072 sub
1452 1018 1658 1081 imaue.
1711 1022 1893 1090 deque

310 1120 484 1166 morte
511 1109 735 1178 Justini,
763 1126 872 1181 quo
911 1124 1101 1165 mense
1127 1126 1235 1181 quo
1264 1110 1355 1165 die
1388 1113 1723 1181 contigerint
1748 1113 1889 1184 apud

309 1206 571 1262 Paschale
634 1205 914 1260 memoriae
994 1204 1384 1277 consignatur,
1426 1221 1553 1259 eum
1611 1216 1793 1259 tamen
1827 1206 1892 1260 de

310 1307 557 1368 tempore
592 1297 738 1368 apud
767 1295 1031 1352 Nostrum
1068 1298 1276 1351 mentio
1305 1298 1478 1351 nulla.
1510 1296 1655 1363 Quin
1683 1305 1736 1352 et
1760 1306 1891 1352 sunt

306 1408 427 1462 qum
485 1392 598 1461 (τε)
641 1390 1027 1461 conjiciuntur
1070 1390 1220 1460 apud
1269 1388 1538 1445 Paschale
1589 1390 1655 1443 ad
1707 1401 1891 1445 certos

308 1501 480 1541 annos
511 1483 717 1556 [uix]
749 1492 803 1539 et
849 1492 1036 1538 certos
1086 1483 1438 1546 consulatus,
1468 1497 1609 1553 quas
1643 1482 1710 1536 ad
1749 1484 1891 1538 alios

305 1577 630 1633 Consulatus
676 1575 848 1631 fuisse
878 1574 1200 1630 referendas
1232 1590 1299 1630 ex
1341 1573 1548 1629 Nostro
1569 1576 1699 1646 quis
1730 1574 1891 1630 facile

305 1671 644 1739 collegisset.
707 1670 821 1734 Sic,
857 1669 1095 1740 exempli
1124 1671 1327 1741 gratia,
1350 1685 1476 1739 quae
1502 1669 1667 1723 habet
1695 1669 1892 1723 Noster

304 1762 375 1817 de
416 1762 569 1815 urbis
602 1760 1117 1829 Constantinopolis
1153 1750 1561 1822 exstructione.
1611 1775 1674 1814 ea
1716 1761 1892 1829 conji-

304 1856 535 1910 ciuntur
587 1853 733 1922 apud
774 1854 1041 1909 l‘ascbale
1077 1852 1145 1907 ad
1174 1851 1423 1909 Januarii
1457 1861 1512 1907 et
1564 1851 1710 1907 Justi
1753 1869 1890 1907 con-

1998 659 2187 712 lectori
2249 659 2446 729 judicii
2493 660 2793 713 limatioris
2845 658 3069 715 fastidio
3113 660 3239 716 sim.
3274 659 3350 713 Ex
3384 660 3581 730 hujus-

1994 751 2141 803 modi
2173 765 2305 803 sane
2331 748 2619 803 Mustaceis
2650 750 2945 803 laureolam
2977 766 3089 805 non
3122 764 3335 820 quaero.

2070 841 2357 897 XXXVIII.
2417 841 2508 896 Sic
2535 858 2599 895 ex
2656 844 2823 898 dit-tis
2887 844 3029 914 (nisi
3077 845 3318 899 maxime
3375 843 3580 909 fallor)

1994 938 2339 1007 apertissime
2369 937 2649 1005 colligitur
2667 936 2733 991 de
2761 944 2922 990 aetate
2947 936 3363 1006 chronographi
3404 938 3577 992 nostri

1994 1031 2131 1083 nihil
2171 1030 2347 1085 astrui
2388 1043 2555 1098 posse
2596 1044 2663 1082 ex
2725 1044 2791 1082 eo
2824 1029 2969 1097 quod
3021 1029 3377 1097 reperiantur
3434 1028 3578 1099 apud

1992 1120 2288 1175 Chroniron
2348 1118 2609 1175 Patr/tale
2665 1134 2795 1173 cum
2862 1120 3019 1173 illius
3062 1120 3483 1175 narrationibus
3508 1118 3576 1173 ad

1993 1214 2221 1267 verbum
2269 1212 2659 1269 consonantia.
2726 1209 2805 1264 Ne
2840 1211 2910 1265 ab
2942 1212 3129 1280 aliquo
3153 1220 3420 1282 praeterea
3458 1220 3576 1265 tra-

1993 1306 2153 1360 hatur
2178 1307 2232 1359 in
2261 1314 2674 1375 argumentum,
2702 1304 2846 1374 quod
2870 1305 2937 1360 de
2958 1305 3125 1359 rebus
3154 1320 3278 1374 qua:
3306 1305 3577 1360 vetustio-

1992 1415 2084 1454 res
2108 1398 2424 1463 videantur,
2461 1406 2726 1468 tanquam
2757 1413 2934 1467 usque
2965 1397 3034 1450 ad
3063 1412 3219 1452 suam
3257 1399 3575 1450 memoriam

1994 1491 2430 1564 perdurantibus
2452 1491 2752 1561 loquatur;
2786 1491 2877 1544 hic
2915 1493 3186 1544 monitum
3220 1489 3377 1542 velim
3411 1488 3579 1542 lecto-

1992 1601 2131 1647 rem,
2179 1600 2287 1638 uon
2345 1584 2497 1639 illius
2543 1583 2742 1654 ipsius.
2802 1581 2899 1636 sed
2958 1590 3246 1636 auctorum
3299 1579 3578 1657 quos.ille

1992 1686 2222 1733 secutus
2286 1686 2394 1742 est,
2448 1692 2569 1731 esse
2615 1674 2802 1729 omnia
2866 1674 2993 1740 ista,
3022 1673 3129 1736 ἕως
3162 1672 3309 1743 ἄρτι,
3361 1681 3414 1726 et
3471 1670 3578 1733 ἕως

1990 1770 2088 1839 τῆς
2111 1769 2225 1833 νῦν,
2262 1777 2317 1821 et
2356 1768 2581 1831 similia,
2626 1782 2747 1835 quae
2789 1766 2952 1819 toties
2982 1766 3211 1834 repetita
3249 1770 3573 1818 occurrunt.

1994 1861 2107 1916 lloc
2131 1879 2194 1916 ex
2262 1861 2372 1914 illis
2426 1873 2549 1927 quae
2603 1855 2830 1927 jamjam
2891 1856 3258 1912 disseruimus
3298 1870 3459 1909 nemo
3492 1864 3578 1909 est

305 1946 702 2015 sulatum,qu:e
720 1952 901 1998 tamen
923 1958 951 1996 a
971 1942 1177 1998 Nostro
1201 1942 1456 1998 disertim
1482 1940 1794 1999 referuntur
1822 1942 1888 1997 ad
1925 1936 1964 1990 B
1993 1954 2085 2024 qui
2119 1970 2227 2009 ηοη
2251 1952 2410 2008 facile
2438 1948 2744 2022 conegeril,
2772 1958 2827 2003 ει
2858 1948 2998 2004 mem
3021 1963 3084 2004 ει
3116 1946 3397 2018 plerisque
3427 1946 3576 2017 ipso.

304 2036 656 2092 consulatum
688 2032 958 2088 Gallicani
984 2041 1039 2087 et
1069 2032 1413 2104 Symmachi.
1439 2032 1534 2089 llis
1556 2034 1697 2090 adde
1744 2034 1889 2103 quod

308 2130 420 2184 ista
450 2126 703 2182 narratio
733 2141 854 2196 quae
888 2124 1214 2179 habeturde
1233 2124 1378 2196 Cyro
1405 2124 1670 2189 Patricio,
1694 2142 1892 2196 quam-

311 2220 393 2275 vis
450 2218 574 2273 aliis
614 2217 668 2271 in
730 2217 983 2288 partibus
1012 2232 1245 2287 prorsus
1287 2218 1485 2273 eadem
1526 2220 1695 2273 verba
1746 2219 1895 2273 exhi-

308 2312 456 2372 beat,
490 2309 836 2364 aMalaliana
907 2321 1093 2368 tamen
1156 2309 1211 2364 in
1248 2309 1532 2379 aliquibus
1571 2311 1710 2366 locis
1767 2312 1893 2366 lon-

305 2402 560 2474 giuscule
623 2401 853 2456 recedit.
888 2400 983 2455 Sic
1031 2402 1216 2472 plura,
1246 2402 1391 2471 apud
1421 2401 1690 2458 Paschale
1721 2420 1890 2474 quam

312 2496 368 2549 in
402 2492 607 2549 Nostro
628 2493 886 2563 leguntur
906 2491 972 2547 de
1002 2492 1111 2547 isto
1143 2500 1464 2547 terraamotu
1493 2496 1893 2550 Constantino-

306 2588 576 2660 politano,
606 2588 698 2658 qui
730 2586 836 2641 sub
862 2585 1098 2655 imperio
1127 2583 1429 2641 Theodosii
1455 2585 1709 2642 Junioris
1742 2590 1892 2643 acci-

306 2684 490 2745 debat,
510 2691 565 2734 et
594 2681 649 2734 in
676 2680 779 2734 ista
806 2679 1066 2734 similiter
1086 2680 1409 2733 narratione
1431 2680 1801 2748 quaeltabetur
1825 2680 1893 2735 de

307 2774 511 2844 oppido
537 2771 729 2827 Daras.
769 2769 843 2825 De
872 2770 977 2825 hac
1006 2777 1272 2841 praaterea
1296 2771 1619 2826 narratione
1645 2772 1894 2826 animad-

308 2874 524 2920 vertere
584 2863 735 2926 licet,
766 2862 869 2915 hoc
904 2860 1071 2916 modo
1102 2861 1353 2930 incipere
1375 2860 1690 2930 periocham
1725 2881 1738 2916 :
1770 2863 1892 2917 Ὅτι

308 2958 337 3013 ὁ
366 2957 616 3028 βασιλεὺς
648 2952 1025 3019 Ἀναστάσιος,
1048 2961 1181 3021 etc.,
1209 2954 1301 3008 ubi
1334 2955 1439 3010 ista
1489 2957 1777 3025 particula,
1809 2958 1891 3013 ὃτι

311 3052 494 3122 (utet
555 3048 785 3105 adnotat
824 3048 1193 3118 Dul'resnius)
1232 3048 1610 3119 liquidissimo
1668 3051 1892 3106 videtur

310 3143 735 3204 demonstrare,
811 3142 1149 3212 descriptam
1215 3140 1389 3197 fuisse
1442 3141 1760 3212 periocham
1825 3158 1890 3197 ex

312 3234 678 3291 Historiarum
737 3232 1082 3289 Collectione
1131 3233 1344 3303 aliqua,
1376 3250 1499 3304 quae
1530 3233 1651 3288 loca
1696 3250 1761 3289 ex
1804 3235 1887 3288 hi-
1914 3270 1958 3325 Ω

308 3326 720 3397 storiographis
754 3327 1014 3394 excerpta
1043 3326 1371 3380 continebat
1402 3341 1415 3377 :
1453 3325 1635 3395 qualis
1657 3336 1741 3380 est
1762 3325 1888 3380 Col-

306 3420 475 3475 leclio
537 3418 892 3473 Constantini
928 3416 1269 3487 Porphyrog.
1299 3419 1448 3485 ;imp.
1512 3416 1588 3471 De
1608 3417 1890 3471 virtutibus

305 3520 355 3565 et
406 3510 568 3572 vitiis,
631 3520 683 3563 et
713 3508 888 3562 altera
949 3507 1041 3560 illa
1083 3506 1336 3574 ejusdem
1392 3505 1469 3558 De
1495 3507 1887 3576 legationibus;

305 3599 490 3668 qualia
520 3606 650 3652 sunt
671 3597 839 3651 etiam
871 3596 1222 3650 Collectanea
1248 3592 1520 3648 Pbotiana
1552 3610 1619 3649 ex
1642 3594 1887 3651 Historia

302 3692 492 3747 cedes.
524 3689 905 3757 Philoslorgii,
939 3688 1184 3756 aliisque
1208 3686 1586 3755 antiquiorum
1619 3688 1887 3757 operibus

306 3784 447 3853 apud
509 3782 633 3853 ejus
682 3781 1130 3846 Bibliothecam;
1204 3786 1265 3832 ut
1322 3786 1375 3833 et
1414 3779 1507 3833 illa
1582 3776 1888 3851 Nicephori

302 3875 513 3931 Callisti
534 3890 655 3945 qua:
673 3874 947 3927 habentur
967 3887 1101 3927 mss.
1123 3873 1266 3926 inter
1282 3871 1505 3927 codices
1529 3870 1732 3937 Oxon.,
1751 3874 1889 3928 alia-

305 3984 413 4039 que
466 3967 754 4035 complura
799 3982 812 4018 :
850 3966 902 4018 iu
954 3962 1158 4031 quibus
1211 3964 1495 4033 praelium
1532 3965 1884 4033 particulam,

301 4062 406 4123 ὅτι,
468 4057 581 4113 fere
622 4057 857 4127 singula:
913 4056 1122 4111 habent
1161 4056 1457 4126 periochae.
1510 4054 1636 4111 llaac
1668 4057 1888 4111 abunde

304 4152 582 4211 suiliciant
605 4151 985 4204 narrationum
1009 4148 1281 4219 exempla.
1307 4147 1439 4213 Quzc
1458 4150 1563 4202 alia
1584 4159 1888 4203 occurrunt

1998 2065 2117 2102 rum
2155 2049 2405 2102 locorum
2437 2045 2653 2101 elicias.
2694 2042 2786 2097 Sic
2822 2042 3139 2111 huiusmodi
3195 2040 3393 2095 farinae
3436 2039 3579 2095 scri-

1998 2144 2252 2213 ptoribus
2290 2141 2420 2195 aliis
2480 2140 2618 2193 nihil
2686 2137 2862 2206 magis
2910 2136 3170 2189 usitatum
3206 2140 3261 2187 et
3302 2134 3575 2196 solemne,

1996 2254 2159 2305 quam
2219 2234 2493 2303 ejusmodi
2541 2230 2734 2301 judicii
2794 2229 2921 2283 mali
2964 2227 3186 2282 indiciis
3236 2226 3439 2292 scripta
3471 2239 3600 2280 sua-

1995 2329 2315 2398 tleturpare,
2372 2316 2624 2392 risuique
2655 2330 2710 2375 et
2750 2334 2969 2373 nausea:
3008 2319 3276 2371 lecturum
3314 2313 3575 2370 cordatu-

1997 2437 2115 2475 rum
2147 2434 2449 2488 exponere.
2492 2416 2605 2470 Hoc
2635 2413 2770 2467 viris
2824 2409 3061 2465 eruditis
3087 2416 3171 2463 sat
3203 2416 3418 2471 uotum,
3452 2403 3574 2475 opi-

2005 2527 2108 2567 nor
2134 2552 2148 2575 ,
2204 2524 2267 2563 ac
2306 2509 2693 2578 exploratum;
2726 2504 2820 2558 sed
2848 2516 2958 2556 non
3012 2502 3191 2555 solum
3228 2498 3415 2553 scribo
3444 2511 3576 2551 eru-

1996 2596 2342 2658 ditis:sunt
2399 2601 2586 2669 itaque
2639 2595 2889 2666 quaedam
2949 2592 3225 2647 aﬂercnda
3295 2590 3571 2660 exempla.

1996 2697 2149 2768 Apud
2186 2694 2523 2749 Dorotheum
2559 2688 2975 2761 supposititium
3033 2687 3087 2740 in
3122 2684 3349 2755 εδιτορδὶ
3374 2683 3439 2737 de
3468 2684 3576 2737 vita

1995 2798 2262 2857 morteque
2287 2784 2686 2854 prophetarum,
2745 2782 2813 2835 de
2853 2778 3089 2836 Jeremia
3128 2779 3180 2831 in
3220 2775 3457 2846 Egypto
3485 2789 3576 2829 se-

1998 2880 2171 2949 pulto,
2199 2877 2340 2931 etab
2364 2874 2637 2946 Egyptiis
2670 2873 2723 2926 in
2745 2886 2943 2942 magna
2972 2872 3330 2924 veneratione
3364 2868 3575 2933 habito,

1993 2969 2126 3038 quia
2159 2983 2255 3023 eos
2306 2981 2404 3037 per
2448 2981 2643 3035 preces
2687 2979 2717 3018 a
2754 2960 3165 3017 crocodilorum
3223 2960 3578 3014 inl‘estatio.:e

1996 3063 2313 3123 liberasset,
2352 3058 2544 3112 verbis
2588 3056 2773 3119 lactis,
2807 3055 3167 3125 subjnngitur
3197 3072 3209 3106 :
3248 3052 3395 3107 Unde
3419 3061 3577 3123 quot-

1992 3160 2117 3221 quot
2154 3148 2259 3203 Deo
2291 3157 2415 3201 sunt
2473 3146 2681 3216 ﬁdeles,
2718 3160 2892 3213 usque
2922 3144 3086 3197 hodie
3116 3143 3205 3196 illo
3241 3145 3292 3196 in
3323 3143 3438 3196 loco
3459 3149 3578 3212 pre-

1992 3259 2073 3297 ces
2104 3240 2357 3311 fundunt,
2391 3249 2499 3296 etc.
2525 3237 2659 3303 Qua:
2688 3242 2852 3291 verba
2904 3236 3185 3305 ipsissima
3219 3237 3575 3307 reperiuntur

1988 3328 2131 3398 apud
2183 3327 2485 3382 Chronico»
2524 3324 2717 3378 Pascit.
2759 3322 2826 3375 ad
2878 3322 3095 3393 Olymp.
3133 3340 3261 3384 va,
3301 3324 3392 3377 ubi
3429 3333 3575 3379 totus

1990 3419 2107 3475 fere
2132 3416 2399 3472 Dorothei
2438 3416 2660 3469 libellus
2685 3413 2891 3468 exseril
2918 3413 3053 3475 itur,
3090 3428 3198 3467 non
3236 3424 3421 3467 tamen
3449 3425 3575 3468 tan-

1992 3527 2159 3584 quam
2221 3510 2398 3572 illius,
2457 3490 2553 3563 sed
2601 3506 2826 3560 nomine
2884 3505 3005 3574 ejus
3048 3520 3388 3574 suppresso;
3431 3506 3575 3574 apud

1993 3586 2239 3663 libellum
2284 3604 2451 3658 etiam
2508 3601 2583 3655 De
2640 3600 2757 3655 vitis
2817 3598 3214 3667 prophetarum,
3247 3599 3341 3666 qui
3395 3597 3574 3652 sancti

1997 3694 2288 3767 Epiphanii
2349 3707 2555 3747 nomen
2622 3690 2881 3760 praefert;
2940 3704 3155 3742 necnon
3211 3687 3355 3756 apud
3404 3688 3575 3741 alium

1996 3802 2331 3859 anouymum
2413 3800 2519 3838 ms.
2591 3782 2664 3836 De
2730 3783 2989 3836 sea-decim
3070 3781 3332 3850 prop/telis
3394 3780 3447 3833 in
3496 3779 3577 3833 bi-

1997 3880 2278 3935 bliotheca
2350 3876 2517 3947 Regia
2600 3874 2876 3936 Parisina,
2954 3882 3008 3926 et
3069 3876 3395 3943 Symconcm
3466 3869 3577 3925 Lo-

1997 3973 2274 4043 gothetam
2310 3966 2488 4040 [Lm]
2523 3968 2576 4020 in
2606 3966 2882 4021 Chronico
2911 3981 3014 4020 tus.
3044 3980 3278 4035 quorum
3316 3964 3479 4018 verba
3518 3964 3574 4017 in

1998 4064 2238 4117 medium
2274 4061 2636 4131 proferuntur
2672 4076 2699 4112 τι
2736 4059 2956 4113 rlariss.
3017 4058 3307 4111 liniresuio
3338 4057 3390 4110 in
3421 4054 3579 4111 Notis

1999 4157 2066 4209 ad
2101 4154 2404 4210 Chronicon
2462 4152 2657 4205 Pasch.
2708 4152 3015 4205 Dorothcus
3064 4149 3206 4204 idem
3240 4150 3293 4203 in
3326 4150 3448 4203 loco
3484 4163 3579 4204 co-

1833 4270 2070 4326 NOTAE.

377 4364 491 4434 (72)
507 4369 637 4430 Quae
651 4363 813 4435 habet
837 4362 1037 4417 Noster
1059 4363 1127 4435 de
1144 4362 1646 4435 Hierosolymorum
1668 4380 1764 4434 per
1783 4365 1882 4419 Ti-

306 4448 419 4493 tum
449 4434 872 4504 expugnatione.
892 4434 1347 4504 eaconleruntur
1369 4434 1510 4503 apud
1530 4434 1792 4488 Paschale
1815 4436 1881 4489 ad

305 4502 947 4573 annum'Assumptionis
964 4502 1256 4557 Dominicze
1277 4502 1463 4564 xxxix.
1484 4516 1539 4558 et
1560 4504 1883 4573 Vespasiani

305 4578 481 4631 solius
502 4574 853 4627 consulatum
878 4574 1225 4643 εΤριακοστῷ
1240 4576 1445 4643 ἐννάτῳ
1461 4575 1591 4640 ἔτει,
1612 4583 1700 4628 etc
1732 4616 1746 4638 ,
1766 4591 1891 4631 cum

307 4655 493 4700 tamen
520 4646 573 4698 in
596 4643 795 4697 Nostro
828 4658 1087 4715 expresse
1106 4646 1463 4712 perhibeatur
1503 4647 1805 4715 contigisse
1837 4646 1889 4699 id

304 4727 520 4782 gestum
557 4729 721 4784 anuo_
748 4722 874 4784 post
935 4712 1221 4767 Christum
1287 4726 1634 4784 assumptum
1663 4712 1883 4769 'xuvtu

305 4780 608 4841 Commodo
626 4796 679 4837 et
694 4780 834 4854 Rufo
856 4797 999 4854 coss.
1016 4784 1108 4852 qui
1128 4784 1347 4850 quidem
1363 4780 1711 4839 consulatum
1739 4802 1893 4854 gere—

308 4858 697 4925 bant,auct9re
715 4853 1204 4925 (lassiodoro.post
1222 4863 1441 4924 captam
1459 4853 1890 4925 Hierosolymam

307 4924 565 4980 triennio.
598 4922 676 4977 De
700 4924 806 4977 illis
830 4922 1096 4977 Paschale
1127 4922 1358 4978 omnino
1406 4926 1551 4980 silet.
1572 4922 1744 4993 Cujus
1770 4941 1893 4978 nar-

309 4995 549 5050 rationis
582 5002 846 5061 praeterea
864 5008 991 5061 pars
1019 5009 1217 5057 magna
1241 4997 1293 5048 in
1318 4996 1508 5051 codice
1534 4996 1891 5050 Holsteniano

314 5066 431 5135 (uti
468 5072 595 5135 ante
629 5065 1470 5135 ostensumest)_desideralur.
1534 5066 1891 5119 Ad-euunlem

310 5133 521 5189 annum
576 5134 629 5185 in
694 5133 956 5187 Paschali
1012 5133 1248 5187 refertur
1307 5151 1435 5188 cum
1468 5135 1598 5205 Cyri
1670 5135 1891 5189 Patricii

308 5206 571 5275 dedecus,
610 5211 722 5256 tum
776 5211 1146 5275 terraetnotus,
1179 5207 1271 5269 qui
1308 5207 1615 5275 imperante
1645 5206 1895 5260 Theodo-

309 5277 393 5331 sio
426 5273 659 5327 .luniore
705 5274 970 5345 contigit.
1020 5273 1700 5345 (loustantinopolitauus,
1772 5285 1888 5329 tum
1927 5298 1933 5304 ε

311 5348 480 5399 etiam
508 5342 761 5414 narratio
796 5344 902 5394 alia
932 5344 1000 5414 de
1032 5342 1330 5399 Theodosii
1369 5342 1503 5414 iinp.
1538 5357 1737 5409 morte,
1768 5361 1891 5414 (Illi?

310 5415 471 5468 anuis
509 5413 752 5466 diversis
794 5413 1097 5481 contigisse
1140 5430 1248 5468 non
1289 5413 1529 5469 obscure
1578 5413 1893 5470 subindieat

309 5484 528 5538 Noster.
562 5481 817 5536 Narratio
854 5482 939 5553 Ade
978 5482 1203 5538 Zenone
1252 5487 1387 5553 imp.
1415 5501 1482 5540 ex
1508 5485 1719 5540 Isauria
1745 5487 1893 5539 Con—

310 5554 729 5621 stantinopolim
775 5550 1038 5605 redeunte
1076 5556 1129 5607 iu
1173 5550 1427 5608 Paschali
1468 5557 1772 5620 conjicitur
1824 5558 1890 5609 ad

307 5625 656 5696 i-nttsulatum
680 5623 755 5675 Illi
792 5638 804 5674 :
844 5622 1028 5696 Tovittp
1052 5624 1129 5692 τῷ
1160 5625 1291 5688 ἔτει,
1322 5637 1454 5690 etc.,
1486 5629 1626 5696 quod
1649 5637 1827 5680 tamen
1863 5644 1890 5678 a

309 5695 569 5765 Nostro__
602 5708 867 5765 expresse
926 5693 1133 5748 dicitur
1173 5698 1478 5765 contigisse
1506 5693 1517 5696 ⁷
1542 5695 1894 5750 Theoderico

312 5766 464 5824 (sive
528 5762 951 5835 Theoderirbo)
1016 5762 1369 5819 consulatum
1416 5780 1667 5835 gerente,
1730 5769 1892 5834 cujus

311 5835 637 5889 consulatus
690 5834 844 5907 juxta
892 5834 1077 5907 ipsum
1130 5837 1395 5889 l’ascbale
1426 5834 1479 5891 in
1511 5849 1729 5893 sextum
1766 5848 1890 5907 post

312 5921 517 5960 aurum
588 5906 841 5961 incurtit.
889 5905 975 5960 Sic
1018 5918 1266 5961 tlatratto
1331 5909 1431 5963 ista
1493 5926 1611 5979 qua:
1656 5905 1887 5965 habetur

1997 4364 2138 4431 apud
2177 4370 2494 4431 utrumque,
2528 4361 2595 4415 de
2647 4358 2881 4431 Tzatrhio
2922 4358 3191 4431 Laconum
3230 4372 3380 4431 rege,
3410 4355 3581 4431 refcr-

1994 4426 2083 4488 Iur
2115 4436 2167 4488 in
2223 4426 2570 4488 Pasclialiad
2601 4430 2949 4484 consulatum
3008 4427 3325 4500 Symmachi
3359 4426 3577 4500 e_t_Boe-

1993 4506 2091 4558 thii
2131 4506 2189 4557 ἐν
2219 4503 2395 4573 τούτῳ
2428 4501 2503 4572 τῷ
2533 4502 2730 4573 χρόνῳ,
2750 4510 2884 4563 etc.,
2918 4497 3259 4573 cumtamen
3285 4499 3350 4573 _i_n
3380 4497 3581 4573 Nostro

1998 4578 2183 4629 statim
2221 4567 2585 4627 ante'mentio'
2619 4567 2894 4623 habeatur
2929 4570 3255 4623 consulatus
3285 4567 3569 4633 Vitaliani,

1995 4648 2089 4714 qui
2140 4661 2266 4698 cum
2290 4658 2447 4698 anno
2477 4652 2604 4696 ante
2643 4641 2889 4696 secundo
2914 4641 3059 4710 apud
3093 4641 3275 4710 ipsum
3301 4638 3572 4695 Paschale

1996 4718 2369 4770 connectitur.

2068 4787 2182 4854 (73)
2242 4784 2376 4850 Qum
2437 4782 2698 4854 leguntur
2748 4778 2838 4854 ad»
2869 4776 3577 4854 itnperit'ianeveriapud

1994 4848 2293 4912 Chronicon
2336 4848 2596 4907 Pascliale
2656 4851 2724 4907 de
2758 4852 2895 4921 urbe
2950 4848 3243 4921 Byzantio,
3293 4848 3579 4921 Barbysio,

1995 4925 2277 4991 Phedalia,
2298 4932 2352 4978 et
2368 4923 2609 4977 Fortuna
2628 4923 2780 4976 urbis
2797 4920 2991 4993 Cerae,
3004 4919 3265 4993 quamvis
3283 4919 3581 4993 maximam

1996 5007 2212 5067 partem
2267 4989 2588 5067 habeantur
2622 4993 2785 5067 apud
2820 4989 3082 5045 Nostrum
3109 4990 3324 5067 eadem,
3358 4990 3581 5067 deside—

1998 5061 2152 5120 ratur
2199 5074 2384 5119 tamcn
2439 5063 2583 5132 apud
2622 5064 2781 5132 illum
2821 5077 3013 5115 eorum
3067 5075 3195 5129 pars
3245 5061 3395 5132 prior
3435 5061 3577 5132 satis

1996 5139 2232 5205 prolixa.
2274 5130 2453 5189 liabet
2474 5129 2695 5205 quidem
2738 5129 3022 5205 Nostemin
3048 5133 3158 5185 alio
3176 5131 3319 5205 loco,
3350 5129 3583 5205 de_Bar-

1997 5200 2176 5277 bysio,
2241 5200 2527 5268 Plicdalia,
2592 5204 2753 5277 Byza,
2789 5212 2845 5257 et
2883 5200 3129 5277 fortuna
3162 5201 3343 5277 urbis
3405 5202 3579 5254 tleroe

1998 5271 2281 5339 nonuulla,
2313 5277 2573 5329 nimirum
2598 5271 2653 5326 iu
2686 5289 2854 5342 regno
2886 5272 3235 5327 Constantini
3274 5271 3342 5323 Μ.
3369 5287 3385 5336 ;
3416 5281 3579 5342 caete-

1997 5364 2118 5400 rum
2172 5363 2236 5401 ea
2279 5361 2401 5416 quae
2446 5346 2500 5398 iu
2540 5340 3367 5416 Paschalidescribuntur,_non
3404 5340 3582 5416 fuisse

1996 5434 2060 5471 ex
2101 5419 2225 5471 istis
2253 5411 2567 5485 desumpta,
2602 5416 2895 5485 perspicue
2920 5414 2995 5485 illi
3028 5413 3312 5485 constabit
3361 5413 3454 5480 qui
3491 5411 3583 5485 illa

1998 5489 2142 5541 inter
2202 5504 2262 5541 se
2291 5482 2642 5541 contu—lerit':
2680 5482 2810 5539 sunt
2871 5484 3020 5537 enim
3062 5484 3178 5536 haec
3216 5492 3269 5536 et
3300 5483 3351 5534 in
3399 5482 3586 5536 verbis

1996 5560 2287 5612 dissimilia
2322 5569 2378 5611 et
2408 5558 2460 5609 in
2489 5558 2653 5609 rebus
2698 5555 3035 5621 copiosiora.
3066 5553 3216 5606 Adde
3251 5567 3416 5621 porro
3456 5564 3587 5605 nar-

1998 5631 2267 5682 rationem
2288 5643 2413 5699 quae
2433 5626 2747 5699 habeturde
2779 5624 3143 5699 Diogeniano,
3169 5632 3217 5677 et
3248 5623 3580 5699 Philoxeno,

1998 5716 2104 5751 una
2138 5717 2261 5752 cum
2294 5694 2505 5767 Apionc
2533 5713 2561 5749 a
2607 5694 2829 5750 Justino
2871 5694 3000 5765 iiup.
3035 5695 3103 5749 ab
3126 5695 3329 5767 exsrlio
3358 5707 3583 5747 revoca-

1998 5781 2067 5821 tis
2096 5788 2108 5831 ;
2147 5770 2200 5821 iu
2233 5764 2521 5838 qua—apud
2554 5767 2821 5821 Paschale
2846 5764 3197 5835 appellamur
3254 5764 3331 5838 illi
3368 5778 3582 5816 εει-ηια-

1995 5840 2150 5907 ςίὶδινὶ
2188 5856 2205 5892 ;
2234 5856 2358 5893 cum
2393 5836 2571 5893 tamen
2600 5858 2625 5893 δ
2665 5838 2853 5892 :‘ialala
2888 5849 3171 5891 senatores
3224 5836 3401 5890 solum
3437 5849 3580 5888 nuu-

1998 5922 2291 5983 cupenlur.
