4256 6452
675 409 749 474 50

1963 415 2376 478 HUMFREDI
2445 417 2666 477 HODII

3867 416 3940 479 οη

678 521 803 575 dem
851 518 1043 589 Ἡμεῖς
1072 520 1128 574 δὲ
1161 517 1417 592 (inquit)
1465 523 1808 594 ἠκούσαμεν,
1843 535 1951 578 etc.
1995 524 2109 579 Nos
2143 542 2262 579 vero
2293 531 2334 585 Α
2366 526 2402 578 le

2366 523 2718 594 legationibus
2767 521 3127 578 Romanorum
3171 520 3240 574 ad
3271 531 3479 576 exteros
3499 563 3514 587 ,
3541 537 3664 591 quae
3694 522 3937 580 nondum

679 626 746 664 ex
785 612 1035 682 Antigoni
1070 624 1120 665 et
1155 611 1430 666 Ptolemaei
1467 615 1712 681 posteris,
1755 615 1880 668 viris
1930 627 2086 668 wtate
2125 632 2256 685 grao

681 701 847 764 uibus,
899 704 1219 768 accepimus,
1289 703 1656 756 Alexandrum
1720 702 2100 766 Macedonem,
2149 714 2254 759 etc.

680 792 817 857 Quae
878 799 931 845 et
963 792 1238 860 ipsissinia
1289 795 1664 863 reperiuntur,
1724 797 1882 864 quasi
1926 797 2124 866 singuli
2155 796 2258 866 ipsi

685 885 791 936 ista
821 881 1182 946 audivissent.
1218 885 1360 954 apud
1405 883 1703 940 Chronicon
1738 885 2023 963 [fasc/mle,
2070 898 2260 942 aucto-

683 989 800 1027 rem
823 974 1164 1029 citatilibelli
1197 991 1300 1028 ms.
1335 975 1408 1028 De
1427 978 1691 1030 sexdecim
1716 979 2002 1045 prop/ictis,
2030 986 2083 1031 et
2108 994 2262 1030 eum-

682 1060 808 1117 dem
837 1062 1147 1134 Symeonem
1201 1064 1568 1134 Logothetam.
1611 1069 1770 1137 Apud
1799 1070 2051 1123 eunidem
2086 1068 2262 1137 Lugo-

683 1155 927 1220 thetain,
979 1155 1279 1210 Chronicon
1318 1157 1517 1214 Pascit.
1564 1169 1612 1214 et
1650 1161 2260 1228 Pseudo-Epiphanium

688 1247 1049 1301 inveniuntur
1077 1258 1130 1302 et
1167 1250 1273 1303 ista
1301 1249 1806 1305 Pseudo-Dorothei
1833 1293 1847 1316 ,
1897 1253 1961 1306 de
1991 1252 2265 1323 Egyptiis

682 1337 746 1391 in
801 1338 993 1392 eodem
1048 1340 1276 1408 capite:
1329 1341 1662 1410 Quapropter
1752 1342 1818 1395 ad
1893 1343 2039 1396 hunc
2092 1360 2267 1414 usq'c

688 1427 836 1482 diem
871 1438 926 1481 ut
958 1427 1113 1482 deum
1158 1432 1338 1484 colunt
1402 1431 1665 1502 Virginem
1717 1450 2054 1501 puerperam,
2105 1445 2151 1488 et
2185 1438 2267 1489 in-

686 1520 892 1588 fantem
919 1522 973 1575 in
1012 1523 1234 1591 prwsepi
1293 1524 1564 1578 adorant:
1614 1536 1673 1578 ut
1707 1536 1761 1579 ct
1805 1529 1908 1578 alia
1949 1528 2068 1580 lora
2112 1529 2266 1594 plura

687 1609 1032 1664 consimilia.
1081 1609 1267 1680 Neque
1318 1615 1548 1667 multum
1600 1615 1823 1684 quidem
1856 1616 2073 1670 videtur
2105 1620 2269 1672 dubi-

687 1701 920 1755 tandum
974 1703 1107 1772 quin
1161 1711 1214 1758 et
1247 1704 1364 1774 ipse
1408 1703 1961 1762 Pseudo-Dorotheus
2011 1710 2268 1777 pi'aadicta

695 1793 814 1846 loca
863 1808 932 1847 ex
976 1795 1302 1851 auctoribus
1333 1795 1399 1849 ad
1432 1797 1663 1850 verbum
1712 1799 2097 1868 cxscripserit.
2134 1801 2267 1854 Eum

2359 618 2579 684 vulgata
2633 625 2799 677 sunt,
2851 615 3125 668 habentur
3169 612 3417 682 quadam
3465 612 3719 681 ejusdem
3773 625 3940 681 argu-

2360 706 2533 760 menti
2594 722 2658 761 ex
2707 705 2953 759 Historia
3014 704 3233 774 Georgii
3293 703 3549 759 monachi
3596 704 3938 771 llainartoli,

2360 795 2455 865 qui
2516 805 2640 866 post
2703 796 2946 850 medium
2993 795 3180 849 saculi
3233 795 3365 848 noni
3435 792 3732 850 Historiam
3779 811 3940 850 suam

2361 885 2677 938 adOrttavit.

2435 972 2549 1027 XL.
2599 973 2835 1040 Jamque
2883 986 3024 1044 Opus
3076 972 3276 1042 exegi,
3331 971 3551 1027 erudite
3603 969 3828 1040 Lector,
3874 971 3943 1028 de

2362 1075 2526 1119 relate
2571 1064 2999 1134 Clu-ouographi
3048 1063 3269 1126 nostri;
3324 1063 3489 1131 quale
3521 1062 3656 1116 sane
3705 1077 3811 1117 non
3842 1079 3944 1117 au-

2364 1157 2520 1213 deam
2568 1158 2788 1221 dicere,
2838 1171 3017 1224 neque
3067 1162 3196 1208 ante
3247 1150 3407 1207 velini
3462 1153 3691 1208 lidenter
3734 1155 3942 1225 aliquid

2366 1251 2699 1312 decernere,
2732 1264 2895 1317 quam
2927 1247 3056 1300 mihi
3095 1247 3205 1301 sint
3231 1245 3600 1316 suﬂragatura
3631 1248 3942 1304 doctiorum

2362 1341 2595 1411 judicia.
2633 1340 2900 1409 Longum,
2934 1338 3131 1403 fateor,
3180 1347 3234 1392 ct
3279 1339 3552 1408 prolixum
3581 1340 3764 1409 exegi,
3800 1355 3945 1409 quo-

2367 1449 2474 1502 que
2522 1433 2695 1483 multo
2736 1429 3082 1485 contractius
3139 1429 3378 1482 fortasse
3450 1438 3506 1482 tu
3560 1440 3843 1498 optasses;
3891 1438 3947 1483 at

2371 1520 2643 1590 triplicem
2680 1520 2900 1589 quidem
2938 1518 3009 1571 oh
3052 1533 3277 1571 causam
3324 1518 3639 1572 consultum
3670 1519 3799 1572 duxi
3834 1529 3944 1572 tam

2371 1611 2480 1664 late
2532 1619 2584 1663 et
2628 1611 2749 1662 fuse
2793 1607 2861 1663 de
2901 1609 3053 1662 illius
3101 1616 3264 1660 atate
3305 1609 3752 1677 disquisitionem
3787 1611 3948 1665 insti-

2370 1713 2549 1760 tuere.
2599 1703 2810 1768 Primo,
2864 1705 2995 1773 quia
3047 1718 3169 1772 qua:
3206 1717 3308 1757 nos
3341 1705 3663 1768 statuimus,
3701 1720 3825 1758 cum
3861 1722 3949 1759 re-

2375 1806 2546 1865 ceptae
2598 1795 2777 1865 ipsius
2827 1795 3143 1863 interpretis
3206 1802 3260 1848 et
3307 1793 3546 1848 virorum
3592 1796 3823 1848 aliorum
3853 1798 3950 1847 ilo-

692 1884 906 1940 audisis
949 1885 1004 1940 in
1039 1884 1161 1940 Vita
1209 1885 1360 1942 Isaia:
1399 1887 1625 1955 (Latine
1677 1863 1963 1946 brevitatis
1994 1893 2204 1962 causa)
2253 1913 2265 1948 :
2305 1863 2346 1920 Β
2375 1863 2591 1944 ctorum
2623 1863 2918 1943 sententia:
2962 1889 3334 1957 rell-agentur,
3388 1889 3717 1942 videbantur
3747 1889 3954 1944 debere

693 1975 916 2041 Quoties
955 1978 1121 2048 igitur
1145 1996 1249 2032 una
1283 1996 1399 2032 cum
1433 1978 1584 2033 Isaia
1625 1981 1896 2035 veniebant
1930 1983 2030 2052 (ad
2064 1983 2268 2038 Siloam

688 2067 904 2139 Judtci)
951 2081 1005 2124 ut
1048 2090 1242 2140 aquant
1288 2073 1581 2134 haurirent,
1630 2075 1726 2127 illa
1775 2077 1988 2140 exibat;
2040 2077 2179 2131 unde
2205 2077 2272 2131 ad

698 2159 848 2213 hunc
880 2176 1055 2228 usque
1105 2162 1248 2214 diem
1297 2162 1349 2214 in
1384 2163 1565 2230 magni
1614 2165 1864 2216 miraculi
1908 2172 2273 2233 argumentum

696 2252 987 2303 etiamnum
1021 2251 1194 2304 subito
1243 2254 1491 2320 erumpit.
1548 2253 1841 2323 Postquam
1875 2266 2051 2309 autem
2099 2256 2151 2307 id
2184 2272 2276 2325 per

701 2341 907 2394 Isaiam
957 2356 1230 2409 peractum
1273 2353 1380 2407 est,
1439 2345 1578 2397 hunc
1625 2347 1902 2414 magniﬁce
1943 2363 2006 2400 ac
2045 2349 2276 2400 stuzliose

695 2436 859 2504 juxta
899 2434 1104 2488 Siloam
1159 2434 1470 2488 Judtcorum
1520 2437 1748 2506 populus
1797 2438 2022 2506 sepeliit,
2078 2449 2134 2490 ut
2161 2439 2275 2507 ejus

692 2525 939 2594 precibus
998 2543 1149 2595 aqua:
1193 2528 1408 2594 perinde
1461 2529 1616 2597 copia
1673 2531 1742 2582 iis
1785 2539 2104 2597 suppeteret,
2157 2547 2277 2584 cum

700 2628 955 2686 praeterea
988 2629 1044 2671 ut
1085 2621 1160 2671 ita
1192 2629 1428 2687 agerent,
1474 2635 1539 2673 ex
1585 2621 1805 2674 oraculo
1854 2622 1919 2675 iis
1959 2633 2278 2690 prwceptnm

693 2719 857 2764 esset.
885 2708 1038 2764 lucet
1085 2722 1263 2764 autem
1315 2711 1432 2779 ejus
1479 2713 1959 2781 sepulcrumjuxta
1992 2731 2168 2784 regum
2194 2727 2279 2768 tuo

701 2805 898 2856 inulas.
940 2803 1194 2858 Solomon
1225 2805 1414 2873 quippe
1452 2803 1671 2858 Davidis
1701 2806 1939 2872 sepulcra
1973 2809 2046 2859 ita
2077 2809 2277 2861 consti-

699 2898 830 2958 tuit,
883 2905 940 2948 ut
991 2895 1198 2950 Orienti
1247 2895 1378 2950 Sion
1421 2897 1862 2958 obversarentur,‘
1902 2913 2020 2964 que
2072 2897 2278 2949 aditum

703 2984 858 3040 liabet
903 3003 936 3039 a
972 2985 1194 3041 Gabaou
1248 2988 1436 3055 procul
1480 2991 1545 3042 ab
1587 2989 1738 3050 urbe,
1785 2989 1977 3043 stadiis
2007 3005 2096 3054 xx,
2129 3005 2279 3059 quem

701 3076 917 3146 quidem
961 3077 1168 3130 aditum
1204 3078 1474 3148 obliquum
1519 3096 1582 3132 ac
1622 3080 1885 3132 occultum
1929 3082 2008 3132 ita
2059 3080 2280 3148 confecit

2376 1980 2691 2034 conlirmari
2725 1989 2933 2049 quanto
2972 1976 3213 2033 maximo
3245 1989 3469 2049 possent
3501 1989 3952 2051 argumentorum

2376 2072 2607 2127 robore:
2636 2087 2702 2126 ne
2735 2072 2922 2126 lorsan
2961 2072 3246 2127 nonnullis
3278 2071 3592 2126 videremur
3646 2075 3956 2129 arundinea

2375 2180 2506 2220 ense
2537 2179 2767 2235 magnos
2800 2171 2854 2220 el
2896 2163 3156 2218 robustos
3192 2163 3344 2218 viros
3379 2163 3661 2233 impetisse
3686 2203 3701 2227 ,
3744 2175 3798 2219 et
3839 2165 3952 2236 cly-

2377 2270 2480 2325 peo
2529 2271 2681 2310 mere
2726 2267 3036 2325 papyraceo
3083 2268 3276 2308 eorum
3329 2256 3474 2308 ictus
3505 2258 3810 2326 excepisse.
3849 2257 3956 2310 Νο-

2376 2362 2486 2416 que
2506 2345 2679 2400 defuit
2713 2361 2878 2416 porro
2911 2346 3013 2414 ipsi
3061 2346 3298 2409 auctori,
3339 2347 3484 2415 quod
3536 2348 3828 2400 maximam
3857 2363 3959 2400 no-

2377 2447 2548 2493 stram
2585 2437 2924 2508 diligentiam
2971 2445 3026 2491 et
3056 2436 3363 2507 deposcere
3418 2449 3471 2491 et
3504 2439 3699 2492 mereri
3734 2440 3960 2493 videba-

2380 2537 2504 2595 tur;
2557 2529 2833 2598 siquidem
2883 2528 3076 2583 nullus
3116 2530 3190 2583 sit
3230 2530 3469 2599 Scriptor
3503 2529 3829 2594 historicus,
3865 2549 3964 2586 cu-

2375 2619 2693 2689 juscunque
2730 2619 3021 2686 subsellii,
3069 2621 3204 2689 quin
3252 2621 3432 2691 magni
3483 2622 3741 2688 intersit,
3776 2638 3960 2677 rerum

2379 2712 2504 2767 scil.
2537 2713 2870 2766 traditarum
2924 2717 3379 2784 scriptorumque
3418 2711 3720 2767 citatorum
3753 2729 3963 2780 causa,

2380 2787 2528 2873 quod
2564 2805 2629 2857 ad
2655 2805 2920 2858 saeculum
2952 2805 3022 2858 sit
3061 2803 3458 2860 conferendus.
3506 2803 3570 2856 Et
3603 2805 3798 2857 turrim
3825 2805 3966 2862 ardia

2381 2896 2681 2950 licaturum
2711 2897 2840 2966 quis
2873 2897 3094 2966 sapiens
3122 2897 3397 2967 (precor)
3439 2896 3825 2965 imprudentia:
3866 2913 3968 2967 po.

2382 2989 2586 3056 stulat,
2638 2990 2784 3058 quod
2815 2987 2886 3043 de
2945 2988 3129 3058 primo
3179 2987 3528 3042 fundamenti
3581 2989 3800 3058 lapide,
3835 2989 3969 3042 licet

2384 3081 2477 3135 vili
2534 3082 2588 3134 in
2632 3097 2733 3135 sua
2778 3089 3009 3142 natura.
3050 3081 3144 3134 tibi
3189 3081 3262 3136 sit
3302 3080 3638 3149 jaciendus,
3687 3080 3970 3136 sollicitus

706 3178 765 3221 ut
815 3186 848 3221 a
889 3170 1094 3223 nemine
1139 3171 1522 3237 perciperetur,
1578 3171 1709 3224 adeo
1755 3181 1811 3222 ut
1869 3171 1984 3240 ejus
2032 3174 2282 3227 introitus
2312 3171 2506 3273 cesti
2537 3172 2764 3226 Accedit
2815 3172 2962 3242 quod
3015 3173 3107 3226 illa
3147 3187 3270 3243 qua:
3326 3172 3378 3226 in
3430 3172 3671 3227 medium
3729 3187 3757 3225 a
3807 3174 3968 3228 nobis

707 3261 872 3315 etiam
901 3261 1065 3316 hodie
1089 3263 1298 3331 ignotus
1335 3263 1403 3316 sit
1434 3263 1697 3332 plerisque
1727 3264 2095 3317 sacerdotibus
2130 3275 2286 3331 atque

709 3352 808 3404 toti
834 3352 1047 3420 populo.
1087 3352 1234 3414 Ἕως
1263 3352 1364 3422 τῆς
1387 3353 1630 3423 σήμερον
1659 3355 1770 3414 τοῖς
1797 3354 2013 3417 πολλοῖς
2063 3356 2290 3423 ἀγνοου-

715 3443 850 3514 μένη
904 3444 1015 3498 τῶν
1061 3444 1253 3515 ἱερέων
1296 3447 1390 3498 καὶ
1468 3444 1575 3515 ὅλῳ
1619 3443 1696 3515 τῷ
1738 3443 1876 3512 λαῷ.
1941 3445 2076 3511 Qua:
2125 3448 2289 3501 verba

713 3536 1042 3606 scriptorem
1071 3577 1086 3601 ,
1131 3537 1226 3607 qui
1276 3537 1483 3592 vixerit
1527 3543 1656 3591 ante
1710 3535 2023 3593 Juda‘orum
2055 3554 2085 3592 e
2114 3540 2290 3608 patria

713 3628 1172 3696 esstirpationem
1203 3669 1216 3691 ,
1271 3627 1531 3682 videntur
1594 3627 1823 3683 referre.
1872 3627 2158 3684 Habentur
2191 3645 2293 3683 au-

719 3732 826 3775 tem
849 3729 902 3776 et
933 3722 1094 3776 verba
1129 3721 1233 3775 ista
1256 3761 1270 3783 ,
1306 3738 1470 3792 usque
1495 3721 1672 3783 hodie,
1705 3737 1825 3790 qua:
1854 3722 1907 3775 in
1941 3724 2045 3776 hoc
2075 3739 2293 3792 quoque

720 3813 840 3866 loco
894 3812 982 3866 bis
1030 3819 1376 3875 occurrunt,
1433 3811 1578 3882 apud
1629 3810 1930 3867 Cltronicon
1992 3811 2291 3879 Pascliale,

720 3901 1363 3973 Pseudo-Epiphanium.
1409 3911 1464 3958 et
1513 3902 1914 3973 Logothetam;
1970 3921 2163 3975 nempe
2216 3907 2294 3960 lo-

720 4009 846 4048 cum
880 3995 1139 4050 similiter
1191 3995 1356 4050 istum
1402 4011 1470 4052 ex
1502 3995 2046 4057 Pseuilo-Dorotlico.
2079 3998 2174 4052 sed
2211 4006 2296 4052 ta-

720 4089 832 4140 cito
887 4090 1132 4150 nomine.
1184 4089 1589 4143 exscribentes.
1664 4087 1981 4142 Istiusmodi
2043 4089 2294 4159 exempla

722 4192 986 4235 sexcenta
1037 4183 1142 4234 alia
1191 4181 1335 4251 apud
1371 4180 1627 4246 Suidam,
1669 4181 1976 4236 Ccdrenum
2004 4222 2018 4245 ,
2050 4183 2298 4251 aliosque

723 4274 1027 4344 scriptores
1075 4275 1358 4328 minorum
1409 4273 1654 4343 gentium
1702 4282 1756 4326 et
1787 4274 1965 4328 astatis
1998 4274 2296 4342 sequioris,

725 4365 837 4420 illis
867 4365 1072 4434 passim
1103 4381 1160 4420 se
1193 4364 1357 4420 obvia
1385 4365 1597 4419 dabunt
1639 4365 1732 4433 qui
1781 4365 1953 4418 libros
1982 4365 2300 4433 diligentius

722 4473 852 4510 cum
888 4458 1073 4511 studio
1107 4466 1161 4510 et
1191 4457 1372 4510 fructu
1405 4457 1660 4511 evolvant
1693 4473 1705 4508 :
1743 4464 1803 4510 ut
1829 4457 2058 4509 dubium
2085 4459 2157 4511 sit
2185 4459 2302 4510 nul-

726 4550 839 4603 lum
872 4549 1004 4618 quin
1043 4547 1184 4600 idem
1216 4548 1284 4602 de
1310 4545 1511 4602 Nostro
1538 4547 1830 4601 dicendum
1864 4548 1957 4602 sit.

799 4641 996 4712 [Lxxn]
1039 4639 1284 4694 XXXIX.
1341 4640 1418 4694 Ne
1465 4639 1632 4694 alicui
1685 4655 1854 4708 porro
1907 4655 2008 4708 pro
2059 4640 2302 4695 auctoris

727 4734 904 4788 πιδεΤί
965 4735 1289 4799 antiquitate
1348 4739 1675 4802 argumento
1725 4732 1775 4784 id
1835 4746 1959 4785 esse
2024 4731 2298 4794 videatur,
2379 4743 2402 4759 ο

728 4825 876 4894 quml
912 4825 1060 4878 illius
1090 4823 1611 4894 Clironographiam
1656 4839 1833 4892 usque
1866 4823 2004 4877 adeo
2040 4824 2303 4892 dignatus

729 4922 805 4973 sit
835 4919 1236 4972 Constantinus
1257 4918 1458 4986 Porph.
1503 4918 1668 4987 imp.,
1715 4926 1775 4970 ut
1819 4924 2081 4986 excerpta
2115 4932 2177 4972 ex
2213 4917 2306 4970 illa

730 5013 876 5064 inter
916 5009 1150 5080 Eclogas
1185 5025 1316 5063 suas
1357 5017 1689 5079 reponeret;
1733 5009 1887 5063 hlsce
1917 5008 2174 5062 omnibus
2213 5007 2309 5062 de-

733 5106 902 5173 nique
951 5103 1210 5167 addatur,
1263 5102 1409 5169 quod
1459 5098 1689 5157 constat‘
1715 5103 1846 5170 imp.
1875 5101 2306 5156 Constantinum

733 5193 1326 5265 Porphyrogennetum
1394 5207 1503 5247 non
1573 5193 1752 5249 solum
1811 5207 1877 5246 ex
1939 5193 2308 5262 scriptoribus

735 5287 980 5356 probata:
1033 5283 1416 5353 antiquitatis,
1469 5300 1658 5338 verum
1720 5285 1883 5338 etiam
1933 5300 2001 5338 ex
2039 5285 2161 5338 istis
2211 5282 2308 5352 qui

737 5391 987 5449 tempora
1045 5379 1294 5448 proxime
1344 5393 1441 5430 sua
1498 5376 1919 5446 praecedebant,
1971 5375 2024 5428 in
2093 5374 2312 5443 Eclogis

735 5473 858 5529 suis
886 5473 1201 5527 exscribere
1221 5471 1394 5526 fuisse
1427 5471 1675 5526 solitum.
1713 5469 1806 5524 Sic
1838 5469 2022 5522 hausit
2048 5474 2312 5536 excerpta

735 5582 802 5620 ex
834 5565 1006 5619 altero
1037 5563 1132 5616 illo
1166 5562 1252 5617 ιο.
1295 5563 1642 5617 Antioelieno
1665 5561 2094 5628 clironographo
2121 5573 2316 5612 mona-

739 5659 868 5720 cho,
918 5656 1011 5726 qui
1064 5670 1172 5709 non
1225 5656 1463 5717 videtur,
1511 5670 1632 5708 meo
1671 5655 1865 5709 saltem
1911 5653 1966 5718 in
1994 5652 2142 5713 licio,
2186 5659 2315 5705 ante

742 5748 1005 5802 siectzltm
1045 5763 1286 5810 nonum,
1325 5749 1408 5801 vel
1455 5748 1691 5801 medium
1731 5747 1813 5798 vel
1858 5747 1924 5799 ad
1959 5746 2164 5797 exitum
2195 5760 2317 5796 ver-

744 5853 904 5914 gens,
939 5840 1248 5911 scripsissc.
1286 5839 1378 5895 Sic
1420 5841 1616 5905 etiam,
1649 5841 1702 5893 in
1759 5839 2032 5908 larem-psi;
2071 5838 2220 5891 illius
2258 5839 2320 5890 de

2390 3262 2556 3316 allata
2605 3272 2773 3324 sunt,
2825 3272 3193 3333 praeterquam
3243 3263 3387 3332 quod
3419 3261 3626 3317 faciant
3656 3263 3722 3316 ad
3754 3273 3970 3317 a'tatem

2389 3355 2509 3424 ejus
2545 3355 2990 3426 investigandain
3015 3396 3030 3420 ,
3084 3362 3215 3410 sunt
3267 3356 3397 3408 talia
3446 3371 3568 3424 quae
3609 3357 3717 3410 alio
3746 3357 3973 3411 nomine

2389 3445 2718 3502 videbantur
2753 3447 2978 3502 omnino
3002 3446 3200 3502 mereri
3240 3447 3293 3500 in
3325 3447 3638 3515 huiusmodi
3660 3449 3973 3518 prmtatoria

2393 3537 2788 3593 Dissertatione
2833 3538 3011 3592 locum
3065 3538 3356 3601 obtinere,
3407 3539 3617 3608 quippe
3644 3555 3764 3608 qua!
3795 3538 3974 3593 inser-

2393 3631 2546 3683 viant
2575 3630 2641 3683 ad
2672 3629 2826 3683 illius
2862 3629 3248 3682 auctoritatem
3271 3669 3285 3694 ,
3317 3645 3480 3698 quam
3510 3623 3741 3700 [Lxxiii]
3777 3631 3978 3700 exigua

2395 3723 2500 3787 sit,
2549 3731 2604 3777 et
2640 3723 2822 3792 qualis
2890 3722 2962 3776 sit
3028 3722 3291 3790 scriptor,
3343 3723 3872 3784 demonstrandum,
3923 3729 3979 3775 et

2394 3815 2811 3868 observationes
2844 3829 2952 3868 non
2996 3829 3202 3884 paucas
3240 3814 3566 3869 contineant
3597 3831 3718 3884 quze
3747 3815 3888 3870 alias
3911 3814 3980 3870 ad

2396 3923 2519 3960 eum
2553 3909 2689 3962 sitis
2726 3915 3001 3976 spectant.
3045 3906 3138 3960 Sic
3193 3907 3238 3960 si
3297 3907 3465 3961 nobis
3495 3908 3677 3962 minus
3715 3907 3982 3963 succedat

2395 4001 2540 4070 quod
2575 4000 2641 4053 de
2672 4002 2788 4068 ejus
2815 4009 2979 4056 nitate
3003 4000 3396 4055 contendimus
3423 4043 3437 4065 ,
3463 4010 3649 4054 tamen
3676 4001 3833 4054 nobis
3867 4015 3978 4053 non

2400 4092 2583 4146 minus
2637 4090 2871 4145 feliciter
2921 4102 3007 4147 est
3059 4106 3452 4146 successurum
3504 4108 3668 4159 quam
3705 4091 3983 4161 chymieis

2397 4185 2576 4247 solet,
2624 4185 2718 4252 qui
2775 4199 2881 4238 non
2944 4185 3128 4238 minus
3190 4194 3434 4253 qiueslns
3479 4200 3546 4237 ex
3591 4183 3730 4253 ipsis
3782 4181 3982 4238 mediis

2400 4274 2630 4343 adipisci
2661 4275 2839 4328 solent
2867 4317 2882 4339 ,
2920 4288 3086 4344 quam
3131 4290 3196 4329 ex
3233 4275 3322 4327 illa
3353 4275 3475 4342 ipsa
3519 4287 3576 4327 re
3600 4274 3669 4325 ad
3704 4289 3869 4342 quam
3901 4273 3982 4324 vi-

2400 4365 2601 4420 demur
2641 4368 2919 4435 praecipue
2972 4366 3332 4426 collimasse.
3382 4372 3438 4418 et
3472 4364 3729 4431 quamvis
3761 4364 3884 4417 illos
3927 4363 3980 4415 id

2405 4455 2626 4522 penitus
2673 4455 2882 4524 fugiat,
2935 4454 3002 4507 ad
3034 4456 3181 4524 quod
3215 4471 3313 4509 sua
3341 4454 3528 4510 studia
3553 4453 3858 4522 praesertim
3891 4453 3981 4506 di-

2336 4548 2376 4601 υ
2408 4547 2650 4600 rexerii.t
2673 4586 2687 4607 ,
2727 4547 2898 4599 multa
2936 4557 3117 4599 tamen
3141 4584 3157 4607 ,
3209 4560 3333 4615 qua:
3364 4546 3574 4598 laboris
3604 4555 3660 4598 et
3698 4559 3880 4613 operae
3909 4545 3986 4598 sit

2397 4638 2872 4708 justum-pretium
2898 4677 2913 4699 ,
2949 4638 3001 4690 in
3044 4638 3162 4706 ipsa
3196 4637 3283 4690 via
3316 4636 3680 4705 patefaciunt.

2473 4729 2609 4783 XLI.
2637 4731 2755 4784 .lam
2792 4731 3063 4800 reliquum
3096 4738 3204 4792 est,
3240 4727 3438 4782 Lector
3454 4727 3870 4789 candidissime.
3905 4738 3987 4792 ut,

2404 4821 2599 4876 Joanni
2634 4821 2844 4875 Malala:
2875 4821 2998 4875 vale
3038 4822 3190 4874 dicto
3213 4859 3228 4882 ,
3265 4819 3332 4872 ad
3379 4828 3666 4873 auctorem
3702 4820 3945 4873 alterum
3969 4861 3986 4884 ,

2407 4916 2501 4985 qui
2531 4916 2580 4970 ei
2615 4918 2667 4969 in
2700 4915 2802 4970 hac
2834 4915 3082 4968 editione
3109 4957 3124 4979 ,
3165 4929 3230 4968 ex
3287 4912 3646 4967 ordinatione
3673 4912 3988 4968 doctissimi

2407 5004 2711 5060 Giilmeadi
2736 5044 2750 5068 ,
2786 5003 3112 5074 pratligitur,
3155 5015 3258 5056 nos
3297 5000 3767 5063 conleramus;et
3795 5007 3992 5068 postea

2409 5099 2479 5153 de
2514 5099 2618 5153 hac
2667 5100 2949 5162 editione,
2991 5106 3049 5152 et
3094 5095 3430 5164 dignissimo
3472 5093 3780 5160 interprete
3833 5090 3990 5160 ipso,

2411 5197 2465 5244 te
2500 5191 2768 5244 monitum
2801 5205 2974 5258 pauca
3011 5187 3298 5242 faciamus.
3330 5184 3489 5251 Quod
3538 5190 3752 5252 spectat
3782 5182 3851 5236 ad
3886 5182 3990 5236 ista

2411 5299 2536 5350 qua?
2607 5282 2736 5336 huic
2796 5282 3024 5336 editioni
3081 5279 3490 5349 praemittuntur
3557 5273 3988 5342 chronologiea,

2415 5374 2520 5428 sub
2581 5374 2742 5427 titulo
2807 5372 3050 5425 Auctoris
3104 5369 3364 5438 Anonymi
3425 5365 3990 5433 Excerptorun:ciiro-

2417 5467 2778 5536 nologicorum
2809 5508 2823 5529 ,
2876 5480 2987 5518 non
3047 5463 3150 5516 alia
3196 5468 3349 5516 -sunt
3396 5475 3460 5514 ea
3511 5474 3675 5528 quam
3728 5455 3991 5511 Chronici

2417 5559 2636 5624 Georgii
2671 5559 2928 5612 monachi
2955 5553 3327 5624 cognominati
3369 5549 3680 5604 Hamartoli
3704 5548 3820 5601 sive
3850 5546 3989 5601 Pec-

2418 5653 2612 5704 ratoris
2638 5651 2988 5719 principium.
3029 5647 3139 5700 Hoc
3169 5646 3330 5700 nobis
3365 5644 3424 5696 lit
3445 5639 3988 5708 compertissimum:

2422 5760 2544 5797 nam
2573 5743 2715 5797 idem
2758 5750 2843 5795 est
2877 5743 3071 5793 horum
3107 5738 3322 5791 initium
3365 5751 3488 5788 cum
3540 5732 3702 5786 inii-io
3739 5731 3992 5784 Chrono-

2424 5837 2662 5908 grapbim
2715 5834 2930 5903 Georgii
2977 5830 3310 5889 llamartoli.
3366 5825 3512 5899 quod
3555 5841 3617 5880 cx
3664 5823 3856 5878 codice
3887 5835 3989 5876 ms.
