4256 6452
286 476 345 537 Gl
1325 477 1888 537 PROLEGOMEN‘A
1944 478 2043 535 Al)
2091 472 2475 534 MALALAM.
3465 465 3543 528 62

289 605 313 642 a
348 587 403 641 L.
444 585 645 640 Allatio
704 587 758 640 in
820 585 1070 640 Diatriba
1119 587 1184 638 de
1232 585 1474 654 Georgiis
1535 585 1853 639 exhibetur.
1891 591 1928 645 Α
1963 584 2130 638 etiam
2180 581 2447 650 Exeerpta
2501 578 2773 632 dederunt
2837 576 2948 630 Leo
3011 573 3251 630 Al-latius
3313 574 3369 629 in
3407 574 3552 630 libro

290 682 540 751 Χρονικὺν
605 677 870 744 σύντομον
914 681 976 730 ὲκ
1018 678 1296 747 διαφόρων
1345 676 1740 746 χρονογράςων
1799 692 1856 728 τε

291 773 374 825 καὶ
409 769 692 841 ἐξηγητῶν
718 769 1000 836 συλλεγὲν,
1037 768 1130 821 καὶ
1169 766 1424 820 συντεθὲν
1447 767 1551 819 ὑπὸ
1583 765 1858 839 Γεωργίου

300 862 644 934 ’Λμαρτωλοῦ
707 860 984 932 λΙοναχοῦ.
1049 860 1235 922 Βίϐλος
1265 859 1532 927 γενέσεως
1555 859 1861 929 ἀνθρώπων

300 950 541 1028 ᾖὴμέρᾳ
591 953 822 1005 ἔπλασεν
878 955 905 1005 ὁ
965 952 1102 1014 Θεὸς
1148 950 1239 1002 τὸν
1277 949 1451 1018 ’Δδὰμ
1503 950 1622 1002 κατ’
1672 950 1859 1001 εἰκόνα

293 1048 376 1099 καὶ
410 1047 671 1114 ὁμοίωσιν
701 1045 890 1097 αὑτοῦ.
951 1041 1012 1097 Ὀ
1045 1044 1101 1096 δὲ
1155 1042 1328 1112 Ἀδὰμ
1386 1045 1676 1110 ἐγεννησεν
1713 1042 1863 1104 υἱοὺς

292 1140 453 1207 τρεῖς.
489 1136 650 1189 Breve
693 1134 892 1188 Chron.
929 1151 959 1188 e
983 1135 1205 1187 diversis
1254 1133 1532 1186 annalium
1573 1135 1860 1197 scriptori-

293 1231 379 1282 bus
431 1239 479 1282 et
563 1227 951 1296 ea'po:.itoribus
1011 1227 1333 1292 decerptum,
1385 1227 1861 1296 concinnatumque

293 1338 322 1373 α
358 1319 576 1389 Georgio
635 1318 899 1372 Monac/io
959 1317 1267 1372 Peccatore.
1313 1316 1465 1370 Liber
1501 1319 1860 1387 generationis

293 1413 558 1465 hominum
591 1411 656 1463 ab
702 1427 761 1463 eo
807 1411 893 1462 die
947 1425 1048 1478 quo
1087 1410 1225 1462 Deus
1271 1408 1539 1462 Adamum
1566 1412 1633 1462 ad
1671 1412 1863 1480 imagi—

292 1521 401 1557 nem
434 1513 482 1555 et
520 1502 924 1555 similitudinem
964 1517 1117 1553 suam
1152 1502 1368 1563 creavit,
1394 1501 1693 1555 exorditur.
1719 1499 1863 1553 Ada—

292 1613 401 1649 mus
427 1606 533 1649 tres
573 1595 803 1660 suscepit
831 1594 993 1662 ﬁlios,
1020 1601 1131 1646 etc.
1169 1591 1360 1660 Neque
1389 1592 1562 1645 solum
1605 1608 1669 1646 ex
1705 1592 1864 1645 initio

289 1695 532 1756 apparet,
578 1700 768 1739 verum
832 1685 996 1738 etiam
1043 1699 1111 1738 ex
1169 1682 1499 1737 Prtel‘atioue
1549 1698 1672 1752 qua:
1705 1683 1864 1737 initio

290 1780 339 1832 in
369 1778 562 1832 codice
611 1793 715 1831 ms.
761 1775 906 1830 unde
938 1776 1078 1847 (74)
1120 1791 1219 1830 sua
1261 1775 1620 1831 Chilmeadus
1653 1775 1860 1848 [Lxxtr]

286 1868 600 1936 descripsit,
659 1866 1052 1934 praemittitur;
1105 1881 1227 1935 quae
1273 1866 1465 1920 eadem
1499 1874 1580 1927 est
1632 1866 1863 1920 omnino

1967 675 2044 729 De
2073 674 2433 728 Ecclesiarunt
2479 673 2850 734 consensione,
2879 670 2968 725 ιο,
2999 670 3276 726 Meursius
3312 670 3366 724 in
3395 667 3551 723 Clos-

1965 769 2112 821 sario
2143 765 2609 827 Graeco-barbaro,
2639 775 2692 819 et
2738 764 3064 818 Duiresnitts
3093 765 3120 816 ὁ
3154 763 3460 834 θαυμάσιος
3493 763 3548 816 in

1968 860 2245 914 Glussario
2294 859 2481 913 media:
2530 870 2576 912 et
2604 859 2806 927 inﬁma:
2843 855 3170 919 Crwcitatis,
3199 865 3253 909 et
3293 855 3429 926 (nisi
3462 870 3553 909 nte

1969 952 2110 1006 fallit
2146 952 2444 1017 memoria)
2504 948 2693 1022 [Lxxv]
2729 952 2781 1003 in
2816 949 2965 1003 notis
2997 947 3066 1002 ad
3104 947 3350 1001 Annales
3377 945 3546 1000 Joan-

1968 1044 2057 1098 nis
2118 1041 2370 1095 Zonarze.
2438 1040 2511 1094 De
2560 1055 2625 1094 eo
2679 1040 2776 1109 qtti
2821 1039 2982 1107 plura
3044 1037 3247 1101 vellet,
3287 1036 3446 1090 adeat
3501 1038 3550 1092 is

1966 1135 2155 1188 Allatii
2194 1149 2335 1204 opus
2372 1132 2445 1186 De
2478 1131 2720 1203 Georgiis
2745 1131 3128 1201 prazcitatum;
3163 1137 3218 1184 et
3245 1127 3550 1182 Diatribam

1968 1238 2211 1282 uestram
2247 1226 2311 1280 de
2342 1226 2689 1295 scriptoribus
2735 1222 2936 1279 Gra'cis
2976 1223 3161 1286 variis,
3203 1221 3296 1276 ubi
3329 1221 3445 1275 fuse
3483 1235 3549 1274 ac

1969 1319 2249 1375 cumulate
2284 1321 2350 1374 de
2388 1333 2457 1373 eo
2511 1318 2833 1379 disseritur,
2865 1323 2921 1370 et
2953 1315 3141 1369 multis
3174 1317 3227 1368 in
3255 1316 3425 1372 rebus
3454 1333 3550 1370 ca-

1970 1411 2249 1480 stigantur
2301 1410 2601 1465 Allatiana.
2659 1406 2734 1460 De
2785 1406 2878 1459 illo
2937 1405 3030 1458 hic
3081 1404 3332 1459 loci.hoc
3365 1407 3548 1460 solum

1970 1502 2321 1572 subiungam,
2376 1501 2586 1554 vixisse
2632 1513 2756 1553 eum
2815 1497 3007 1552 eodem
3041 1512 3166 1549 cum
3209 1496 3404 1550 Malala
3444 1513 3548 1551 sae-

1970 1597 2118 1659 culo,
2156 1597 2206 1648 id
2238 1603 2323 1654 est
2363 1593 2572 1647 Christi
2622 1591 2895 1646 incarnati
2941 1605 3110 1654 nono,
3144 1602 3199 1644 et
3228 1589 3548 1644 Chronicon

1970 1703 2130 1741 suum
2166 1686 2491 1756 perduxisse
2542 1699 2650 1738 non
2687 1683 2849 1738 modo
2895 1682 2960 1736 ad
2998 1682 3213 1735 initium
3247 1680 3536 1736 Michaelis

1971 1780 2258 1847 Theophili
2292 1778 2378 1841 F.,
2421 1777 2566 1848 quod
2605 1774 3222 1831 decernuntdoctornm
3255 1774 3546 1837 nonnulli,

1971 1873 2068 1927 sed
2130 1887 2303 1941 usque
2357 1871 2425 1924 ad
2476 1870 2599 1939 ejus
2656 1877 2933 1932 mortem,
2989 1866 3095 1920 hoc
3137 1875 3223 1920 est
3277 1865 3547 1934 usquead

285 1977 402 2015 cum
453 1960 545 2013 illa
591 1974 754 2028 quam
807 1957 1008 2012 ibidem
1063 1959 1215 2027 ponit
1249 1957 1488 2011 Allalius
1528 1971 1590 2009 ex
1623 1954 1856 2026 Georgio
1893 1937 1934 1990 Β
1965 1980 2171 2016 annum
2215 1937 2340 2016 i366.

284 2052 618 2105 Hatnartolo.
678 2050 877 2104 Exstat
931 2050 1203 2119 integrum
1256 2064 1397 2118 opus
1449 2049 1505 2102 in
1548 2049 1715 2104 variis
1746 2048 1854 2102 Eu-

284 2161 425 2214 ropa:
476 2142 848 2208 bibliothecis,
875 2150 930 2197 et
981 2142 1176 2197 scribit
1220 2141 1458 2196 Allatius
1494 2156 1552 2195 se
1581 2141 1711 2194 illud
1740 2141 1857 2195 edi-

284 2237 413 2289 tioni
449 2250 679 2304 parasse
701 2273 716 2298 ,
743 2242 797 2288 et
835 2249 865 2288 e
903 2233 1095 2288 Grzeca
1127 2234 1316 2303 lingua
1360 2234 1415 2287 in
1449 2231 1701 2288 Latinam
1733 2248 1857 2288 ver-

283 2330 437 2384 tisse.
475 2328 530 2382 Si
577 2329 704 2396 quis
738 2328 922 2396 cupiat
965 2327 1070 2379 alia
1123 2326 1276 2380 illius
1308 2327 1529 2396 legere,
1558 2325 1671 2394 jam
1711 2327 1857 2379 edita

285 2431 411 2475 sunt
450 2436 516 2473 ex
549 2436 614 2474 eo
657 2427 918 2488 excerpta
951 2433 981 2471 a
1019 2418 1188 2472 variis
1244 2419 1415 2472 varia.
1468 2420 1509 2471 A
1542 2415 1660 2471 Jac.
1697 2415 1859 2471 Gret—

285 2527 428 2574 sero,
485 2512 538 2564 iit
601 2511 743 2564 libro
800 2509 872 2562 De
913 2526 1088 2574 cruce,
1148 2508 1465 2579 publicator
1508 2524 1574 2562 ex
1623 2521 1689 2561 eo
1749 2506 1860 2559 fra-

286 2614 564 2675 gmentum
597 2603 784 2656 Graece
822 2609 878 2655 et
916 2601 1115 2656 Latine
1159 2600 1236 2655 De
1276 2617 1429 2656 cruce
1481 2599 1782 2652 adinventa.
1817 2600 1860 2650 Α

288 2697 443 2750 Dion.
473 2695 696 2749 l’etavio
725 2694 778 2748 in
812 2694 1134 2764 Appendice
1163 2693 1228 2746 ad
1261 2693 1555 2762 Nicephori
1592 2693 1862 2747 Constan-

286 2788 638 2860 tinpolitani
690 2787 1034 2842 Breviarium
1083 2786 1434 2850 historicum,
1472 2787 1760 2856 evulgatur
1794 2800 1858 2838 ex

285 2882 476 2936 eodem
511 2881 700 2935 Gratce
754 2879 1158 2949 longinsculum
1191 2878 1559 2948 fragmentum
1599 2879 1666 2930 de
1690 2877 1864 2945 impe-

288 2974 370 3026 rio
424 2971 701 3035 lleraclii,
755 2971 858 3026 sub
897 2969 1040 3024 falso
1075 2970 1295 3024 nomine
1341 2969 1558 3037 Georgii
1594 2969 1858 3039 Syncelli.

288 3063 362 3118 lix
405 3064 597 3117 eodem
639 3062 832 3117 Latine
884 3062 1057 3121 edidit
1107 3061 1406 3134 Syntagma
1448 3061 1636 3130 (quod
1666 3061 1866 3116 inscri-

287 3156 409 3225 bit)
443 3154 519 3207 De
546 3165 691 3210 statu
722 3154 1061 3208 morientium
1095 3154 1384 3208 Maltinus
1415 3151 1690 3218 Raderus,
1719 3153 1862 3222 quod

2030 2054 2190 2108 XLII.
2230 2054 2386 2120 Quod
2425 2054 2566 2108 hanc
2618 2051 2915 2106 editionem
2946 2048 3179 2104 Joannis
3241 2048 3456 2102 Malalze
3491 2058 3549 2102 et

1962 2151 2314 2218 interpretem
2349 2148 2565 2209 attinet,
2611 2145 2725 2213 jam
2773 2151 2906 2196 aetas
2935 2142 3047 2196 h-re
3111 2142 3320 2212 integra
3361 2141 3548 2210 elapsa

1961 2250 2064 2304 est,
2114 2254 2313 2308 nempe
2367 2252 2545 2291 annus
2598 2237 2892 2306 plusquam
2925 2235 2991 2288 57
3028 2273 3045 2297 ,
3086 2249 3150 2287 ex
3178 2247 3297 2306 quo
3341 2233 3443 2286 hoc
3478 2233 3547 2287 ad
3585 2275 3588 2278 .

1962 2335 2172 2404 prelum
2205 2333 2530 2385 adornatum
2570 2337 2651 2382 est
2680 2344 2840 2396 opus.
2879 2327 2951 2380 De
2976 2341 3142 2396 opere
3176 2335 3308 2380 tunc
3336 2332 3547 2394 prelum

1962 2433 2313 2494 exspectante
2368 2431 2422 2476 et
2463 2420 2530 2475 de
2556 2421 2818 2474 laudibus
2885 2418 3194 2476 Chiltneadi
3229 2417 3552 2487 interpretis

1963 2525 2016 2568 et
2045 2515 2409 2575 adnotatoris,
2463 2515 2580 2568 haec
2619 2513 2784 2566 habet
2832 2510 3119 2564 Edvardus
3157 2509 3398 2564 Bisszeus
3447 2524 3548 2563 no-

1965 2618 2110 2663 slras
2142 2610 2196 2661 in
2233 2609 2378 2662 notis
2407 2609 2472 2659 ad
2516 2607 2631 2660 Nic.
2670 2607 2950 2673 Uptonum
2985 2604 3056 2657 De
3103 2604 3329 2656 militari
3358 2603 3552 2672 oﬂicio,

1964 2715 2108 2753 anno
2141 2700 2202 2752 D.
2242 2699 2376 2752 1654
2412 2699 2662 2761 excusis,
2700 2697 2754 2749 in
2790 2697 2990 2765 quibus
3016 2711 3080 2749 ex
3115 2695 3308 2748 illalala
3358 2709 3550 2747 narra.-

1966 2791 2167 2843 tionem
2202 2791 2266 2843 de
2299 2790 2430 2858 imp.
2482 2785 2693 2840 Iuliani
2753 2787 2982 2840 interitu
3043 2783 3343 2852 descripsit
3383 2802 3395 2836 :
3441 2782 3552 2849 Qui

1965 2883 2115 2946 liber,
2154 2881 2348 2950 inquit,
2401 2881 2539 2947 apud
2596 2896 2677 2932 me
2707 2887 2806 2942 est,
2839 2889 2890 2931 et
2919 2893 3114 2931 annum
3140 2877 3259 2945 jam
3288 2877 3549 2945 integrum

1966 2975 2343 3043 typographum
2403 2972 2724 3026 desiderat:
2761 2972 2916 3025 illum
2971 2970 3249 3023 transtulit
3312 2963 3392 3022 vir
3445 2967 3548 3022 do-

1966 3067 2234 3120 ctissimus
2270 3065 2582 3119 Edmundus
2625 3063 2989 3120 Chilnteadus.
3046 3062 3198 3127 cuius
3260 3062 3553 3114 immatura

1968 3174 2110 3211 mors
2142 3175 2200 3211 eo
2233 3160 2443 3211 nomine
2469 3157 2702 3224 ﬂebilior
2727 3164 2826 3219 est,
2880 3154 3019 3224 quod
3074 3152 3556 3220 exspectatissimis

288 3249 593 3305 sententias
641 3254 696 3302 et
771 3247 1082 3316 fragmenta
1151 3246 1456 3301 multorum
1509 3247 1863 3316 antiquorum
1893 3270 1935 3326 ε
1973 3249 2111 3301 tanti
2139 3249 2334 3317 ingenii
2361 3248 2631 3301 laboribus
2668 3264 2762 3300 nos
2785 3247 3092 3314 primi-erit.
3145 3245 3359 3300 Eli'ulsit
3391 3245 3551 3307 olim,

286 3339 513 3394 Patrum
577 3340 990 3409 complectitur.
1045 3341 1125 3392 Ab
1185 3340 1378 3394 eodem
1423 3337 1637 3392 Radere
1672 3338 1729 3392 in
1757 3339 1866 3392 alio

284 3437 576 3500 Opusculo,
639 3448 837 3502 netnpe
891 3431 1343 3485 Adnotationibus
1410 3431 1478 3483 ad
1534 3429 1862 3484 Viridarium

284 3531 592 3577 sanctorum
643 3538 708 3575 ea:
764 3521 983 3576 Menaeis
1032 3519 1376 3586 Gra'corum,
1435 3537 1499 3575 ex
1545 3537 1609 3576 eo
1672 3520 1865 3576 Latine

283 3615 506 3668 eruitur
532 3614 899 3684 fragmentum
936 3615 1087 3668 aliud
1121 3615 1258 3669 satis
1289 3614 1566 3684 proluunt
1597 3613 1664 3669 de
1697 3614 1865 3667 mira-

285 3705 414 3757 culo
441 3703 583 3757 facto
625 3707 681 3759 in
734 3705 872 3760 urbe
902 3705 1236 3774 Carthagine
1282 3704 1387 3757 sub
1427 3704 1662 3772 imperio
1692 3703 1861 3758 Hera-

285 3796 402 3852 clii.
439 3794 769 3852 Producitur
826 3811 894 3849 ex
936 3796 1126 3850 eodem
1177 3793 1364 3859 aliud,
1402 3793 1501 3848 sed
1531 3793 1735 3856 breve,
1770 3809 1866 3860 per

287 3889 510 3943 Petrum
569 3887 924 3943 Lambecium
979 3888 1032 3942 in
1089 3888 1185 3941 lib.
1221 3904 1258 3941 ll
1317 3885 1525 3941 Comm.
1569 3887 1633 3940 de
1661 3886 1868 3942 Biblio-

285 3981 437 4037 theca
483 3980 890 4046 Ymdobonensi,
924 3980 990 4036 de
1024 3981 1154 4050 imp.
1194 3979 1530 4036 Theodosio.
1565 3979 1642 4033 Ex
1673 3980 1863 4036 eodem

1969 3339 2098 3393 dum
2135 3340 2293 3405 vixit,
2327 3340 2647 3394 Edtuundns
2674 3339 3029 3393 Chilmeadus
3053 3339 3195 3392 inter
3217 3336 3550 3392 illustriores

1965 3431 2273 3486 litterarum
2311 3431 2470 3486 laude
2494 3431 2883 3496 academicos;
2920 3444 3117 3499 printer
3160 3429 3239 3483 rei
3297 3429 3554 3496 antiqua-

1966 3520 2061 3574 τίω
2085 3532 2140 3575 et
2163 3521 2371 3576 critica:
2429 3523 2706 3591 peritiam,
2740 3536 2906 3588 quant
2943 3519 3073 3574 iecit
3123 3518 3227 3572 hoc
3262 3532 3408 3587 opus
3463 3524 3548 3572 te-

1967 3612 2351 3678 statissimam,
2402 3613 2639 3682 insignis
2694 3612 3139 3676 tnathcmaticus,
3173 3611 3419 3664 musicus
3457 3623 3548 3662 or-

1967 3707 2318 3769 natissimus,
2356 3717 2543 3760 orator
2589 3713 2866 3773 comptus,
2920 3711 2973 3758 et
3027 3705 3336 3771 linguarum
3393 3717 3548 3758 com-

1967 3798 2330 3868 plurimarum
2385 3796 2842 3857 ealieutissimus,
2879 3810 3004 3848 cum
3067 3797 3357 3846 doctarum
3412 3806 3553 3862 quas

1979 3897 2199 3954 vocant,
2233 3896 2348 3942 tum
2397 3887 2619 3942 Gallicae
2665 3889 2830 3940 etiam
2878 3896 2929 3940 et
2962 3885 3180 3939 Italis-te.
3217 3885 3388 3939 Natus
3445 3885 3551 3937 fuit

1968 3981 2178 4054 [um]
2217 3981 2270 4035 in
2302 3996 2436 4052 agro
2470 3980 2891 4045 Glocestriensi,
2928 3981 2981 4033 in
3027 3995 3163 4050 pago
3196 3978 3346 4033 Stow
3387 3993 3550 4047 super

1812 4136 2046 4193 NOT/E.

358 4232 473 4300 (Ἠ)
530 4232 795 4284 Volumen
852 4244 958 4284 ms.
1013 4244 1125 4298 quo
1181 4244 1318 4283 usus
1368 4236 1450 4285 est
1505 4232 1863 4285 Chilmeadus

285 4300 594 4370 (quamvis
633 4301 745 4362 ille,
789 4301 884 4354 ubi
933 4301 1263 4370 reperiatur,
1309 4300 1572 4370 lectorem
1599 4315 1704 4353 non
1734 4300 1865 4355 fecit

283 4369 628 4437 certiorem)
693 4370 919 4424 invenio
975 4369 1118 4424 inter
1165 4369 1454 4424 volumina
1504 4369 1694 4425 Graeca
1727 4387 1861 4426 mss.

286 4440 626 4494 llarocciana
659 4440 1010 4494 bibliotheca:
1039 4439 1376 4494 Oxoniensis
1405 4441 1658 4506 publicae,
1705 4457 1861 4495 num.

287 4513 394 4567 194
422 4527 436 4573 ;
479 4510 834 4563 chartaceum
872 4518 957 4564 est
1005 4509 1136 4562 illud
1164 4551 1179 4574 ,
1215 4519 1269 4564 et
1303 4511 1446 4562 inter
1470 4511 1622 4563 varia
1656 4510 1864 4565 diversi

530 4227 795 4284 Volumen
852 4244 958 4284 ms.
1013 4244 1125 4298 quo
1181 4244 1318 4283 usus
1368 4236 1450 4285 est
1505 4229 1863 4285 Chilmeadus

1972 4247 2096 4301 qua:
2125 4232 2399 4286 habentur
2432 4232 2486 4286 in
2514 4233 2680 4287 editis
2708 4270 2721 4292 ,
2749 4245 2777 4283 a
2829 4230 3058 4301 vocibus
3089 4247 3103 4283 :
3136 4227 3244 4301 Σὴθ
3292 4227 3349 4280 δὲ
3393 4229 3550 4301 γενό-

1976 4299 2134 4372 μενος
2192 4303 2330 4355 ἑτῶν
2377 4309 2474 4363 σε’,
2519 4319 2644 4370 pag.
2696 4303 2729 4354 6
2761 4316 2936 4370 usque
2982 4299 3050 4372 ad
3095 4299 3303 4372 calcem
3339 4299 3552 4368 paginae

1975 4369 2060 4433 Π,
2090 4387 2253 4426 voces
2277 4390 2289 4425 :
2323 4373 2402 4425 Τὰ
2422 4369 2598 4425 nam
2615 4372 2708 4439 ἐτη
2730 4378 2824 4432 τεο,
2849 4369 2972 4438 quae
2996 4369 3265 4423 claudunt
3296 4381 3549 4439 nostrum

1973 4444 2281 4512 exemplar,
2353 4443 2500 4511 quod
2557 4438 2950 4512 foliatamqu
3006 4440 3039 4512 5
3086 4438 3548 4512 comprehendit,

1973 4509 2400 4580 supersedente',
2433 4524 2491 4565 ut
2527 4513 2776 4576 videtur,
2841 4510 3068 4565 librario
3124 4509 3338 4578 reliqua
3392 4516 3549 4562 tran-

284 4579 603 4663 argumenti
637 4580 732 4661 fol.
757 4587 860 4663 νγθ,
883 4581 1092 4663 absque
1121 4582 1234 4662 ullo
1267 4581 1351 4634 vel
1358 4581 1605 4663 momine
1627 4581 1872 4663 auctoris
1903 4604 1948 4663 υ
1977 4579 2245 4663 scribere.

283 4653 374 4705 vel
435 4649 626 4717 operis
689 4652 890 4712 titulo,
924 4652 1005 4704 sie
1059 4650 1256 4720 incipit
1299 4669 1312 4703 :
1358 4649 1548 4702 Πολλοὶ
1605 4651 1714 4703 τῶν
1765 4651 1872 4714 ἔξω

284 4721 573 4788 φιλόσοφοι
608 4721 702 4772 καὶ
732 4720 1024 4786 φιλόλογοι,
1047 4730 1180 4783 etc.,
1217 4729 1382 4787 prout
1409 4721 1581 4774 habet
1605 4721 1868 4775 Allatius.

283 4791 690 4859 Continentur
717 4789 772 4842 in
811 4791 907 4841 illo
940 4794 1111 4844 multa
1153 4792 1260 4843 alia
1298 4800 1495 4858 praeter
1521 4805 1584 4843 ea
1616 4806 1740 4859 quas
1769 4805 1870 4843 ex-

283 4860 554 4929 scripsit_
592 4858 974 4914 Chilmeadus.
1059 4860 1115 4913 lu
1174 4861 1335 4913 initio
1417 4858 1691 4913 habentur
1749 4876 1871 4929 quae

284 4927 601 5000 posuitgin
657 4929 817 5000 initio
869 4930 1227 5000 _()hil:ncadus
1272 4943 1448 4998 usque
1509 4930 1573 4983 ad
1624 4927 1868 5000 pag—6,

284 4997 458 5070 voces
489 4998 565 5059 ὥς
610 5015 774 5068 φησιν
809 4997 1089 5070 Ἰώσηπος.
1134 5000 1265 5054 Dein
1293 4997 1868 5069 ea’sequuntur'qum,

288 5069 688 5139 aChiInteado
739 5069 1104 5138 transposita,
1157 5071 1413 5138 leguntur
1463 5087 1585 5139 pag.
1652 5071 1738 5131 18.
1801 5071 1870 5126 de

284 5136 556 5193 Nebrodo
591 5149 728 5204 etc.,
760 5139 828 5192 ab
873 5136 1027 5193 hisce
1067 5136 1252 5194 verbis
1279 5163 1287 5192 :
1320 5136 1476 5193 Μετᾶ
1500 5136 1675 5194 τᾶῦτα
1706 5140 1864 5208 γέγο·

283 5210 346 5262 νέ
398 5225 484 5271 τις
531 5208 695 5276 γίγαρς
751 5217 859 5266 etc.
912 5213 1052 5278 (pro
1111 5211 1319 5279 quibus
1374 5209 1442 5263 de
1483 5226 1607 5274 suo,
1647 5211 1718 5264 ob
1767 5212 1866 5265 loci

287 5281 785 5349 transpositionem
826 5280 940 5333 haec
987 5280 1234 5334 scribere
1269 5281 1474 5349 placuit
1501 5281 1865 5337 Chilmeado:

300 5347 399 5401 Ἐν
438 5349 495 5400 δὲ
526 5351 649 5422 ιιτοζςΔ
696 5351 1126 5422 προειρημέγοις
1183 5347 1396 5422 χρόνωτς
1447 5350 1660 5422 γέγονε)
1693 5366 1870 5422 usque

288 5426 360 5490 ad
417 5433 545 5490 pag.
591 5417 702 5481 21,
743 5417 1138 5490 _voceanlvou
1184 5417 1469 5490 ’μεγάλης
1519 5417 1864 5490 βασιλεὺσὰς.

288 5486 429 5562 Post
457 5489 578 5542 haec
633 5489 991 5562 prosequitur
1037 5486 1233 5562 auctor
1266 5486 1655 5562 Assyriorum.
1696 5490 1867 5562 Assy-

289 5558 544 5627 ptiorum
588 5568 642 5612 et
671 5559 989 5630 Graecorum
1041 5561 1267 5630 antiqua
1311 5558 1560 5630 tempora
1589 5558 1865 5626 fabulosa,

288 5643 609 5708 una-cum.
638 5629 883 5708 origine‘
915 5631 1072 5708 urbis
1108 5629 1315 5708 Romae,
1362 5629 1754 5708 _et_’_AlexanAd_ri
1794 5631 1864 5684 M.

288 5700 514 5766 gestis;
560 5700 805 5766 ejusdem
860 5700 1052 5754 farina:
1081 5702 1286 5766 omnia,
1322 5702 1458 5754 nihil
1497 5717 1605 5756 non
1648 5702 1867 5755 fabulo-

291 5782 444 5845 sum.
473 5767 603 5845 |n_r_ie
633 5785 834 5826 rursus
865 5771 1228 5845 addAdamum
1270 5773 1596 5845 recurritur.
1628 5782 1682 5827 et
1718 5774 1868 5840 posi-

294 5837 372 5890 tis
413 5839 481 5892 de
518 5837 664 5893 Mose
711 5841 992 5896 nonnullis
1019 5882 1034 5907 ,
1067 5841 1210 5908 quod
1251 5843 1512 5895 omnibus
1549 5837 1863 5897 Grauioruun

299 5909 654 5986 sapientibus
697 5915 964 5969 vetustior
1025 5921 1213 5976 esset,
1275 5913 1596 5984 proceditur
1651 5914 1716 5968 ad
1760 5915 1861 5969 ista

2047 4655 2063 4718 (
2095 4652 2489 4721 75)Equibus
2527 4653 2579 4705 in
2620 4667 2929 4707 sermonem
2972 4648 3324 4704 vernaculum
3373 4648 3551 4721 libros

1976 4722 2183 4791 aliquot
2243 4719 2395 4777 dedit
2461 4737 2784 4777 conversos.
2851 4722 2926 4776 Ex
2999 4721 3188 4774 ilalira
3260 4719 3547 4789 speciatim

1974 4794 2245 4846 convertit
2287 4809 2409 4862 qua:
2447 4793 2780 4862 inioperum
2828 4793 2949 4860 ejus
3007 4791 3251 4844 Indieulo
3293 4791 3553 4862 evulgato

1975 4876 2082 4913 non
2118 4861 2469 4927 accenSetur,
2516 4861 2814 4916 Historiam
2847 4864 3068 4925 rituum,
3109 4861 3548 4913 consuetudinum

1971 4940 2021 4984 et
2052 4933 2274 4987 rationis
2323 4934 2446 4987 rita:
2487 4931 2801 4986 Iudaeorum
2830 4933 3207 4985 hodiernurum
3239 4946 3330 4997 per
3367 4929 3548 4982 orbem

1976 5011 2264 5072 terrarum,
2293 5003 2664 5072 conscriptam
2697 5019 2726 5056 a
2773 5002 2956 5057 Leone
2996 5001 3269 5072 Μοόεξηειζ
3298 4998 3554 5072 Bahbiuo

1976 5071 2333 5138 Veneto;ed.
2390 5070 2625 5128 Londini
2681 5089 2772 5127 an.
2826 5072 2991 5132 l650,
3031 5072 3180 5124 in-8.
3239 5070 3548 5139 Scripsisse

1972 5143 2140 5195 etiam
2172 5145 2497 5211 perhibetur
2533 5142 2611 5196 De
2647 5145 2792 5197 sonis
2834 5153 2887 5197 et
2918 5141 2989 5194 De
3036 5142 3239 5194 musica
3271 5152 3499 5193 veterum
3529 5155 3548 5192 :

1970 5213 2115 5284 quod
2138 5228 2276 5284 opus
2300 5229 2525 5284 prorsus
2551 5213 2690 5266 idem
2717 5213 2888 5284 fuisse
2917 5212 3100 5266 nullus
3129 5211 3434 5284 dubito;__et
3454 5225 3550 5262 ex-

1972 5291 2089 5353 stat
2105 5283 2155 5335 id
2176 5281 2422 5353 quidem,
2444 5284 2546 5338 sub
2573 5285 2753 5343 titulo,
2777 5283 2852 5338 De
2870 5284 3075 5353 musica
3097 5283 3315 5350 antiqua
3336 5281 3546 5340 Graeca,

1973 5353 2038 5406 ad
2067 5352 2228 5407 linem
2251 5356 2426 5421 Arati,
2454 5354 2650 5408 Oxonii
2681 5369 2825 5408 anno
2852 5352 2992 5408 1672
3016 5354 3233 5414 excusi,
3286 5366 3394 5403 una
3419 5365 3546 5421 eum

1973 5423 2219 5490 ejusdem
2273 5418 2723 5478 Adnotationibus
2755 5425 2808 5477 in
2897 5423 3042 5479 Odas
3126 5422 3392 5490 Dionysii.
3473 5418 3548 5472 Ea

1972 5495 2282 5548 transmisit
2311 5512 2375 5550 ex
2408 5497 2694 5556 Hibernia,
2729 5495 2822 5549 ubi
2853 5495 2994 5549 inter
3027 5493 3262 5549 schedas
3293 5505 3554 5545 reveren-

1971 5562 2185 5618 dissitni
2225 5565 2429 5621 Usserii
2466 5569 2768 5626 latuerunt,
2800 5581 3049 5620 summus
3085 5574 3276 5617 noster
3336 5563 3552 5615 amicus

1972 5635 2207 5689 celeber.
2275 5635 2408 5692 lien.
2482 5636 2814 5698 Dodwellus,
2872 5636 2965 5704 qui
3009 5643 3064 5687 et
3095 5636 3244 5688 misit
3283 5648 3389 5685 una
3421 5646 3548 5704 eum

1971 5704 2079 5759 illis
2114 5703 2364 5759 Latinam
2416 5707 2654 5776 Dionysii
2713 5701 3218 5776 interpretationem
3254 5719 3319 5756 ex
3339 5701 3551 5776 eadem

1971 5776 2274 5829 (Ihilmeadi
2317 5792 2481 5830 manu
2511 5795 2522 5830 :
2555 5772 2744 5830 verum
2780 5772 2920 5832 hanc
2949 5775 3258 5830 omisetunt
3285 5772 3555 5827 editores.

1969 5846 2060 5912 qui
2094 5844 2278 5900 Graeca
2313 5848 2556 5900 solitaria
2615 5848 2911 5902 malebant.
2950 5846 3102 5898 Illius
3147 5843 3452 5896 honoriﬁca
3495 5846 3554 5912 lit

1973 5911 2177 5970 mentio
2219 5917 2360 5990 apud
2419 5917 2898 5973 Praiationematl
2959 5915 3019 5969 D.
3083 5913 3220 5971 lien.
3278 5911 3553 5971 llulcrolti
