4256 6452
649 376 722 439 Εἳ
1351 382 1758 443 lIUMFllEDI
1799 377 2022 442 HODII
2078 374 2648 435 PROLEGOMENA
2689 374 2790 432 AD
2823 371 3210 434 MALALAM.
3852 370 3926 434 61

652 487 909 541 Woldam
946 488 1121 557 dicto,
1151 501 1204 545 et
1246 491 1299 544 in
1334 492 1436 547 hac
1468 494 1762 551 Academia
1799 492 2068 548 nostrain
2114 490 2234 543 col-
2264 488 2310 544 A
2342 488 2560 542 nendus
2611 494 2697 541 est
2763 488 2971 549 lector,
3018 483 3167 555 qttod
3215 492 3514 554 antequam
3562 482 3926 540 Chiltneadus

652 580 798 646 legio
836 579 1238 650 Magdalenensi
1275 586 1606 655 tyrociuium
1642 602 1805 641 suum
1850 585 2066 654 posuit;
2112 591 2235 650 lost

658 670 817 724 {Edis
860 671 878 739 (
909 673 988 723 sic
1013 672 1303 742 Collegium
1344 690 1606 728 vocamus
1634 682 1650 745 )
1676 675 1884 729 Christi
1918 674 2234 728 sacellauus

656 764 853 824 evasit,
922 762 1188 832 adjuncto
1246 767 1323 820 illi
1365 766 1538 820 sodali
1590 775 1645 821 et
1679 774 1983 837 symtnysta
2025 764 2238 818 Joanne

657 854 943 923 Gregorio,
981 858 1099 909 viro
1130 859 1266 910 alio-
1295 859 1510 928 pariter-
1563 860 1855 928 oinnigena
1921 857 2239 910 eruditione

659 946 1119 1001 instructissimo.
1152 949 1285 1002 lude
1308 964 1453 1003 anno
1491 950 1628 1005 1618
1658 957 1879 1019 propter
1917 947 2237 1002 fidelitatem

658 1054 788 1105 erga
824 1021 1027 1108 regiam
1083 1040 1424 1110 majestatem
1456 1041 1878 1095 Parlimrntaria
1926 1042 2241 1096 visitatione

661 1128 893 1195 ejectus,
929 1132 992 1183 ad
1036 1132 1156 1186 illas
1196 1134 1480 1203 angustias
1504 1144 1587 1188 est
1613 1134 1888 1194 redactus,
1928 1142 1985 1186 ut
2019 1148 2243 1188 necesse

663 1220 920 1275 habuerit
958 1239 1025 1277 ex
1059 1225 1270 1277 musica
1303 1226 1445 1294 (heu
1479 1227 1492 1279 !
1544 1241 1707 1295 quam
1768 1226 2067 1281 infeliciter
2118 1242 2243 1279 mu-

666 1325 852 1365 sarum
890 1313 1147 1368 alumnus
1178 1316 1190 1367 !
1224 1315 1241 1383 )
1284 1315 1386 1369 sibi
1424 1323 1643 1371 tenuem
1683 1316 1887 1371 victum
1918 1331 2244 1386 comparare

666 1419 730 1457 ex
798 1405 941 1474 stipe
1002 1408 1105 1459 \‘iz.
1161 1415 1471 1462 conventus
1538 1407 1975 1471 hebdomadalis,
2052 1423 2243 1478 quem,

668 1498 862 1551 ascitis
893 1500 999 1554 sibi
1033 1500 1203 1555 sociis
1258 1501 1609 1570 quibusdanr
1642 1496 2079 1571 symphoniacis',
2107 1501 2248 1553 Lon-

667 1587 781 1643 ilini
811 1590 1141 1645 instituerat.
1168 1591 1351 1661 Neque
1381 1593 1430 1647 ei
1457 1603 1638 1646 tamen
1666 1591 1843 1647 defuit
1867 1588 2245 1646 munificentia

668 1678 961 1735 clarissimi
1016 1683 1116 1737 viri
1174 1683 1411 1738 Ezlvardi
1468 1684 1677 1751 Bissmi,
1730 1684 1977 1753 equestri
2035 1683 2246 1737 honore

672 1772 1020 1840 postmodum
1088 1773 1357 1844 insigniti,
1423 1790 1582 1843 quem
1644 1776 1806 1829 modo
1864 1774 2246 1842 laudavimus;

675 1876 836 1926 quam
865 1861 1075 1932 experti
1114 1874 1242 1917 sunt
1276 1864 1464 1928 etiam,
1494 1874 1545 1919 et
1583 1864 1673 1918 alii
1733 1865 2050 1919 calamitate
2109 1873 2247 1917 tem-

674 1968 870 2023 porum
929 1953 1137 2021 alllicti,
1176 1964 1229 2009 et
1275 1953 1518 2010 Joannes
1576 1957 1872 2026 przedictus
1923 1956 2248 2026 Gregorius.

674 2043 926 2096 Animam
961 2043 1068 2098 Deo
1106 2045 1342 2099 reddidit
1380 2045 1444 2099 l9
1494 2044 1653 2099 Febr.
1706 2060 1852 2099 anno
1881 2044 2041 2107 1658,
2071 2044 2251 2098 relatis

676 2134 902 2187 circiter
931 2135 1019 2189 41.
1055 2134 1177 2189 llaec
1205 2136 1270 2191 de
1309 2152 1373 2191 eo
1406 2138 1699 2191 traduntur
1724 2140 1795 2194 ab
1818 2138 2000 2192 amico
2034 2147 2249 2199 nostro,

679 2225 799 2279 \iro
848 2226 1239 2296 antiquitatum
1310 2228 1686 2299 Anglii-arum,
1715 2239 1769 2284 et
1814 2231 2119 2300 prmsertim
2188 2230 2254 2284 ad

682 2317 983 2385 scriptores
1024 2317 1401 2379 attinentiuin,
1435 2321 1796 2388 peritissimo,
1849 2320 2028 2392 deque
2082 2331 2257 2375 matre

681 2418 783 2459 sua
823 2405 1105 2459 arademia
1166 2408 1365 2461 eximie
1406 2410 1619 2473 merito,
1666 2408 1903 2463 Anteiiio
1951 2425 1980 2461 a
2021 2408 2256 2473 Woodo,

685 2494 739 2547 in
765 2492 1010 2548 Historia
1039 2504 1088 2548 et
1122 2496 1547 2565 Antiquitatibus
1577 2496 1864 2550 academiw
1890 2505 2109 2550 nosti-te.
2140 2495 2260 2551 Non

686 2603 827 2658 Opus
875 2597 962 2644 est
996 2597 1053 2642 ut
1087 2589 1293 2658 aliquid
1328 2589 1562 2643 addatur
1605 2590 1673 2645 de
1702 2590 2130 2660 chronographo
2161 2605 2262 2644 no-

688 2688 827 2743 stro,
862 2689 923 2733 ut
966 2680 1158 2734 lectori
1205 2690 1257 2734 et
1288 2680 1405 2735 orbi
1480 2679 1756 2733 litterario
1811 2678 2260 2736 commendatum

689 2770 956 2827 faciamus
983 2791 994 2825 :
1024 2772 1128 2825 hoc
1153 2772 1328 2826 solum
1352 2771 1555 2826 dixisse
1583 2771 1881 2834 sullererit,
1907 2773 1958 2825 in
1983 2772 2291 2842 publicum:

688 2863 799 2932 jam
832 2879 971 2933 opus
1007 2863 1246 2932 prodire,
1300 2863 1445 2931 quod
1479 2878 1505 2915 a
1545 2863 1682 2917 viris
1713 2862 1946 2917 eruditis
1978 2878 2006 2915 a
2039 2862 2264 2917 totidem

692 2955 850 3009 annis
904 2970 1235 3023 magnopere
1299 2955 1403 3006 fuit
1473 2955 1777 3022 expetitum
1828 2962 2262 3023 acexoptatum;

692 3046 1159 3114 opustcontinens
1187 3046 1593 3115 quamplurima
1650 3047 1925 3115 qu:e,nisi
1965 3047 2018 3100 in
2072 3063 2269 3101 manus

2339 578 2723 633 adornandum
2758 579 2863 632 hoc
2892 593 3035 646 opus
3069 577 3123 631 in
3150 591 3211 631 se
3246 576 3611 646 suscepisset,
3650 592 3927 646 pra'parz-

2338 681 2491 727 verat
2517 672 2669 742 prelo
2693 671 2969 739 Excerpta
3000 668 3114 739 ('76)
3149 668 3403 738 quaedam
3452 669 3655 723 exinde
3690 670 3926 724 collecta

2338 764 2579 819 Joannes
2614 762 2909 833 prtedictus
2933 758 3237 828 Gregorius
3269 757 3340 830 (is
3379 758 3517 813 obiit
3556 773 3705 813 anno
3733 758 3918 829 1646),

2341 858 2572 927 adjectis
2600 852 2969 925 quibusdam,
2988 868 3126 922 quas
3147 853 3199 905 in
3222 852 3314 905 illa
3336 851 3707 918 elucubravit,
3740 851 3929 905 Amm-

2341 947 2761 1005 adversionibus.
2790 945 2889 999 'Illi
2942 945 3047 1001 soli
3087 943 3333 999 refertur
3380 950 3703 1011 acceptum,
3752 940 3925 1011 quod,

2342 1063 2466 1102 cum
2492 1052 2747 1100 nostrum
2780 1041 3065 1111 exemplar
3109 1038 3583 1109 Chronographiaa
3613 1037 3930 1091 Malalianze

2343 1145 2396 1191 et
2423 1135 2697 1206 principio
2732 1140 2787 1187 et
2834 1132 2942 1186 fine
2973 1138 3124 1186 esset
3160 1131 3499 1192 mutilatum,
3532 1144 3657 1183 esse
3715 1126 3929 1180 Malala'.

2345 1238 2529 1283 tamen
2561 1229 2668 1281 hoc
2692 1241 2855 1295 Opus,
2884 1225 2998 1295 jam
3032 1223 3194 1278 nobis
3227 1230 3569 1293 compareat.
3606 1220 3720 1275 lloc
3756 1222 3804 1274 ei
3849 1219 3931 1274 fe-

2345 1322 2528 1375 liciter
2562 1325 2904 1389 compertum
2948 1324 3035 1372 est
3078 1332 3142 1371 ex
3195 1316 3504 1370 collatione
3535 1314 3829 1384 fragmenti
3863 1312 3931 1367 de

2347 1411 2576 1467 Muliere
2602 1411 3047 1473 Hremorrhousa,
3072 1409 3224 1478 quod
3244 1410 3298 1463 in
3318 1409 3578 1463 oratione
3606 1408 3640 1461 '5
3663 1407 3768 1461 Pro
3791 1408 3927 1459 iuta-

2347 1505 2554 1575 ginibus
2580 1502 2665 1557 Jo.
2699 1502 3039 1557 Damasceno
3082 1501 3296 1555 tributa
3329 1515 3397 1554 ex
3420 1500 3717 1563 _l1hronico
3754 1498 3931 1552 Mala-

2351 1597 2503 1650 liano
2534 1594 2885 1663 producitur.
2911 1591 3312 1647 Conﬁrmatum
3335 1600 3420 1645 est
3454 1590 3597 1644 idem
3630 1606 3696 1644 ex
3729 1588 3934 1643 fabulis

2350 1688 2473 1741 istis
2503 1686 2614 1753 (77)
2648 1699 2785 1753 quas
2813 1682 3020 1751 profert
3044 1682 3147 1736 sub
3171 1682 3392 1735 nomine
3408 1679 3496 1734 Jo.
3522 1680 3733 1735 Malalis
3754 1680 3935 1734 Chro-

2350 1780 2462 1834 uici
2516 1779 2743 1832 Tzetzes
2790 1774 3058 1830 Chiliasta
3118 1775 3171 1826 in
3216 1772 3350 1825 chil.
3382 1772 3435 1837 5,
3473 1772 3606 1826 hist.
3646 1770 3717 1825 ‘29
3752 1781 3806 1825 et
3840 1771 3930 1825 5t).

2353 1871 2483 1936 Qua:
2509 1866 2695 1921 omnia
2724 1864 2941 1934 quidem
2967 1863 3022 1915 in
3054 1863 3225 1916 hacce
3254 1861 3707 1930 Chronographia
3745 1870 3934 1915 nostra

2354 1957 2633 2014 memoriae
2658 1956 3087 2025 consignantur.
3122 1952 3222 2007 His
3255 1951 3328 2005 de
3371 1951 3539 2006 rebus
3576 1952 3691 2021 agit
3733 1949 3938 2019 Grego-

2357 2054 2471 2107 rius
2493 2053 2547 2105 in
2572 2048 2988 2118 prwfatiunrula
3013 2060 3178 2115 quam
3205 2043 3767 2098 Animadversionibus
3789 2058 3931 2114 pra:-

2357 2144 2527 2199 tnisit.
2556 2141 2631 2197 De
2672 2134 2899 2195 auctore
2932 2138 3070 2192 nihil
3100 2136 3247 2191 aliud
3281 2137 3466 2191 habet.
3504 2137 3619 2189 Hoc
3651 2146 3836 2188 autem
3871 2135 3937 2187 ilo

2356 2236 2464 2290 lius
2494 2231 3018 2287 Animaduersionum
3044 2228 3374 2299 ophsciilum
3403 2226 3632 2282 'videtur
3661 2226 3941 2281 Chilmea-

2360 2328 2466 2383 dus
2515 2326 2569 2379 in
2629 2324 2813 2377 animo
2872 2322 3165 2387 habuisse,
3222 2321 3345 2374 loco
3386 2319 3937 2389 Prolegomenorum,

2361 2435 2475 2474 suae
2504 2417 2727 2473 editioni
2754 2414 3125 2485 prazmiltere;
3159 2429 3282 2467 nam
3314 2413 3367 2466 in
3394 2413 3516 2466 loco
3549 2412 3786 2481 quodam
3808 2428 3937 2465 sua-

2362 2525 2483 2563 rum
2518 2507 2936 2561 adnotationum
2970 2504 3037 2558 ad
3067 2501 3154 2559 Jo.
3182 2502 3429 2570 Gregorii
3459 2501 3525 2555 de
3548 2508 3775 2555 auctore
3802 2498 3931 2553 Pro-

2363 2599 2671 2669 legomena,
2702 2596 2966 2650 lectorem
3002 2594 3285 2647 amandat.
3321 2591 3387 2645 Et
3416 2592 3565 2647 idem
3597 2592 3823 2660 quidem
3857 2591 3939 2645 rei

2364 2696 2573 2743 nostra:
2612 2685 3018 2758 typographicae
3058 2683 3337 2754 huiusque
3364 2682 3628 2736 editionis
3667 2680 3943 2735 curatori-

2364 2783 2470 2837 bus
2495 2782 2548 2834 in
2568 2780 2853 2849 proposito
2874 2781 3115 2848 primum
3148 2786 3301 2841 erat;
3333 2791 3523 2829 verum
3562 2775 3782 2830 tandem
3814 2788 3941 2828 cum

2368 2874 2517 2944 typis
2556 2872 2760 2937 fuisset
2790 2870 3045 2925 absoluta
3099 2884 3232 2938 pars
3259 2882 3458 2936 magna
3490 2867 3700 2937 operis,
3735 2866 3945 2935 placuit

2370 2965 2479 3018 illis
2503 2978 2589 3017 me
2617 2970 2772 3015 tanta
2802 2961 3147 3031 dignatione,
3181 2974 3329 3027 quan
3353 2974 3500 3025 juam
3559 2958 3719 3025 longe
3756 2956 3945 3009 imme-

2372 3055 2776 3116 rentissimurn,
2813 3052 3102 3115 decorare,
3143 3058 3203 3103 ut
3240 3056 3519 3119 rogarent,
3569 3047 3693 3101 istis
3721 3047 3947 3115 insuper

691 3153 724 3192 c
754 3138 977 3191 latebris
1027 3140 1145 3192 suis
1198 3137 1478 3201 ederetur,
1509 3139 1595 3191 vel
1622 3139 1866 3191 virorum
1904 3139 2266 3192 tuaximorum
2296 3176 2339 3233 ε
2374 3148 2600 3213 habitis,
2626 3147 2681 3200 in
2716 3145 2990 3215 meipsum
3032 3142 3374 3211 susciperem
3410 3138 3664 3211 [Lxxvtu]
3717 3139 3947 3208 pravi"-

695 3230 981 3287 scientiam
1011 3229 1279 3299 fugissent
1310 3231 1562 3293 omnino,
1606 3230 1772 3300 inque
1822 3231 2067 3285 tenebris
2109 3246 2267 3300 pror-

696 3336 792 3376 sus
833 3320 1143 3375 latuissent.
1191 3318 1258 3372 Et
1306 3319 1452 3389 quis,
1491 3335 1700 3387 quaeso,
1760 3319 2150 3385 litteratorum,
2181 3335 2268 3376 sa~

695 3428 825 3468 xum
855 3413 1137 3481 antiquum
1166 3411 1309 3481 quod
1340 3412 1511 3464 multa
1540 3412 1721 3481 ignota
1744 3409 2022 3480 patefacit,
2066 3411 2271 3467 idcirco

696 3504 843 3575 quod
876 3505 1010 3558 rule
1039 3511 1097 3558 et
1137 3504 1463 3559 scabrosum
1498 3503 1590 3567 sit,
1624 3501 1771 3571 quod
1803 3517 1831 3555 a
1864 3503 2045 3555 minus
2086 3503 2287 3570 perito-

699 3596 907 3651 artitice
935 3597 1280 3650 characteres
1300 3596 1618 3665 .insculptos
1654 3594 1872 3659 habeat,
1928 3595 2270 3665 contemptui

702 3686 975 3739 duceret?
1018 3685 1157 3752 Quis
1201 3684 1384 3754 potius
1428 3699 1535 3738 non
1591 3681 1859 3753 gauderet
1898 3698 1928 3736 e
1977 3692 2120 3738 terra
2161 3684 2272 3753 jam

704 3778 823 3831 erui
855 3776 1005 3831 tale?
1076 3775 1139 3829 Et
1190 3777 1316 3845 quis
1349 3774 1565 3830 cruenti
1622 3790 1727 3829 non
1762 3781 1916 3843 grate
1955 3790 2015 3829 se
2071 3775 2275 3831 obstri-

705 3879 852 3924 ctum
886 3876 1208 3939 agnosceret
1233 3869 1257 3923 ?

777 3963 1011 4036 [cum]
1042 3963 1227 4020 XLIII.
1262 3964 1299 4017 Ε
1334 3967 1599 4021 memoria
1657 3967 1790 4021 mihi
1824 3984 1964 4039 pene
1995 3967 2280 4022 exciderat

707 4056 851 4126 quod
890 4056 1176 4111 innuimus
1213 4056 1267 4110 in
1302 4057 1460 4111 initio
1496 4058 1657 4127 hujus
1692 4058 2136 4121 Dissertationis,
2170 4073 2279 4111 non

710 4148 887 4201 solum
928 4147 1251 4217 praedictum
1289 4147 1449 4202 Edm.
1492 4149 1874 4204 Chilmeadum
1901 4190 1914 4212 ,
1966 4149 2059 4204 sed
2090 4158 2144 4203 et
2194 4148 2277 4202 Ju.

706 4238 1056 4308 Gregorium,
1089 4255 1254 4310 quem
1282 4241 1444 4294 modo
1471 4242 2012 4303 co‘ncelebravimus,
2040 4244 2093 4295 in
2118 4240 2286 4296 Chro-

710 4331 1056 4400 nograpltum
1103 4340 1357 4385 nostrum
1400 4331 1743 4399 diligentiam
1783 4342 1836 4386 et
1890 4334 2135 4387 studium
2167 4332 2285 4387 col-

712 4423 962 4489 locasse;
999 4424 1221 4493 etquod
1258 4424 1387 4478 alibi
1413 4425 1535 4493 ejus
1562 4424 1615 4476 iu
1648 4425 1901 4479 enuuletn
1934 4428 2284 4479 Animadver-

2371 3239 2538 3301 ciam,
2572 3245 2625 3291 et
2655 3236 2721 3291 de
2752 3250 2874 3289 meo
2908 3233 3303 3302 Prolegomena
3337 3246 3476 3285 nova
3509 3228 3807 3300 prodeunti
3833 3229 3947 3298 jam

2370 3329 2524 3399 operi
2570 3327 2955 3398 procuderem.
2990 3324 3119 3378 Hzec
3155 3323 3394 3385 cedens,
3440 3323 3512 3375 tui
3547 3320 3772 3394 Lectoij,
3828 3321 3951 3374 illo-

2372 3439 2493 3479 rum
2523 3423 2788 3485 hortatui,
2817 3403 3228 3475 sum‘audacter
3259 3430 3583 3487 aggressus,
3614 3430 3681 3468 an
3710 3414 3953 3484 pruden-

2376 3521 2476 3575 ter,
2523 3511 2613 3564 alii
2642 3508 2974 3579 judicabunt
3004 3527 3016 3561 :
3050 3514 3338 3575 utcunque
3372 3505 3479 3568 sit,
3516 3506 3562 3558 si
3600 3504 3733 3573 quid
3772 3502 3953 3557 laudis

2376 3615 2651 3657 mereatur
2688 3603 2741 3655 in
2785 3600 3011 3669 negotio
3062 3599 3234 3653 arduo
3287 3608 3341 3652 et
3381 3613 3614 3667 prorsus
3657 3598 3950 3657 intentato,

2377 3709 2598 3765 operam
2632 3708 2886 3757 navasse,
2934 3707 3019 3745 me
3053 3692 3267 3745 veniam
3323 3691 3519 3743 saltem
3549 3705 3578 3743 a
3616 3689 3800 3744 doctis
3841 3702 3956 3742 me-

2378 3789 2612 3842 riturum
2666 3802 2779 3839 non
2842 3800 3073 3855 prorsus
3125 3783 3384 3852 despero.
3446 3781 3591 3835 Sane
3660 3780 3712 3835 in
3752 3794 3959 3833 novum

2379 3880 2671 3948 quemdam
2718 3879 2929 3938 orbem,
2964 3886 3018 3931 et
3057 3876 3223 3929 aliam
3262 3874 3424 3945 quasi
3458 3872 3768 3927 Americam
3824 3870 3928 3941 (uti

2380 3984 2506 4023 nam
2538 3978 2592 4023 et
2639 3968 2927 4037 divitem!)
2970 3967 3249 4037 navigium
3296 3982 3480 4021 meum
3532 3963 3767 4030 trajeci:
3821 3962 3866 4017 si
3905 3962 3960 4015 in

2382 4076 2547 4130 rupes
2581 4068 2675 4113 aut
2720 4059 2971 4112 salebras
3006 4056 3354 4119 olfenderim,
3394 4056 3683 4124 navigator
3715 4052 3960 4107 nondum

2385 4154 2656 4207 undarum
2709 4150 2917 4214 sciens,
2980 4163 3067 4202 me
3116 4148 3279 4202 velim
3338 4155 3619 4201 errantem
3674 4143 3965 4214 peritiores

2384 4246 2688 4315 corrigam,
2726 4252 2782 4298 et
2829 4242 2884 4296 in
2922 4241 3066 4295 viam
3122 4239 3419 4303 reducant,
3453 4238 3769 4307 cupientem
3818 4251 3967 4293 aetn-

2386 4352 2485 4406 per
2515 4337 2753 4400 discere,
2777 4348 2996 4403 semper
3020 4331 3489 4386 auscultaturum.

2968 4485 2981 4499 .
3007 4486 3019 4499 .
3043 4486 3055 4500 .
3082 4483 3095 4497 .
3120 4483 3133 4497 .
3160 4447 3287 4497 ιιωε
3318 4443 3364 4496 si
3404 4458 3527 4496 vera
3564 4440 3791 4501 videtur,

712 4517 882 4569 siones
915 4517 1485 4572 commemoraverim.
1532 4515 1645 4572 llac
1680 4518 1922 4589 denique
1957 4518 2025 4573 de
2068 4533 2129 4573 re
2163 4533 2282 4572 mo-
2316 4530 2361 4584 ι)
2466 4517 2605 4572 Dede
2625 4531 2849 4571 manus:
2883 4525 2976 4569 aut
3006 4518 3050 4569 si
3084 4514 3226 4584 falsa
3263 4523 3362 4578 est,
3394 4513 3663 4581 accingere
3690 4519 3895 4564 contra.

2234 4697 2461 4754 NOTAE.

715 4790 944 4862 equitis,
967 4791 1274 4846 versionem
1320 4792 1679 4862 Anglicanam
1735 4793 2103 4848 Historiarum
2143 4793 2280 4848 Pro-

716 4863 858 4933 ropii
920 4861 1298 4928 Ciesarieusis,
1360 4861 1451 4917 ubi
1509 4864 1712 4918 dicitur
1771 4865 1922 4919 illius
1972 4865 2178 4932 judicio
2227 4874 2282 4921 et

717 4948 969 4987 ri-nsurte
1042 4934 1348 4986 versionem
1425 4936 1588 4989 istam
1680 4934 1852 4990 fuisse
1928 4935 2281 4998 submissam,

719 5018 955 5071 eainque
1009 5002 1215 5057 Graecis
1241 5004 1494 5056 collatam
1527 5013 1575 5057 et
1604 5015 1908 5060 correctam
1966 5004 2157 5059 fuisse.
2221 5005 2283 5058 Ei

721 5073 952 5127 multum
1014 5080 1274 5142 pra:terea
1305 5073 1465 5127 debet
1524 5072 1858 5129 Bibliotheca
1906 5084 2093 5129 nostra
2139 5073 2287 5128 Oxo-

723 5145 927 5198 uieusis
959 5145 1031 5196 oh
1087 5142 1408 5211 Catalogum
1459 5159 1620 5210 quem
1676 5146 1965 5199 adornavit
2019 5145 2282 5199 librorum

721 5213 1035 5266 Umerorum
1072 5227 1208 5266 mss.
1244 5212 1715 5268 Barocriauorum.

795 5282 906 5355 (76)
963 5284 1192 5355 Inillius
1218 5281 1335 5336 Vita
1377 5298 1538 5355 quam
1576 5285 1803 5355 Anglice
1852 5284 2118 5355 habemus
2161 5284 2283 5351 eius

722 5353 1035 5421 posthumis
1069 5355 1353 5421 opusculis
1376 5353 1680 5421 prmlixam,
1711 5353 1846 5408 falso
1874 5354 2280 5411 subindicatur.

725 5438 866 5493 opus
924 5430 1285 5487 totum,cum
1347 5422 1542 5479 Latina
1593 5426 1844 5482 versione
1903 5434 1956 5480 et
2002 5424 2285 5495 perpetuis

2386 4796 2831 4861 commentariis,
2866 4796 2933 4849 ab
2956 4810 3024 4851 eo
3054 4792 3249 4859 fuisse,
3282 4800 3342 4846 ut
3373 4791 3518 4862 typis
3549 4791 3969 4846 committeren-

2390 4875 2503 4927 tur,
2533 4878 2818 4920 oruatum.
2875 4909 2880 4912 .

2462 4936 2575 5005 (77)
2617 4936 2689 4991 De
2716 4937 2955 5006 Sisypho
2985 4936 3122 4997 Coo,
3153 4934 3299 5006 quod
3326 4932 3541 5006 Teucro
3560 4930 3729 5006 fuerit
3759 4930 3969 5006 scriba,

2391 5014 2443 5061 et
2471 5000 2583 5059 "sub
2618 5007 2711 5058 illo
2738 5000 2863 5060 culti
2902 5000 3217 5069 militasset,
3248 5004 3313 5058 de
3346 5004 3459 5057 illis
3496 5018 3618 5071 quae
3656 5002 3773 5069 ipse
3820 5000 3973 5052 vitle-

2392 5084 2500 5139 rat,
2552 5074 2755 5140 Iliada,
2798 5076 3214 5144 conscripserit,
3247 5070 3733 5145 quodque;postea
3768 5070 3974 5145 Home-

2392 5138 2493 5200 rus
2514 5163 2580 5199 ex
2618 5162 2681 5200 ea
2713 5138 2867 5199 suam
2902 5138 3282 5201 cont-exuerit:
3322 5138 3468 5197 etde
3505 5141 3660 5211 Dicty
3686 5138 3971 5196 Cretensi.

2392 5216 2538 5284 quod
2576 5216 2627 5268 iu
2661 5216 2803 5270 bello
2834 5214 3076 5284 Trojano
3113 5214 3406 5269 comitatus
3454 5213 3527 5267 sit
3560 5210 3873 5284 Idumenea,
3919 5214 3976 5260 et

2393 5279 2460 5339 de
2492 5286 2613 5339 belli
2642 5287 2810 5355 gestis
2836 5279 3131 5339 Historiam
3170 5284 3567 5353 composuerit,
3597 5294 3763 5352 quam
3803 5279 3972 5333 etiam

2392 5365 2615 5413 secutus
2645 5353 2717 5412 sit
2760 5353 3057 5412 llomerus.
