4256 6452
310 429 382 492 89
1405 432 1934 496 CHRONOGRAP]

2006 434 2087 497 Ἀ.
2117 459 2188 477 -
2211 435 2360 498 LIB.
2402 435 2478 497 lI‘.
3519 426 3592 490 90

310 539 596 611 Αἰγύπτιοι
618 540 738 595 τότε
764 542 797 612 ἢ
825 541 974 597 ἄλλοι
995 542 1140 609 τινὲς
1157 542 1390 616 ἀριθμὸν
1422 545 1659 617 ψηφίσαι
1688 547 1799 618 (59)
1829 547 1898 614 δ’,
1929 601 1934 613 .

2006 548 2152 605 enim
2195 547 2542 618 temporibus
2585 559 2687 602 nec
2725 541 2994 615 Egyptii,
3028 555 3126 596 nec
3160 541 3252 595 alii
3285 541 3385 594 ulli
3419 540 3588 594 alium

312 633 429 688 ἀλλ’
459 632 511 684 ot
537 630 639 702 μὲν
670 632 772 694 τὰς
805 633 1088 703 περιόδους
1120 635 1220 705 τῆς
1251 634 1485 706 σελήνης
1520 637 1785 708 ἐψήφιζον
1816 639 1894 703 εἰς

313 725 616 788 ἐνιαυτοὺς,
652 725 702 778 οί
731 725 789 778 δὲ
814 724 910 788 τὰς
953 727 1238 797 περιόδους
1289 727 1400 781 τῶν
1427 729 1650 800 ἡμερῶν
1697 733 1777 795 εἰς
1801 730 1896 801 ἔτη

315 816 600 888 ἐιξνήφιζον.
627 819 691 871 Οἰ
722 819 829 890 γὰρ
850 819 960 871 τῶν
1000 819 1065 888 ιβ’
1103 820 1287 891 μηνῶν
1316 821 1539 893 ἀριθμοὶ
1565 824 1702 895 μετὰ
1723 825 1898 880 ταῦτα

316 906 715 978 ἐπενοήθησαν,
735 909 884 974 ἐξότε
907 905 1278 982 ἐπωνομάσθη
1311 913 1355 945 ⁸⁰
1387 914 1447 967 τὸ
1478 916 1760 980 ὑποτελεῖς
1783 917 1896 990 [26]

317 991 458 1051 εἶναι
515 1000 641 1062 τοὺς
679 999 1003 1071 ἀνθρώπους
1050 1005 1163 1066 τοῖς
1192 1004 1528 1073 βασιλεῦσιν.
1566 1006 1626 1059 '0
1657 1006 1713 1060 δέ
1737 1009 1900 1072 αὐτὸς

320 1088 532 1152 Ἰιλιος,
623 1091 738 1154 υίὸς
775 1090 1097 1160 Ἡφαίστου,
1136 1089 1204 1165 ἦν
1242 1079 1528 1166 φιλότιμος
1564 1097 1862 1163 ⁸¹,δυνατός
1886 1116 1900 1132 ·

319 1178 470 1240 ὅστις
491 1180 742 1252 ἐδιδάχθη
779 1183 883 1236 ὐπό
915 1201 1062 1248 τινος
1106 1184 1183 1248 ὡς
1213 1187 1352 1258 γυνή
1383 1205 1467 1249 τις
1489 1189 1765 1257 Αἰγυπτία
1794 1190 1904 1244 τῶν

319 1272 378 1322 ἐν
408 1271 644 1344 εὐπορίᾳ
678 1274 772 1326 καὶ
802 1273 932 1346 ἀξίᾳ
961 1275 1074 1346 (40)
1101 1276 1279 1335 οὐσῶν
1311 1280 1357 1311 ⁸⁸
1391 1279 1524 1351 παρ’
1551 1280 1738 1345 αὐτοῖς
1766 1281 1906 1352 ἐρῶ-

321 1362 391 1416 σὰ
420 1380 566 1429 τινος
620 1366 938 1437 ἐμοιχεύετο
987 1368 1078 1422 ὐπ’
1113 1369 1303 1424 αὐτοῦ.
1341 1372 1453 1426 Καὶ
1508 1373 1752 1437 ἀκούσας
1797 1373 1845 1407 ³³
1878 1375 1907 1428 ὁ

323 1455 514 1520 Ἥλιος
563 1457 830 1529 ἐζήτησεν
873 1459 1044 1530 αὐτὴν
1075 1463 1271 1527 ,πιάσαι
1302 1462 1392 1519 διὰ
1439 1463 1540 1535 τὴν
1573 1465 1667 1519 τοῦ
1698 1465 1907 1534 πατρὸς

321 1546 489 1601 αὐτοῦ
530 1547 830 1617 Ἡφαίστου
855 1549 1203 1617 νομοθεσίαν,
1240 1552 1329 1606 ἵνα
1360 1551 1436 1622 μὴ
1462 1551 1600 1624 λυθῇ
1624 1569 1636 1582 ο
1673 1553 1768 1605 καὶ
1808 1551 1908 1606 λα-

319 1638 430 1692 ϐὼν
489 1640 830 1711 στρατιώτας
883 1643 948 1695 ἐκ
980 1641 1074 1695 τοῦ
1110 1643 1242 1697 ἰδίου
1286 1644 1545 1715 στρατοῦ,
1588 1645 1779 1714 μαθὼν
1816 1645 1908 1700 τὸν

319 1733 512 1802 καιρὸν
538 1734 636 1803 τῆς
663 1734 913 1803 μοιχείας
943 1734 1114 1804 αὐτῆς
1144 1733 1394 1809 γίνεσθαι
1422 1735 1659 1800 νυκτῶν,
1693 1737 1910 1809 ἐπιῤῥί-

317 1823 430 1892 ψας
459 1824 598 1895 αὐτῇ
629 1823 721 1877 τοῦ
752 1824 946 1909 ἀνδρὸς
978 1825 1149 1896 αὐτῆς
1200 1827 1276 1898 μὴ
1311 1826 1465 1894 ὄντος
1508 1827 1720 1894 αὐτόθι,
1751 1823 1908 1900 εὗρεν

2001 638 2070 694 ab
2101 638 2208 692 hoc
2242 638 2486 692 habuere
2535 633 2889 706 computandi
2936 635 3156 687 modum
3193 649 3204 684 :
3247 631 3341 685 sed
3377 633 3591 684 revolu-

2001 729 2180 784 tiones
2210 728 2266 782 hi
2298 728 2549 791 lunares,
2584 725 2663 780 illi
2692 739 2822 780 vero
2839 725 3050 779 dierum
3077 721 3331 792 periodos
3361 736 3460 792 pro
3490 737 3589 775 an-

2005 822 2091 878 nis
2119 821 2543 877 enumerabant.
2568 816 2761 873 Modus
2780 832 2912 871 vero
2937 831 3032 886 per
3053 813 3344 868 duodecim
3374 828 3590 868 menses

2007 913 2475 986 supputandigaI
2501 923 2613 966 tum
2637 909 2857 964 demum
2893 907 3158 969 obtinuit,
3206 923 3331 963 cum
3369 907 3590 974 regibus

2003 1013 2298 1082 vectigales
2339 1011 2455 1064 lieri
2503 1012 2789 1076 coeperunt
2818 1003 3100 1058 mortales.
3140 1000 3234 1055 Sol
3267 1015 3420 1063 vero,
3459 997 3591 1052 Vul-

2005 1105 2131 1161 cani
2153 1103 2534 1171 tllius,potens
2557 1097 2658 1152 fuit
2687 1106 2738 1151 et
2756 1095 2946 1165 gloriae
2976 1093 3234 1164 cupidus.
3264 1090 3369 1158 Qui
3398 1105 3428 1143 a
3454 1105 3594 1159 quo-

2005 1196 2130 1251 dam
2159 1193 2413 1256 edoctus,
2435 1190 2692 1246 feminam
2722 1185 3016 1258 quamdam
3034 1176 3366 1256 ngyptiam,
3393 1182 3593 1252 opibus

2005 1295 2060 1342 et
2107 1285 2374 1356 dignitate
2411 1281 2719 1345 ﬂorentem,
2765 1293 2891 1333 cum
2941 1274 3180 1346 quodam
3229 1273 3439 1328 amasio
3487 1286 3592 1328 suo

2007 1376 2262 1433 adulterii
2303 1373 2760 1431 consuetudinem
2793 1370 2996 1425 habere
3020 1409 3035 1434 ,
3080 1369 3135 1422 in
3171 1367 3370 1422 studiis
3400 1367 3596 1423 habuit

2008 1469 2156 1523 illam
2184 1468 2544 1537 prehendere.
2575 1481 2684 1536 quo
2713 1465 2885 1535 legem
2910 1479 2939 1526 a
2973 1468 3131 1532 patre
3167 1460 3333 1514 latam
3368 1469 3596 1526 praesta-

2009 1570 2092 1615 ret
2122 1559 2462 1614 inviolatam.
2492 1559 2713 1612 Certior
2763 1557 2952 1625 itaque
2988 1555 3192 1619 factus,
3221 1563 3442 1623 tempus
3481 1567 3596 1624 quo

2009 1652 2363 1721 congressuri
2396 1658 2554 1706 erant
2583 1650 2697 1719 jam
2747 1649 2988 1712 instare,
3047 1647 3278 1702 delectis
3324 1645 3595 1702 militibus

2011 1741 2272 1813 stipatus,
2305 1749 2469 1796 noctu
2501 1741 2648 1795 illam
2680 1737 2936 1792 adoritur
2965 1754 2977 1790 :
3009 1736 3469 1807 deprensamque,
3499 1752 3597 1806 per

2011 1835 2314 1890 absentiam
2378 1833 2482 1887 viri
2536 1846 2662 1886 cum
2728 1829 2943 1884 amasio
2992 1843 3095 1884 suo
3149 1828 3594 1894 decumbentem,

321 1914 493 1987 αὐτὴν
518 1916 658 1986 μετὰ
686 1915 851 1970 ἄλλου
885 1917 1261 1972 καθεύδουσαν
1303 1917 1400 1973 τοῦ
1445 1920 1727 1991 ἐρωμένου
1770 1923 1902 1993 παρέ
1933 1970 1934 1973 η

2006 1927 2271 1983 extraxit:
2299 1934 2353 1981 et
2373 1940 2472 1996 per
2493 1937 2709 1979 omnem
2727 1920 3021 1991 Egyptum
3035 1920 3389 1976 circumferri
3403 1920 3595 1992 jussit,

321 2007 513 2080 αὐτῆς.
550 2010 783 2064 Ἢντινα
831 2011 1035 2076 εὐθέως
1086 2009 1423 2080 καταγαγὼν
1465 2013 1814 2083 ἐπόμπευσεν
1851 2015 1908 2067 ἐν

321 2099 570 2172 πάσητῇ
606 2101 760 2175 χώρᾳ
810 2105 910 2173 τῆς
947 2103 1228 2172 Αἰγύπτου
1282 2105 1744 2182 τιμωρησάμενος
1799 2105 1905 2174 (8)*

235 2251 261 2257 η
322 2193 420 2246 καὶ
447 2193 642 2262 γέγονε
675 2195 1003 2267 σωφροσύνη
1039 2195 1252 2268 μεγάλη
1304 2197 1361 2250 ἐν
1388 2198 1456 2268 τῇ
1509 2199 1578 2268 γῇ
1611 2197 1713 2269 τῆς
1740 2198 1912 2267 Αἰγύ-

321 2301 458 2341 πτου
479 2303 493 2318 ·
529 2289 786 2344 κάκεῖνον
809 2289 863 2344 δέ
884 2289 976 2343 τὸν
1011 2291 1199 2361 μοιχὸν
1224 2290 1424 2356 ἀνεζλε,
1464 2291 1560 2344 καὶ
1581 2291 1930 2363 εὐχαριστή--

322 2377 412 2448 θη.
430 2379 569 2451 Περὶ
584 2373 646 2434 οὐ
671 2381 878 2453 ίστορεί
902 2381 1200 2451 ποιητικῶς
1225 2383 1475 2452 Ὅμηρος
1501 2383 1530 2434 ό
1555 2381 1808 2454 ποιητὴς,
1833 2382 1911 2447 ὡς

319 2469 350 2522 δ
372 2471 562 2536 Ἤλιος
584 2512 600 2538 ,
633 2473 820 2545 φησὶν,
859 2475 1056 2546 ηλεγξε
1088 2477 1187 2544 τὴν
1232 2475 1558 2545 Ἀφροδίτην
1601 2492 1910 2548 συμμιγνυ-

305 2557 495 2634 ’μὲνην
527 2566 719 2630 νυκτὸς
753 2567 916 2638 Ἀρεῖ
935 2555 960 2597 ·’
988 2566 1309 2639 Ἀφροδίτην
1331 2567 1387 2634 δὲ
1413 2568 1642 2622 ἐκάλεσε
1668 2570 1768 2640 τὴν
1792 2570 1911 2623 ἐπι-

323 2654 528 2726 θυμίαν
553 2658 653 2727 τῆς
686 2659 947 2729 πορνείας
970 2659 1078 2712 ἀπὸ
1108 2657 1202 2711 τοῦ
1242 2659 1423 2712 Ἡλίου
1457 2658 1722 2729 βασιλέως
1751 2658 1909 2731 ἐλεγ-

323 2746 570 2818 χθεῖσαν.
603 2748 677 2802 Τὸ
704 2748 761 2802 δὲ
801 2747 1023 2819 ἀληθὲς,
1049 2748 1124 2810 ὡς
1155 2748 1602 2819 προγέγραπται,
1637 2749 1910 2817 Παλαίφα-

321 2843 462 2903 τοςὸ
493 2839 808 2910 σοφώτατος
840 2839 1220 2918 χρονογρὸιφος
1254 2839 1654 2911 συνεγράψατο.

395 2931 552 2985 Μετὰ
611 2931 669 2984 δὲ
728 2931 828 3003 τὴν
876 2931 1137 3003 τελευτὴν
1199 2930 1385 2985 Ἡλίου
1447 2931 1734 3001 βασιλέως,
1791 2931 1910 2984 υίοῦ

336 3023 661 3094 Ἡφαίστου,
695 3024 1018 3078 ἐδασίλευσε
1048 3023 1157 3077 τῶν
1171 3023 1498 3092 Αἰγυπτίων
1526 3023 1700 3087 Σῶσις
1723 3013 1792 3094 (Γ)
1819 3024 1928 3081 καὶ.

330 3113 472 3185 μετὰ
502 3115 601 3182 τὴν
641 3113 922 3183 βασιλείαν
946 3112 1115 3167 αὐτοῦ
1145 3111 1499 3166 ἐϐασίλευσεν
1531 3106 1767 3182 Ὄσιρις,
1817 3111 1911 3165 καὶ

331 3206 472 3277 μετὰ
533 3207 750 3275 Ὄσιριν
799 3205 1152 3259 ἐϐασίλευσεν
1179 3201 1370 3275 Ὦρος,
1424 3204 1519 3257 καὶ
1575 3203 1714 3274 μετὰ
1741 3197 1911 3273 Ἶῒρον

328 3259 881 3357 ἐδασίλευσειθοῦλις
923 3292 1113 3380 (9),};
1143 3259 1420 3381 παρελαδε
1456 3259 1596 3364 μετέ
1627 3259 1914 3364 δυνάμεως
1942 3259 1983 3316 C

329 3387 536 3458 πολλῆς
563 3385 872 3457 πᾶσανιτὴν
902 3386 1008 3456 γῆν
1032 3385 1139 3450 ἕως
1174 3385 1268 3439 τοῦ
1311 3387 1590 3442 Ὠκεανοῦ.
1621 3387 1731 3441 Καὶ
1759 3388 1814 3440 ἐν
1837 3387 1915 3457 τῷ

332 3478 701 3548 ὑποστρέφειν
727 3475 840 3549 [27]
873 3471 1038 3547 ἦλθεν
1071 3476 1164 3529 ἐπὶ
1183 3475 1284 3547 τὴν
1327 3475 1596 3546 Ἀφρικὴν
1625 3476 1812 3547 χώραν
1837 3479 1918 3541 εἰς

332 3571 396 3625 τὸ
428 3573 677 3641 μαντεῖον
701 3571 760 3623 ἐν
794 3570 1181 3641 ὑπερηφανίᾳο
1236 3569 1330 3622 καὶ
1364 3569 1631 3633 θυσιάσας
1681 3570 1917 3625 ἐπυνθά-

335 3681 458 3716 νετο
489 3663 683 3730 λέγων’
727 3681 744 3713 ‹
774 3662 986 3732 Φράσον
1023 3678 1112 3732 μοι
1145 3659 1626 3733 (41),πυρισθενές
1655 3661 1722 3725 ⁵⁸,
1747 3662 1918 3731 ἀψευ-

336 3755 449 3818 δὲς,
487 3754 696 3824 μάκαρ,
727 3753 755 3806 ὁ
784 3753 876 3806 τὸν
906 3751 1150 3823 αἰθέριον
1183 3751 1556 3822 μετεγκλίνων
1587 3751 1809 3822 δρόμον,
1840 3752 1923 3816 τίς

339 3848 448 3918 πρὸ
468 3847 568 3915 τῆς
587 3846 725 3917 ἐμῆς
752 3843 1034 3914 βασιλείας
1060 3842 1300 3914 ⁴ι’κδυνήθη
1326 3843 1600 3910 ὑποτάξαι
1626 3842 1694 3896 τὰ
1721 3831 1920 3908 πάντα,

337 3939 372 4009 ἢ
403 3937 490 4001 τίς
527 3939 646 4007 μετ’
675 3936 774 4006 ἐμέ
797 3952 812 4002 ;
839 3953 856 3988 ι
891 3935 1004 3990 Καὶ
1046 3932 1203 4003 ἐδόθη
1262 3934 1413 4004 αὐτῷ
1444 3934 1693 4005 χρησμὸς
1721 3931 1877 3998 οὗτος
1906 3950 1918 3964 ·

346 4049 367 4083 ι
389 4028 591 4100 Πρῶτα
612 4027 767 4093 Θεὸς,
802 4027 1102 4098 μετέπειτα
1118 4025 1291 4090 Λόγος
1326 4027 1421 4080 καὶ
1442 4026 1669 4096 Πνεῦμα
1699 4027 1796 4080 σὺν
1825 4027 1925 4080 αὐ-

337 4119 484 4181 τοῖς·
547 4115 808 4187 σύμφυτα
839 4104 920 4169 δὲ’
954 4115 1133 4170 πάντα
1156 4113 1269 4185 (42)
1315 4116 1412 4167 καὶ
1447 4115 1528 4178 εἰς
1570 4114 1626 4169 ἓν
1665 4115 1833 4180 ἰόντα,
1861 4112 1922 4171 οὐ

338 4210 540 4281 κράτος
572 4209 811 4264 αἰώνιον.
851 4207 1032 4262 Ὤκέσι
1067 4207 1196 4262 ποσὶ
1238 4203 1454 4278 βάδιζε,
1508 4207 1692 4280 θνητέ,
1727 4208 1923 4282 ἄδηλον

2012 2017 2322 2090 graviterin
2342 2017 2489 2071 illam
2508 2013 3253 2073 animadvertensMoechum
3272 2029 3402 2070 vero
3419 2015 3598 2084 ipsum

2011 2119 2187 2166 morte
2218 2110 2464 2166 multavit
2497 2129 2509 2165 :
2540 2126 2649 2182 quo
2668 2109 2817 2166 facto
2842 2109 3077 2180 gratiam
3107 2106 3211 2162 sibi
3240 2106 3598 2172 conciliavit;

2014 2199 2263 2274 Egyptii
2289 2216 2419 2256 vero
2442 2217 2636 2257 omnes
2656 2203 2732 2256 uti
2765 2198 3370 2260 castitatemcolerent,
3396 2195 3596 2252 eﬂ‘ecit.

2012 2292 2087 2349 De
2120 2293 2206 2349 his
2235 2301 2419 2349 autem
2446 2293 2721 2349 Homerus
2757 2304 2939 2364 poeta,
2966 2306 3120 2347 more
3145 2306 3268 2355 suo,
3297 2289 3598 2351 fabulatur,

2012 2386 2105 2442 ubi
2172 2385 2385 2441 tradit:
2418 2385 2602 2441 Solem
2653 2385 3091 2454 deprehendisse
3151 2382 3416 2437 Venerem
3472 2396 3600 2436 cum

2013 2477 2184 2533 Marte
2209 2488 2373 2532 noctu
2407 2477 2724 2531 cubantem.
2751 2475 2854 2531 Per
2881 2472 3146 2530 Venerem
3180 2459 3311 2528 vero
3343 2471 3602 2542 intelligit

2012 2569 2248 2626 coeundi
2285 2568 2592 2633 libidinem,
2628 2583 2658 2622 a
2693 2567 2822 2623 Sole
2851 2555 2977 2638 rege
3017 2566 3410 2637 reprehensam
3437 2583 3451 2623 :
3483 2581 3601 2620 rem

2013 2661 2186 2731 ipsam
2216 2675 2347 2715 vero
2400 2660 2478 2714 uti
2515 2674 2544 2713 a
2583 2658 2743 2714 nobis
2792 2656 3049 2728 exposita
3103 2666 3212 2721 est,
3249 2654 3600 2725 Palmphatus

2014 2749 2462 2821 sapientissimus
2489 2748 2950 2820 chronographus
2997 2746 3200 2802 litteris
3230 2745 3600 2816 consignavit.

2085 2930 2215 2985 Post
2269 2939 2498 2984 mortem
2529 2942 2662 2982 vero
2695 2925 2864 2994 Solis,
2895 2925 3132 2981 Vulcani
3181 2925 3301 2990 ﬁlii,
3328 2923 3604 2996 Egyptiis

2015 3021 2305 3092 imperavit
2337 3021 2492 3075 Sosis
2526 3038 2539 3074 :
2568 3029 2689 3090 post
2721 3019 2871 3074 hunc
2907 3019 3159 3088 regnavit
3185 3018 3398 3083 Osiris;
3429 3017 3606 3073 Osiri-

2015 3114 2138 3168 dem
2174 3113 2390 3182 excepit
2426 3111 2606 3166 [lorus
2640 3119 2729 3166 :et
2757 3112 2969 3165 Horum
3003 3109 3222 3166 Thulis.
3260 3111 3358 3166 Hic
3395 3111 3607 3180 ingenti

2018 3207 2324 3261 instructus
2363 3205 2634 3266 exercitu,
2662 3218 2881 3257 omnem
2920 3203 3068 3257 circa
3101 3201 3407 3272 regionem,
3436 3218 3610 3273 usque

2021 3296 2089 3374 ad
2121 3293 2567 3365 Oceanum,'25
2601 3295 2654 3348 in
2691 3302 3018 3364 potestatem
3068 3287 3232 3348 suam
3275 3281 3505 3363 redegit.
3551 3296 3609 3350 In

2021 3387 2200 3444 reditu
2232 3393 2414 3441 autem
2448 3401 2549 3441 suo
2579 3401 2674 3455 per
2711 3384 2952 3440 Africam
3003 3386 3110 3440 iter
3143 3385 3375 3462 faciens,
3406 3401 3608 3440 oracu-

2023 3481 2135 3535 lum
2188 3480 2460 3549 superbus
2490 3478 2658 3545 adiit;
2713 3479 3008 3548 sacrisque
3039 3478 3309 3549 peractis,
3356 3477 3606 3549 Pythium

2024 3574 2078 3628 in
2103 3575 2216 3627 hmc
2249 3573 2414 3627 verba
2445 3571 2680 3626 tentavit
2709 3590 2724 3627 :
2761 3590 2779 3624 ι
2821 3569 2919 3625 Dic
2964 3570 3121 3634 mihi,
3155 3570 3487 3641 ignipotens,
3523 3586 3612 3626 ve-

2027 3662 2222 3728 ridice,
2260 3662 2435 3725 beate,
2475 3661 2759 3715 aetherium
2819 3675 3044 3714 cursum
3090 3660 3182 3729 qui
3231 3660 3430 3723 ﬂectis,
3463 3659 3608 3731 quis.
3689 3669 3691 3671 ’

2027 3762 2154 3808 ante
2207 3767 2317 3815 me,
2360 3752 2545 3806 omnia
2585 3750 2690 3806 sibi
2742 3751 3018 3820 subjicere
3069 3751 3278 3827 potuit;
3332 3761 3427 3805 aut
3459 3752 3609 3820 quis,

2027 3853 2151 3915 post
2170 3859 2276 3909 me,
2301 3845 2538 3912 poterit?
2567 3863 2584 3895 ι
2613 3843 2921 3915 Respondit
2943 3844 3232 3915 oraculum
3271 3865 3284 3898 :
3319 3862 3338 3895 ι
3373 3843 3612 3900 Primum

1977 3994 1981 3998 ,
2029 3936 2211 4003 Deus;
2235 3935 2435 4008 deinde
2470 3935 2745 4001 Verbum;
2787 3952 3024 4008 cumque
3058 3937 3143 3992 his
3177 3935 3437 4006 Spiritus,
3467 3937 3616 3992 Con-

2030 4029 2209 4099 genita
2239 4039 2368 4085 sunt
2400 4029 2511 4084 haec
2557 4030 2769 4090 omnia,
2799 4029 2853 4082 in
2893 4045 3179 4099 unumque
3230 4028 3397 4095 ﬁunt;
3453 4029 3618 4096 cujus

2016 4131 2275 4191 potestas
2315 4134 2517 4177 aeterna
2572 4130 2680 4178 est.
2732 4120 2841 4178 Fac
2873 4124 2984 4177 cito
3038 4124 3313 4187 discedas,
3344 4126 3617 4189 mortalis,

2033 4229 2194 4283 quem
2221 4214 2330 4268 fata
2364 4223 2587 4270 manent
2617 4215 2850 4272 incerta.
2894 4235 2912 4268 ι
2951 4216 3046 4271 Ille
3079 4231 3210 4270 vero
3248 4217 3438 4271 statim
3487 4215 3620 4272 fano

1651 4320 1886 4378 VARUE
1929 4323 2338 4382 LECTIONES.

401 4480 455 4514 δ’
478 4479 511 4549 ἢ
535 4477 1132 4552 ἄλλοιτινές-ἀριθλμόν.
1173 4477 1206 4548 ἢ
1238 4476 1418 4552 ’ἄλλον
1441 4476 1588 4552 τινὰ.
1623 4477 1856 4547 ἀριθμὸν
1885 4477 2088 4552 Chron.
2128 4480 2348 4552 Pasch.,

341 4546 612 4624 νομάσθη.
652 4546 1205 4624 {vopigeqch‘ronq—
1234 4548 1502 4624 ἐπενοήθη
1560 4546 1834 4624 Joaitnes._
1917 4551 1960 4624 ξι
2005 4552 2303 4624 φιλότιμος.
2338 4546 2644 4624 ’φιλόσοφος
2695 4546 2901 4611 Chron.

340 4617 586 4685 Chron,
627 4617 762 4678 οὐσα
804 4617 910 4675 Οιζ
993 4619 1041 4650 ⁵³
1068 4619 1193 4673 Post
1235 4617 1498 4680 ἀκούσας’
1534 4617 1695 4674 omisi

2370 4485 2403 4555 ἦ
2428 4485 2577 4540 ἄλλοι
2609 4487 2752 4547 τινὲς
2787 4485 3033 4539 ἐνιαυτὸν
3062 4483 3323 4540 Joannes.
3399 4486 3445 4517 ⁵⁸
3475 4487 3623 4540 ἐπω-

3004 4557 3049 4588 ⁸²
3079 4555 3256 4608 οὐσῶν
3313 4555 3522 4610 Hodius
3549 4573 3623 4612 ex

1739 4619 1835 4672 ἀπ’
1880 4620 2046 4698 αὐτού
2087 4619 2212 4678 cum
2257 4619 2465 4698 Chron.
2544 4619 2590 4698 εξ
2622 4625 2946 4696 πυρισθενές
2972 4626 3183 4698 Chron.
3229 4636 3284 4680 et
3328 4643 3432 4682 IIIS.
3475 4627 3623 4698 apud

342 4692 654 4748 Bentleium
674 4690 835 4762 epist.
874 4706 928 4761 p.
955 4689 1043 4754 Η,
1075 4687 1496 4759 ινρπυρισθένη
1526 4687 1628 4743 Ox.
1693 4687 1765 4743 De
1794 4694 2049 4759 sequenti
2085 4697 2315 4749 oraculo
2359 4697 2482 4750 vide
2513 4687 2941 4750 adnotationem
2957 4698 3025 4750 ad
3055 4695 3266 4752 Chron.

1570 4779 1678 4834 ΕΙ).
1719 4779 1928 4836 CHth
1941 4782 2096 4841 EADI
2137 4787 2372 4843 NOTAE.

344 4891 513 4933 xcvn.
545 4874 839 4956 Cedrenus
861 4875 1028 4930 alium
1076 4875 1145 4956 ab
1179 4874 1291 4956 hoc
1319 4874 1917 4956 ealculumiinstituit:
1958 4892 2001 4946 ι)
2067 4885 2211 4956 ⁸(ιιι)
2250 4885 2581 4956 ΙΙυρισΟὲνη,
2617 4883 2870 4952 ὰύευδές.
2923 4881 3130 4956 Chron.
3173 4882 3261 4936 Al.
3300 4882 3429 4951 legit
3460 4901 3626 4956 πυρι.

347 4961 523 5002 annos
549 4948 693 5001 enim
727 4962 796 5000 ιι
827 4945 954 5000 cum
996 4946 1226 5001 semisse
1259 4944 1372 4999 Soli
1400 4945 1647 5015 regnanti
1680 4946 1875 5000 tribuit
1903 4964 1919 5013 ;

351 5015 979 5090 pag.i9,iedjt.i‘aris.
1052 5087 1062 5090 _
1145 5084 1230 5090 ,Δ
1310 5083 1322 5090 _
1424 5084 1435 5090 _
1501 5068 1525 5090 __

421 5083 535 5157 (59)
565 5089 636 5140 Ἦ
665 5086 816 5139 ἄλλοι
847 5089 1012 5149 τινες,
1041 5083 1564 5157 ἀριθμδνψηφίσσξιι
1585 5084 1922 5157 omninoie-

351 5155 588 5228 gendum
618 5173 745 5228 cum,
774 5157 983 5211 Chron.
1011 5155 1187 5228 Alex.
1205 5155 1363 5211 ἄλλον
1395 5158 1516 5228 τινὰ
1546 5155 1780 5225 ἀριθμὸν
1819 5156 1927 5226 ψηο
1969 5200 1975 5209 .

352 5225 510 5295 {piam
541 5246 552 5282 :
590 5227 807 5281 interim
841 5236 1019 5281 tamen
1055 5241 1120 5280 ex
1141 5225 1341 5280 Nostro
1370 5226 1535 5278 etiam
1565 5233 1756 5278 mutuo
1791 5242 1926 5295 sup--

354 5297 612 5368 piendum
636 5305 726 5368 est
753 5296 958 5368 Chron.
992 5297 1146 5368 Alex.
1200 5297 1465 5368 locusque
1502 5296 1605 5368 iste
1637 5295 1928 5368 ita_legeno

352 5364 458 5422 tius
496 5383 507 5417 :
538 5367 612 5419 Οὐ
673 5367 782 5437 γὰρ
830 5366 1050 5436 ᾔδεισαν
1101 5367 1151 5419 οἰ
1200 5364 1486 5437 Αἰγύπτιοι
1521 5366 1666 5437 τότε,
1698 5365 1747 5437 ﬂ
1779 5366 1930 5419 ἄλλοι

352 5439 517 5501 τινὲς,
550 5434 709 5490 ἄλλον
735 5434 885 5489 ·’τινὰ
926 5437 1158 5506 ἀριθμόν
1188 5440 1243 5489 ἐν
1280 5435 1359 5504 τῷ
1400 5434 1681 5507 ψηφίζειν,
1716 5434 1845 5492 licet
1877 5445 1931 5492 ct

357 5509 411 5563 in
452 5508 808 5575 sequentibus
839 5509 999 5575 etiam
1033 5522 1285 5560 mancum
1313 5515 1416 5560 est.

429 5570 544 5648 ΜΟ)
579 5577 828 5642 Καὶάξία
853 5573 1006 5630 οὖσα.
1041 5575 1168 5647 Leg.
1223 5578 1316 5629 καὶ
1351 5579 1409 5629 ἐν
1430 5576 1556 5648 ἀξίᾳ
1585 5570 1762 5631 οὖσαν

2027 4951 2214 5024 σθενές
2261 4951 2761 5024 ἀψἐυδές·’νθι·ιιιιὶ
2811 4970 2934 5006 cum
2986 4951 3188 5007 Nostro
3235 4951 3627 5023 corrigendum

2028 5022 2453 5096 legendumque,
2500 5023 2854 5096 πυρισθενὴς,
2916 5022 3626 5096 ᾁψευδήςηΡοιΊὊίυηξιιτ

2027 5091 2139 5148 ιιιῖη
2169 5091 2408 5165 sequens
2441 5091 2609 5150 habes
2638 5106 2748 5147 lllm
2787 5091 2926 5162 apud
2954 5094 3158 5149 Chron.
3185 5093 3298 5156 AL,
3338 5103 3452 5145 tum
3479 5091 3626 5159 apud
3699 5120 3708 5122 -

2027 5165 2338 5220 Cedrenum
2370 5184 2385 5234 ;
2416 5167 2542 5220 licet
2568 5166 2807 5233 undique
2850 5165 3100 5216 mutilum
3133 5165 3534 5234 appareatauti
3562 5178 3631 5217 c-tt

2031 5237 2189 5290 metri
2229 5233 2444 5291 ratione
2475 5245 2691 5289 constat
2729 5250 2739 5285 :
2772 5249 2882 5303 quo
2928 5244 3108 5288 tamen
3141 5233 3490 5287 restituendo
3516 5248 3628 5286 non

2031 5313 2199 5378 estut
2233 5322 2458 5378 operam
2495 5306 2874 5378 prodigamus.

2033 5410 2036 5413 -
2105 5377 2217 5499 ἕω)
2261 5371 2524 5446 Σύμφυτα
2583 5371 2679 5428 δὲ’
2724 5375 2926 5427 πάντα.
2989 5371 3196 5442 Supple
3263 5371 3457 5432 ταῦτα,
3513 5371 3632 5426 sive

2033 5446 2102 5499 τά
2137 5466 2183 5499 ε.
2215 5465 2282 5499 ex
2321 5447 2647 5499 auctoribus
2698 5447 2918 5499 citatis;
2975 5455 3032 5499 ut
3081 5458 3279 5499 sensus
3329 5443 3626 5498 verborum

2033 5443 2282 5508 sese.“
2321 5443 2647 5501 auetoribus
2698 5447 2918 5513 citatis;
2975 5455 3032 5500 ut
3081 5458 3279 5499 sensus
3329 5443 3626 5498 verborum

1983 5592 1985 5594 η
2037 5527 2320 5590 utcunque
2350 5520 2420 5572 sit
2457 5519 2672 5588 plenus.

1765 5689 1946 5749 HODII
1979 5686 2212 5748 ΝΟΤᾸΕ.

433 5780 503 5848 (e)
536 5779 1027 5851 Τιμωρησάμενος,
1054 5779 1260 5851 Chron.
1287 5777 1458 5851 addit
1481 5778 1670 5851 αὐτὴν.

437 5847 502 5921 (Ι)
537 5847 728 5913 Σῶσις.
754 5847 967 5905 Chron.
995 5847 1218 5919 Σώσεις,
1248 5850 1338 5905 alii
1375 5849 1581 5918 Σὼσης.

2126 5779 2195 5850 (g)
2232 5775 2446 5840 ϐοῦλις.
2484 5773 2576 5830 Sic
2606 5771 2762 5839 Chn,
2789 5771 2881 5826 alii
2913 5768 3141 5844 Θούλης,
3191 5766 3284 5823 alii
3319 5763 3597 5836 Θουάχην
