4256 6452
580 378 653 440 95
1914 396 2239 461 JOANNIS
2282 400 2607 465 MALALAE
3800 390 3871 453 96

655 492 766 562 28
817 492 1104 552 Praedictis
1154 505 1339 553 autem
1388 499 1502 554 Pici
1537 499 1689 561 Iovis
1726 511 2069 578 temporibus
2099 513 2166 568 ad
2196 519 2248 577 Α

587 584 940 640 Occidentem
985 589 1290 658 regnantis
1317 591 1672 652 innotescere
1705 601 1877 669 cmpit
1922 618 1987 657 ex
2019 604 2181 676 Argi-

584 688 780 763 vorum
840 679 1062 748 regione
1115 680 1369 749 quidam,
1428 687 1519 740 cui
1573 702 1772 744 nomen
1809 692 2067 763 Inachus,
2109 711 2181 752 ex

585 762 804 836 Japheti
847 779 1008 838 gente
1033 771 1324 828 oriundus.
1377 773 1594 832 Primus
1626 779 1715 834 hic
1746 782 1967 853 Argivis
2009 788 2180 859 impe-

589 862 754 921 ravit,
791 861 1098 931 urbemque
1128 865 1415 929 condidit,
1465 885 1631 938 quam
1671 888 1698 924 a
1735 872 1901 929 Lunae
1932 880 2177 945 nomine,

591 951 678 1004 cui
708 951 920 1006 cultum
951 956 1222 1020 exhibuit,
1257 959 1486 1029 lopolim
1514 967 1750 1019 vocavit.
1777 967 2000 1038 Argivis
2032 972 2178 1026 enim

592 1058 768 1111 usque
796 1046 978 1100 adhuc
1027 1048 1081 1102 in
1125 1052 1408 1120 mysteriis
1452 1055 1570 1110 suis
1604 1058 1953 1113 reconditum
2009 1060 2180 1118 Lunae

590 1151 794 1192 nomen
825 1139 880 1193 ιυ
911 1148 1014 1195 est.
1052 1140 1267 1199 Fanum
1317 1161 1544 1216 quoque
1573 1148 1627 1202 in
1654 1164 1718 1203 ea
1745 1152 1878 1205 urbe
1907 1155 2178 1219 condidit,

590 1227 762 1283 Lunae
813 1246 1069 1299 sacrum;
1126 1242 1180 1290 et
1227 1251 1291 1290 ex
1325 1252 1440 1292 aere
1462 1246 1703 1294 statuam
1733 1243 1784 1297 ei
1815 1249 2018 1309 erexit,
2050 1263 2178 1303 cum

591 1320 701 1375 hac
742 1321 1124 1394 inscriptione.
1159 1325 1245 1393 lo,
1275 1328 1464 1394 Beata,
1502 1328 1778 1399 Lucifera.
1813 1332 2050 1394 Inachus
2077 1354 2179 1395 au-

592 1419 706 1466 tem
744 1414 849 1468 iste
889 1417 943 1470 in
991 1432 1219 1472 uxorem
1260 1418 1366 1473 sibi
1415 1422 1628 1491 accepit
1672 1422 1924 1492 Meliam;
1965 1443 2031 1483 ex
2071 1447 2178 1501 qua

597 1504 952 1574 tergeminam
997 1509 1242 1576 suscepit
1287 1510 1520 1579 prolem,
1565 1512 1831 1583 Cassum,
1871 1516 2085 1587 Belum,
2117 1523 2180 1578 ti-

593 1593 855 1666 liamque,
884 1612 1050 1668 quam
1086 1614 1114 1653 a
1148 1598 1320 1656 Lunae
1349 1603 1574 1659 nomine
1613 1603 1670 1659 lo
1709 1611 1963 1678 vocavit;
1996 1613 2178 1671 forma

591 1686 740 1779 enim
768 1695 888 1779 erat
919 1690 1073 1761 virgo
1123 1691 1534 1749 laudatissima.
1586 1697 1750 1757 Picus
1791 1703 2032 1771 interim,
2079 1709 2177 1779 qui

593 1783 652 1830 et
676 1773 913 1849 Jupiter,
944 1783 1038 1851 qui
1076 1783 1332 1852 partibus
1371 1784 1828 1848 Occidentalibus
1859 1773 2172 1866 imperavit,

2360 516 2452 570 Ἐν
2482 515 2539 568 δὲ
2573 519 2686 577 τοῖς
2719 512 3145 584 προειρημένοις
3187 511 3282 568 τοῦ
3315 515 3486 570 Πίκου
3516 517 3565 548 ’⁸
3604 517 3726 580 Διὸς
3755 515 3876 587 χρό-

2282 624 2395 670 νοις
2451 607 2547 659 ἐπὶ
2574 606 2644 661 τὰ
2675 604 2869 660 δυτικά
2901 604 3016 676 [51]
3055 607 3196 678 μέρη
3228 607 3590 676 ἀναφαίνεται
3621 609 3669 641 ⁷⁵
3695 626 3781 673 τις
3810 611 3876 662 ἐκ

2281 693 2385 764 τῆς
2426 693 2604 764 φυλῆς
2632 691 2729 747 τοῦ
2784 692 2967 762 ἰάφεθ
3008 695 3066 747 ἐν
3111 697 3177 765 τῇ
3218 695 3373 766 χώρᾳ
3409 697 3522 751 τῶν
3583 697 3873 768 Ἀργείων,

2280 785 2507 859 ὀνόματι
2550 787 2788 857 Ἴναχος.
2842 785 3034 851 Ὅστις
3074 787 3292 858 πρῶτος
3339 789 3693 846 ἐϐασίλευσεν
3722 793 3782 844 ἐν
3806 793 3873 860 τῇ

2281 879 2436 952 χώρᾳ⁵
2476 878 2685 952 ἐκείνῃ,
2718 879 2815 933 καὶ
2860 878 3037 943 κτίζει
3100 879 3258 934 πόλιν
3288 881 3404 934 ἐκεῖ
3438 882 3520 946 εἰς
3551 881 3723 953 ὄνομα
3773 881 3874 951 τῆς

2283 971 2545 1042 Σελήνης·
2605 968 2771 1039 ἐτίμα
2827 970 2938 1038 γὰρ
2995 968 3190 1039 αὐτὴν,
3236 971 3304 1038 ἢν
3362 970 3627 1024 ἐκάλεσεν
3691 969 3876 1025 Ἰὠπο-

2281 1064 2366 1116 λιν
2401 1063 2463 1134 (Ι)
2495 1064 2540 1095 ⁷⁸
2560 1078 2574 1091 ⁸
2607 1064 2656 1116 οί
2687 1064 2797 1132 γὰρ
2847 1063 3091 1133 Ἀργεῖοι
3145 1063 3429 1131 μυστικῶς
3485 1064 3545 1116 τὸ
3573 1063 3747 1133 ὄνομα
3772 1063 3874 1133 τῆς

2283 1155 2538 1227 Σελήνης.
2567 1155 2629 1209 τὸ
2675 1155 2998 1226 ἀπόκρυφον
3055 1153 3140 1207 ἰὼ
3171 1155 3215 1186 ’⁷
3274 1155 3529 1223 λέγουσιν
3580 1154 3686 1218 ἔως
3726 1155 3870 1226 άρτι.

2285 1248 2514 1301 Ἔκτισε
2547 1247 2604 1301 δὲ
2631 1247 2726 1301 καὶ
2750 1247 2895 1318 ἱερὸν
2928 1249 2986 1300 ἐν
3005 1249 3073 1317 τῇ
3106 1247 3260 1301 πόλει
3285 1252 3352 1318 τῇ
3389 1246 3618 1320 Σελήνῃ.
3643 1247 3877 1318 ἀναστή-

2281 1356 2383 1402 σας
2401 1339 2539 1410 αύτῇ
2566 1338 2770 1410 στήλην
2804 1337 3033 1408 χαλκῆν,
3062 1339 3121 1392 ἐν
3205 1337 3524 1409 ἐπέγραψεν
3554 1356 3568 1370 °
3610 1337 3723 1402 Ἰὼ,
3755 1337 3877 1393 Md-

2281 1446 2461 1498 καφα
2484 1430 2580 1501 (m)
2607 1431 2680 1495 ",
2733 1430 3202 1498 Λαμπαδηφόρε.
3263 1429 3320 1482 Ὀ
3361 1426 3419 1482 δὲ
3469 1429 3632 1493 αὐτὸς
3666 1430 3876 1498 Ἴναχος

2280 1521 2523 1591 ἠγάγετο
2552 1522 2795 1589 γυναῖκα
2825 1521 3034 1575 Μελίαν
3058 1519 3322 1590 ὀνόματι·
3351 1521 3411 1586 ἐξ
3429 1515 3499 1592 ἦς
3530 1521 3656 1592 ἔσχε
3680 1522 3878 1585 παῖδας

2277 1615 2450 1686 τρεῖς,
2487 1613 2673 1667 Κάσον
2704 1613 2751 1644 ⁷³
2778 1613 2871 1666 καὶ
2895 1611 3068 1682 Βῆλον
3115 1611 3256 1682 (50),
3301 1612 3397 1664 καί⁹
3450 1611 3753 1683 θυγατέρα,
3810 1613 3879 1682 ἢν

2277 1705 2637 1775 ἐπωνόμασεν
2684 1705 2772 1758 Ὶὼ
2806 1705 2887 1768 εἰς
2932 1705 3104 1775 Βνομα
3132 1704 3233 1775 τῆς
3261 1704 3504 1774 Σελήνης
3529 1719 3543 1734 ο
3600 1699 3670 1774 ῆν
3702 1703 3814 1773 γὰρ
3842 1705 3875 1771 ἡ

2281 1795 2421 1868 κόρη
2458 1796 2881 1866 εὐπρεπεστάτη
2908 1795 3078 1848 πάνυ.
3111 1793 3246 1846 Τότε
3287 1796 3317 1847 6
3359 1795 3528 1857 Πῖκος
3549 1795 3580 1847 6
3614 1794 3709 1848 καὶ
3741 1793 3878 1855 Ζεὺς

595 1867 692 1922 ubi
739 1849 1045 1928 inaudisset
1076 1849 1304 1932 _lnacho
1353 1877 1524 1934 filiam
1573 1896 1738 1948 esse,
1790 1849 2178 1956 pulcherrirna;

2285 1849 2528 1949 ἀκούσας
2556 1849 2686 1958 περὶ
2714 1849 2811 1939 τού
2859 1849 3067 1956 ἦνάχου
3097 1885 3180 1937 δτι
3213 1883 3329 1955 ἔχει
3358 1849 3643 1954 θυγατέρα
3673 1849 3880 1954 παρθέξ

596 1957 790 2051 [ormae
821 1962 1121 2032 virginem,
1173 1983 1271 2037 per
1299 1971 1620 2029 emissarios
1644 1983 1856 2046 raptam
1901 1993 2183 2051 compres-

595 2050 711 2115 sit,
772 2055 1171 2127 gravidamque
1206 2058 1368 2125 l‘ecit;
1423 2071 1480 2116 et
1524 2079 1592 2120 ex
1636 2081 1700 2121 ea
1754 2069 1922 2124 tiliam
1964 2050 2180 2141 habuit,

592 2158 760 2212 quam
814 2145 1040 2218 Libyam
1093 2151 1422 2208 nominavit.
1466 2153 1525 2210 lo
1575 2166 1760 2213 autem
1811 2160 2020 2219 illatam
2073 2167 2180 2222 sibi

590 2235 854 2305 injuriam
899 2240 1122 2311 indigne
1180 2243 1389 2310 ferens,
1429 2247 1643 2307 diutius
1692 2267 1817 2306 cum
1853 2253 1988 2312 Jove
2048 2258 2182 2316 Pico

592 2330 1050 2423 consuetudinem
1081 2333 1286 2391 habere
1317 2338 1610 2409 dedignata
1641 2353 1726 2400 est
1756 2365 1770 2400 :
1804 2346 2181 2423 derelictaque

593 2419 729 2484 lilia,
763 2423 939 2491 patris
977 2426 1143 2480 etiam
1178 2441 1485 2500 conspectu
1533 2435 1603 2489 ob
1636 2437 1903 2506 pudorem
1951 2419 2177 2512 evita—to,

593 2512 734 2608 clam
790 2517 1054 2573 omnibus
1115 2520 1170 2574 in
1224 2520 1522 2595 IEgyptum
1583 2529 1814 2599 profuga
1877 2537 2176 2608 navigavit,

593 2604 779 2700 ibique
835 2608 1019 2662 sedem
1077 2611 1214 2666 ﬁxit.
1262 2613 1364 2669 Ubi
1399 2633 1524 2670 cum
1561 2636 1658 2689 per
1700 2625 1925 2693 aliquod
1962 2604 2177 2700 tempus

593 2697 1129 2765 mansisset,edocta
1171 2714 1257 2759 est
1280 2709 1486 2775 regiam
1521 2711 1596 2765 ibi
1624 2723 1947 2783 potestatem
1979 2697 2179 2779 habere

592 2787 945 2882 Mercurium.
991 2792 1145 2850 Jovis
1180 2795 1295 2851 Pici
1350 2799 1543 2858 lilium.
1580 2803 1827 2864 Metuens
1870 2811 2039 2882 igitur
2070 2819 2175 2872 sibi

591 2879 665 2936 ab
691 2897 779 2946 eo,
815 2899 880 2939 ex
917 2883 1153 2957 Egypto
1182 2889 1235 2943 in
1279 2889 1495 2962 Syriam
1531 2894 1658 2965 fuga
1690 2879 1990 2966 evasit,vad
2021 2924 2178 2963 mon-

592 2980 704 3026 tem
729 2973 993 3045 Silpium;
1027 2979 1119 3034 ubi
1145 2981 1256 3050 29
1286 2985 1525 3053 posteris
1547 2991 1894 3059 temporibus
1914 2993 2177 3056 Seleucus

595 3063 821 3121 Nicator
852 3066 1080 3124 Macedo
1134 3074 1325 3128 urbem
1372 3077 1643 3143 condidit,
1680 3097 1843 3150 quam
1897 3102 1926 3140 a
1961 3088 2053 3142 lilii
2089 3093 2173 3146 sui

2285 1995 2376 2031 νον
2401 1977 2678 2048 εὐπρεπῆ,
2705 1978 2734 2030 6
2763 1976 3021 2048 βασιλεὺς
3053 1975 3163 2029 τῶν
3183 1973 3420 2029 δυτικῶν
3440 1976 3623 2047 μερῶν
3650 1973 3879 2045 πέμψας

2283 2067 2503 2137 ἥρπασε
2531 2067 2634 2137 τὴν
2678 2065 2784 2130 Ἰὼ,
2841 2065 3118 2137 θυγατέρα
3156 2064 3251 2118 τοῦ
3291 2064 3519 2136 Ἰνάχου,
3548 2067 3646 2119 καὶ
3670 2065 3879 2134 ταύτην

2283 2156 2498 2228 φθείρει
2523 2196 2539 2222 ,
2589 2155 2685 2209 καὶ
2715 2156 2912 2224 ἔγκυον
2961 2156 3198 2225 ποιήσας
3227 2153 3389 2224 ἔσχεν
3416 2155 3477 2219 ἐξ
3502 2155 3673 2225 αὐτῆς
3704 2154 3878 2222 θυγα-

2281 2251 2440 2321 τέρα,
2490 2249 2684 2319 ἥντινα
2739 2248 2969 2302 ἐκάλεσε
3023 2246 3257 2317 Λιὸύην.
3306 2247 3370 2299 Ἦ
3408 2247 3466 2300 δέ
3502 2246 3590 2300 Ἰὼ
3623 2245 3880 2318 ἐπαχθῶς

2283 2340 2479 2412 ἔφερεν
2507 2340 2601 2393 ἐπὶ
2630 2339 2710 2406 τῷ
2737 2339 3010 2410 συμϐάντι
3042 2339 3205 2408 αὐτῇ,
3246 2339 3343 2391 καὶ
3372 2338 3449 2408 μὴ
3479 2337 3713 2390 θέλουσα
3745 2353 3877 2391 συνος

2281 2435 2423 2486 εἶναι
2445 2430 2524 2503 τῷ
2545 2431 2722 2500 Πίκῳ,
2746 2430 3075 2484 διαλαθοῦσα
3107 2430 3273 2484 αὐτὸν
3299 2431 3393 2484 καὶ
3417 2430 3627 2493 πάντας
3662 2429 3756 2482 καὶ
3778 2431 3879 2500 τήν

2281 2523 2559 2596 Θυγατέρα
2590 2522 2760 2593 αὐτῆς
2793 2523 3024 2588 ἐάσασα,
3051 2523 3149 2577 καὶ
3177 2523 3269 2576 τὸν
3289 2522 3502 2594 πατέρα
3528 2521 3703 2592 αὐτῆς
3733 2523 3878 2575 Ἴναο

2280 2633 2375 2686 χον
2407 2614 2801 2684 αἰσχυνομένη,
2835 2613 3060 2683 ἔφυγεν,
3086 2616 3166 2678 είς
3189 2613 3466 2682 Αἴγυπτον
3495 2613 3878 2666 καταπλεύσα-

2280 2727 2369 2762 σα.
2397 2708 2510 2760 Καὶ
2542 2705 2866 2760 εἰσελθοῦσα
2897 2709 2955 2758 ἐν
2992 2709 3059 2776 τῇ
3093 2707 3246 2776 χώρᾳ
3275 2708 3373 2775 τῆς
3401 2704 3688 2772 Αἰγύπτου
3714 2705 3748 2774 ἡ
3791 2703 3878 2756 Ἰὼ

2279 2802 2398 2853 ἐκεῖ
2422 2800 2611 2869 διῆγε·
2648 2799 2744 2852 καὶ
2773 2798 3020 2868 μαθοῦσα
3056 2798 3197 2865 μετὰ
3232 2799 3424 2868 χρόνον
3475 2797 3590 2868 [52]
3626 2799 3709 2850 ὅτι
3752 2796 3877 2867 Ἐρ-

2281 2894 2389 2964 μῆς
2429 2891 2708 2962 βασιλεύει
2738 2889 2839 2959 τῆς
2869 2890 3173 2958 Αἰγύπτου,
3211 2891 3238 2943 6
3269 2891 3385 2953 υἱὸς
3419 2890 3591 2943 Πίκου
3611 2889 3754 2952 Διὸς,
3785 2890 3879 2942 καὶ

2277 2983 2580 3055 φοϐηθεῖσα
2608 2982 2701 3035 τὸν
2723 2982 2888 3036 αὑτὸν
2927 2981 3161 3051 Ἑρμῆν.
3191 2981 3384 3051 φεύγει
3415 2983 3628 3035 ἐκεῖθεν
3661 2981 3756 3034 ἐπὶ
3778 2979 3878 3050 τὴν

2278 3075 2479 3145 Συρίαν
2515 3073 2595 3133 είς
2618 3072 2681 3126 τὺ
2715 3073 2937 3126 Σίλπιον
2960 3073 3087 3143 ὅρος
3112 3090 3126 3103 ο
3151 3075 3232 3135 εἰς
3263 3074 3400 3144 ὅπερ
3429 3073 3698 3135 Σέλευκος
3722 3074 3750 3125 6
3774 3073 3877 3125 Νι-

595 3161 819 3217 nomine
873 3162 1219 3220 Antiochiam
1255 3165 1508 3238 Magnam
1558 3173 1873 3242 appellavit.
1928 3177 1999 3232 Αι
2051 3198 2181 3238 vero

2283 3166 2472 3238 κάτωρ
2502 3165 2826 3220 ὁΜακεδὼν
2866 3164 3054 3218 ἔκτισε
3100 3165 3258 3217 πόλιν
3311 3165 3451 3234 μετὰ
3501 3165 3731 3234 χρόνους
3782 3162 3880 3217 καὶ

596 3248 656 3308 lo
687 3252 855 3306 vitam
902 3270 1060 3309 suam
1104 3256 1158 3311 in
1203 3259 1387 3330 Syria,
1435 3277 1546 3330 quo
1592 3264 1939 3336 profugerat,
1968 3271 2179 3340 ﬁnivit;

597 3341 763 3397 sicuti
797 3345 1062 3415 scriptum
1093 3348 1318 3418 reliquit
1345 3351 1792 3421 sapientissimus
1821 3357 2179 3429 TheOpltilus.

597 3435 707 3490 Alii
769 3452 894 3491 vero
935 3439 1285 3495 tradiderunt
1343 3441 1397 3494 in
1455 3441 1696 3515 Egypto
1773 3461 1895 3501 eam
1951 3451 2181 3507 obiisse.

599 3523 836 3584 Inachus
883 3539 1066 3584 autem
1126 3542 1279 3601 pater
1332 3533 1444 3598 lus,
1502 3535 1572 3589 ad
1620 3551 1740 3591 eam
1800 3539 2182 3609 inquirendam

602 3617 802 3675 fratres
830 3621 952 3692 ejus
977 3623 1128 3678 misit
1150 3634 1204 3680 et
1236 3628 1598 3696 prOpinquos,
1637 3644 1736 3684 nec
1761 3646 1867 3692 non
1888 3639 1942 3688 et
1962 3633 2185 3704 Tripto-

601 3710 827 3777 lemum,
857 3729 983 3768 cum
1015 3715 1236 3786 Argivis
1281 3719 1405 3772 aliis
1434 3736 1446 3771 :
1487 3719 1582 3787 qui
1627 3735 1748 3774 eam
1784 3721 1987 3791 ubique
2021 3727 2187 3779 vesti-

600 3810 816 3871 gantes,
854 3819 962 3859 non
1008 3804 1359 3865 invenerunt.
1404 3807 1596 3864 Edocti
1638 3825 1772 3865 vero
1805 3812 1994 3883 Argivi
2029 3813 2188 3884 lupo-

601 3895 713 3951 litae
756 3912 874 3951 eam
920 3898 976 3952 in
1025 3898 1185 3970 Syria
1230 3900 1590 3965 defunctam,
1655 3902 1788 3956 illuc
1829 3904 2183 3967 ventilantes,

600 3985 919 4056 aliquandiu
947 3988 1019 4043 ibi
1050 3990 1380 4043 commorati
1404 3999 1564 4055 sunt;
1590 3990 1903 4059 domosque
1935 3992 2185 4062 singulas

601 4078 908 4148 pulsantes,
937 4079 1195 4135 dixerunt
1222 4099 1233 4134 :
1273 4081 1436 4136 Salva
1461 4082 1531 4135 sit
1562 4067 1656 4135 Ius
1685 4083 1886 4136 anima.
1923 4083 2186 4153 Accepto.

602 4184 709 4241 que
736 4185 832 4239 per
870 4173 1204 4227 insomnium
1248 4176 1495 4237 oraculo,
1548 4175 1650 4229 visi
1698 4184 1830 4230 sunt
1859 4175 1961 4230 sibi
2003 4177 2186 4230 videre

600 4265 881 4331 buculam,
912 4266 1152 4321 humana
1178 4283 1315 4322 voce
1343 4269 1417 4321 ita
1446 4282 1506 4322 se
1529 4267 1896 4338 alloquentem
1929 4285 1943 4321 :
1968 4267 2066 4320 Hic
2090 4284 2184 4337 ego

2289 3258 2550 3311 ἐκάλεσεν
2576 3257 2658 3321 εἰς
2686 3257 2751 3310 τὸ
2781 3256 2954 3326 ὄνομα
2985 3255 3081 3308 τοῦ
3137 3255 3269 3308 ἰδίου
3301 3254 3468 3308 αὑτοῦ
3503 3255 3622 3307 υίού
3672 3255 3879 3306 Ἀντιό-

2288 3367 2443 3422 χειαν
2469 3350 2516 3381 ⁸ο
2545 3349 2646 3419 τὴν
2690 3348 2974 3419 Μεγάλην.
3027 3346 3367 3399 Ἀπελθοῦσα
3413 3346 3471 3398 δὲ
3523 3347 3606 3406 εἰς
3638 3345 3738 3413 τὴν
3772 3347 3878 3398 Συ-

2291 3443 2416 3515 ρίαν
2448 3444 2482 3513 ἠ
2517 3441 2603 3495 Ἰὼ
2651 3442 2770 3493 ἐκεῖ
2798 3439 3178 3508 ἐτελεύτησεν,
3215 3437 3289 3501 ὡς
3318 3436 3574 3505 Θεόφιλος
3629 3439 3656 3489 6
3697 3436 3877 3504 σοφώ-

2287 3552 2449 3598 τατος
2482 3533 2885 3604 συνεγράψατο.
2919 3532 3138 3600 Ἕτεροι
3184 3531 3239 3582 δὲ
3300 3529 3549 3594 ἐξέθεντο
3597 3529 3680 3581 ὅτι
3715 3530 3774 3579 ἐν
3809 3531 3877 3598 τῇ

2291 3625 2553 3696 Αἰγύπτῳ
2593 3625 2848 3679 ἐτελεύτα
2893 3627 2927 3695 ἠ
2975 3624 3080 3677 Ἰώ.
3151 3623 3208 3675 ’0
3267 3623 3323 3676 δὲ
3366 3622 3598 3691 Ἴναχος,
3632 3624 3660 3673 6
3689 3620 3879 3690 πατὴρ

2293 3717 2490 3785 αὐτῆς,
2521 3719 2599 3779 εἰς
2626 3716 2962 3785 ἀναζήτησιν
2987 3715 3158 3783 αὐτῆς
3188 3715 3402 3784 ἔπεμψε
3449 3716 3575 3778 τοὺς
3611 3715 3880 3782 ἀδελφοὺς

2293 3811 2467 3880 αὐτῆς
2494 3810 2587 3864 καὶ
2622 3811 2750 3872 τοὺς
2788 3810 3075 3876 συγγενεῖς
3097 3809 3192 3862 καὶ
3222 3808 3314 3860 τὸν
3343 3807 3722 3877 Τριπτόλεμον
3762 3806 3878 3875 (51)

2294 3904 2389 3956 καὶ
2421 3902 2706 3973 Ἀργείους
2735 3901 2853 3972 μετ’
2893 3901 3092 3964 αὐτῶν,
3148 3900 3348 3963 οἵτινες
3395 3898 3672 3968 πανταχοῦ
3706 3899 3880 3966 ζητή-

2296 4011 2488 4056 σαντες
2513 3995 2611 4062 οὐχ
2637 3985 2797 4062 εὗρον
2829 3992 3000 4062 αὐτήν
3023 4009 3036 4023 ο
3064 3990 3287 4058 γνόντες
3312 3990 3367 4042 δὲ
3409 3991 3456 4041 οἱ
3486 3990 3727 4056 Ἀργεῖοι
3757 3989 3879 4039 Ἰω-

2294 4083 2509 4136 πολῖται
2541 4084 2623 4135 ὅτι
2648 4082 2906 4135 ἐτελεύτα
2939 4085 3019 4144 εἰς
3054 4081 3158 4149 γῆν
3189 4079 3389 4149 Συρίαν
3423 4082 3455 4149 ἠ
3481 4079 3589 4140 Ἰὼ,
3628 4078 3881 4139 ἐλθόντες

2292 4175 2517 4244 ἔμειναν
2562 4175 2682 4226 ἐκεῖ
2728 4174 2866 4242 πρὸς
2927 4173 3142 4242 μικρὸν,
3203 4171 3494 4241 κρούοντες
3530 4172 3609 4232 εἰς
3638 4170 3878 4222 ἕκαστον

2291 4262 2440 4320 οἷκον
2466 4267 2631 4320 αὑτοῦ
2675 4268 2768 4320 καὶ
2800 4266 3051 4333 λέγοντες
3106 4264 3239 4332 (52)·
3279 4263 3453 4332 Ψυχὴ
3493 4261 3643 4327 Ἰοῦς
3694 4259 3879 4321 σωζέ-

1889 4381 2126 4437 VARUE
2168 4380 2571 4436 LECTIONES.

663 4489 714 4525 ⁷⁵
731 4494 917 4564 Πήκου
945 4495 1047 4550 0x.
1087 4497 1168 4551 sic
1194 4504 1248 4549 et
1281 4495 1446 4548 infra.
1517 4495 1562 4526 "'
1593 4493 1942 4561 άνεφαίνεται
1998 4492 2112 4564 Ox.
2192 4494 2239 4525 ⁷⁸
2275 4493 2766 4564 Ἰώπολινβίιῑοι).

601 4559 652 4596 ⁷⁸
684 4559 934 4634 μάκαιρα
976 4566 1079 4620 Cb.
1121 4582 1247 4620 cum
1283 4565 1516 4628 Chron.,
1553 4559 1768 4636 μάκερα
1797 4564 1901 4619 Ox.
1965 4565 2011 4596 "
2039 4563 2240 4617 Κάσον.
2277 4564 2495 4617 Κάσσον
2518 4562 2622 4619 0x.

2835 4507 2887 4560 p.
2920 4492 2980 4544 41
3015 4493 3077 4548 Β.
3115 4490 3346 4544 Ίόπολιν
3372 4491 3474 4546 Ox.
3561 4493 3608 4524 ⁷⁷
3652 4490 3743 4545 Ἰῶ
3770 4489 3874 4546 Ox.

2719 4562 2765 4593 ⁸ο
2809 4561 3144 4630 Ἀντιοχείαν
3177 4560 3281 4616 Ox.

1826 4674 1936 4730 BD.
1976 4673 2359 4729 CHILMEADI
2391 4673 2632 4730 NOTAE.

674 4814 787 4882 (50)
821 4813 1064 4874 Κάσσον,
1096 4813 1193 4866 καὶ⁵
1251 4810 1445 4878 Βῆλον.
1487 4808 1696 4882 ξΙάσονα
1721 4808 1815 4882 κα)
1847 4807 2040 4878 Βῆλον,
2077 4806 2176 4861 ha-
2207 4810 2257 4870 ῐ)
2285 4805 2582 4882 Eusebium
2614 4807 2667 4882 in
2695 4806 2990 4882 Chronico.

603 4879 695 4940 bet
723 4885 854 4938 Chr.
884 4883 1041 4938 Alex.
1083 4893 1279 4937 contra
1308 4880 1698 4934 historicorum
1741 4879 1920 4933 ﬁdem.

676 4955 786 5025 (51)
829 4955 940 5009 Καὶ
989 4953 1106 5025 τξν,
1141 4951 1536 5025 Τριπτόλεμον.
1579 4949 1884 5025 Quemnam
1953 4947 2174 5025 tandem

602 5017 693 5081 hic
723 5017 1453 5098 habemus_Triptolemum?
1480 5017 2174 5098 Atticumquidemillnm,

603 5098 973 5168 agriculturm_
1002 5088 1368 5168 inventorem,
1406 5090 1565 5168 nobis
1591 5088 1855 5168 exhibent
1892 5088 2176 5168 historici;

604 5159 698 5236 qui
736 5175 918 5219 tamen
958 5163 1158 5217 Inacho
1205 5175 1333 5214 cccc
1374 5160 1539 5214 annis
1578 5159 1852 5229 posterior
1883 5168 1990 5220 est,
2022 5159 2179 5225 juxta

1983 5265 2169 5323 110011

604 5400 694 5458 26.
713 5407 767 5452 et
799 5396 1020 5451 Eusebii
1045 5396 1278 5458 Chron.)
1310 5396 1578 5467 dynastia‘:
1597 5397 1852 5452 secundae
1875 5408 2035 5467 regis
2067 5392 2177 5444 duo

604 5477 928 5526 occurrunt.
958 5468 1220 5522 nominati
1239 5462 1454 5536 Νεχαὼ.
1487 5466 1544 5520 ln
1572 5467 1714 5521 serie
1733 5482 1920 5534 regum
1953 5462 2171 5536 (Egypt.

606 5540 749 5609 apud
784 5539 1098 5609 Syncellnm
1133 5553 1182 5606 p.
1217 5534 1351 5597 210⁷,
1379 5553 1535 5609 reges
1568 5537 1733 5609 iidem
1767 5538 2040 5609 dicuntur
2067 5534 2173 5609 Νετ

610 5604 942 5678 καά6.Α’ριιιΙ
965 5604 1371 5678 Μιιῃειιιοηοηι,
1405 5604 1564 5676 juxta
1596 5607 1896 5661 editionem
1930 5604 2174 5658 Africani

608 5682 688 5745 (in
716 5677 882 5749 SyuC.
916 5695 971 5747 p.
1005 5677 1116 5741 56),
1151 5681 1360 5745 primus
1387 5695 1480 5749 rex
1530 5678 1801 5748 (lynastim
1827 5679 2002 5749 tertia:
2025 5691 2176 5749 _n_u_n_~

609 5745 1202 5819 (ξιιῃπὶιινΝεχερόφης.
1231 5749 1385 5816 juxta
1421 5745 1719 5801 editionem
1753 5748 1972 5800 Eusebii
2017 5745 2175 5819 (ibid.

612 5836 666 5889 ιν.
699 5821 812 5888 57),
849 5818 1193 5893 Ναχέρωχις.
1253 5820 1310 5873 In
1345 5820 1602 5887 praedicta
1654 5820 1797 5874 serie
1833 5833 1926 5872 rex
1955 5818 2180 5886 quintus

2355 4876 2468 4944 (52)
2503 4875 2814 4942 Κρούοντες
2854 4879 2933 4939 εἰς
2990 4875 3222 4929 ἕκαστον
3247 4872 3398 4931 οἷκον
3427 4877 3615 4941 αὑτοῦ,
3652 4884 3747 4934 καὶ
3788 4885 3878 4940 λέ-

2280 4962 2493 5020 γοντες.
2523 4944 2676 5020 Talis
2729 4945 3039 5020 cujuspiam
3071 4949 3515 5020 consuetudinis,
3561 4965 3670 5016 qua
3709 4968 3876 5020 pere-

2284 5017 2615 5084 grinationis
2647 5016 2853 5080 socios,
2904 5016 2960 5068 in
3014 5026 3157 5070 terra
3213 5017 3393 5070 aliena
3438 5016 3736 5083 obeuntes,
3768 5041 3879 5075 πα-

2285 5085 2514 5158 τριῶται
2549 5084 2602 5138 in
2642 5084 2820 5158 reditu
2870 5100 2972 5138 suo
3031 5092 3115 5158 ter
3148 5086 3472 5158 nomin:t_tim
3531 5092 3876 5158 compellare

2289 5153 2562 5217 sclebant,
2583 5171 2648 5210 ex
2680 5155 2920 5209 Homero
2954 5155 3196 5209 meminit
3227 5153 3312 5209 Jo.
3349 5154 3602 5224 Tzetzes,
3633 5153 3770 5215 c'hil.
3808 5164 3876 5218 5:

2231 5263 2466 5322 ΝΟΤιΕ.

2285 5391 2597 5458 appellatur
2618 5385 2889 5458 Νακεψῲς
2911 5403 2926 5450 ;
2951 5392 3204 5458 octavus,
3248 5384 3856 5458 Nsxa¢6;._Panlinus:

2396 5460 2598 5525 Quique
2620 5454 2802 5526 magos
2827 5455 3007 5526 docuit
3035 5456 3291 5526 mysteria
3318 5472 3456 5507 vana
3495 5454 3793 5526 Necepsus.

2357 5523 2426 5597 (ί)
2459 5523 2561 5580 Ἠν
2593 5523 2854 5581 ἐκάλεσεν
2889 5525 3170 5597 -Ἰύττολινζ
3206 5523 3420 5597 Chron.
3468 5525 3739 5597 Ἰιῖ›πο>.ιν.
3803 5533 3877 5590 G,

2289 5595 2637 5652 Hamurtolus
2674 5613 2776 5649 ms.
2809 5595 2900 5660 qui
2930 5596 3107 5646 lineas
3140 5595 3171 5644 ’7
3214 5595 3583 5661 praecedentes
3630 5596 3696 5648 ad
3747 5618 3881 5655 ver-

2289 5672 2355 5723 hu
2385 5689 2413 5718 η
2449 5670 2612 5723 habet
2641 5684 2678 5739 :_
2705 5666 2792 5739 Ἐν
2861 5664 3023 5739 πόλιν
3051 5664 3129 5724 είς
3153 5664 3321 5732 ὄνομα
3345 5663 3438 5716 τοῦ
3461 5665 3614 5729 ἡλίου
3651 5669 3876 5739 κτίσας,

2289 5741 2556 5794 ἐκάλεσεν
2594 5733 2967 5791 Ἡλιούπολιν.

2359 5813 2452 5879 (ιη)
2480 5810 2612 5864 (2hr.
2651 5807 2926 5875 Μάκαιρα,
2967 5796 3413 5871 λαμπαδηφΰρῠς,
