4256 6452
245 418 348 487 113

1334 420 2018 483 CHRONOGRAPHIA.
2059 445 2128 456 -
2167 420 2319 481 LIB.
2388 417 2472 479 ΙΙ.

3418 409 3521 478 ill

236 532 334 603 τὴν
366 531 534 603 ἄλλην
559 530 728 587 αὐτοῦ
759 530 1066 603 θυγατέρα,
1098 530 1551 603 εὐπρεπεστάτην
1584 528 1701 603 [48]
1730 528 1826 583 οὖα
1854 532 1903 591 Α

1864 532 1903 591 Α
1932 527 2123 583 formae
2179 527 2481 599 virginem,
2512 526 2718 582 amavit
2749 524 2976 597 quidam
3007 523 3234 580 nomine
3262 519 3545 597 Polyme-'

240 641 338 678 σαν
365 625 505 680 πάνυ
524 664 541 690 ,
577 623 802 695 ἐφίλησέ
832 642 917 688 τις
944 624 1170 694 ὀνόματι
1199 622 1558 695 Πολυμήδων,
1589 622 1704 685 υίὸς
1733 622 1828 675 Δί-

239 715 496 788 θερίωνος
532 716 900 788 συγκλητικοῦ
922 758 936 782 ,
976 719 1043 770 ὲκ
1078 715 1176 769 τοῦ
1218 715 1413 784 γένους
1450 710 1827 784 καταγομένου

237 808 333 863 τοῦ
355 810 526 863 Πίκου
553 811 678 874 Διός
697 826 710 841 ·
751 809 819 881 ἣν
848 807 1301 881 προτρεψάμενος
1334 807 1607 879 ἔφθειρεν,
1643 805 1737 875 ἀφ’
1759 800 1829 878 ἦς

238 901 397 972 ισχεν
434 903 572 956 υἱόν.
606 903 718 956 Καὶ
750 904 808 955 ὲν
835 900 916 971 τῷ
961 899 1109 971 ἔχειν
1157 900 1332 972 αὑ-ὴν
1376 901 1436 953 ὲν
1486 900 1688 969 γαστρὶ
1736 899 1829 951 τὸν

238 994 406 1048 παῖδα
445 994 715 1065 χειμῶνος
762 992 916 1058 ὄντος
964 992 1216 1062 ἐγένοντο
1262 992 1548 1064 ἀστραπαὶ⁸
1589 990 1827 1061 μεγάλαι

241 1086 335 1138 καὶ
365 1084 606 1155 βρονταί·
638 1086 736 1139 καὶ
766 1084 1004 1157 ὲθροήθη
1026 1086 1061 1156 ἡ
1092 1085 1230 1156 κόρη
1258 1084 1490 1156 Στμέλη,
1521 1085 1616 1136 καὶ
1637 1083 1700 1136 τὸ
1729 1085 1829 1154 μὲν

240 1168 750 1248 βρέφοςπαρευθὺς
778 1178 1039 1249 ἐγέννησε
1076 1177 1264 1247 μηνῶν
1291 1175 1452 1237 ἑπτά,
1494 1175 1632 1243 αὕτη
1662 1175 1721 1228 δὲ
1753 1176 1829 1246 μὴ

241 1270 591 1339 ὑπενέγκασα
612 1271 741 1333 τοὺς
774 1270 969 1334 πόνους
999 1252 1318 1339 ἐτελεύτησε
1348 1286 1361 1298 θ
1404 1270 1498 1322 καὶ
1526 1267 1777 1339 ἐπεμψεν
1801 1271 1829 1322 6

241 1363 465 1430 Κάδμος
515 1364 577 1417 τὸ
615 1362 814 1433 βρέφος
869 1365 948 1427 είς
998 1362 1098 1433 τὴν
1137 1362 1345 1416 Νυσίαν
1400 1360 1619 1433 χώραν,
1666 1361 1833 1414 κάκεῖ

241 1454 450 1525 ἐτράφη
503 1456 591 1510 διά
623 1457 784 1511 τοῦτο
819 1458 877 1511 δὲ
909 1456 1288 1527 συνεγράψατο
1317 1456 1363 1487 ⁸⁸
1398 1473 1480 1509 οτι
1515 1459 1543 1509 6
1568 1457 1705 1519 Ζεὺς
1738 1457 1830 1509 τὸν

240 1544 427 1600 λοιπὸν
460 1550 653 1619 χρόνον
697 1551 797 1621 τῆς
845 1550 1119 1621 μητρικῆς
1162 1548 1329 1601 αὑτοῦ
1369 1549 1609 1619 γαστρὸς
1643 1551 1701 1601 ἐν
1750 1547 1830 1619 τῷ

245 1638 361 1709 ίδίῳ
400 1641 588 1711 κόλπῳ
623 1641 891 1711 ἐφύλαξε,
922 1642 1060 1695 διότι
1113 1642 1280 1713 μέρος
1318 1640 1468 1710 ζωῆς
1504 1639 1628 1711 ἔσχε
1678 1641 1830 1711 παρὰ

240 1727 333 1782 τὸν
370 1730 563 1799 χρόνον
601 1732 700 1802 τῆς
733 1734 1044 1805 γεννήσεως
1087 1734 1253 1787 αὑτοῦ
1284 1735 1614 1805 ἐκτρωθεὶς,
1644 1734 1831 1797 καθὼς

1928 617 2061 685 don,
2092 617 2445 676 Etherionis
2476 618 2643 685 Illius,
2687 633 2756 675 ex
2806 617 2962 674 lovis
2993 615 3114 672 Pici
3144 630 3346 688 genere
3373 634 3387 672 :
3420 615 3517 688 qui

1928 727 2048 768 eam
2083 712 2138 767 in
2170 726 2413 768 amorem
2442 726 2603 769 suum
2623 710 2867 767 illectam
2902 709 3257 782 compressit,
3279 716 3337 766 et
3360 724 3427 766 ex
3450 724 3518 765 ea

1929 806 2102 861 filium
2139 807 2349 863 habuit.
2370 806 2586 863 Semele
2622 814 2809 861 autem
2839 804 2975 859 dum
3002 816 3239 875 puerum
3264 802 3322 858 in
3357 810 3519 858 utero

1930 909 2167 971 gereret,
2214 900 2413 970 ingens
2439 897 2643 954 accidit
2682 904 3007 970 tempestas,
3044 894 3516 952 borrendoscaili

1931 991 2180 1063 fragores
2213 999 2267 1046 et
2296 980 2514 1061 fulgura
2547 990 2806 1046 emittens
2843 1007 2857 1044 :
2889 988 3096 1060 quibus
3120 986 3518 1059 perterrefacta

1933 1084 2153 1147 mulier,
2180 1083 2373 1139 fastum
2401 1082 2589 1138 statim
2605 1080 2779 1137 edidit
2802 1082 3233 1151 septimestrem.
3268 1078 3522 1149 Cumque

1931 1175 2213 1245 puerperii
2238 1173 2460 1229 dolores
2491 1172 2724 1228 suﬂ‘erre
2747 1187 2858 1227 non
2880 1173 3180 1243 potuisset,
3211 1171 3521 1241 exspiravit

1932 1268 2058 1338 ipsa
2086 1285 2100 1321 :
2136 1265 2403 1321 infantem
2435 1281 2569 1322 vero
2604 1264 2856 1321 Cadmus
2888 1264 2946 1318 in
2974 1261 3205 1334 Nysiam
3237 1262 3518 1334 regionem

1933 1358 2085 1413 misit
2146 1356 2557 1412 enutriendum.
2603 1356 2879 1429 Quoniam
2904 1368 3040 1411 vero
3073 1352 3262 1421 fmtus,
3295 1361 3424 1409 ante
3446 1352 3520 1409 le-

1930 1448 2180 1520 gitimum
2213 1457 2431 1518 tempus
2459 1449 2725 1503 exclusus
2764 1452 3076 1517 portionem
3117 1445 3364 1517 aliquam
3393 1448 3520 1501 vita

1932 1553 2047 1595 sua:
2075 1545 2230 1594 extra
2268 1552 2644 1599 ,cemmunem
2699 1551 2860 1591 usum
2889 1550 2920 1590 a
2960 1537 3070 1590 Deo
3103 1534 3341 1591 sortitus
3379 1542 3465 1589 est
3498 1551 3514 1601 ;

1933 1632 2058 1689 ideo
2119 1631 2440 1687 fabulantur
2501 1645 2649 1696 eum,
2683 1644 2781 1701 per
2818 1629 3095 1700 reliquum
3152 1634 3371 1698 tempus
3402 1642 3518 1681 ma.

1934 1733 2269 1781 ternoutero
2300 1724 2568 1789 debitum,
2602 1725 2657 1779 in
2677 1724 2796 1795 ipso
2822 1721 2978 1779 Jovis
3013 1722 3140 1778 sinu
3172 1725 3518 1776 asservetum

244 1818 592 1887 Παλαίφατος
643 1823 671 1875 6
729 1823 1040 1893 σοφώτατος
1084 1824 1484 1895 συνεγράψατο.
1536 1825 1759 1878 Ὀντινα
1804 1827 1832 1879 6
1864 1883 1903 1895 ﬁ

1864 1883 1903 1895 _
1937 1819 2145 1884 fuisse,
2196 1820 2360 1875 sicuti
2443 1819 2712 1889 scriptum
2770 1816 3001 1887 reliquit
3064 1812 3519 1885 sapientissimus

242 1911 410 1964 αὑτοῦ
437 1883 692 1979 -πάππος
742 1883 964 1987 Κάδμος
1004 1883 1515 1972 Νύσιονῐέκάλεσεν
1540 1960 1553 1983 ,
1610 1918 1730 1972 ἀλλ’
1780 1921 1828 1972 οἱ
1864 1883 1905 1937 Β

1864 1883 1905 1937 Β
1937 1913 2303 1985 Palaephatus.
2338 1883 2575 1967 Nomen-
2616 1919 2796 1965 autem
2836 1883 3009 1980 puero
3032 1883 3169 1964 avus
3198 1907 3340 1977 ejus,
3370 1903 3518 1960 Cad-

242 2006 421 2061 λοιποὶ
458 2010 534 2071 ὡς
574 2008 832 2080 θαύματα
873 2029 997 2065 τινα
1048 2013 1308 2069 ποιοῦντα
1348 2016 1412 2066 ὲκ
1459 2015 1559 2085 τῆς
1600 2015 1832 2086 ἡλιακῆς

240 2098 412 2169 εὐχῆς
467 2100 721 2155 Διόνυσον
778 2104 1179 2173 μετεκάλεσαν,
1229 2104 1305 2168 ὡς
1348 2106 1411 2158 ὲκ
1463 2105 1654 2175 γένους
1701 2106 1833 2161 ὖντα

240 2190 501 2262 πατρῴου
541 2192 675 2266 (81),
729 2196 823 2249 καὶ
861 2196 1185 2251 ἀπεθέωσαν
1224 2198 1387 2251 αὑτὸν
1438 2198 1715 2270 εὑρηκότα
1762 2199 1831 2253 δι’

240 2285 494 2355 ἀμπέλου
523 2288 729 2358 τροφὴν
765 2287 1096 2358 ἀνθρώποις.
1155 2289 1400 2354 Ἐξέθετο
1432 2292 1541 2363 γὰρ
1572 2292 1667 2345 καὶ
1701 2294 1831 2363 περ).

238 2375 340 2444 τῆς
383 2375 632 2446 ἀμπέλου
685 2378 782 2451 καὶ
819 2378 917 2449 τῆς
965 2380 1280 2451 γεωργικῆς
1315 2398 1458 2435 τινα.
1515 2383 1728 2454 Ἔμαθε
1774 2382 1831 2437 δὲ

240 2469 338 2524 καὶ
385 2471 629 2540 μυστικά
672 2487 796 2524 τινα
838 2471 933 2524 καὶ
968 2473 1187 2540 ἐγένετο
1233 2473 1372 2545 ἀνὴρ
1423 2477 1586 2545 σοφὸς
1638 2479 1733 2530 καὶ
1773 2477 1831 2529 ἐν

243 2562 659 2633 μυσταγωγίαις
709 2565 739 2617 6
789 2564 955 2628 αὐτὸς
1000 2563 1114 2637 [49]
1169 2566 1456 2629 Διόνυσος.
1511 2570 1604 2622 καὶ
1656 2571 1829 2624 ἐποίει

241 2655 544 2725 φαντασίας
577 2657 728 2720 τινάς
757 2654 1067 2728 θαυμάτων.
1107 2658 1295 2721 Ὅστις
1322 2660 1415 2712 καὶ
1442 2660 1579 2730 πρὸς
1614 2660 1831 2732 Πέρσας

240 2750 338 2802 καὶ
372 2747 513 2817 πρὸς
551 2746 745 2811 Ἰνδοὺς
783 2749 880 2800 καὶ
914 2749 995 2810 είς
1027 2747 1229 2811 πολλάς
1259 2746 1445 2819 χώρας
1468 2731 1706 2819 ἀπῆλθε,
1736 2750 1831 2803 καὶ

238 2839 500 2911 πολεμῶν
544 2839 847 2908 φαντασίας
899 2839 1052 2901 τινάς
1094 2839 1392 2910 θαυμάτων
1445 2841 1722 2895 ἐδείκνυεν
1756 2842 1827 2905 ⁸⁸,

241 2934 383 3006 ιχων
414 2935 511 2988 καὶ
539 2932 771 3005 στρατὸν
804 2932 925 3003 μεθ’
960 2931 1157 2985 ἑαυτοῦ
1191 2932 1378 2986 πολύν.
1426 2933 1485 2987 Ὀ
1521 2934 1577 2987 δὲ
1609 2934 1831 3004 Κάδμος

239 3029 572 3101 γεγηρακὼς
603 3026 964 3099 παρεχώρησε
989 3028 1090 3095 τῆς
1116 3024 1436 3097 διοικήσεως
1462 3027 1508 3059 ⁴⁶
1534 3028 1636 3098 τῆς
1673 3028 1829 3099 βασι-

240 3119 392 3184 λείας
435 3119 544 3173 τῶν
571 3117 823 3170 Βοιωτῶν
849 3114 929 3186 τῷ
963 3114 1063 3186 υἱῷ
1087 3114 1182 3168 τοῦ
1222 3115 1462 3186 Ἐχίονος
1489 3118 1558 3182 ³⁷,
1586 3116 1665 3188 τῷ
1690 3119 1828 3174 Πεν-

1937 2021 2081 2073 mus,
2106 2006 2336 2078 Nysium
2372 2005 2561 2064 dedit;
2590 2004 2683 2058 alii
2704 2018 2837 2060 vero
2868 2001 3193 2073 Dionysium
3224 2006 3517 2063 vocarunt,

1936 2110 2198 2172 tanquam
2231 2117 2297 2156 ex
2328 2115 2532 2171 genere
2582 2096 2737 2154 Jovis
2780 2095 2988 2162 Patrii;
3020 2093 3130 2166 42
3161 2100 3217 2148 et
3245 2089 3392 2162 quod
3447 2105 3520 2146 ex

1934 2196 2181 2251 carmine
2203 2194 2373 2251 solari
2405 2194 2620 2263 magico
2642 2189 2921 2246 mirabilia
2942 2188 3194 2260 quaedam
3251 2183 3518 2245 elliceret.

1934 2287 2077 2355 Quin
2130 2296 2183 2342 et
2215 2289 2270 2341 in
2300 2286 2532 2341 deorum
2581 2297 2883 2339 numerum
2925 2279 3239 2336 retulerunt
3265 2291 3417 2343 eum,
3451 2289 3519 2331 eo

1933 2382 2107 2453 quod,
2126 2397 2192 2435 ex
2213 2381 2343 2444 vite,
2368 2377 2702 2433 mortalibus
2724 2376 3057 2430 alimentum
3076 2369 3517 2442 suppeditasset:

1932 2474 2002 2528 de
2064 2471 2226 2542 cujus
2290 2485 2414 2533 usu,
2455 2470 2599 2523 sicut
2650 2475 2706 2523 et
2764 2466 2834 2521 de
2898 2465 3251 2537 agriculturae
3282 2461 3516 2531 legibus,

1932 2564 2195 2621 nonnulla
2248 2561 2534 2634 exposuit.
2576 2558 2689 2616 Sed
2725 2567 2781 2614 et
2824 2558 3074 2630 mysticis
3119 2556 3299 2612 etiam.
3349 2554 3519 2610 rebus

1932 2671 2155 2726 operam
2184 2655 2354 2721 dedit,
2378 2654 2618 2725 indeque
2654 2654 2744 2707 vir
2785 2650 3011 2721 sapiens
3029 2659 3087 2704 et
3119 2648 3515 2720 mysteriorum

1932 2749 2144 2822 peritus
2180 2749 2380 2812 evasit,
2421 2755 2479 2803 et
2506 2746 2842 2817 imposturis
2892 2742 3009 2800 suis
3038 2740 3355 2797 mortalium
3392 2753 3521 2810 per-

1932 2842 2157 2898 strinxit
2186 2840 2405 2895 ocuios.
2441 2837 2735 2894 Profectus
2762 2836 2929 2892 etiam
2953 2836 3165 2907 ingenti
3199 2847 3327 2889 cum
3355 2845 3520 2888 exer-

1932 2937 2065 3001 citu,
2125 2934 2391 2990 adversus
2436 2932 2638 2989 Persas
2702 2930 2997 3001 ludosque,
3054 2927 3328 2999 plurimas
3385 2926 3517 2982 item

1932 3030 2187 3100 regiones
2204 3028 2362 3093 alias,
2397 3024 2722 3081 admiranda
2746 3022 2999 3095 quaedam
3034 3021 3087 3076 in
3121 3020 3331 3092 pracliis
3361 3017 3522 3075 exhi-

1932 3122 2054 3177 buit
2133 3118 2540 3191 prastigiarum
2620 3116 2947 3187 specimina.
3007 3111 3253 3169 Cadmus
3333 3116 3520 3166 autem

242 3214 348 3279 θεῖ,
389 3212 467 3283 τῷ
498 3211 707 3281 ἐκγόνῳ
750 3207 939 3262 αὐτοῦ’
970 3208 1118 3270 ὅστις
1158 3210 1410 3279 ἐπῃνεῖτο
1439 3208 1486 3241 ⁸⁸
1534 3210 1684 3280 παρά
1723 3211 1833 3265 τῶν
1860 3232 1904 3291 c

1860 3232 1904 3291 (ι
1937 3223 2097 3271 a-tate
2123 3213 2237 3285 jam
2270 3211 2589 3283 provectior
2627 3209 2830 3275 factus,
2863 3208 3091 3265 timetis:
3109 3220 3342 3277 regnum
3378 3202 3534 3260 Pen-

244 3303 627 3375 συγκλητικῶν
659 3303 753 3355 καὶ
781 3301 931 3372 παρὰ
952 3299 1191 3353 πάντων.
1234 3300 1296 3352 '0
1318 3301 1542 3368 Κάδμος
1562 3302 1619 3355 δὲ
1652 3302 1834 3357 λαϐὼν

242 3396 339 3451 τὸν
370 3392 661 3463 Τειρεσίαν
694 3391 882 3460 διῆγεν
909 3391 968 3442 ἐν
996 3391 1064 3459 τῇ
1109 3387 1265 3459 χώρᾳ
1296 3389 1396 3459 τῆς
1440 3390 1703 3455 Βοιωτίας
1745 3392 1836 3446 ἐπὶ

243 3487 308 3541 τδ
346 3484 716 3555 Κιθαιρώνιον
741 3482 785 3513 δ’
820 3481 945 3554 ὅρος
974 3481 1066 3536 τὸν
1110 3482 1278 3535 πολῦν
1317 3482 1529 3551 χρόνον.
1564 3481 1737 3536 Τοῦτο
1780 3483 1838 3538 δὲ

247 3576 491 3640 ἀκούσας
526 3578 556 3629 6
594 3575 869 3638 Διόνυσος,
898 3575 979 3627 ὃτι
1013 3573 1287 3644 ἐγήρασεν
1310 3575 1339 3626 6
1379 3574 1546 3627 αὐτοῦ
1584 3574 1833 3641 πάππος,

248 3666 415 3744 ἦλθεν
455 3670 548 3721 ἐπὶ
576 3668 675 3738 τὴν
722 3665 1003 3736 Καδμείαν
1045 3665 1201 3717 πόλιν
1247 3665 1386 3733 μετὰ
1430 3665 1634 3736 πολλῆς
1679 3666 1841 3731 ἀξίας

247 3765 347 3820 καὶ
388 3764 592 3826 ὅπλων,
623 3759 853 3829 ὀφείλων
898 3756 1237 3828 βασιλεῦσαι.
1276 3757 1387 3809 Καὶ⁸
1428 3757 1694 3829 ἑωρακὼς
1738 3763 1840 3815 αὖ-

245 3857 346 3909 τδν
396 3854 509 3923 (82)
567 3850 870 3921 φαντασίας
925 3850 1079 3913 τινάς
1142 3847 1397 3901 ποιοῦντα
1459 3850 1555 3903 καὶ
1610 3850 1837 3917 ὁπλίτας

247 3948 470 4020 ἔχοντα,
518 3945 613 3997 καὶ
645 3940 1127 4013 προσκαλούμενον
1173 3940 1353 3992 πᾶσαν
1382 3938 1481 4011 τὴν
1516 3943 1840 4011 συγγένειαν

246 4036 444 4102 αὑτοῦ,
475 4036 571 4088 καὶ
607 4033 705 4096 τάς
735 4031 1057 4101 συγγενίδας
1088 4030 1409 4084 διδάσκοντα
1446 4035 1840 4104 μυσταγωγίας

246 4127 495 4202 ἡλιακῶν
528 4124 962 4199 βακχευμάτων,
992 4123 1059 4186 δις
1091 4123 1275 4191 ἔλεγον
1311 4123 1541 4194 βάκχας,
1572 4124 1839 4190 ὡσαύτως

245 4222 306 4277 δὲ
334 4220 433 4275 καὶ
472 4221 599 4282 τοὺς
633 4217 860 4279 πολίτας
889 4216 984 4269 καὶ
1018 4215 1241 4279 τελετάς
1278 4232 1440 4269 τινων
1476 4216 1652 4286 εὐχῶν
1692 4218 1838 4272 διδά-

247 4330 457 4368 σκοντα
483 4310 726 4382 ἡλιακῶν
766 4307 883 4382 [50]
914 4308 1050 4379 πρὸς
1077 4307 1141 4360 τὸ
1176 4310 1363 4361 πεῖσαι
1404 4309 1529 4372 τοὺς
1570 4310 1838 4377 Βοιωτοὺς

246 4403 512 4457 δύνασθαι
539 4402 704 4455 αὐτὸν
735 4399 1059 4470 ἀντέχεσθαι
1080 4400 1179 4469 τῆς
1211 4398 1514 4469 βασιλείας,
1559 4420 1836 4477 κεκοσμη-
1874 4456 1877 4459 .

252 4495 420 4566 μένον
465 4492 618 4563 οπλῳ
662 4492 757 4544 καὶ⁵
804 4494 1042 4561 στρατῷ,
1087 4488 1203 4555 οὒς,
1251 4490 1408 4559 φησὶ,
1465 4493 1753 4562 Σκίρτους
1788 4499 1835 4531 so

1941 3310 2071 3364 theo
2122 3308 2309 3377 nepoti
2378 3321 2502 3373 suo,
2562 3303 2833 3360 Echionis
2887 3302 3022 3369 lilio,
3059 3299 3331 3370 reliquit:
3374 3297 3524 3352 hunc

1939 3403 2086 3458 enim
2159 3401 2437 3472 primores
2499 3398 2691 3469 regni,
2739 3397 3035 3467 omnisque
3088 3394 3226 3449 adeo
3285 3390 3523 3462 populus

1940 3509 2138 3566 magna
2196 3492 2359 3548 laude
2406 3491 2685 3561 prosecuti
2722 3498 2875 3544 sunt.
2908 3486 3152 3543 Cadmus
3178 3494 3363 3541 autem
3392 3483 3514 3553 ipse

1941 3587 2193 3640 comitem
2215 3583 2319 3637 sibi
2350 3580 2657 3650 adjungens
2689 3577 2992 3642 Tiresiam,
3024 3590 3124 3645 per
3150 3582 3369 3643 tempus
3401 3570 3524 3624 Ion—

1942 3691 2093 3745 gum,
2121 3675 2186 3729 ad
2220 3672 2594 3729 Cithaeronem
2666 3675 2933 3733 montem,
2974 3667 3030 3721 in
3085 3664 3401 3720 Boeotorum
3436 3676 3525 3718 re-

1941 3783 2101 3839 gione
2134 3770 2303 3821 vitam
2339 3764 2630 3835 transegit,
2668 3762 2968 3834 Dionysius
2996 3773 3131 3814 vero
3181 3756 3273 3812 ubi
3304 3755 3525 3810 intelle-

1942 3859 2117 3916 xisset
2189 3857 2454 3913 Cadmum
2489 3871 2652 3911 avum
2686 3855 2809 3925 jam
2848 3851 3236 3912 consenuisse,
3274 3847 3526 3919 pervenit

1943 3954 2134 4025 ipsein
2166 3951 2358 4008 urbem
2390 3950 2672 4006 Cadmiam
2702 3989 2717 4014 ,
2754 3962 2882 4003 cum
2914 3944 3190 4009 exercitu,
3213 3948 3268 3997 et
3291 3940 3527 3996 celebri-

1941 4052 2054 4100 tate
2113 4059 2349 4115 magna,
2413 4042 2637 4097 Baaotiaa
2697 4055 2926 4110 regnum
2993 4037 3099 4093 sibi
3165 4043 3515 4091 asserturus.

1942 4136 2221 4191 Pentheus
2253 4143 2436 4189 autem
2464 4148 2591 4188 cum
2619 4131 2925 4202 praestigias
2955 4138 3302 4200 operantem,
3336 4140 3524 4180 arma-

1944 4226 2122 4294 tisque
2156 4224 2493 4278 instructum
2521 4222 2913 4285 observasset;
2951 4228 3005 4275 et
3031 4216 3177 4289 quod
3201 4214 3526 4272 convocatis

1938 4318 2034 4385 qui
2072 4315 2341 4385 sanguine
2370 4314 2445 4368 illi
2472 4314 2661 4382 juncti
2694 4312 2921 4368 fuerunt
2945 4295 3213 4365 omnibus
3234 4315 3526 4379 cognatas,

1942 4409 2192 4463 docuerit
2248 4406 2515 4477 mysticus
2567 4404 2761 4459 modos
2792 4402 3045 4456 furorum
3075 4398 3368 4462 solarium,
3389 4409 3528 4465 quas

1944 4500 2066 4554 ideo
2116 4497 2357 4553 Bacchas
2384 4497 2692 4551 nominavit
2717 4514 2731 4548 :
2766 4494 3020 4548 similiter
3042 4500 3097 4547 et
3124 4489 3334 4546 Bmotis
3356 4488 3526 4544 etiam

246 4586 439 4640 ἐκάλει
470 4583 603 4652 (85),
634 4582 710 4646 ὼς
740 4582 973 4653 γοργοὺς
996 4583 1091 4636 καὶ
1119 4581 1530 4653 ἐξαλλομένους·
1560 4581 1700 4656 ἦσαν
1730 4589 1838 4663 γάρ
1872 4593 1916 4648 D

1872 4593 1916 4648 D
1950 4590 2300 4663 precularum
2333 4588 2700 4658 quarumdam
2733 4585 2996 4641 solarium
3040 4581 3386 4637 initiationes
3415 4589 3527 4633 tra-

246 4680 316 4733 ὲκ
346 4677 449 4747 τῆς
479 4675 746 4745 Βεσσικῆς
772 4674 957 4747 χώρας
976 4717 992 4741 ,
1021 4675 1116 4729 καί
1154 4674 1316 4757 σοφίᾳ
1350 4679 1587 4747 μυστικῇ
1634 4695 1836 4733 πεπαιοΔ

246 4770 543 4842 δευμένοιο
592 4767 767 4823 ταῦτα
816 4769 978 4838 γνοὺς
1024 4768 1340 4831 ό“Πενθεὺς
1391 4767 1607 4838 ἐφθόνει
1662 4770 1832 4843 αὐτῷ,

1947 4682 2185 4746 diderit;
2246 4696 2357 4753 quo
2412 4680 2519 4752 5.3
2576 4692 2872 4749 persuasus
2928 4677 3157 4731 haberet
3213 4688 3310 4731 eos
3363 4687 3529 4743 posse

1947 4789 2005 4827 se
2036 4771 2349 4827 Bazotorum
2428 4783 2656 4841 regnum
2722 4766 2828 4823 sibi
2880 4773 3257 4831 asserere;ut
3286 4763 3379 4835 qui
3438 4764 3527 4819 in-

1555 4946 1789 5003 VARIAB
1828 4948 2230 5008 LECTIONES.

327 5055 379 5096 ιδ
411 5061 502 5115 διὰ
526 5059 681 5115 τοῦδε
710 5059 1108 5132 συνεγράψατο.
1146 5078 1165 5113 ι
1200 5061 1484 5132 καὶτοῦτο
1532 5062 1611 5127 δὲ,
1667 5064 2028 5119 scribendum
2082 5080 2303 5119 censeo.
2361 5062 2584 5118 Fabulre
2646 5061 2811 5132 huius
2870 5061 3118 5116 auctoris
3164 5075 3393 5132 nomen
3423 5060 3514 5117 hic

247 5132 530 5191 excidisse
557 5132 777 5203 videtur
804 5130 1141 5203 ;'nisi_forte
1182 5131 1612 5203 συνεγράψαντο,
1656 5134 1713 5187 in
1748 5136 1945 5203 plurali
1997 5135 2285 5203 legendum
2336 5137 2440 5196 sit;

249 5204 389 5258 mu

2490 5134 2636 5202 quod
2680 5130 3123 5202 verisimilius.»
3166 5130 3269 5202 Ch.
3347 5130 3395 5163 "
3416 5134 3519 5202 καὶ

396 5201 849 5273 μωνίφαντασίας
876 5200 1027 5264 τινας
1059 5200 1684 5273 θαυμάτωκὶλέδείκνυεν.
1723 5200 1760 5253 ι’
1783 5204 1946 5259 Forte
1987 5200 2296 5273 legendum,
2357 5206 2450 5257 καὶ
2508 5200 2640 5256 πολε
2654 5204 2788 5265 μῶν,
2845 5201 3147 5273 φαντασίας
3169 5218 3220 5255 τ.
3251 5200 3302 5255 θ.
3336 5200 3520 5273 ἐκϐο-

250 5270 471 5329 ᾱι-ειιίυε
524 5272 710 5331 habet,
762 5273 860 5323 καὶ
913 5270 1217 5338 φαντασίας
1263 5270 1417 5335 τινὰς
1444 5271 1768 5341 θαυμασίων
1819 5275 1996 5361 ἔργων
2021 5270 2114 5329 καὶ
2144 5276 2397 5345 πολέμων
2424 5282 2527 5329 etc.
2567 5293 2585 5325 ι
2614 5273 2717 5327 Ch.
2793 5274 2838 5305 “
2866 5272 3231 5344 παρεχώρησε
3257 5273 3352 5334 τ”ς
3380 5271 3521 5325 διοί-

254 5359 445 5395 κησις.
475 5361 495 5394 ι
527 5340 649 5395 Scr.
678 5342 1022 5395 διοικήσεως.
1051 5340 1336 5395 Cedrenus
1369 5342 1554 5395 habet.
1584 5336 1629 5395 ὦ
1656 5345 1749 5395 καὶ
1770 5345 1872 5395 τὴν
1890 5346 2157 5395 οιοίκησιν
2184 5348 2283 5395 τῆς
2311 5343 2587 5395 ϐασιλείας
2628 5342 2856 5395 ὕστερον
2887 5340 3250 5395 παοεγὼοησε
3279 5289 3382 5395 Ιέδ
3414 5342 3517 5395 Ch.

254 5359 445 5413 κησις.
475 5361 495 5394 ι
527 5340 649 5396 Scr.
678 5336 1022 5417 διοικήσεως.
1051 5340 1336 5397 Cedrenus
1369 5336 1629 5410 habetth
1656 5345 1749 5396 καὶ
1770 5336 1872 5415 τὴν
1890 5336 2157 5415 διοίκησιν
2184 5336 2587 5417 τῆςβασιλείας
2628 5342 2856 5412 ὕστερον
2887 5336 3250 5414 παρεχώρησε

256 5413 305 5445 ⁸⁷
336 5412 584 5486 ᾼίχίονος
625 5410 729 5465 0x.
828 5410 876 5443 ⁸⁸
902 5410 1468 5467 Πένθει--ὲπαινεῖτο
1492 5410 1597 5466 Os.
1697 5414 1741 5446 ⁸³
1773 5414 2108 5486 Κιθερώνιον
2139 5413 2242 5471 0x.
2341 5416 2387 5447 ”
2411 5414 2683 5485 σκίρτους.
2719 5412 2842 5469 Vid.
2886 5411 3121 5468 Lobcck.
3150 5412 3250 5482 Agl

256 5410 584 5479 δτἈὶχίονος
625 5410 729 5465 0x.
828 5410 876 5443 ⁸⁸
902 5410 1468 5467 Πένθει--ὲπαινεῖτο
1492 5410 1597 5466 Os.

256 5499 316 5554 p.
347 5482 509 5539 tati.

2345 5345 2587 5405 ασιλείας
2628 5343 2856 5412 ὕστερον
2887 5343 3250 5414 παρεχώρησε
3279 5343 3382 5395 KJ
3414 5343 3517 5397 Cll.

2341 5416 2387 5447 ”
2411 5414 2683 5485 σκίρτους.
2719 5412 2842 5469 Vid.
2886 5411 3121 5468 Lobcck.
3150 5412 3525 5482 Aglaophain,

1484 5551 1593 5611 ΕΙ).
1634 5553 2016 5612 CHILMEADI
2053 5554 2283 5612 NOT/E.

333 5668 451 5743 (8|)
485 5667 576 5732 Ὦς
591 5668 652 5720 εκ
672 5668 862 5735 γένους
879 5666 1011 5721 ὄντα
1032 5664 1308 5740 πατρῴου.
1345 5666 1633 5725 Cedrenus
1660 5667 1843 5737 habet,

275 5741 341 5793 bc
367 5741 433 5793 ὲκ
469 5739 663 5793 γένους
695 5737 824 5791 ὄντα
844 5738 986 5793 Διός.

256 5754 341 5804 ὡς
367 5754 433 5793 εκ
469 5754 663 5806 γενους
695 5754 824 5791 οντα
844 5754 986 5801 Διος.

336 5809 451 5888 (εξ)
482 5808 596 5888 Καὶ
622 5807 890 5888 ἑωρακὼς
946 5808 1128 5865 αὐτόν.
1182 5810 1238 5864 '0
1277 5808 1515 5874 Πενθεὺς
1556 5818 1683 5881 post
1723 5810 1839 5867 hac

259 5878 635 5952 supplendum
670 5878 907 5936 videtur.

2025 5671 2140 5736 (85)
2168 5669 2431 5740 Σκίρτους
2473 5669 2674 5740 ἐκάλει.
2713 5668 2791 5723 ita
2834 5667 3145 5740 iCedrefnus
3175 5670 3333 5740 etiam
3369 5690 3382 5726 ς
3420 5670 3529 5725 Καὶ

1952 5743 2079 5803 τοὺς
2108 5740 2210 5812 μὲν
2238 5737 2452 5812 ἄνδρας
2468 5739 2723 5812 σκίρτους
2749 5739 2997 5812 ἐκάλεσε,
3027 5739 3116 5792 διά
3159 5738 3218 5792 τὸ
3268 5737 3530 5797 ἅλλεσθαι

1955 5813 2047 5869 καὶ
2076 5809 2250 5883 fit]de
2272 5827 2284 5841 '
2303 5809 2403 5874 τάξ
2435 5810 2491 5863 δὲ
2523 5812 2807 5880 γυναῖκας,
2842 5809 3077 5882 Βάκχας.
