4202 6448
91 411 183 473 7ιῖ

1162 409 1521 467 El’lSTOLA
1566 409 1770 465 llltiil.
1817 408 2195 466 BENTIJSII.

3214 405 3319 466 742

95 517 434 586 l’ltotiumque
487 525 542 571 et
571 530 902 589 anonymum
944 518 1071 585 περὶ
1130 514 1416 584 κωμῳδῖας
1458 514 1643 568 conci-

1785 530 1951 582 ρισον,
1986 513 2225 579 κάλυψον
2250 553 2263 578 ,
2299 521 2355 564 ut
2396 513 2509 581 ipse
2552 513 2855 564 litterarum
2897 511 3035 565 ordo
3069 512 3319 564 testimo-

96 609 202 661 liari
231 609 400 676 possit
429 624 442 660 :
480 608 567 660 hic
609 608 749 661 enim
797 606 983 660 omnia
1027 605 1291 674 Magnetis
1320 606 1520 671 scripta
1549 604 1644 655 ile-

98 698 306 766 petiisse
358 697 511 761 dicit,
566 696 718 749 οὐδὲν
759 694 1050 759 σώζεσθαι.
1086 696 1316 764 Μάγνης
1369 695 1647 764 Ἀθηναῖος

97 786 487 854 ἀγωνισάμενος
521 784 783 853 Ἀθήνῃσι
814 783 965 844 νίκας
998 783 1153 851 ἔσχεν
1182 789 1273 846 ια’,
1305 782 1410 834 τῶν
1436 782 1493 833 δὲ
1524 783 1650 850 δρα-

100 877 272 943 μάτων
322 875 486 928 αὑτοῦ
542 875 694 926 οὐδὲν
753 872 1016 937 σώζεταιο
1075 873 1145 926 τά
1181 872 1238 925 δὲ
1286 873 1653 941 ὲπιφερόμενά

97 968 233 1017 ἐστιν
264 967 435 1017 ὲννέα.

166 1054 278 1109 Νοιι
326 1066 567 1107 nostrum
608 1056 747 1107 inter
774 1070 861 1108 eos
892 1064 1071 1109 tantas
1103 1071 1406 1123 componere
1443 1057 1581 1111 lites.

166 1143 284 1213 Pag.
321 1142 442 1196 148.
477 1141 592 1213 155]
649 1143 707 1194 'U
745 1145 855 1213 γάρ
912 1144 1076 1211 σοφὸς
1130 1144 1427 1215 Εὐριπίδης
1474 1146 1655 1214 δρᾶμα

99 1234 299 1297 ἐξέθετο
341 1235 464 1304 περὶ
493 1233 587 1285 τοῦ
621 1234 940 1298 Κύκλωπος,
968 1236 1047 1286 ὅτι
1106 1237 1251 1304 τρεῖς
1282 1232 1423 1308 εἶχεν
1455 1237 1655 1304 ὀφθαλ-

102 1324 246 1388 μοὺς,
276 1322 557 1391 σημαίνων
608 1324 732 1384 τοὺς
793 1326 941 1393 τρεῖς
1001 1323 1279 1391 ἀδελφούς,
1312 1333 1365 1377 et
1400 1340 1519 1393 qure
1567 1325 1659 1379 de-

100 1413 272 1479 inceps
335 1419 659 1478 sequuntur.
688 1409 763 1464 Os
793 1410 1067 1463 hominis!
1106 1410 1339 1463 Ilocciue
1387 1420 1447 1464 ut
1503 1411 1661 1463 Euri-

101 1503 244 1570 pides
275 1502 355 1554 vel
387 1502 441 1555 in
468 1502 699 1555 somniis
761 1501 1003 1554 dixerit?
1048 1502 1191 1555 Bene
1244 1500 1470 1564 factum,
1515 1504 1661 1571 quod

98 1593 257 1643 o-tiam
317 1604 464 1644 nunc
513 1590 748 1659 Cyclops
781 1591 1042 1658 supersit.
1091 1590 1244 1655 Quod
1299 1591 1344 1644 si
1404 1593 1477 1644 ita
1522 1608 1659 1655 rem,

101 1694 254 1754 prout
308 1692 494 1738 narrat
527 1681 789 1744 Joannes,
827 1699 886 1738 se
920 1684 1117 1737 habere
1156 1686 1462 1753 comperias
1497 1700 1511 1735 :
1556 1700 1660 1738 non

101 1793 289 1835 recuso
315 1778 474 1848 quin.
510 1776 657 1846 quod
687 1777 1028 1847 gravissima!
1062 1792 1233 1845 pretia:
1266 1777 1382 1829 loco
1418 1777 1533 1830 fore
1564 1792 1662 1845 pu-

1753 605 1841 655 nio
1896 612 2001 657 est.
2042 604 2215 657 Media
2251 606 2395 658 enim
2453 603 2712 655 incedunt
2764 602 2905 654 inter
2962 601 3224 662 Ἐκλυτος
3265 609 3322 653 et

1761 693 2101 757 Ἐκλωπίζει.
2167 694 2422 759 llocnon
2482 693 2795 760 intelligens
2849 690 3071 759 pusillus
3099 692 3316 755 quidam

1749 785 1976 837 criticus
2020 787 2131 852 (qui
2168 786 2312 837 enim
2370 785 2423 836 id
2464 783 2811 842 intellexerit,
2862 782 3006 848 quod
3062 780 3318 832 nefaqu

1750 874 1968 942 quidem
2003 890 2245 942 unquam
2280 874 2525 927 auditum
2570 872 2741 939 cst?),
2771 870 3062 924 emendare
3090 878 3321 921 conatus

1751 972 1832 1017 est
1891 964 2215 1032 ἐκλὺρισον,
2262 958 2299 1015 ει
2347 964 2514 1017 verbo
2562 962 2783 1031 λυρίζω.
2820 964 2975 1022 Ὀνος
3016 959 3323 1012 mehercule

1759 1055 1896 1123 πρὸς
1950 1056 2138 1123 λύραν.
2197 1054 2427 1107 Tantum
2503 1055 2647 1105 enim
2701 1052 2759 1102 τὸ
2806 1051 3103 1119 ἐκλυρίζειν
3161 1058 3212 1101 ct
3266 1050 3325 1099 τὸ

1756 1144 2049 1196 καλύπτειν
2078 1146 2475 1214 significatione
2510 1142 2794 1205 differunt,

1862 1234 2132 1299 Qmmtum
2165 1236 2405 1304 Hypanis
2440 1233 2632 1286 Veneto
2662 1233 2831 1284 distat
2865 1230 2929 1281 ab
2958 1228 3218 1281 Eridano.

1758 1324 1879 1377 Alte
1932 1325 2177 1395 profecto
2228 1328 2357 1379 latet
2394 1326 2553 1378 ulcus
2607 1332 2809 1376 tetrum
2852 1332 2905 1375 et
2949 1320 3326 1388 κακοηθέστα-

1759 1437 1881 1472 τον’
1920 1419 2065 1487 quod
2103 1419 2207 1471 nisi
2252 1396 2523 1469 lancinata
2558 1416 2711 1483 prius
2751 1413 3007 1483 Ilesycliii
3042 1413 3327 1464 existima-

1761 1511 1933 1571 tione,
1966 1517 2128 1577 negat
2159 1509 2222 1561 ad
2255 1509 2544 1562 sanitatem
2583 1505 2804 1575 perduci
2835 1520 3013 1574 posse.
3049 1503 3327 1568 Siquidem

1760 1602 2141 1655 erubescendo
2172 1608 2403 1669 prorSus
2441 1613 2630 1652 errore
2654 1598 2838 1665 posuit
2862 1594 3210 1663 Ἐκλύτρισον
3232 1607 3331 1661 pro

1777 1694 2111 1760 Ἐλύτρωσον
2130 1709 2142 1722 ·
2175 1692 2320 1761 quod
2345 1691 2654 1744 rectissime
2698 1689 2918 1758 quidem
2947 1688 3331 1753 interpreteris

1766 1782 2021 1850 κάλυψον.
2060 1782 2180 1850 Ipse
2234 1782 2580 1851 Hesychius:
2637 1780 2911 1848 Ἐλύτροις
2962 1778 3329 1844 academiam,

97 1878 197 1932 tes,
224 1883 315 1937 per
334 1882 497 1921 omne
534 1868 657 1921 vita
680 1873 899 1936 tempus
933 1875 1119 1919 noctes
1149 1866 1376 1934 diesque
1408 1868 1659 1921 versandi

1785 1876 2167 1943 ικεπάσμασιν.
2224 1874 2461 1943 Ἐλυτρα
2533 1872 2735 1942 κυρίως
2789 1872 2856 1923 τὰ
2915 1857 3256 1937 ἐνειλήματα¹
3298 1867 3331 1935 ἢ

98 1959 228 2012 mihi
284 1959 395 2014 sint
426 1966 480 2012 et
510 1957 792 2012 ediscendi
825 1957 961 2011 adeo
996 1957 1237 2011 Annales
1268 1957 1318 2009 hi
1353 1955 1659 2022 Volusiani,

98 2051 346 2106 Malalani
382 2050 526 2103 volui
550 2048 758 2104 dicere.

166 2144 270 2214 Pag
302 2162 315 2196 :
343 2143 474 2197 2l0.
501 2143 589 2204 Ὠς
617 2144 645 2194 ὁ
679 2127 841 2209 σοφὸς
870 2142 1165 2211 Εὐριπίδης
1198 2144 1379 2214 δρᾶμα
1416 2145 1541 2215 περὶ
1568 2142 1662 2196 τοῦ

96 2238 255 2290 αὐτοῦ
285 2236 604 2305 Μελεάγρου
636 2233 871 2298 ἐξέθετο.
910 2234 1164 2304 Meleagri
1209 2238 1404 2292 fabula:
1435 2238 1664 2291 mentio-

98 2340 217 2380 nem
240 2325 447 2379 faciunt
478 2324 812 2389 Macrobius,
857 2322 1132 2388 Stobzeus,
1180 2327 1506 2379 scholiastes
1540 2326 1663 2379 Pin-

95 2420 213 2474 dari
279 2435 404 2473 cum
459 2418 604 2472 aliis.
654 2415 846 2469 Latine
903 2419 1176 2471 convertit
1237 2418 1441 2471 Attius.
1502 2417 1667 2488 llesy-

94 2496 694 2569 chiuszKanoiwos,
748 2508 1035 2571 κατέλυσε,
1092 2509 1439 2563 κατεύθυσεν.
1504 2510 1666 2579 Εὐρι-

96 2603 251 2672 πίδης
280 2601 600 2670 Μελεάγρῳ.
650 2598 813 2669 Lego,
856 2599 1199 2663 καθωσίωσε,
1234 2600 1520 2657 κατέθυσε.
1555 2600 1666 2655 Vox

95 2693 263 2746 altera
296 2706 403 2745 non
434 2691 598 2743 aliter
653 2705 818 2757 quam
856 2689 1017 2742 litura
1045 2696 1287 2743 sananda
1323 2700 1426 2743 est.
1470 2690 1670 2759 I\empe

96 2784 268 2851 primo
292 2779 556 2834 mendose
595 2779 862 2847 scriptum
899 2786 987 2833 est
1034 2779 1329 2831 κατέλυσε*
1381 2789 1565 2849 postea
1602 2782 1667 2833 li-

99 2874 311 2928 brarius
348 2872 549 2941 aliquis
604 2870 767 2939 paqu
826 2870 1043 2923 doctior
1091 2870 1171 2923 vel
1200 2872 1369 2924 lector
1396 2873 1668 2940 quispiam

98 2965 401 3029 studiosus,
436 2963 491 3016 in
526 2962 648 3015 libri
682 2962 929 3031 margine
960 2962 1045 3016 vel
1084 2963 1264 3015 medio
1296 2963 1549 3018 fortassis
1600 2963 1673 3015 itt-

96 3068 179 3111 ter
206 3056 512 3110 versiculos
542 3054 722 3124 spatio
760 3067 948 3106 veram
986 3053 1425 3107 emendationem
1447 3054 1673 3107 dederat

95 3149 382 3202 κατέθυσε.
430 3145 675 3200 Tandem
697 3144 903 3209 evenit,
937 3152 995 3197 ut
1031 3153 1324 3212 ntrmnque
1348 3146 1671 3199 vocabulum

94 3242 396 3311 conjunete
448 3240 502 3291 in
549 3252 711 3292 versu
761 3242 1130 3304 contexteque
1160 3236 1516 3291 scriberetur.
1560 3236 1672 3291 Hac

95 3348 230 3386 sane
256 3331 469 3384 ratione
496 3318 623 3383 eum
654 3329 707 3383 in
735 3328 860 3382 aliis
884 3328 1269 3396 scriptoribus,
1296 3336 1409 3382 tum
1437 3329 1490 3383 in
1513 3327 1673 3384 Lexi-

94 3422 392 3492 cographis
437 3420 713 3490 praecipue
767 3433 877 3472 non
915 3434 1041 3473 raro
1072 3430 1356 3488 peccaturo
1406 3428 1511 3475 est.
1544 3420 1675 3487 Quae

93 3513 317 3583 quidem
379 3520 605 3579 peccata
637 3526 761 3564 cum
796 3510 939 3563 haud
999 3510 1248 3579 cujusvis
1296 3511 1369 3564 sit
1414 3511 1671 3578 odorari;

94 3603 347 3673 profecto
401 3616 539 3670 opus
574 3608 681 3663 est,
725 3608 785 3653 ut
820 3601 1085 3669 exemplis
1131 3601 1344 3670 aliquot
1383 3604 1676 3657 confirme-

92 3709 219 3748 mus
247 3691 575 3748 sententiam
612 3698 880 3754 nostram,
912 3706 978 3745 ne
1012 3700 1219 3746 temere
1274 3692 1574 3763 quidquam
1622 3703 1676 3748 et

93 3785 414 3841 inconsulte
444 3782 567 3836 loco
585 3781 829 3836 movisse
853 3781 1159 3835 videamur.
1184 3783 1427 3847 Ἔζελεν,
1463 3783 1687 3851 “alexi,-

93 3875 313 3930 ἐλαϐεν.
355 3872 694 3942 Ejiciendum
726 3882 808 3925 est
844 3871 1068 3925 verbum
1110 3874 1428 3943 posterius:
1470 3873 1675 3938 ζέλλειν

89 3972 246 4025 enim
273 3966 447 4037 eidem
484 3964 758 4035 Hesychia
788 3975 873 4019 est
906 3964 1142 4035 βάλ)ειν.
1181 3966 1522 4037 Εὺηρότατον
1547 4010 1561 4031 ,
1594 3967 1678 4021 εὖ·

85 4062 225 4124 διον,
256 4058 397 4129 καλὴ
429 4057 524 4127 γῆ,
558 4058 839 4126 εὐήρυτον,
881 4054 1115 4124 εὔγειον.
1146 4057 1429 4114 Postrema
1474 4060 1576 4114 ista
1609 4063 1677 4116 ab

86 4152 448 4207 emendatore
475 4148 711 4218 quodam
738 4148 984 4217 profecta
1009 4158 1171 4214 sunt;
1196 4152 1288 4219 qui
1321 4153 1491 4218 prima
1518 4154 1677 4209 vitio-

88 4260 152 4299 sa
201 4259 311 4297 non
372 4243 555 4310 inepte
606 4240 827 4309 quidem
881 4252 1218 4295 correxerat.
1267 4242 1442 4298 Totus
1492 4245 1677 4314 itaque

89 4342 251 4392 locus
281 4336 362 4390 sic
378 4332 796 4389 constituendus
818 4341 903 4387 est
926 4351 938 4386 ι
970 4333 1256 4403 Εὑήροτον,
1276 4334 1676 4408 sbyewv,111h

84 4430 187 4499 γῆ.
214 4428 561 4499 -ι-Φυρτοίσιν
588 4464 603 4486 ,
646 4424 895 4486 εὶκαίοις,
934 4426 1479 4495 συμπεφυραμένοες.
1523 4428 1573 4479 οἱ
1621 4428 1675 4481 δὲ

1762 1967 2138 2034 καλύμματα.
2167 1964 2448 2035 Ἐλυτρον,
2482 1963 2678 2033 δέρμα,
2713 1962 2874 2030 θήκη,
2904 1960 3157 2029 λέπυρον,
3193 1957 3332 2007 ἐνεξ-

1763 2055 1933 2125 λημα,
1965 2057 2265 2125 κάλυμμα.
2296 2056 2605 2125 σκέπασμα.
2651 2054 2780 2107 Inde
2823 2050 3158 2120 ἐλυτρῶσθαι
3190 2048 3333 2117 apud

1765 2146 2192 2216 Hippocratem,
2247 2158 2301 2199 et
2348 2144 2748 2215 προσελυτροῦν
2798 2143 2939 2212 apud
2992 2144 3331 2201 Athenaeum,

1767 2238 2056 2292 involuero
2099 2248 2328 2307 tegere:
2374 2239 2631 2292 similiter
2673 2234 3062 2305 ὲξελυτρῶσαι,
3100 2232 3330 2291 nudare,

1766 2344 1830 2382 ex
1882 2331 2275 2397 integumentis
2324 2331 2556 2384 solvere.
2614 2318 2849 2397 Illesyclt.
2909 2324 3333 2393 Ἐξελὺτρωσας,

1770 2421 2123 2488 ὲγύμνωσας.
2162 2419 2333 2473 Satin'
2381 2421 2481 2473 hoc
2508 2428 2721 2473 certum
2762 2427 2817 2471 et
2845 2418 3188 2485 exploratum
3230 2423 3335 2476 est,

1767 2504 1811 2562 ὦ
1841 2511 1966 2578 φίλη
2020 2510 2229 2579 κεφαλὴ
2269 2511 2399 2564 Milli
2456 2510 2913 2579 jucundissimc?
2943 2508 3009 2562 At
3059 2508 3339 2560 enimvero

1769 2605 2035 2656 exclamet
2067 2604 2157 2656 hic
2206 2604 2450 2673 aliquis:
2511 2601 2555 2657 Ο
2595 2602 2853 2671 juvenem
2895 2600 3255 2654 confidentem
3289 2608 3343 2650 et

1771 2692 2162 2743 temerarium!
2201 2698 2332 2744 tune
2370 2692 2526 2744 illum
2574 2690 2929 2759 llesychium,
2960 2689 3340 2741 doctissimum

1772 2783 2260 2851 grammaticorum
2308 2782 2639 2852 Ilesychium
2675 2789 2840 2835 tantae
2872 2783 3101 2835 inscitia:
3130 2780 3340 2833 amnem

1771 2888 1894 2927 esse
1920 2875 2192 2942 suspicari
2223 2877 2394 2939 ausis,
2424 2883 2482 2927 ut
2523 2873 2873 2943 Ἐκλύτρισον
2902 2874 3203 2936 scriberet;
3239 2874 3342 2928 nisi

1774 2964 1995 3015 verbum
2028 2963 2164 3016 illud
2196 2963 2395 3016 alicubi
2438 2963 2681 3032 legisset,
2715 2962 2856 3031 apud
2912 2973 3167 3015 auctores
3200 2960 3345 3015 forte

1775 3070 1913 3127 quos
1964 3056 2126 3124 longa
2181 3055 2301 3109 dies
2355 3066 2408 3109 et
2451 3056 2618 3109 nimia
2658 3064 2904 3109 vetustas
2949 3056 3346 3109 subtraxerunt

1776 3148 1985 3200 notitiae
2029 3147 2316 3201 nostra?“
2357 3148 2466 3214 jam
2499 3156 2549 3200 et
2601 3148 2834 3200 frontem
2873 3163 3007 3215 nega
3065 3149 3131 3200 de
3184 3148 3346 3202 rebus

1776 3237 2030 3306 periisse.
2068 3235 2290 3289 Placide
2326 3245 2507 3289 tamen
2554 3236 2771 3296 amabo,
2803 3251 2836 3289 ο
2879 3237 3134 3304 (ιιιιδιιιιίε
3169 3251 3228 3289 es
3254 3254 3265 3289 :
3296 3248 3349 3290 et

1775 3329 2022 3395 reprime
2066 3337 2117 3381 te
2148 3328 2441 3395 tantisper,
2484 3326 2613 3380 dum
2656 3326 2760 3379 alia
2804 3328 3063 3379 nonnulla
3101 3326 3345 3395 profero,

1773 3434 1896 3486 qua:
1945 3428 1997 3473 te
2042 3433 2261 3488 quoque
2310 3420 2492 3487 ipsum
2534 3418 2671 3472 velis
2718 3419 2860 3471 nolis
2920 3419 2973 3471 in
3017 3420 3346 3473 sententiam

1775 3520 2023 3563 nostram
2058 3520 2255 3578 cogent
2301 3510 2557 3563 transire.
2604 3508 2737 3561 Dum
2786 3510 2929 3561 enim
2983 3524 3044 3564 cx
3108 3512 3348 3579 antiquis

1776 3601 2115 3665 scholiastis,
2150 3602 2560 3669 grammaticis,
2606 3601 2830 3663 lexicis,
2866 3615 2987 3668 quae
3017 3616 3123 3653 non
3156 3610 3348 3655 conle—

1775 3692 2044 3744 xebantur
2076 3690 2217 3744 κατὰ
2249 3693 2509 3759 στοιχεῖον
2536 3690 2674 3762 [55],
2705 3691 2853 3743 omni
2895 3707 2957 3744 ex
2999 3701 3151 3760 parte
3186 3707 3350 3745 voca-

1778 3783 1905 3837 bula
1929 3783 2192 3845 eorradit,
2224 3782 2428 3851 quibus
2467 3783 2607 3835 hanc.
2640 3798 2794 3835 suam
2840 3784 3160 3852 συναγωγὴν
3198 3784 3349 3837 locu-

1779 3874 1948 3946 pletet
1976 3883 2029 3928 et
2071 3872 2330 3927 referciat
2360 3893 2372 3928 :
2410 3890 2551 3943 szepe
2579 3891 2683 3928 usu
2716 3875 2862 3929 venit
2887 3886 2943 3928 ut
2985 3876 3052 3929 ah
3081 3878 3351 3946 imperitis

1776 3966 2043 4028 librariis,
2080 3965 2173 4034 qui
2232 3980 2424 4035 parum
2480 3976 2739 4021 accurate
2788 3969 3143 4033 scripserant,
3185 3970 3266 4023 vel
3319 3986 3350 4022 ει

1777 4061 1862 4113 sui
1904 4058 2180 4113 similibus
2226 4056 2661 4129 ὁνοματοθήραις
2698 4060 2750 4112 in
2790 4075 3032 4113 errorem
3095 4062 3350 4115 inductus

1778 4153 1851 4207 sit
1884 4169 1897 4205 :
1931 4166 2164 4221 qna‘que
2198 4166 2466 4220 nusquam
2504 4151 2745 4220 gentium
2776 4151 2857 4204 vel
2892 4152 3027 4205 lecta
3056 4154 3136 4206 vel
3165 4153 3350 4206 audita

1779 4252 1942 4303 sunt,
1996 4242 2302 4296 lectoribus
2369 4242 2486 4295 suis
2545 4243 2825 4299 obtrutlat.
2880 4242 3018 4296 Illud
3078 4246 3155 4299 sis
3206 4246 3348 4299 vide.

1776 4336 1816 4407 -ι-
1850 4335 2147 4404 Δελεδὼνη,
2198 4338 2226 4387 ὁ
2268 4335 2492 4405 μυλαῖος
2530 4335 2699 4405 ἰχθύς.
2749 4336 2861 4390 Suo
2913 4339 3033 4391 loco
3072 4338 3174 4392 hoc
3208 4340 3353 4407 leges

1780 4430 1835 4481 in
1870 4429 2047 4482 littera
2088 4430 2146 4480 A.
2187 4426 2299 4495 Ego
2343 4444 2471 4481 vero
2522 4444 2696 4497 nugas
2743 4431 2840 4481 has
2874 4444 2995 4482 csse
3048 4445 3226 4484 meras
3257 4432 3354 4484 tibi

85 4523 299 4590 ἄλφιτα
350 4517 477 4587 οϊνῳ
507 4514 803 4584 δεδευμένα
858 4514 1363 4583 συμπεφυρμένοις.
1394 4515 1526 4569 Tam
1563 4520 1677 4573 scio

1785 4520 2088 4575 denuntio:
2128 4520 2396 4586 scriptum
2420 4520 2568 4573 enim
2596 4520 2840 4587 oportuit
2876 4520 3161 4589 Ἰ·;λεδ‹ἷ›νη.
3193 4522 3357 4592 ὀσμύσ

89 4612 327 4666 ιθιιιιιιιι
362 4608 612 4660 ultimum
659 4619 688 4658 a
718 4613 1034 4658 correctore
1059 4604 1296 4671 quodam
1335 4621 1478 4666 esse.
1514 4624 1676 4673 quam

90 4719 185 4758 me
226 4678 435 4755 vivere.
469 4697 626 4751 Nulla
652 4696 924 4750 dubitatio
975 4706 1083 4759 est,
1112 4696 1246 4766 quin
1288 4700 1359 4750 ita
1392 4700 1681 4769 scripserit

89 4792 411 4866 Hesychius
446 4809 459 4844 :
494 4791 801 4861 Φυρτοῖσιν,
851 4788 1099 4855 εικαξοις,
1154 4794 1639 4862 συμπεφυρμένοις
1664 4813 1676 4824 ·

82 4896 135 4943 οἱ
162 4890 225 4942 δὲ
256 4888 461 4956 ἄλφιτα
485 4885 614 4951 οῐνῳ
660 4881 978 4952 δεδευμένα.
1012 4881 1051 4953 -ι-
1085 4883 1302 4936 Ἀντιδι.
1347 4885 1411 4938 ἄν
1439 4902 1545 4937 τινι
1579 4889 1683 4938 ἐνέ-

80 4981 303 5052 γμεθα,
336 4976 731 5047 ἑναντιώμεθα.
767 4976 880 5049 [δι]
912 4976 1048 5030 Cum
1082 4977 1414 5031 vocabulum
1456 4978 1557 5031 hac
1591 4996 1683 5034 ve-

81 5077 211 5129 niat
242 5086 389 5142 pone
434 5067 877 5138 Ἀντιμίσθωτος,
931 5068 1075 5122 scire
1115 5067 1240 5121 licet
1269 5083 1336 5122 ex
1377 5069 1681 5137 litterarum

74 5166 242 5221 serie
302 5165 381 5218 sic
436 5171 717 5215 auctorem
792 5160 1106 5229 scripsisse.
1168 5160 1680 5230 ’Λντινιενέγμεοα,

73 5255 499 5325 ἐναντιώμεθα.
535 5253 730 5307 Postea
756 5252 1003 5321 quidam,
1029 5252 1121 5321 qui
1150 5251 1511 5321 deprehendit
1534 5270 1681 5308 erra.

73 5363 234 5417 tmn,
263 5345 601 5409 emendavit,
632 5344 800 5397 άντιδι
820 5359 1030 5413 -supra
1081 5344 1530 5413 ἀντινιενέγμεθα
1584 5348 1685 5400 im-

74 5442 305 5513 posito.
332 5438 551 5494 Scimus
575 5452 765 5491 omnes
785 5436 859 5489 ita
889 5435 1004 5490 fieri
1024 5439 1219 5490 solere.
1243 5436 1480 5490 Tandem
1501 5447 1682 5490 autem

76 5537 322 5602 ineptus
340 5530 612 5601 quispiam
640 5528 900 5582 librarius
920 5543 1037 5581 eam
1067 5528 1354 5596 utriusque
1376 5528 1527 5579 vocis
1555 5542 1683 5581 con-

73 5622 466 5677 tinuationem
521 5620 669 5682 fecit,
713 5634 877 5688 quam
910 5617 1074 5673 hodie
1104 5618 1373 5671 videmus.
1405 5617 1686 5689 Ἑκλύτρι-

78 5734 201 5779 σιν,
237 5714 554 5785 ἔκλύρισον,
603 5712 862 5782 κάλυψον.
917 5713 1054 5766 Illud
1088 5711 1372 5783 ὲκλύρισον
1398 5728 1463 5766 ex
1496 5713 1685 5767 eadem

74 5820 171 5865 est
194 5805 422 5863 ofﬁcina
443 5813 847 5863 correctorum.
888 5803 1122 5875 Scripsit
1151 5804 1456 5876 Ilesyehius
1502 5806 1685 5859 'Ex‘uj-

1784 4608 1871 4671 ).o';
1906 4610 2077 4678 ἰχθύς.
2117 4600 2292 4663 PiScis
2322 4617 2408 4663 est
2455 4610 2523 4663 de
2565 4611 2893 4679 polypodum
2927 4627 3159 4679 genere;
3192 4630 3354 4681 quem

1786 4711 2097 4754 memorant
2122 4700 2466 4762 Aristoteles,
2498 4700 2812 4764 Athenaeus,
2848 4702 2964 4753 alii.
3003 4702 3146 4756 Idem
3187 4703 3357 4773 Ilesy-

1785 4791 1944 4845 chius
1981 4808 1994 4841 :
2037 4789 2303 4859 ὐσμύλια
2338 4789 2447 4841 τῶν
2504 4789 2821 4842 πολυπόδων
2854 4792 2908 4841 αἱ
2952 4790 3161 4853 δζαιναι
3206 4791 3359 4858 λεγό-

1789 4900 1968 4953 μεναι,
1997 4884 2093 4935 καὶ
2132 4882 2344 4951 ἰχθύδια
2374 4882 2503 4933 ποιὰ
2530 4882 2666 4935 ἄττα
2695 4881 2908 4952 εὐτελῆ.
2951 4884 3210 4952 Ὀσμύλαι
3244 4885 3360 4953 βολ-

1786 4979 1986 5029 6ιτῖναι
2045 4975 2347 5030 θαλάσσιοι.
2404 4973 2497 5031 Sic
2558 4976 2888 5030 emendandi
2944 4986 3071 5032 sunt
3124 4978 3176 5032 hi
3234 4980 3361 5035 loci.

1788 5069 1993 5122 Videor
2026 5078 2206 5123 autem
2246 5069 2378 5121 mihi
2420 5069 2628 5135 videre,
2671 5070 2801 5139 quid
2840 5071 3135 5123 errationis
3171 5086 3362 5125 ansam

1790 5160 2064 5232 llesychio
2088 5161 2320 5214 dederit.
2340 5159 2609 5213 Nimirum
2648 5161 2699 5213 in
2726 5168 2949 5213 auctore
2972 5176 3075 5215 suo
3097 5165 3362 5230 scriptum

1788 5261 1908 5305 erat
1942 5253 1975 5321 ἡ
2016 5252 2061 5304 δ’
2111 5250 2345 5320 ἑλεδώνη
2378 5252 2458 5305 vel
2495 5251 2668 5321 μιαρά
2715 5251 2759 5304 δ’
2796 5251 3026 5320 ἑλεδώνη
3058 5253 3139 5305 vel
3187 5254 3366 5305 simile

1789 5343 2071 5412 quippiam
2104 5359 2115 5394 :
2148 5341 2236 5394 ille
2265 5340 2453 5401 miser,
2484 5356 2606 5393 cum
2638 5356 2738 5393 sua
2772 5350 2931 5394 aetate
2962 5342 3081 5393 libri
3114 5352 3363 5395 carerent

1795 5435 1971 5505 signis
1999 5442 2285 5496 accentus,
2322 5433 2620 5503 δελεδώνην
2656 5434 2858 5501 piscem
2894 5432 3121 5496 t-fiinxit,
3148 5434 3364 5502 qualem

1794 5543 1984 5596 neque.
2026 5525 2259 5590 Nereus,
2312 5541 2488 5595 neque
2548 5526 2860 5594 Neptunus,
2922 5539 3021 5579 nec
3065 5525 3184 5593 ipse
3216 5533 3368 5593 pater

1789 5620 2039 5674 Oceanus
2086 5619 2390 5690 agnoverit.
2421 5617 2560 5673 Ecce
2612 5616 2757 5671 aliud
2799 5618 2927 5671 huic
2983 5618 3278 5687 genuinum
3312 5624 3369 5671 et

1791 5695 2133 5783 germanum.
2167 5712 2207 5783 -ί-
2233 5712 2500 5775 θολκάξει
2532 5712 2916 5781 χαλιναγωγεῖ.
2946 5710 3137 5775 Nemo,
3171 5718 3228 5762 ut
3250 5708 3368 5777 Opi-

1793 5820 1917 5868 nor,
1943 5802 2160 5856 inficias
2192 5803 2378 5866 iverit,
2399 5803 2529 5872 quin
2560 5806 2630 5854 ita
2666 5802 2926 5873 scriptum
2954 5800 3136 5865 fuerit,
3162 5801 3370 5869 absque
