4202 6448
794 455 977 497 tamen
1010 441 1158 495 nolis
1195 447 1460 492 accentus
1490 456 1499 489 :

797 537 844 588 θ’
877 535 1118 598 ὀλκάζει.
1149 535 1266 602 Ipse
1306 531 1608 602 Hesychius
1637 549 1650 583 :
1699 531 1972 595 Ὀλκάζει,
1996 533 2168 598 ἕλκει,
2201 532 2383 602 χαλιν-

799 627 1028 692 αγωτεῖ.
1093 623 1228 676 Illud
1290 632 1474 674 autem
1553 621 1808 687 θολκάζει
1865 624 2003 678 cedo
2053 639 2384 692 quemquam

799 719 1111 771 mortalium
1151 714 1243 784 qui
1299 715 1505 784 legerit.
1542 715 1582 784 ’ἶ-
1610 716 2025 782 Ἐνδεκάτευσα,
2063 716 2221 786 τήνδε
2272 714 2382 767 κώ-

799 823 908 874 πην
957 803 1498 874 ἐπαρξάμηνΛὶΟεΙθ
1544 805 1688 859 serie
1745 806 1849 858 hoc
1903 805 2168 873 scriptum
2211 804 2384 858 oﬁ'eu-

799 897 916 961 des,
950 905 1009 950 ut
1052 906 1105 950 et
1149 898 1253 948 alia
1309 909 1430 962 quze
1467 894 1734 964 deinceps
1786 913 1813 948 ιι
1853 911 1938 950 me
1981 897 2382 965 proferentur:

801 987 954 1056 quod
990 994 1139 1040 certo
1173 985 1381 1038 indicio
1407 995 1487 1040 est
1520 1003 1632 1040 non
1665 1004 1691 1039 a
1729 986 1972 1048 librario,
2002 985 2096 1041 sed
2122 988 2190 1041 ab
2217 985 2386 1058 Hesy-

803 1079 929 1134 cbio
960 1079 1080 1147 ipso
1111 1085 1398 1146 peccatum
1457 1091 1606 1131 esse.
1657 1077 1821 1145 Atqui
1853 1077 1920 1128 ad
1959 1078 2106 1130 hunc
2161 1077 2385 1131 modum

801 1169 1045 1223 edidisse
1081 1167 1311 1222 debuit:
1360 1167 1745 1232 Ἐδεκάτευσα,
1781 1168 1879 1236 τὴν
1930 1167 2168 1238 δεκάτην
2209 1171 2386 1236 ἐπρα-

804 1259 1004 1331 ξάμην.
1035 1259 1076 1329 ’ξ’
1121 1257 1491 1320 Διατεύονται,
1542 1256 1895 1329 μερίζονται,
1932 1266 1986 1311 et
2043 1257 2383 1322 Διατεύοντο,

805 1352 1142 1422 ἐμερίζοντο.
1174 1349 1247 1402 Eu
1298 1349 1609 1401 similitudo
1638 1359 1722 1402 est
1775 1349 1804 1401 δ
1831 1357 1886 1402 et
1917 1349 1966 1402 δι
2005 1349 2060 1403 in
2107 1349 2262 1404 libris
2291 1363 2385 1402 ca-

807 1446 954 1498 lamo
1003 1442 1228 1504 notatis,
1271 1449 1331 1493 nt
1369 1440 1512 1494 haud
1561 1440 1720 1495 facile
1760 1443 1832 1496 sit
1881 1442 2227 1511 dignoscere.
2257 1440 2387 1495 Inde

806 1543 892 1590 est
935 1533 1082 1604 quod
1139 1532 1403 1587 mendosa
1459 1548 1522 1586 ea
1559 1533 1809 1601 posuerit
1860 1548 1962 1603 pro
2003 1531 2292 1585 Δατέονται
2334 1540 2388 1586 et

806 1623 1093 1677 Δατέοντο.
1131 1639 1252 1692 qu;e
1300 1623 1451 1691 legas
1490 1621 1634 1690 apud
1665 1621 1982 1677 Homerum.
2011 1623 2051 1693 ’ξ-
2078 1622 2385 1694 Σικυλλιᾷν,

806 1717 870 1769 τὸ
892 1716 1018 1778 τοὺς
1041 1715 1306 1785 κροσσοὺς
1332 1713 1706 1767 ἀποσείεσθαι.
1738 1711 1975 1767 Verbum
2012 1713 2114 1767 hoc
2143 1713 2387 1782 reperies

1603 330 1699 391 DE
1751 331 2067 390 JOANNIS
2101 330 2423 390 MALAIJE
2460 329 3108 389 CHRONOGRAPHIA

1539 439 1772 502 Ἵππους
1795 439 1842 491 θ’
1869 439 2109 502 ὁλκάζει,
2131 439 2212 492 vel
2239 438 2392 506 Νῆάς

2500 436 2534 504 ᾗ·
2575 435 2836 505 Ἀτρεμῆ,
2871 435 3044 500 ὑγεία.
3076 433 3217 489 Pace
3245 434 3390 504 quod
3434 444 3521 489 tua
3547 435 3780 501 dicatur,
3812 438 4077 511 Ilesycln.

3975 337 4078 397 Ti!

2489 530 2542 582 in
2587 530 2673 584 his
2710 530 2887 584 verbis
2920 530 3073 581 οὐδὲν
3097 528 3270 596 ὑγιές.
3309 529 3576 597 Imposuit
3607 531 3702 583 tibi
3734 532 4080 600 depravatns

2486 621 2689 689 aliquis
2745 621 2915 674 codex
2953 619 3234 688 :oportuit
3289 621 3435 672 enim
3483 621 3742 690 Ἀρτεμῆ,
3778 625 3928 689 ὑγιᾶ.
3970 625 4080 680 Te-

2488 713 2667 780 ipsum
2725 714 2989 765 arbilrum
3045 713 3236 779 capio,
3273 713 3364 780 qui
3421 712 3532 762 lnee
3595 713 3763 766 alibi:
3809 717 4080 785 Ἀρτεμῆ,

2489 803 2646 866 σῶον,
2682 803 2833 868 ὑγιᾶ,
2867 802 3139 872 σώφρονα.
3184 801 3477 872 Ἄρτεμέα,
3510 804 3668 869 ὑγεία
3721 807 3862 875 (lege
3896 808 4075 876 ὑγιᾶ),

2487 893 2640 964 ὑγιῆ.
2673 893 2925 962 Ἀρτελὲς
2957 893 3196 963 (corrige
3233 893 3544 962 Ἀρτεμὲς),
3572 893 3747 960 ὑγιές.
3788 896 3905 966 [δη
3943 899 4081 952 λος·

2487 984 2616 1038 dum
2645 983 2908 1052 peccandi
2947 984 3071 1038 linis
3107 1006 3118 1038 :
3152 1001 3280 1039 ecce
3305 987 3451 1040 enim
3483 987 3551 1042 de
3582 987 3794 1056 integro
3821 1005 3835 1040 :
3879 992 3920 1059 ἧ-
3951 992 4081 1059 Ἀρ-

2485 1077 2845 1147 τηνεστέραν,
2879 1077 3224 1146 ὑγιεστέραν,
3260 1077 3640 1150 ἐντιμοτέραν.
3675 1079 3888 1150 Duplex
3923 1098 4084 1136 eira-

2488 1175 2604 1222 tum
2635 1179 2741 1232 est,
2775 1168 2880 1222 hoc
2906 1167 3144 1233 librarii,
3180 1169 3311 1224 illud
3346 1172 3614 1226 auctoris.
3647 1173 3894 1241 Apparet
3927 1176 4079 1227 enim

2487 1273 2613 1312 cum
2641 1274 2709 1313 ex
2735 1259 2951 1323 ordine,
2991 1267 3108 1313 tum
3135 1274 3204 1314 ex
3240 1259 3722 1330 interpretatione,
3761 1278 3874 1316 non
3913 1267 4082 1319 aliter

2489 1347 2780 1417 scripsisse
2813 1344 3147 1418 [Iesychium
3175 1363 3345 1418 quam
3381 1347 3844 1421 Ἀρτιμεστέραν·
3880 1369 4084 1422 nempe

2486 1437 2573 1492 vel
2627 1437 2917 1505 scripturae
2964 1437 3262 1505 mendum,
3302 1439 3388 1493 vel
3445 1440 3676 1495 minuta:
3724 1441 4086 1513 fugientesve

2490 1525 2706 1590 litterae,
2738 1526 2825 1579 vel
2855 1525 3025 1580 nimia
3058 1525 3339 1582 festinatio
3392 1527 3446 1581 in
3484 1543 3650 1583 causa
3679 1528 3784 1584 fuit
3816 1547 3918 1585 cur
3946 1533 4086 1586 illud

2488 1615 2773 1670 exhiberet
2827 1631 2928 1686 pro
2980 1617 3442 1689 ’Δρτεμεστέραν.
3493 1620 3630 1674 Cum
3681 1633 3867 1676 autem
3921 1626 4086 1694 ἀρτιο

2493 1707 2764 1778 μεστέραν
2804 1722 2915 1762 non
2959 1709 3194 1764 multum
3231 1711 3481 1766 absimile
3531 1712 3604 1767 sit
3649 1713 3726 1783 τῷ
3777 1715 4091 1784 Τιμηεστὲ-

810 1805 953 1859 inter
983 1803 1168 1856 Σί6ολε
1198 1813 1252 1858 et
1285 1801 1510 1870 Σιϐύνη.
1555 1802 1677 1871 Ipse
1721 1803 2031 1856 litterarum
2073 1802 2208 1856 ordo
2250 1803 2388 1857 satis

2500 1815 2624 1866 ραν,
2656 1799 2748 1854 ille
2785 1799 3087 1855 secundam
3126 1801 3636 1871 interpretationem
3687 1805 4088 1860 liberalissime

810 1904 1136 1966 argumento
1159 1904 1245 1948 est
1268 1895 1336 1948 ab
1366 1892 1642 1964 Ilesycbio
1665 1895 1903 1964 positum
1931 1908 2054 1948 esse
2080 1892 2385 1962 Σιϐυλλιᾷν,

808 1988 978 2057 idque
1011 2001 1202 2041 errore
1255 1985 1551 2039 manifesto
1587 2001 1685 2054 pro
1730 1983 2044 2056 Σιλλυϐιᾷν.
2078 1983 2388 2055 Hesychius

808 2077 1069 2142 Σίλλυϐα,
1096 2078 1333 2148 κροσσοί·
1367 2078 1420 2128 οἱ
1449 2077 1506 2128 δὲ
1534 2077 1604 2128 τά
1634 2075 1871 2146 ἀνθέμια
1900 2079 1995 2129 καὶ
2027 2075 2386 2146 κοροκόσμια.

810 2171 1004 2225 Pollux
1038 2185 1136 2235 vn,
1176 2185 1298 2238 cap.
1328 2169 1393 2220 16
1424 2187 1437 2222 :
1481 2169 1620 2232 Τοὺς
1656 2169 1713 2222 δὲ
1749 2169 2013 2232 θυσάνους
2041 2169 2137 2221 καὶ
2165 2167 2389 2221 σίλλυϐα

811 2264 860 2315 oi
906 2262 1126 2316 παλαιοὶ
1187 2261 1412 2314 καλοῦσι
1475 2261 1700 2331 ποιηταί
1751 2260 1889 2330 [56].
1953 2260 2044 2315 Sic
2093 2263 2246 2316 locus
2287 2261 2392 2316 iste

817 2354 1077 2424 legendus
1112 2364 1197 2408 est
1229 2369 1293 2408 ex
1333 2353 1526 2407 codice
1555 2368 1659 2407 ins.
1687 2355 1779 2421 qui
1815 2351 1920 2406 fuit
1947 2351 2017 2408 ls.
2050 2352 2254 2407 Vossii.
2287 2351 2392 2405 Θύ-

816 2463 968 2500 σανοι
1025 2453 1208 2500 autem
1281 2459 1405 2498 cum
1475 2443 1685 2499 Polluci
1743 2452 1858 2497 tum
1929 2443 2203 2515 Hesychio
2263 2452 2395 2500 sunt

814 2539 1061 2609 κροσσοί.
1090 2537 1131 2608 -ι-
1169 2537 1480 2606 Ἐρεθέντα,
1511 2537 1570 2588 ὲν
1609 2536 1761 2590 ὕδατι
1799 2537 2188 2604 ἀποπνιγέντα.
2231 2536 2394 2607 Ἐρα-

816 2631 982 2695 θέντι,
1018 2629 1298 2698 ληφθέντι.
1343 2627 1657 2682 Portcutosi
1707 2642 1949 2682 errores.
1991 2626 2202 2694 Primo,
2231 2642 2396 2698 opor-

817 2723 922 2777 tuit
956 2722 1224 2790 scriptum
1247 2719 1568 2790 Ἐρχθέντα.
1601 2719 1723 2787 Ipse
1760 2719 1908 2773 enim
1943 2719 2107 2773 alibi:
2145 2718 2396 2788 Ἐρχθέν-

815 2830 907 2876 τα,
945 2813 1003 2863 ἐν
1055 2811 1212 2864 ὕδατι
1261 2811 1544 2878 πνιγέντα.
1590 2810 1666 2864 Ita
1711 2809 1937 2866 Pbotius
1985 2812 2295 2880 patriarcha
2340 2812 2394 2865 in

817 2901 1020 2957 Lexico
1054 2917 1154 2956 nis.
1194 2901 1270 2956 Ita
1295 2901 1516 2956 Snidas.
1543 2901 1726 2956 Locus
1749 2912 1832 2956 est
1865 2902 1922 2954 in
1947 2902 1989 2954 Φ
2020 2900 2204 2955 Iliadis
2237 2920 2249 2954 :

817 3016 949 3070 Νῦν
973 3015 1041 3068 δέ
1067 3031 1145 3081 με
1173 3013 1484 3082 λευγαλέῳ
1515 3015 1719 3079 πότμῳ
1750 3015 1994 3082 εἵμαρτο
2025 3013 2253 3068 ἁλῶναι

833 3085 1129 3154 Ἐρχθέτ-τ*
1151 3087 1220 3138 ἐν
1234 3085 1474 3153 μεγάλω
1491 3085 1752 3152 ποταμῷ.
1768 3086 1849 3149 ὡς
1868 3085 2049 3154 ,παῖδα
2067 3084 2394 3154 συφορϐόν,

823 3152 1027 3222 ’Ὀνίῥὰ
1049 3155 1100 3208 τ’
1127 3152 1386 3219 ἔναυλος
1411 3154 1698 3222 ἀποέρσει
1723 3153 1966 3222 χειμῶνι
1993 3152 2286 3222 πείῶντα.

822 3266 1049 3332 Iterum,
1097 3267 1232 3320 illud
1276 3266 1558 3336 Ἐραθέντι
1597 3266 1806 3319 librarii
1848 3275 2130 3335 peccatum
2176 3275 2261 3320 est
2300 3281 2398 3335 pro

835 3358 1128 3430 Ἐρεθέντι.
1153 3357 1384 3412 Constat
1413 3357 1515 3433 hoc
1542 3373 1606 3411 ex
1635 3359 2032 3412 elementorum
2054 3359 2267 3413 ordine.
2293 3359 2397 3424 Qui

823 3447 1048 3516 quidem
1082 3457 1168 3503 est
1208 3461 1366 3501 error
1392 3447 1657 3508 auctoris,
1699 3462 1795 3515 pro
1840 3447 2142 3518 Λίρεθέντι.
2179 3450 2245 3501 Αι
2282 3458 2334 3502 et
2362 3450 2399 3500 Ε

826 3539 971 3608 apud
1012 3538 1234 3592 Graecos
1282 3553 1392 3591 non
1443 3537 1710 3591 differunt
1787 3540 2272 3606 pronuntiatione;
2334 3539 2402 3593 de

825 3647 933 3700 qua
966 3645 1026 3683 re
1066 3637 1253 3698 postea
1310 3628 1468 3697 plura
1501 3630 1764 3682 dicemus.
1799 3628 1937 3682 Ecce
1983 3630 2088 3682 alia
2118 3640 2397 3683 monstra:

825 3722 866 3792 ἰ-
883 3720 1212 3789 Ἐππιλογῆς,
1236 3719 1495 3787 σπουδῆς,
1518 3719 1952 3783 ἁνταποὸὁσεως.
1975 3721 2146 3785 Quam
2171 3721 2404 3790 turpiter

828 3823 1014 3866 autem
1063 3813 1151 3866 hic
1187 3828 1246 3865 se
1274 3812 1427 3865 dedit
1465 3814 1477 3862 ἱ
1518 3811 1654 3865 adeo
1684 3813 1901 3880 quidem
1945 3821 2005 3866 ut
2049 3813 2288 3869 hominis
2319 3831 2404 3868 me

831 3904 1033 3974 pudeat
1114 3903 1426 3972 pigeatque.
1488 3901 1773 3971 Siquidem
1834 3902 2270 3967 Ἀνταποδόσεως
2321 3913 2406 3958 est

829 3992 1169 4061 ἐπαλλαγῆς,
1226 3999 1279 4044 et
1327 3991 1574 4059 Σπουδῆς
1615 4000 1699 4044 est
1753 3993 2094 4062 ὲπειγωλῆς·
2153 3993 2402 4062 putidum

830 4097 1012 4137 autem
1040 4093 1215 4149 Lsuum
1251 4083 1524 4152 ὲπαλογῆς
1555 4083 1664 4150 ipse
1710 4083 1898 4136 habeat
1937 4100 2112 4136 secum
2142 4095 2407 4154 serretque

831 4179 1088 4245 sepulcro.
1119 4174 1159 4244 οξ·
1193 4175 1483 4245 Ἀχινάων,
1512 4173 1621 4226 τῶν
1653 4175 1911 4244 ἁχιδάων.
1951 4174 2234 4237 Hercules,
2258 4187 2405 4228 tuam

833 4268 1026 4322 fidem!
1052 4269 1331 4319 euiulvero
1352 4280 1458 4318 non
1482 4265 1553 4318 ab
1576 4267 1834 4320 omnibus
1860 4267 2125 4334 portentis
2140 4266 2407 4320 Graeciam

835 4359 1099 4412 liberasti.
1134 4356 1262 4410 Erat
1315 4357 1557 4410 hominis
1606 4358 1915 4411 eruditisic
1949 4357 2227 4412 edidisse:
2268 4359 2410 4428 Ἐχι-

833 4453 1014 4514 νάων,
1069 4450 1178 4503 τῶν
1233 4449 1550 4520 Ἐχινάδων.
1616 4447 1780 4504 Verbi
1853 4451 2012 4504 sedes
2071 4451 2124 4504 in
2187 4447 2483 4504 IIomeriD

834 4546 1045 4602 Bmotia
1078 4551 1163 4597 est
1183 4559 1196 4596 :

942 4639 1007 4689 Ol
1035 4635 1087 4688 δ’
1121 4635 1190 4687 ἐκ
1217 4634 1558 4702 Δουλιχίοιο
1597 4632 1884 4702 Ἐχινάων
1915 4635 1966 4687 θ’
1997 4633 2228 4701 lenitur.

832 4731 872 4801 ἰ-
901 4729 1144 4792 Ἢθέσει,
1174 4727 1347 4790 ἀνθεῖ,
1379 4726 1584 4793 ἀγνοεῖ,
1622 4727 1858 4796 παρορᾷ.
1882 4726 2082 4780 Adeste
2112 4728 2238 4793 huc,
2279 4743 2409 4781 cou-

830 4821 1074 4889 iectores
1097 4828 1150 4871 et
1173 4819 1502 4885 interpretes
1527 4817 2152 4886 portentorum.l\'egant
2180 4833 2406 4887 nsquam

835 4913 1135 4981 quidquam
1169 4907 1544 4963 monstrosius
1583 4907 1811 4962 vidisse.
1867 4907 2086 4962 Scilicet
2134 4909 2248 4962 haec
2283 4923 2407 4963 vera

837 5004 1114 5072 scriptura
1161 5008 1266 5061 est,
1309 4997 1618 5068 Ἀηθέσ-σει,
1651 4999 1811 5068 ἀηθεῖ
1843 4997 2259 5068 Etymologicon
2291 5013 2410 5052 man

835 5110 1028 5164 gniun.
1071 5090 1410 5160 Ἀηθέσσειν,
1440 5090 1676 5157 ἀγνοεῖν,
1702 5089 1944 5158 ἀπείρως
1969 5088 2132 5158 ἔχειν.
2175 5088 2410 5158 Ἀηθεῖν,

835 5183 1140 5243 λανθάνειν,
1162 5183 1636 5249 ἀνεπιστημονείν.
1661 5178 1965 5250 Hesychius
1989 5183 2102 5249 ipse
2126 5197 2138 5233 :
2177 5181 2410 5251 ’Λῂθειν,

841 5277 916 5346 μὴ
953 5275 1224 5344 ἡθεῖεθαι,
1269 5273 1345 5345 μὴ
1395 5277 1566 5326 νοεῖν·
1617 5273 1758 5343 lege,
1792 5274 2000 5343 ἀηθεῖν,
2047 5274 2120 5344 μὴ
2157 5274 2409 5329 εἰθίσθαι.

852 5369 1143 5438 ’.λ-ί,θ;σκον
1175 5369 1315 5438 (lege
1337 5366 1654 5438 ἀήθεσσον),
1676 5366 1964 5436 ἀσυνήθεις
1985 5362 2144 5436 ἦσαν.
2173 5367 2212 5437 ’ἶ-
2241 5367 2416 5420 Ἕλεν-

836 5463 959 5530 sip,
989 5461 1184 5512 ἔλαιον.
1206 5459 1338 5512 Mira
1365 5474 1498 5513 vero
1520 5459 1864 5529 grammatici
1901 5460 2167 5514 eruditio!
2190 5459 2415 5516 Poteras

839 5553 984 5608 haud
1021 5552 1180 5620 paulo
1204 5553 1422 5615 melius,
1459 5550 1736 5622 Ἐλεητὺν,
1768 5551 1917 5605 ἔλεον
1942 5567 1958 5584 ο
1983 5552 2028 5606 si
2052 5552 2272 5622 quidem
2308 5549 2415 5604 IIo-

843 5647 1029 5699 meriri
1067 5646 1212 5698 illius
1247 5645 1637 5699 meminisses:

843 5753 879 5790 t.-‘
905 5746 910 5750 ’
1008 5740 1024 5786 ι’
1045 5738 1180 5786 ,τρια
1224 5756 1287 5804 5;;
1308 5737 1430 5788 ον’ἑ(
1452 5754 1584 5802 ντες
1613 5736 1702 5789 ἐπ’)
1744 5737 1961 5806 φρεσὶν
1985 5736 2108 5788 οὐδ’
2135 5737 2172 5787 ἑ.
2187 5740 2233 5785 ἵε·
2246 5737 2410 5804 iit/1'.

2424 3122 2466 3180 C

2491 1890 2718 1946 donavit
2749 1891 2816 1945 de
2848 1907 2991 1956 suo;
3025 1905 3187 1962 prout
3213 1907 3372 1947 error
3401 1909 3648 1950 errorem
3686 1911 3968 1966 generare
4001 1914 4090 1952 so-

2491 1981 2590 2036 let.
2622 1980 2663 2051 -ι-
2693 1981 3061 2047 Ἀτισιλινοῖς,
3103 1983 3235 2054 περὶ
3278 1983 3345 2036 τά
3389 1983 3510 2038 λινὰ
3546 1985 3885 2054 ὲξαμμάτων
3929 1989 4088 2041 δέσε-

2492 2091 2596 2128 σιν.
2631 2073 2728 2130 Dic
2755 2075 2942 2142 sodes,
2983 2090 3167 2130 annon
3199 2077 3431 2146 aenigma
3468 2077 3566 2132 tibi
3631 2079 3896 2133 videntur
3932 2081 4091 2133 haec?

2491 2161 2756 2232 Equidem
2779 2180 2889 2219 non
2912 2180 3034 2220 sum
3061 2165 3344 2234 (Edipus:
3376 2167 3556 2220 ausim
3587 2177 3771 2222 tamen
3801 2185 3907 2238 pro
3933 2186 4091 2224 certo

2493 2255 2776 2324 polliceri,
2832 2263 3041 2311 rectam
3101 2256 3436 2327 scripturam
3490 2273 3614 2312 esse
3671 2258 3858 2327 Ἀψῖσι
3912 2261 4088 2315 λίνον.

2496 2345 2809 2416 Hesychius
2857 2346 3034 2401 alibi:
3081 2346 3263 2416 Ἀψίσι
3296 2347 3464 2410 λίνου,
3520 2349 3768 2418 ἆμμασιν
3814 2351 3931 2404 ἀπὸ
3992 2354 4092 2421 τῆς

2495 2435 2766 2506 συναφῆς.
2811 2438 3084 2492 Homerus
3121 2438 3321 2507 quinto
3355 2437 3577 2493 Iliadis:

2495 2551 2722 2622 Μήπως
2743 2549 3030 2622 ὠςᾲάψῖσι
3064 2553 3238 2622 λίνου
3273 2553 3492 2606 ἁλόντε
3518 2554 3832 2622 πανάγρου

2508 2619 2784 2689 Ἀνδράσι
2815 2620 3265 2690 δυσμενέεσσιν
3291 2622 3444 2690 ἕλωρ
3463 2625 3560 2677 καὶ
3584 2619 3777 2694 κύρμα
3796 2626 4087 2693 γένησθε.

2496 2731 2640 2799 Quid
2663 2747 2766 2800 ego
2795 2732 2863 2786 de
2894 2733 3019 2787 istis
3049 2733 3252 2795 dicam,
3273 2749 3394 2804 quae
3423 2737 3636 2805 pagella
3665 2739 3920 2806 proxima
3954 2741 4086 2794 mihi

2497 2826 2552 2880 in
2607 2825 2798 2879 oculos
2847 2825 3180 2878 incurrunt?
3219 2825 3258 2894 ’ξ’
3312 2827 3650 2898 Ἀριστῆραι,
3704 2827 3916 2883 δοῦλαι.
3986 2831 4092 2886 De-

2498 2924 2693 2985 ceptus
2717 2923 2804 2970 est
2832 2915 3196 2970 similitudine
3230 2917 3534 2970 litterarum
3565 2919 3608 2970 A
3637 2928 3688 2972 et
3713 2922 3771 2971 Δ.
3795 2921 4093 2989 Siquidem

2499 3005 2744 3074 oportuit
2773 3003 3099 3074 Δριστῆραι.
3124 3005 3242 3074 Ipse
3275 3005 3382 3059 alio
3408 3005 3526 3060 loco
3554 3025 3566 3060 :
3600 3009 3946 3078 Δρηστῆναι,
3971 3012 4090 3065 διά-

2500 3113 2668 3160 κονοι,
2692 3095 3042 3167 θεράπαιναι,
3078 3096 3196 3164 lege
3235 3097 3573 3168 Δρηστῆραι.
3624 3097 3807 3154 Verbo
3851 3118 4094 3158 monen-

2499 3186 2628 3242 dum
2661 3197 2744 3242 est
2775 3205 2814 3247 ι,
2847 3203 2896 3240 ει
2926 3195 2979 3240 et
3008 3205 3042 3258 η
3079 3187 3132 3240 in
3160 3185 3399 3254 Lexicis,
3425 3190 3728 3257 praesertim
3761 3192 3910 3260 apud
3947 3196 4095 3248 hunc

2498 3276 3094 3346 Nostrum,promiscue
3117 3279 3403 3348 usurpari:
3424 3293 3552 3333 vera
3570 3281 3712 3334 enim
3731 3284 3996 3353 analogia
4017 3303 4096 3338 re-

2499 3369 2744 3438 quiritut
2774 3368 3444 3439 δρήστειραιεςῐὶιιιιωυε.
3464 3368 3645 3426 Locus
3672 3381 3756 3426 est
3777 3371 3993 3444 Odyss.
4031 3378 4091 3430 Τ.

2615 3478 2776 3533 Τὰων
2802 3479 2864 3532 αἵ
2892 3476 2981 3532 τόι
3007 3477 3173 3547 δῶμα
3193 3480 3343 3534 κάτα
3371 3481 3714 3551 δρήστειραι
3745 3486 3960 3538 ἔασιν.

2503 3593 2642 3647 Vide
2677 3602 2879 3658 tamen,
2915 3605 2971 3646 ut
2999 3594 3290 3664 magniﬁce
3320 3595 3387 3650 de
3433 3611 3491 3651 se
3520 3597 3778 3667 loquatur
3826 3602 3895 3653 ad
3936 3601 4096 3654 iami-

2504 3687 2694 3738 Iiarem
2728 3700 2886 3738 suum
2920 3683 3231 3755 Eulogium.
3262 3687 3337 3740 Οὐ
3370 3688 3498 3758 γὰρ,
3544 3689 3641 3749 ait.
3672 3691 3899 3759 ὀκνήσω
3959 3697 4097 3760 μετὰ

2504 3777 2820 3847 παρρησίας
2849 3777 3043 3840 εἰπεῖν,
3069 3779 3150 3830 ὅτι
3184 3779 3293 3831 τῶν
3324 3781 3682 3851 ’Λριστάρχου
3707 3783 3803 3835 καὶ
3826 3782 4099 3845 Ἀπειχάς

2506 3872 2600 3922 καὶ
2634 3869 2960 3940 Ἡλιοδώρου
3019 3869 3220 3932 λέξεων
3264 3871 3596 3942 εὐπορήσας,
3651 3876 3746 3925 καὶ
3799 3876 3865 3927 τά
3915 3878 4099 3945 βιεὲἱι

2509 3962 2763 4030 προσθεὶς
2788 3961 3155 4025 Διογενιανοῦ,
3189 3962 3216 4014 ὂ
3245 3962 3459 4033 πρῶτον
3495 3966 3587 4016 καὶ
3621 3966 3886 4033 μέγιστον
3923 3971 4100 4038 itif:

2508 4071 2592 4123 χει
2631 4053 3037 4122 πλεονέκτημα,
3066 4052 3240 4106 ταῦτα
3267 4054 3310 4106 δ’
3347 4055 3504 4116 αὐτὸς
3545 4055 3650 4125 ἰδίᾳ
3691 4060 3838 4126 χειρὶ
3867 4063 4099 4126 -;pi;m

2511 4140 2620 4208 ἐγὼ
2656 4141 2793 4209 μετὰ
2832 4142 3013 4212 πάσης
3047 4141 3339 4211 ὀρθότητος
3375 4143 3470 4194 καὶ
3516 4145 3929 4216 ἀκριϐεστάτης
3969 4167 4100 4218 γράο

2511 4232 2617 4300 φῆς
2647 4231 2789 4284 κατὰ
2837 4232 2927 4283 τὸν
2958 4234 3345 4302 γραμματικὸν
3391 4234 3741 4304 Ἦρωδιανὸν.
3791 4239 3905 4307 ligo
3946 4258 4097 4296 τετυ.

2511 4323 2604 4391 qui
2632 4321 2929 4376 Theodosii
2964 4339 3065 4377 ms.
3095 4325 3364 4395 ἐπιτομὴν
3389 4326 3486 4394 τῆς
3511 4326 3755 4380 Καθόλου
3792 4329 4098 4384 Ilerodiaui

2511 4413 2776 4476 lectitavi,
2815 4413 3084 4467 testificor
3112 4429 3301 4483 parum
3339 4415 3467 4469 huic
3504 4419 3781 4483 promisso
3822 4423 3905 4473 vel
3945 4423 4100 4474 ιιιιΙῐυ

2515 4504 2677 4557 modo
2725 4504 3070 4559 satisfactum
3123 4520 3270 4560 esse.
3301 4505 3341 4575 ’ξ-
3385 4506 3738 4578 ’Δρησθορεν,
3793 4511 4099 4581 ὲπήξτ-,τΞ-λ.

2516 4593 2780 4651 \‘itiosius
2805 4596 2908 4650 hoc
2936 4596 3180 4666 quidem,
3209 4613 3372 4666 quam
3400 4599 3531 4652 illud
3564 4601 3800 4653 alterum
3836 4602 4101 4671 Ἀρέςῆε-

2519 4701 2628 4754 ρεν,
2658 4685 2950 4755 ἐπήδησεν.
2986 4684 3090 4738 Sed
3123 4700 3188 4739 ex
3223 4693 3452 4752 utraque
3485 4698 3635 4756 parte
3675 4691 3955 4754 ostendit,
3997 4710 4099 4743 non

2517 4776 3164 4832 lautissimamdoctrinae
3183 4779 3574 4846 supellectilem
3599 4782 3694 4835 sibi
3728 4783 3878 4836 domi
3908 4788 4097 4837 luisse.

2518 4865 2648 4932 Qua:
2683 4868 2828 4922 enim
2870 4867 2983 4922 haec
3025 4868 3429 4938 conglutinatio
3458 4868 3572 4942 [58]
3622 4875 3951 4939 verborum,
3988 4892 4104 4944 quJZ‘

2517 4959 2745 5014 dissolvi
2787 4957 2970 5016 denuo
3023 4959 3319 5030 divellique
3370 4960 3726 5017 desiderant?
3775 4962 3948 5019 Hom.
3991 4964 4107 5017 Ida.

2519 5052 2604 5106 dis
2633 5051 2708 5104 M.

2664 5222 2720 5260 ιε
2751 5223 2764 5237 .
2791 5223 2804 5236 .
2897 5185 3069 5260 ις’-ἆρ’
3105 5186 3318 5260 ἐσθορε
3358 5188 3636 5260 φαίδιμος
3662 5190 3887 5260 Ἕκτωρ

2663 5257 2851 5309 Νυκτὶ
2879 5254 2987 5323 θοῇ
3021 5254 3640 5323 ἁτὰλαντοςῶπὼὲτιη.

2535 5367 2941 5439 Ἀρενοεοσκος,
2975 5369 3440 5438 προϐατοεοσκός.
3490 5371 3681 5426 λιιι-ἰῆς
3703 5389 3716 5407 ³
3751 5374 4011 5442 ηυὶλέειιι,
4063 5393 4109 5429 ut

2524 5462 2657 5516 nihil
2689 5477 2882 5530 supra.
2914 5462 3081 5531 Atqui
3113 5461 3253 5530 ἀρὴν
3278 5463 3499 5531 ἀρῆνος.
3533 5471 3684 5530 pulo,
3719 5463 3955 5524 dicitur,
4005 5486 4106 5521 Leu

2523 5549 2747 5618 ἁρένος·
2786 5551 2930 5605 unde
2968 5552 3330 5621 πολύρρηνες,
3370 5562 3425 5606 et
3467 5555 3546 5615 ἰῖς
3585 5556 3921 5624 ὑτὸἱᾷρος.
3974 5559 4102 5614 Ιηεῡ.

2524 5645 2656 5710 quin
2710 5643 2904 5698 iambci
2957 5646 3289 5714 principium
3343 5644 3500 5698 fuerit
3568 5650 3709 5716 apud
3771 5650 4104 5718 Sophoclem

2540 5734 2948 5805 Ἀρηνοτέιπκδς.
2983 5776 2994 5787 .
3033 5777 3044 5788 .
3088 5777 3100 5790 .
3141 5777 3156 5790 .
3215 5751 3283 5789 ne
3316 5737 3678 5793 dubitandum
3724 5749 3812 5794 est
3853 5743 4100 5812 quidem.
