4202 6448
765 332 887 403 ιτιτ

1665 328 1762 388 DE
1801 327 2122 388 JOA‘NNIS
2152 325 2470 386 MALAL/E
2501 325 3148 387 CHRONOGRAPHIA

3890 339 3892 341 ·
3923 307 4031 383 ται

782 441 942 498 stlam
983 437 1246 494 devorare
1289 433 1479 504 possit.
1505 430 1641 485 Mihi
1680 433 1823 486 enim
1851 469 1866 494 ,
1902 431 1996 500 qni
2028 431 2138 499 jam
2171 429 2335 484 lenlut

2453 431 2749 504 ’[ζζκουσιν
2779 431 2866 504 εις
2896 425 3329 504 γῆν-,Αιςυανέαν
3353 424 3814 504 συιιτιληγάδων

781 541 835 587 et
864 529 1180 584 fastidiosus
1231 539 1351 580 esse
1396 523 1564 592 cmpi,
1626 520 1782 574 dabis
1832 523 2044 574 veniam
2078 536 2091 583 ;
2125 520 2168 572 si
2189 520 2344 588 plura

779 619 1034 689 rejicicns
1082 623 1137 671 et
1186 627 1513 684 aspernans,
1550 609 1986 679 unumquidquid
2051 609 2193 677 quod
2242 607 2346 661 erit

780 709 1136 766 bellissimum
1161 719 1438 774 carpsere.
1467 702 1624 755 Velut
1658 701 1786 754 illud
1817 715 1869 769 p.
1907 700 2029 760 1⁵12.
2069 701 2120 752 in
2150 714 2344 753 oracu-

780 804 830 856 lo
861 820 875 855 :
907 801 968 853 El
1006 798 1080 866 μὴ
1100 797 1344 867 περάσας
1369 794 1567 846 Πόντου
1591 790 1812 872 ζύματα
1837 787 2073 856 Σκυθίης
2107 804 2164 840 τε
2183 789 2343 854 γαῖαν

778 891 1123 952 καταλάϐοις,
1165 886 1388 948 Αὐλίδος
1420 901 1479 937 τε
1509 881 1691 953 χώραν
1713 898 1725 946 ;
1751 890 1805 935 et
1846 881 1966 933 175.
2003 877 2344 946 κατέφθασεν

776 985 867 1036 ἐπὶ
889 985 987 1051 τὴν
1010 979 1210 1033 Αὐλίδα
1238 975 1421 1046 χώραν
1448 974 1545 1042 τῆς
1567 971 1820 1033 Σκυθίας,
1847 968 1983 1022 Male
2015 983 2139 1022 vero
2164 968 2236 1020 sit
2259 980 2345 1018 κο-

779 1077 859 1128 his
877 1079 1142 1143 quantum
1160 1075 1244 1121 est
1265 1065 1721 1136 geographorum.
1745 1062 1892 1130 llogo
1915 1073 2114 1121 vos,an
2134 1055 2345 1126 Scythi-

775 1185 892 1223 cam
936 1167 1082 1218 illam
1114 1160 1362 1215 Aulidem
1393 1157 1611 1211 silentio
1640 1153 2057 1226 praetermissam
2076 1147 2344 1218 oportuit?

775 1257 944 1330 quid?
973 1271 1038 1309 an
1068 1253 1210 1306 ultra
1232 1248 1651 1303 Cimmeriorum
1674 1241 2060 1297 lineslatitabit
2090 1240 2213 1311 ἀέρι
2247 1239 2341 1290 καὶ

775 1347 970 1414 νεφέλῃ
993 1336 1414 1407 κεκα).υμμένη,’
1435 1334 1571 1386 adeo
1607 1341 1664 1385 ut
1695 1344 1854 1384 nemo
1893 1337 2134 1414 vestrum
2167 1339 2340 1394 usque

772 1408 1103 1504 eo'poluerit
1134 1425 1310 1480 oculis
1339 1419 1710 1475 contendere?
1745 1417 1892 1486 Euge
1921 1431 2069 1478 vero,
2100 1408 2340 1466 ὧΊωαν-

774 1528 934 1580 νίδιον
956 1540 968 1552 ·
1006 1520 1254 1590 proiecto
1285 1521 1448 1582 aptus
1485 1519 1646 1562 natus
1675 1525 1734 1562 es
1757 1508 1822 1562 ad
1849 1507 2031 1560 omnia
2076 1507 2255 1559 abdita
2288 1513 2340 1557 ct

775 1626 984 1670 retrusa
1035 1601 1456 1672 contemplanda
1491 1619 1504 1654 :
1533 1608 1643 1653 tam
1697 1598 1812 1653 acri
1837 1613 1894 1652 es
1924 1596 2039 1651 acie
2060 1606 2112 1650 et
2141 1595 2337 1649 mentis

770 1718 821 1760 et
847 1704 1153 1757 oculorum.

880 1791 982 1846 Sed
1019 1797 1194 1841 tamen
1234 1795 1411 1837 amoto
1443 1778 1899 1851 quwramnsseria
1934 1776 2078 1831 ludo.

770 1885 1055 1941 Geminam
1111 1878 1442 1948 Iphigeniam
1482 1874 1645 1927 etiam
1696 1872 1846 1941 pueri
1893 1872 2074 1925 sciunt
2127 1866 2337 1938 Euripi-

769 1981 888 2032 dem
923 1972 1208 2032 docuisse,
1237 1967 1334 2038 τὴν
1381 1968 1438 2018 ὲν
1483 1963 1716 2033 Ταύροις
1770 1969 1821 2014 et
1871 1959 1969 2030 τὴν
2019 1961 2075 2011 ἐν
2132 1957 2335 2010 Αὐλίδι.

767 2070 1030 2129 Joannes,
1063 2077 1186 2116 cmn
1223 2059 1435 2112 Tauros
1469 2070 1591 2110 esse
1629 2052 1863 2124 Scythas
1888 2051 1955 2104 ab
1988 2051 2169 2120 aliquo
2198 2049 2340 2102 didi-

767 2163 958 2221 cisset,
989 2156 1151 2211 etiam
1191 2149 1478 2212 Aulidem,
1509 2161 1630 2216 qua:
1682 2144 1899 2198 Bmotiae
1948 2142 2207 2211 oppidum
2232 2151 2334 2204 est,

768 2252 1042 2322 regionem
1075 2245 1140 2299 iis
1179 2243 1463 2296 ﬁnitimam
1495 2254 1616 2294 csse
1653 2237 1949 2290 arbitratus
1979 2245 2082 2289 est.
2114 2232 2173 2286 P.
2200 2233 2334 2286 175:

767 2341 1000 2402 Tatium;
1027 2337 1083 2391 δὲ
1123 2331 1430 2405 ἑωρακότες
1479 2329 1728 2399 βουκόλοι
1789 2325 2024 2394 ἔδραμον
2078 2324 2213 2393 πρὸς
2239 2323 2339 2395 τὴν

779 2429 1099 2500 Ἰφιγένειαν
1147 2424 1396 2489 λέγοντες
1424 2419 1592 2488 αὐτῇ·
1620 2413 2027 2484 Ἀγαμέμνονος
2059 2412 2152 2464 καὶ
2194 2411 2339 2464 Κλυ-

764 2521 1159 2593 ταιμνήστρας
1191 2513 1368 2584 Κόρη,
1406 2511 1576 2580 ἥκασι
1606 2507 1699 2561 δύο
1727 2505 2003 2560 νεανίσκοι
2057 2502 2207 2574 παρὰ
2241 2501 2340 2573 τὴν

767 2611 1001 2668 κυανέαν
1020 2627 1034 2641 ι
1067 2595 1186 2677 quae
1209 2622 1276 2677 ex
1308 2604 1392 2656 his
1418 2599 1723 2669 Euripidris
1743 2611 2001 2666 expressa
2044 2603 2197 2649 sunt.

765 2707 928 2757 Βουκ.
977 2675 1409 2770 Ἀγαμέᾖνονος
1453 2688 1596 2755 παῖ,
1653 2688 1749 2741 καὶ
1805 2683 2340 2826 Κλυταιιιῇήίξιρας

2133 2773 2162 2804 (⁸
2250 2792 2264 2815 ν

2096 2770 2264 2819 κιέρη.

983 2844 1206 2896 ’Ἄκουε
1238 2834 1459 2890 καινῶν
1483 2831 1550 2894 ἐξ
1576 2827 1722 2899 ἐμοῦ
1756 2771 2199 2899 κηρυγμιζτὶικτῖξ

777 2915 898 2985 .ιφ’.
1081 2892 1309 2964 dicati
1360 2903 1467 2968 τοῦ
1513 2892 2209 3035 ἁαρόντοςέκπλῆσίζὲζ
2231 2892 2339 2989 ,ξό-

764 3055 926 3107 noun.
978 3051 1276 3105 Ἥκουσιν
1325 3047 1407 3108 εις
1441 3037 1581 3123 ⁶γῆν
1655 3032 1932 3091 κυανεᾶν
1982 3032 2339 3123 συίιίτέηχά-

2451 500 2683 566 Πέτραν·
2707 495 3001 566 φυτόνὶες
3037 495 3312 562 δίπτυχοι
3346 497 3598 550 νεανίαι.

2453 589 2596 642 velut
2633 596 2816 656 postea
2845 589 3106 656 loquitur,
3135 585 3305 653 Κάγώ
3330 603 3389 638 σε
3422 585 3582 639 σώσω
3644 585 3878 648 κυανέας
3918 585 4028 648 ἔξω

2451 680 2675 750 πέτρας.
2703 679 2990 748 Eleganter
3016 686 3196 731 autem
3239 677 3473 730 κυανέαν
3504 678 3711 748 πέτραν
3770 678 4030 746 cupi-.21;-

2451 769 2650 836 γάδων,
2678 778 2735 822 ιιι
2771 768 2908 820 nihil
2943 781 3127 835 supra.
3176 765 3266 819 Sic
3301 764 3589 834 Virgilius:

2451 859 2645 926 Quales
2679 857 2920 911 Threicia
2945 873 3061 910 cum
3099 857 3323 924 [lumina
3358 856 3782 912 Thermodontis.

2449 959 2502 1004 et
2526 950 2846 1005 Lucretius:
2903 930 2908 939 I

2450 1039 2824 1094 Puleerulenta
2848 1037 3023 1106 Ceres,
3049 1051 3096 1095 et
3122 1041 3300 1095 Etesia
3321 1037 3496 1106 ﬂabra
3522 1035 3867 1104 Aquilonum.

2450 1139 2502 1183 ct
2529 1133 2724 1184 iterum
2768 1150 2780 1184 :

2458 1219 2525 1274 Ut
2571 1221 2896 1292 Babylonica
2931 1221 3239 1275 Chalda'unt
3267 1219 3513 1274 doctrina
3544 1215 3783 1284 refutans

2445 1321 2498 1366 et
2535 1316 2753 1367 tertium
2791 1333 2803 1368 :

2450 1406 2734 1474 Impellavt
2771 1416 2826 1458 ιιι
2858 1422 2974 1459 eam
3003 1404 3275 1473 Magnesia
3312 1400 3531 1471 ﬂamina
3571 1398 3711 1451 saxi.

2449 1501 2543 1552 Sic
2575 1499 2786 1568 legendi
2844 1507 2971 1552 sunt
3001 1498 3109 1551 duo
3141 1496 3252 1549 loci
3289 1491 3605 1553 novissimi;
3636 1491 3688 1541 in
3713 1489 3874 1541 libris
3912 1488 4029 1540 vul-

2445 1589 2585 1660 gatis
2611 1590 2791 1643 minus
2818 1587 3092 1642 emendati
3150 1589 3422 1640 l‘eruntur.
3463 1582 3520 1636 Ρ.
3559 1575 3682 1644 l76,
3720 1579 3828 1632 Τοῦ
3866 1581 4032 1633 Πελο-

2446 1677 2600 1728 πείου
2651 1677 2842 1745 γένους
2907 1678 3218 1746 σήμαντρον
3275 1673 3387 1743 ἔχει
3411 1713 3425 1736 ,
3463 1671 3647 1724 ἐλαίαν
3675 1673 3732 1724 ἐν
3757 1671 3838 1741 τῷ
3865 1671 4027 1741 ὤμῳ.

2371 1775 2412 1828 Β
2441 1766 2558 1821 lam
2601 1767 2702 1821 hoc
2749 1783 2846 1838 pro
2898 1769 3183 1837 explorato
3227 1754 3422 1826 habeo,
3489 1763 3675 1815 ἐλαίαν
3703 1762 3771 1817 ab
3797 1767 3900 1817 hac
3940 1779 4031 1832 po-

2440 1860 2580 1915 cude
2643 1861 2876 1930 positam
2942 1875 3067 1915 esse
3097 1874 3196 1929 pro
3221 1858 3506 1926 ἐλέφαντα.
3545 1856 3644 1909 ιίυἰ
3676 1858 3826 1911 enim
3859 1856 4030 1910 fando

2440 1951 2684 2004 auditum
2708 1959 2809 2014 est,
2847 1951 3156 2021 oleaginum
3180 1949 3467 2002 humerum
3494 1945 3664 2002 fuisse
3687 1945 3873 2016 Pelopi
3897 1947 3922 1999 ?

2440 2057 2542 2114 Cui
2573 2076 2677 2112 non
2717 2059 2891 2114 dictus
2923 2058 3096 2129 "glas
3125 2057 3591 2129 pnerretLatonia
3629 2054 3787 2129 Delos

2443 2129 2873 2199 Hippodameque
2901 2127 3217 2198 humeroque
3257 2127 3439 2196 Pelops
3470 2127 3690 2194 insignis
3755 2127 4006 2183 eburno!

2559 2220 2722 2272 Ἑπεί
2750 2237 2848 2272 νιν
2875 2220 3140 2287 καθαροῦ
3174 2200 3628 2286 λέϐητοςὲξελε

2543 2289 2760 2357 Κλωθὼ
2797 2289 3083 2357 ἐλέφαντι
3111 2290 3396 2357 φαίδιμον

2543 2355 2738 2427 Ὦμον
2766 2355 3059 2428 κεκαὴδμέν
3067 2355 3159 2414 or".

2439 2449 2559 2504 Alia
2585 2450 2754 2502 multa
2781 2447 2895 2520 [45]
2915 2447 3203 2519 suutapud
3233 2447 3482 2502 Malalam
3510 2465 3578 2504 ex
3600 2451 3788 2507 eadem
3835 2451 4029 2505 fabula

2441 2541 2672 2605 tralata,
2731 2555 2852 2608 quae
2904 2542 3072 2594 missa
3105 2541 3268 2593 facio.
3326 2541 3440 2593 Cur
3487 2544 3630 2595 enim
3672 2558 3754 2595 me
3810 2544 4030 2596 manci-

2442 2633 2590 2702 pium
2655 2631 2856 2684 faciam
2926 2630 3410 2701 παραφρονοῦντος
3439 2633 3741 2686 δεσπότουῖ
3792 2632 4028 2701 Majoris

2452 2719 2620 2772 luerit
2657 2727 2712 2772 et
2747 2719 3042 2788 voluptatis
3097 2728 3152 2774 et
3209 2721 3422 2775 fructus
3475 2737 3833 2791 cognoscere,
3895 2736 4025 2790 quze

2443 2825 2683 2862 summus
2713 2819 2867 2875 poeta
2909 2811 3114 2864 Ennius
3138 2810 3206 2864 de
3237 2810 3418 2879 priore
3450 2809 3726 2882 Iphigenia
3783 2829 4028 2867 conver-

2441 2900 2526 2954 tit.
2587 2898 2766 2955 Julins
2835 2901 3166 2955 Rulinianus
3189 2901 3257 2955 de
3281 2901 3472 2971 llguris
3535 2905 3936 2958 sententiarum
3974 2913 4026 2959 et

2441 2992 2773 3048 elocutionis
2813 3012 2825 3047 :
2861 2993 3234 3063 Aganactesis,
3293 2992 3615 3063 indignatio,
3653 3013 3772 3065 quae
3802 2999 3864 3066 ﬁt
3908 3016 4027 3051 rna-

2119 3071 2311 3173 [5214"

2439 3086 2579 3139 xime
2600 3085 3049 3154 pronuntiatione.
3082 3084 3286 3139 Ennius
3319 3086 3373 3138 in
3398 3083 3713 3157 Iphigenia:
3738 3087 4027 3144 Henelaus

903 3187 1113 3256 Πλάτῃ
1137 3184 1435 3256 φυγόντες
1463 3177 1744 3243 δίπτυχοι
1773 3173 2026 3227 νεανίαι.

767 3283 930 3339 Vides
963 3277 1406 3337 'Antiochensem
1436 3271 1584 3324 hunc
1618 3268 1691 3322 ita
1743 3265 2122 3336 ἐπαριστέρως
2179 3277 2337 3317 acce-

760 3376 909 3440 pisse
957 3369 1284 3426 sententiam
1344 3359 1668 3431 Euripidis;
1716 3366 1973 3426 tanquam
2010 3356 2056 3410 si
2105 3356 2184 3416 εἰς
2237 3354 2340 3424 γῆν

760 3463 1013 3519 Κυανέιαν
1067 3457 1408 3529 conjunctim
1469 3455 1720 3508 dixisset.
1756 3451 1865 3506 Vos
1891 3452 2086 3505 iterum
2125 3449 2338 3519 appello

760 3556 827 3610 de
858 3563 1006 3608 terra
1048 3551 1152 3606 hac
1226 3548 1445 3618 Cyanea
1474 3562 1488 3607 ;
1519 3560 1614 3599 vos
1648 3543 1743 3614 qui
1795 3542 2136 3614 geographiae
2171 3540 2340 3609 magi-

761 3654 912 3703 stros
945 3657 1043 3697 vos
1072 3635 1582 3711 pollicemini.Qnid
1620 3643 1799 3690 autem
1835 3631 2180 3688 mussitatis?
2213 3645 2336 3684 nam

756 3739 1028 3792 Joannem
1091 3743 1155 3784 ea
1217 3729 1336 3783 loca
1395 3725 1704 3781 convisisse
1759 3723 2043 3779 Cedrenus
2079 3721 2334 3784 allirinat,

758 3837 987 3896 prorsus
1011 3818 1224 3874 οἴκοθεν
1256 3821 1283 3870 ὁ
1320 3815 1553 3888 μάρτυς.
1591 3815 1799 3868 Damno
1832 3816 2016 3882 itaque
2047 3813 2336 3866 stultitiam

759 3929 958 3978 meam,
1011 3911 1104 3981 qni
1142 3909 1395 3963 κυανεᾶν
1430 3922 1556 3961 cum
1612 3904 2020 3976 συμπληγάδων
2043 3918 2338 3973 compone-

759 4011 880 4063 bam
946 4005 1233 4060 hactenus.
1294 4003 1473 4069 Atque
1505 3999 1689 4052 hercle
1721 4011 1853 4052 vero
1893 3997 2060 4061 serio,
2106 4010 2174 4050 ne
2204 3996 2333 4065 quid

755 4093 1129 4153 dissimulem,
1165 4087 1296 4142 'non
1329 4089 1510 4157 placet
1560 4086 1664 4140 iste
1702 4085 1857 4140 locus
1893 4104 1906 4140 :
1953 4100 2129 4155 neque
2186 4085 2335 4139 enim

755 4187 913 4240 video
960 4199 1060 4237 cur
1087 4182 1123 4235 ii
1155 4177 1378 4234 bubulci
1436 4176 1556 4247 [421
1615 4190 1867 4231 sermone
1890 4175 2088 4229 Dorico
2115 4183 2336 4229 uteren-

753 4290 862 4336 cur.
899 4274 1064 4341 Quid,
1107 4273 1335 4330 malum,
1362 4283 1431 4322 an
1465 4265 1680 4322 Siculos
1725 4281 1786 4321 se
1815 4281 1937 4321 esse
1963 4267 2331 4332 somniabant,

755 4386 860 4425 non
894 4359 1385 4434 TaurooScythas?

821 4478 1120 4549 Δωρισδεν
1141 4477 1192 4529 δ’
1217 4475 1440 4540 ἔξεστι,
1464 4471 1644 4537 δοκῶ,
1679 4470 1803 4537 τοῖς
1836 4469 2214 4538 Δωριέεσσιν.

750 4595 914 4664 Atqui
948 4589 1307 4662 quantumvis
1364 4592 1551 4643 essent
1607 4570 1922 4648 Dorienses,
1956 4584 2002 4638 si
2035 4583 2333 4637 πλατειάσ-

747 4687 930 4739 δοισαν
966 4697 1122 4736 suam
1165 4679 1438 4734 dialecton
1465 4687 1618 4732 extra
1659 4675 1889 4730 chorum
1927 4674 2332 4740 adhibuissent,

751 4793 846 4832 rus
886 4775 1153 4829 continuo
1189 4772 1274 4826 vel
1312 4772 1367 4824 in
1401 4758 1623 4823 ultimas
1653 4778 1833 4822 terras
1861 4766 2108 4821 mandati
2142 4776 2334 4823 essent

745 4884 856 4926 non
893 4868 1011 4922 sine
1043 4863 1369 4918 infortunio.
1411 4860 1605 4917 Sciunt
1656 4859 1708 4915 id
1756 4858 1849 4931 qui
1899 4858 2095 4912 harum
2126 4859 2334 4915 littera-

747 4976 871 5016 rum
931 4970 1152 5028 gustum
1219 4955 1455 5024 aliquem
1528 4952 1753 5007 habent.
1817 4950 1972 5006 Adde
2021 4938 2329 5007 orationem

746 5047 1008 5105 solmcam
1066 5057 1239 5106 esse;
1291 5050 1350 5094 nt
1417 5041 1639 5111 quidem
1702 5055 1849 5095 nunc
1903 5040 2136 5095 habetur
2187 5042 2333 5098 :sed

747 5148 916 5205 certe,
960 5137 1005 5193 si
1037 5152 1136 5207 pro
1168 5151 1305 5190 sano
1338 5135 1553 5190 locutus
1584 5141 1688 5200 est,
1720 5134 1800 5190 sic
1851 5133 2078 5204 scripsit
2121 5133 2334 5206 Euripi-

742 5237 843 5291 des
871 5252 882 5287 :

811 5349 1111 5403 Ἦκουσιν
1158 5349 1245 5412 εἰς
1309 5345 1448 5414 γῆν,
1496 5348 1761 5412 κυανέας
1815 5345 2260 5416 συμπληγάδιις

812 5419 1022 5487 Πλάτῃ
1058 5419 1358 5488 φυγόντες
1391 5415 1672 5486 δίπτυχοι
1690 5418 1944 5471 νεανίαι.

741 5541 860 5600 aut,
889 5531 933 5587 si
995 5531 1127 5586 illuc
1195 5530 1450 5584 κυανέαν
1494 5531 1843 5601 antiquitatis
1883 5546 2052 5587 causa
2104 5547 2339 5590 servare

741 5627 895 5691 velis,
926 5623 1371 5696 quandoquidem
1405 5639 1511 5692 qua
1576 5625 1710 5677 vixit
1751 5623 1979 5679 Malalas
2007 5631 2330 5695 tempestate

735 5716 848 5788 jam
885 5717 939 5772 in
970 5717 1128 5773 libris
1155 5717 1590 5782 inveteraverat;
1623 5717 1673 5770 in
1710 5715 1853 5771 hunc
1880 5716 2100 5772 modum
2135 5735 2146 5772 :

2441 3192 2522 3230 ine
2557 3175 2827 3245 objurgat,
2860 3175 2914 3228 id
2948 3181 3077 3230 meis
3111 3178 3266 3235 rebus
3296 3184 3526 3251 regimen
3565 3193 3750 3236 restat.
3805 3183 4030 3237 Dormi-

2441 3269 2575 3320 lavit
2595 3268 2681 3320 hic
2716 3270 2796 3319 vir
2826 3282 3079 3323 summus
3113 3268 3240 3325 Ger.
3274 3271 3525 3327 Vossius.
3563 3272 3720 3336 Nam,
3757 3275 3807 3327 si
3852 3289 4026 3330 unam

2441 3358 2706 3426 syllabam
2758 3359 3061 3423 addideris,
3119 3365 3434 3419 trochaieus
3485 3366 3588 3419 erit
3637 3367 4028 3420 catalecticns.

2443 3445 2716 3501 Menelaus
2751 3465 2830 3502 me
2866 3450 3116 3521 objurgat
3147 3471 3159 3506 :
3193 3451 3247 3506 id
3277 3456 3406 3508 meis
3453 3455 3607 3508 rebus
3682 3457 3921 3596 regiment:
3947 3474 4029 3553 re-

2442 3608 2586 3677 quod
2620 3622 2793 3679 genus
2825 3626 3018 3665 versus
3049 3613 3747 3669 commodissimeinservit
3780 3620 3849 3686 τῇ
3881 3621 4026 3685 ἁγα-

2444 3700 2707 3768 νακτήσει
2734 3714 2749 3730 ο
2783 3708 2841 3752 ιιι
2872 3701 2965 3754 diu
3019 3711 3104 3756 est
3157 3706 3301 3772 quod
3332 3704 3445 3772 ipse
3473 3708 3524 3758 in
3569 3709 3793 3777 tragicis
3815 3707 4028 3762 Grarcis

2438 3791 2759 3856 observavi;
2792 3793 3111 3861 priusquam
3157 3795 3208 3848 id
3238 3795 3305 3848 de
3330 3797 3625 3852 scholiaste
3660 3797 4028 3868 Hermogenis

2439 3882 2774 3937 didicissem.
2809 3882 2955 3937 ldem
2986 3883 3313 3939 Rullnianus
3343 3897 3532 3956 postea
3567 3906 3582 3944 :
3610 3889 3887 3958 Syncrisis
3920 3894 4030 3946 sive

2439 3973 2714 4028 antithesis
2750 3978 3073 4043 comparatio
3103 3994 3278 4032 rerum
3312 3989 3468 4049 atque
3487 3996 3837 4043 personarum
3871 3985 4032 4038 inter

2438 4082 2493 4119 se
2524 4068 2916 4120 contrariarum
2944 4083 2964 4121 -:
2988 4081 3065 4134 ut,
3089 4086 3182 4140 ego
3208 4071 3434 4138 plector,
3458 4074 3595 4140 quod
3625 4084 3682 4127 ιιι
3715 4091 3906 4142 peccas
3934 4092 3953 4128 :
3972 4088 4029 4129 tu

2443 4156 2730 4226 delinquis,
2750 4174 2841 4228 ego
2870 4175 3069 4229 arguor
3097 4176 3194 4230 pro
3224 4162 3527 4230 male/actis
3551 4179 3569 4216 :
3591 4163 3795 4218 Helena
3814 4168 4025 4233 redeat,

2437 4250 2584 4318 virgo
2615 4257 2794 4316 pereat
2846 4250 3092 4304 innocens
3127 4268 3146 4306 :
3187 4262 3280 4306 tua
3317 4255 3689 4308 reconcilietur
3709 4271 3869 4322 uxor,
3905 4275 4026 4314 mea

2437 4351 2647 4395 necetur
2672 4340 2810 4410 ﬁlia.
2845 4341 3003 4397 llunc
3057 4343 3219 4396 etiam
3274 4345 3453 4398 locum
3484 4345 3550 4398 ad
3583 4345 3744 4400 Ennii
3802 4348 4027 4419 Iphige.

2366 4439 2411 4495 1)
2442 4432 2585 4486 niam
2627 4431 2795 4486 refert
2820 4432 3077 4488 Italorum
3108 4435 3468 4491 doctissimus
3517 4433 3895 4508 Hieronymus
3918 4441 4026 4498 Co-

2438 4523 2624 4576 lumna
2659 4523 2867 4590 :invjto
2889 4531 3069 4578 tamen
3091 4532 3145 4578 et
3173 4535 3514 4595 repugnante
3559 4525 3779 4592 Vossio,
3815 4534 4023 4600 pa'rtim

2434 4613 2560 4683 quia
2595 4622 2791 4668 auctor
2824 4629 2935 4669 non
2969 4614 3244 4682 laudatur,
3303 4617 3500 4685 partim
3531 4619 3662 4688 quia
3695 4633 3802 4692 non
3835 4622 4024 4678 vincta

2434 4705 2532 4761 sed
2588 4706 2857 4775 pedestris
2895 4709 3075 4761 oratio
3097 4714 3217 4773 est;
3245 4707 3311 4761 ad
3343 4709 3490 4778 quod
3525 4710 3746 4772 mirum,
3781 4713 3880 4776 ait,
3911 4731 4023 4770 non

2433 4795 2734 4851 attendisse
2770 4795 3118 4850 Columnam.
3186 4795 3384 4851 Peccet
3431 4797 3723 4866 Columna,
3746 4809 3804 4855 et
3825 4815 4027 4871 peccat

2434 4886 2675 4956 quidem,
2710 4888 2762 4940 in
2791 4887 3043 4942 versibus
3081 4905 3096 4955 ;
3129 4902 3230 4958 ego
3270 4902 3420 4953 vero,
3457 4903 3582 4944 cum
3620 4893 3794 4948 certis
3843 4896 4028 4965 signis

2435 4977 2582 5033 hunc
2633 4977 2796 5032 Ennii
2857 4977 3026 5033 fetum
3091 4993 3449 5049 cognoscam,
3506 4996 3616 5036 non
3675 4987 4026 5043 committam

2435 5079 2493 5124 ut
2544 5069 2734 5133 alium,
2792 5083 2960 5139 quam
3019 5083 3128 5139 quo
3169 5080 3332 5126 natus
3381 5079 3504 5138 est,
3563 5081 3846 5142 parentem
3911 5078 4022 5133 sibi

2433 5163 2698 5218 inveniat.
2768 5160 2974 5218 Versus
3026 5162 3176 5216 enim
3234 5175 3364 5218 sunt
3394 5161 3800 5230 Trochaici,ea
3825 5171 4026 5227 eadem

2435 5262 2567 5325 puto
2597 5269 2762 5310 scena
2788 5255 2962 5324 petiti,
2986 5269 3093 5324 qua
3117 5255 3372 5324 superior
3414 5262 3501 5311 est
3526 5273 3540 5309 :

2441 5345 2509 5401 Ut
2537 5363 2630 5418 ego
2663 5346 2887 5417 plectar,
2949 5346 3092 5417 quod
3133 5356 3190 5400 tu
3219 5363 3446 5417 peccas;
3483 5360 3540 5401 tu
3589 5347 3874 5420 delinquis,
3931 5370 4030 5425 ego

3719 5443 3960 5514 [arguar

2433 5535 2544 5587 Pro
2582 5531 2880 5601 malefactis
2909 5531 3164 5589 7-Helena
3188 5532 3389 5598 redeat,
3430 5534 3577 5605 virgo
3618 5548 3798 5604 pereat
3857 5539 4026 5594 iuno-

2438 5717 2552 5773 Tua
2591 5719 2960 5774 reconcilietur
2991 5735 3146 5789 uxor,
3170 5737 3286 5776 mea
3316 5733 3529 5778 necetur
3552 5723 3720 5793 ﬁlia?
3752 5629 3912 5703 [um
3931 5633 3964 5691 ρ
